2782 4134
72 573 83 583 '⁵
99 572 133 594 Ct.
155 572 206 593 lect.
221 577 284 598 xxu,

75 605 98 620 n.
112 606 136 625 4.

73 679 83 687 ''
98 679 179 698 terrae
200 683 248 697 om.
271 683 284 697 P

73 707 95 725 et
109 703 178 725 codd.
198 709 247 724 cxc.
261 710 283 724 Α.

73 741 83 749 ·
98 739 170 760 Num.
185 745 234 766 seq.

71 793 81 802 ⁶
97 797 146 812 cum
161 797 207 812 om.
223 798 244 812 Ρ.

72 1001 82 1009 “
97 1005 171 1027 quare
185 1005 206 1020 Ρ.

72 1105 83 1116 ⁴¹
98 1104 161 1126 Lect.
176 1104 281 1132 praeced.

73 1137 97 1152 n.
112 1137 128 1152 r.

171 1167 187 1183 α

72 1317 154 1338 ἐτΛ.

71 1534 80 1543 ·
95 1532 163 1554 aerei
176 1538 223 1554 om.
237 1539 259 1553 Λ.

171 1582 185 1615 β

72 1750 81 1759 ·
102 1749 195 1776 rapitur
213 1749 272 1770 codd
277 1765 283 1770 .

73 2120 82 2129 ·
97 2119 168 2140 Num.
183 2126 206 2146 4.

91 2543 164 2565 Num.
179 2549 229 2571 seq.

441 355 761 405 ..·j‘·»,3raemissis
791 355 909 391 tribus
939 354 1145 390 rationibus
1174 354 1221 390 de
1247 353 1371 401 quiete

428 399 459 453 '¹7
480 406 487 413 ‘
527 410 558 456 ἱρι
572 417 704 455 terrae,
735 420 833 456 quae
859 409 1106 444 sumebantur
1126 419 1171 442 ex
1192 414 1296 454 parte
1318 406 1371 442 in—

517 466 526 480 “·
545 466 557 511 ξ
573 462 753 498 seriorum
775 473 991 509 corporum,
1009 460 1148 496 scilicet
1168 459 1284 507 ipsius
1299 467 1370 495 ter-

427 508 465 560 m*
511 508 553 547 Ψ
575 527 658 561 rae,
689 527 810 563 aquae
841 521 875 550 et
904 514 1019 559 aeris,
1038 506 1116 549 Nhic
1144 513 1252 560 ponit
1281 512 1371 548 alias

313 568 474 605 rationes
492 569 523 614 ²²⁴,
554 580 652 616 quae
673 575 872 604 sumuntur
892 579 936 602 ex
955 574 1059 614 parte
1089 566 1257 602 caelestis
1291 568 1372 602 cor'-

310 621 424 670 poris.
456 622 504 657 Et
530 621 654 669 primo
687 620 793 669 ponit
822 627 993 667 quartam
1023 619 1208 655 rationem
1238 619 1372 667 quietis

312 682 431 711 terrae
447 675 478 719 *,
495 686 610 722 quarn
630 674 797 721 ponebat
817 672 1091 720 Empedocles;
1113 673 1282 709 secundo
1304 673 1372 709 im-

311 728 447 777 probat
475 740 572 773 eam,
595 727 660 762 ibi:
685 727 864 767 Quamvis
888 737 1007 773 neque
1033 726 1237 775 gyratione
1259 727 1278 746 *
1302 734 1370 763 etc.

365 781 462 817 Dicit
478 792 566 827 ergo
586 779 709 828 primo
726 780 841 826 quod,
860 791 947 815 cum
965 780 984 800 ἓξ
1001 791 1136 816 omnes
1155 779 1372 828 philosophi

312 834 375 882 qui
408 841 554 881 ponunt
581 832 768 868 mundum
798 840 1019 879 generatum
1051 846 1152 879 esse,
1184 833 1373 881 assignant

312 899 463 923 causam
485 894 610 923 motus
629 893 749 921 terrae
774 886 822 922 ad
850 886 1034 932 medium,
1055 886 1275 923 violentiam
1305 886 1372 922 cir-

312 939 601 987 cumgyrationis
622 938 724 983 caeli,
745 947 931 987 quaerunt
952 940 1064 976 etiam
1086 953 1239 976 causam
1259 940 1371 976 huius

312 994 413 1041 quod
434 993 453 1012 *
473 1001 568 1028 terra
588 991 745 1039 quiescit
763 992 801 1028 in
822 993 963 1030 medio.
985 994 1034 1029 Et
1057 993 1212 1041 quidam
1243 993 1372 1029 dicunt

311 1046 414 1094 quod
436 1058 547 1081 causa
567 1045 677 1081 huius
693 1053 748 1081 est
766 1046 923 1082 latitudo
945 1053 981 1082 et
996 1046 1216 1093 magnitudo
1237 1054 1369 1092 terrae,

311 1099 405 1135 sicut
419 1111 530 1147 supra
548 1099 566 1119 *
582 1098 724 1135 dictum
742 1106 812 1145 est;
834 1099 991 1147 quidam
1013 1107 1152 1145 autem,
1170 1100 1264 1136 sicut
1279 1101 1369 1136 Em-

310 1152 499 1200 pedocles,
521 1151 648 1188 dicunt
672 1152 777 1200 quod
804 1160 931 1189 motus
951 1153 1042 1189 caeli
1064 1153 1160 1190 circa
1180 1161 1319 1190 terram
1335 1159 1368 1199 α,

309 1213 463 1254 propter
487 1204 543 1241 sui
562 1204 815 1252 velocitatem,
843 1206 1020 1254 prohibet
1043 1213 1182 1244 terram
1210 1207 1369 1243 moveri.

310 1259 358 1294 Et
377 1265 522 1306 ponunt
544 1259 761 1306 exemplum
778 1259 824 1295 de
844 1271 943 1308 aqua
959 1268 1135 1296 contenta
1155 1260 1193 1296 in
1213 1261 1369 1308 cyathis,

309 1311 436 1347 idest*
451 1311 488 1347 in
503 1311 732 1360 quibusdam
752 1311 853 1348 vasis
873 1312 1003 1349 aereis.
1022 1313 1061 1350 Si
1077 1313 1177 1350 enim
1197 1326 1266 1350 vas
1281 1314 1371 1350 illud

309 1364 346 1401 in
375 1364 528 1401 circuitu
547 1365 717 1402 velocius
737 1372 950 1411 moveatur,
973 1373 1008 1403 et
1027 1366 1072 1402 sit
1091 1366 1244 1415 aliquod
1273 1367 1370 1403 fora-

309 1430 397 1454 men
426 1418 463 1454 in
493 1418 617 1467 aliqua
645 1426 750 1467 parte
780 1419 879 1455 aerei
908 1419 1026 1466 vasis,
1061 1420 1251 1456 multoties
1278 1433 1370 1457 vase

310 1471 535 1508 circulariter
549 1479 668 1517 moto,
681 1484 780 1520 aqua
795 1473 999 1509 descendet
1014 1473 1063 1510 ad
1077 1473 1255 1510 inferiora
1269 1474 1371 1510 vasis

308 1524 407 1561 aerei
428 1526 459 1571 ⁹⁵,
488 1525 552 1561 ubi
573 1533 628 1562 est
646 1525 830 1571 foramen,
852 1533 887 1562 et
905 1533 1034 1563 tamen
1055 1539 1133 1563 non
1153 1527 1262 1563 cadet
1281 1527 1372 1564 infe-

309 1578 385 1614 rius
402 1586 503 1614 extra
517 1576 534 1606 β
548 1590 628 1624 vas,
645 1579 857 1615 secundum
873 1579 978 1627 quod
993 1580 1107 1616 habet
1122 1580 1371 1628 aptitudinem

309 1632 530 1677 naturalem,
556 1639 711 1680 propter
731 1632 893 1668 eandem
916 1645 1088 1678 causam;
1118 1633 1207 1682 quia
1234 1634 1374 1671 scilicet

309 1685 530 1733 prohibetur
558 1697 603 1721 ex
630 1685 829 1721 velocitate
858 1693 986 1722 motus
1018 1685 1135 1735 ipsius
1171 1687 1293 1733 vasis,
1323 1687 1372 1723 ita

311 1738 415 1787 quod
444 1750 542 1786 aqua
571 1745 656 1774 ante
694 1738 859 1786 rapiatur
888 1739 906 1759 ²¹²
936 1751 958 1775 a
985 1747 1095 1775 motu
1123 1740 1224 1776 vasis
1256 1752 1372 1789 quam

309 1791 428 1840 possit
456 1791 601 1827 cadere.
633 1792 681 1827 Et
701 1791 812 1827 simili
832 1792 975 1828 ratione
997 1792 1125 1829 dicunt
1153 1794 1255 1841 quod
1276 1801 1373 1829 terra

310 1844 513 1893 impeditur
541 1856 563 1880 a
590 1844 789 1881 velocitate
828 1852 954 1882 motus
989 1845 1082 1882 caeli
1110 1858 1158 1882 ne
1192 1846 1372 1883 deorsum

311 1898 444 1934 cadere
473 1897 602 1946 possit.

365 1963 399 1988 2.
435 1950 583 1987 Deinde
621 1963 708 1987 cum
739 1949 846 1986 dicit:
887 1951 1067 1993 Quamvis
1099 1963 1218 2000 neque
1252 1964 1372 2002 gyra-

310 2004 408 2040 tione
428 2011 509 2049 etc.,
531 2003 721 2051 improbat
743 2003 976 2052 praedictam
1003 2004 1201 2042 rationem.
1232 2006 1281 2042 Et
1298 2006 1372 2054 pri—

310 2070 376 2094 mo
392 2065 575 2104 quantum
592 2057 639 2094 ad
655 2057 821 2105 quietem
841 2065 977 2102 terrae;
1000 2058 1168 2095 secundo
1186 2067 1371 2107 quantum

311 2110 358 2147 ad
387 2117 547 2157 motum,
578 2110 648 2146 ibi:
677 2111 948 2147 Inconveniens
975 2117 1099 2148 autem
1123 2113 1141 2132 ³²
1162 2119 1230 2148 etc.
1263 2112 1372 2149 Circa

308 2163 477 2211 primum
498 2163 574 2200 duo
596 2163 699 2199 facit:
727 2163 852 2211 primo
882 2163 1073 2212 improbat
1093 2177 1246 2202 causam
1268 2165 1371 2214 quie-

309 2216 354 2252 tis
374 2223 492 2252 terrae
523 2216 786 2262 communiter,
817 2224 893 2252 tarn
923 2226 1108 2266 quantum
1135 2219 1183 2255 ad
1203 2218 1285 2255 illos
1305 2218 1369 2267 qui

310 2281 463 2306 causam
484 2269 617 2317 quietis
637 2277 757 2305 terrae
785 2277 933 2317 ponunt
956 2270 1190 2308 latitudinem
1208 2272 1270 2308 vel
1290 2284 1370 2308 ma—

309 2322 542 2370 gnitudinem
563 2330 694 2368 terrae,
724 2334 840 2370 quarn
871 2323 982 2359 etiam
1004 2332 1188 2372 quantum
1209 2325 1262 2361 ad'
1278 2326 1369 2361 Ern-

308 2375 524 2424 pedoclem3
551 2375 719 2412 secundo
740 2375 948 2423 specialiter
976 2376 1166 2425 improbat
1184 2378 1282 2414 hanc
1301 2391 1369 2427 po-

310 2428 483 2465 sitionem
513 2436 696 2478 quantum
725 2428 773 2465 ad
803 2429 1080 2478 Empedoclem
1101 2435 1126 2477 ⁷,
1157 2431 1218 2479 qui
1246 2432 1371 2480 posuit

311 2494 464 2519 causam
493 2482 626 2531 quietis
646 2490 765 2519 terrae
785 2483 1022 2520 velocitatem
1053 2491 1180 2520 motus
1201 2485 1314 2531 caeli3
1337 2493 1372 2522 et

310 2536 382 2572 hoc
411 2535 482 2571 ibi:
521 2536 655 2572 Adhuc
681 2541 806 2572 autem
835 2537 886 2573 ad
911 2537 1176 2584 Empedoclem
1197 2538 1216 2558 *
1238 2546 1306 2574 etc.

363 2588 462 2625 Dicit
485 2601 573 2636 ergo
595 2589 718 2638 primo
739 2588 855 2637 quod,
877 2601 922 2626 ex
941 2602 1019 2639 quo
1043 2590 1223 2639 praedicti
1251 2591 1372 2639 philo-

312 2641 421 2690 sophi
450 2654 603 2678 causam
631 2642 765 2691 quietis
785 2650 905 2679 terrae
933 2651 1083 2692 ponunt
1102 2652 1251 2680 motum
1282 2644 1373 2681 caeli

311 2695 372 2731 vel
401 2695 633 2732 latitudinem
662 2696 802 2742 terrae,
832 2708 929 2745 quae
964 2705 1129 2734 coarctat
1157 2697 1373 2734 inferiorem

314 2760 440 2784 aerem
465 2756 505 2785 ut
528 2761 605 2785 non
633 2749 751 2797 possit
775 2749 958 2798 diffugere
988 2747 1012 2796 ὅ,
1034 2751 1290 2788 necessarium
1318 2751 1373 2788 vi-

315 2802 421 2838 detur
440 2802 559 2850 quod,
589 2802 619 2838 si
647 2803 792 2850 gyratio
823 2803 915 2840 caeli
945 2816 1022 2840 non
1051 2804 1272 2852 prohiberet
1291 2817 1373 2841 mo-

313 2862 393 2890 tum
413 2862 545 2901 terrae,
562 2868 685 2903 neque
706 2856 818 2893 etiam
839 2856 1057 2905 prohiberet
1076 2857 1201 2906 ipsum
1218 2857 1374 2894 latitudo

313 2915 449 2954 terrae,
480 2917 674 2946 coarctans
708 2922 853 2956 aerem,
890 2910 957 2947 sed
992 2922 1057 2947 aer
1085 2910 1200 2947 libere
1229 2911 1376 2947 veniret

314 2969 348 2997 et
376 2962 588 3009 recederet,
632 2962 737 3011 quod
773 2971 870 3000 terra
899 2963 1033 3000 alicubi
1071 2963 1251 3000 ferretur:
1288 2964 1376 3013 quia

368 3136 394 3170 α)
416 3137 540 3162 dicunt...
554 3137 625 3162 circa
645 3141 753 3163 terram.
767 3152 786 3157 -
800 3138 883 3163 Codd.
898 3146 951 3163 exc.
966 3139 987 3162 A
1001 3147 1054 3163 om.
1069 3139 1177 3169 dicunt5
1195 3144 1221 3164 et
1239 3147 1286 3172 pro
1305 3139 1377 3164 circa

315 3175 422 3201 terram,
443 3173 512 3205 quod
531 3173 655 3198 omittitur
673 3181 687 3198 a
707 3173 759 3203 Psl,
780 3174 868 3204 legunt
887 3181 903 3198 a
923 3177 1005 3199 terra.

368 3206 393 3241 β)
413 3211 438 3232 et
457 3212 543 3232 tamen
564 3216 614 3233 non
635 3209 712 3233 cadet
731 3209 841 3242 inferius
865 3212 955 3234 extra.
971 3224 990 3228 -
1008 3212 1034 3234 et
1053 3209 1114 3234 inde
1133 3217 1183 3235 non
1203 3209 1276 3235 cadit
1294 3213 1376 3235 extra

317 3243 351 3271 P;
371 3243 430 3268 inde
451 3248 475 3268 et
493 3244 565 3268 cadit
584 3245 658 3268 etiam
678 3244 752 3269 codd.
772 3252 825 3269 exc.
839 3246 869 3269 Α.

368 3277 394 3311 γ)
414 3279 559 3303 secundo...
580 3279 771 3311 Empedoclem.
783 3293 802 3298 —
815 3280 869 3304 Hoc
888 3280 1083 3306 homoteleuton
1098 3288 1151 3305 om.
1166 3280 1194 3311 Ρ,
1213 3280 1376 3306 obstantibus

317 3312 444 3337 codicibus
464 3319 488 3338 et
506 3319 632 3339 contextu.
651 3315 689 3339 Cf.
708 3323 778 3339 num.
796 3315 818 3340 3.

370 3346 394 3381 δ)
415 3349 551 3382 diffugere.
573 3364 591 3368 —
609 3350 791 3383 subterfugere
810 3352 844 3380 Α,
864 3352 994 3384 aufugere
1012 3353 1048 3383 sI;
1072 3351 1212 3385 suffigere,
1232 3352 1376 3385 subfigere,

318 3382 455 3415 suffugere,
474 3385 593 3418 sufficere
612 3390 659 3409 cet.
671 3399 691 3403 -
708 3386 769 3410 Post
793 3386 856 3410 duas
877 3387 957 3412 lineas
978 3388 1035 3412 loco
1053 3388 1100 3412 sed
1117 3394 1165 3412 aer
1189 3387 1284 3416 libere,
1303 3387 1327 3412 si
1345 3387 1376 3412 11·-

319 3418 378 3442 bere
396 3418 428 3448 P;
448 3419 471 3443 si
484 3420 558 3444 etiam
573 3421 672 3444 codices
692 3426 797 3453 excepto
816 3422 954 3452 A.-1nfra‚
970 3423 1002 3447 ibi
1017 3426 1079 3448 tunc
1094 3422 1209 3451 remotis,
1225 3426 1287 3448 tunc
1301 3423 1377 3447 omit-

319 3457 375 3476 tunt
394 3454 508 3485 codices;
527 3463 572 3487 pro
592 3456 712 3484 remotis,
731 3457 827 3481 amotis
846 3457 897 3486 sb,
923 3458 1038 3483 immotis
1064 3459 1103 3483 vel
1124 3458 1150 3483 in
1170 3458 1248 3483 motis
1267 3463 1315 3483 cet.
1335 3466 1376 3483 ex·

320 3489 399 3520 ceptis
419 3489 496 3514 AsEI.

373 3523 394 3582 ἓ)
409 3526 487 3582 Ιζεννιι
499 3525 622 3558 fertur..
637 3533 737 3551 necesse
755 3530 794 3551 est
812 3528 890 3559 quod.
903 3542 922 3546 -
935 3532 1034 3553 terram
1043 3529 1148 3562 ferri...
1163 3532 1189 3554 et
1203 3536 1305 3554 necesse
1322 3536 1378 3554 esse

320 3565 370 3590 quo
431 3576 437 3583 .

373 3592 398 3626 ζ)
420 3594 471 3618 nisi
490 3595 610 3619 deorsum
629 3599 655 3620 et
673 3596 709 3621 ad
728 3597 878 3622 medium.—
894 3599 944 3623 nisi
963 3599 1084 3623 deorsum
1105 3607 1156 3624 om.
1177 3600 1235 3631 lpE,
1255 3607 1302 3632 pro
1322 3608 1376 3632 quo

322 3628 432 3660 spatium
454 3637 507 3653 vac.
527 3630 597 3661 FpG,
612 3638 690 3662 quam
705 3632 733 3662 C,
749 3633 809 3657 dum
831 3633 952 3658 deorsum
973 3637 999 3658 et
1021 3642 1074 3658 om.
1089 3635 1138 3665 sE;
1153 3643 1200 3667 pro
1223 3635 1280 3665 nisi,
1296 3643 1375 3668 quam

1007 276 1077 312 DE
1108 275 1283 312 CAELO
1314 275 1384 310 ET
1413 274 1607 310 MUNDO
1638 275 1731 311 LIB.
1764 276 1794 311 II

1428 360 1528 398 tunc,
1560 353 1715 390 remotis
1745 353 1867 390 causis
1897 352 2052 402 quietis,
2084 360 2276 401 oporteret
2309 366 2395 391 eam
2416 367 2499 392 mo-

1427 406 1519 442 veri.
1551 407 1642 443 Non
1672 415 1801 443 autem
1835 406 1986 443 videtur
2014 406 2227 442 secundum
2261 418 2397 444 eorum
2431 420 2499 457 po-

1428 459 1615 505 sitionem,
1639 460 1744 508 quod
1773 460 1931 496 ferretur
1958 461 1978 480 ³³
2006 459 2053 496 ad
2084 459 2256 496 medium
2285 461 2498 498 secundum
2518 467 2761 522 JessZfira‘Z'1f⁰’·

1428 525 1536 549 suam
1561 522 1756 550 naturam:
1787 513 1817 549 si
1839 513 1953 559 enim,
1983 513 2078 549 sicut
2106 512 2176 561 ipsi
2204 509 2371 561 ponunt,
2401 522 2499 551 terra

1427 566 1542 603 fertur
1578 567 1627 603 ad
1665 566 1836 603 medium
1873 578 1942 614 per
1975 566 2218 611 violentiam,
2249 578 2405 603 necesse
2444 576 2499 604 est

1428 620 1533 668 quod
1561 625 1572 640 ²
1599 632 1668 668 per
1695 619 1915 656 violentiam
1946 619 2115 667 quiescat
2148 619 2186 655 in
2216 619 2362 666 medio;
2393 621 2499 669 quod

1429 673 1540 710 etiam
1571 673 1641 722 ipsi
1669 681 1828 721 ponunt.
1861 672 1937 708 Sed
1966 680 2095 709 tamen
2124 685 2280 709 necesse
2310 680 2366 710 est
2393 674 2499 722 quod

1427 735 1525 763 terra
1549 727 1688 763 habeat
1716 727 1881 774 aliquem
1902 734 2052 762 motum
2078 727 2301 773 naturalem,
2328 735 2498 764 cessante

1428 780 1534 816 omni
1553 780 1752 816 violentia:
1784 786 1934 827 oportet
1963 779 2065 816 enim
2095 779 2319 828 corporibus
2347 788 2498 817 natura-

1427 835 1503 870 lem
1533 842 1682 870 motum
1716 833 1926 880 assignare,
1958 832 2054 869 sicut
2081 845 2196 882 supra
2216 833 2236 853 *
2257 833 2400 870 dictum
2431 842 2496 871 est.

1428 889 1558 924 Restat
1595 886 1704 934 igitur
1741 886 2006 934 quaerendum
2034 898 2169 923 versus
2202 886 2319 934 quam
2348 895 2497 936 partem

1427 939 1644 983 naturaliter
1672 947 1904 985 moveretur,
1934 939 2115 976 violentia
2140 948 2327 986 cessante3
2358 941 2499 977 scilicet

1426 1001 1554 1029 utrum
1584 1005 1734 1029 sursum
1763 993 1825 1029 vel
1855 993 2049 1038 deorsum,
2079 994 2141 1029 vel
2165 1006 2300 1030 versus
2329 993 2496 1042 aliquam

1426 1046 1539 1083 aliam
1562 1047 1581 1067 ’¹‘
1600 1046 1865 1091 differentiam,
1887 1053 1979 1094 puta
1998 1047 2045 1083 ad
2067 1046 2241 1083 dextrum
2261 1047 2324 1083 vel
2345 1048 2388 1068 *²²²
2408 1047 2496 1084 sini-

1426 1108 1561 1136 strum:
1584 1099 1672 1148 quia
1688 1099 1847 1135 omnino
1869 1106 2020 1147 oportet
2039 1100 2145 1147 quod
2170 1100 2310 1137 habeat
2329 1100 2496 1150 ali-quem

1426 1161 1576 1190 motum
1597 1154 1818 1190 naturalem.
1842 1153 1925 1189 Nec
1945 1160 2002 1189 est
2022 1152 2112 1189 dare
2135 1153 2240 1202 quod
2261 1153 2310 1190 ad
2330 1154 2497 1202 aliquam

1425 1207 1538 1243 aliam
1559 1214 1707 1255 partem
1736 1206 1954 1242 naturaliter
1982 1214 2186 1243 moveatur
2214 1206 2284 1243 nisi
2313 1206 2496 1244 deorsum

1426 1267 1461 1296 et
1480 1260 1529 1297 ad
1549 1259 1719 1296 medium
1740 1259 1764 1305 ς,
1786 1267 1827 1296 ut
1845 1267 1948 1308 patet
1973 1271 2017 1296 ex
2046 1267 2154 1296 motu
2173 1259 2338 1308 partium
2362 1268 2496 1307 terrae,

1425 1326 1522 1363 quae
1534 1314 1582 1350 ad
1598 1314 1740 1349 nullam
1757 1313 1869 1349 aliam
1880 1321 2027 1361 partem
2044 1312 2263 1349 naturaliter
2277 1321 2496 1350 moventur.

1426 1367 1488 1404 Sic
1513 1367 1621 1415 igitur
1647 1367 1746 1403 male
1773 1366 1963 1414 assignant
1985 1379 2139 1403 causam
2160 1365 2295 1415 quietis
2316 1373 2438 1404 terrae
2458 1366 2496 1403 in

1425 1420 1553 1457 medio
1584 1432 1628 1456 ex
1657 1419 1782 1467 aliqua
1809 1419 2000 1457 violentia.
2022 1441 2046 1447 -
2067 1420 2107 1456 Si
2125 1432 2220 1456 vero
2247 1419 2374 1457 dicant
2391 1419 2499 1469 quod

1425 1482 1543 1519 terra,
1575 1473 1786 1510 secundum
1815 1481 1964 1509 motum
1999 1485 2111 1509 suum
2146 1474 2379 1520 naturalem,
2415 1485 2496 1510 non

1426 1527 1546 1574 magis
1580 1527 1695 1563 habet
1729 1527 1748 1547 '¹‘
1790 1526 1896 1575 quod
1929 1534 2131 1563 moveatur
2165 1527 2346 1563 deorsum
2379 1538 2497 1575 quam

1426 1592 1590 1626 sursum,
1605 1579 1756 1616 videtur
1775 1579 1882 1628 sequi
1903 1580 2019 1628 quod,
2036 1579 2131 1616 sicut
2149 1591 2214 1616 aer
2228 1579 2292 1629 qui
2309 1587 2364 1616 est
2383 1591 2499 1629 supra

1426 1641 1584 1679 terram,
1615 1645 1693 1669 non
1722 1632 1899 1682 prohibet
1934 1645 2020 1669 eam
2055 1633 2205 1669 moveri
2239 1645 2412 1680 sursum,
2447 1633 2498 1670 ita

1428 1687 1541 1723 etiam
1571 1698 1641 1723 nec
1671 1698 1736 1722 aer
1760 1685 1824 1735 qui
1850 1693 1905 1722 est
1924 1686 1995 1727 sub
2024 1694 2134 1732 terra,
2164 1685 2383 1735 prohibebit
2410 1698 2497 1723 eam

1426 1739 1573 1776 moveri
1604 1739 1806 1786 deorsum,
1835 1740 1897 1775 vel
1924 1746 2080 1787 propter
2109 1739 2496 1787 comprehensionem

1429 1793 1507 1829 eius
1537 1805 1559 1828 a
1587 1792 1780 1829 latitudine
1809 1799 1930 1828 terrae
1958 1797 1988 1838 η,
2018 1793 2079 1828 vel
2108 1800 2264 1841 propter
2293 1792 2496 1830 revolutio-

1427 1858 1516 1882 nem
1546 1845 1625 1881 eius
1655 1857 1699 1881 ex
1728 1852 1835 1881 motu
1865 1844 1974 1881 caeli:
2005 1845 2093 1893 quia
2121 1845 2159 1881 in
2189 1845 2335 1882 eisdem
2365 1846 2495 1893 rebus,

1427 1907 1612 1947 quantum
1632 1898 1681 1935 ad
1703 1898 1860 1935 eosdem
1882 1898 2039 1934 effectus
2054 1896 2077 1945 ⁰,
2099 1910 2254 1935 necesse
2276 1906 2332 1935 est
2350 1910 2496 1947 ponere

1428 1952 1583 1989 easdem
1614 1963 1758 1988 causas.

1482 2007 1516 2043 3.
1547 2005 1696 2042 Deinde
1726 2017 1814 2041 curn
1844 2004 1951 2041 dicit:
1981 2004 2117 2041 Adhuc
2144 2010 2270 2041 autem
2292 2005 2344 2042 ad
2359 2005 2497 2054 Empe-

1426 2059 1568 2096 doclem
1586 2066 1668 2104 etc.,
1680 2058 1870 2106 improbat
1885 2057 2095 2106 specialiter
2109 2058 2337 2095 solutionem
2355 2059 2498 2108 Empe-

1427 2112 1555 2149 doclis.
1570 2111 1902 2149 Considerandum
1915 2118 1971 2148 est
1981 2118 2107 2147 autem
2123 2111 2228 2160 quod
2239 2111 2498 2161 Empedocles

1424 2166 1594 2214 ponebat
1621 2172 1785 2213 quatuor
1814 2165 2001 2201 elementa
2020 2164 2227 2201 materialia
2256 2172 2292 2202 et
2315 2165 2392 2202 duo
2412 2177 2497 2202 mo-

1424 2218 1552 2255 ventia
1566 2224 1585 2264 ¹,
1607 2218 1747 2254 scilicet
1766 2217 1870 2254 litem
1896 2225 1932 2254 et
1953 2217 2176 2264 amicitiam3
2198 2230 2298 2266 quae
2317 2230 2387 2267 per
2406 2230 2496 2256 con-

1424 2271 1682 2320 gregationem
1712 2279 1748 2308 et
1771 2271 2072 2319 segregationem
2093 2272 2384 2318 elementorum,
2409 2279 2499 2309 sunt

1425 2338 1537 2362 causa
1548 2324 1798 2373 generationis
1811 2332 1846 2361 et
1857 2324 2108 2374 corruptionis
2119 2325 2266 2371 mundi,
2274 2332 2311 2362 et
2321 2324 2497 2362 omnium

1425 2391 1524 2426 quae
1544 2379 1580 2415 in
1600 2378 1747 2415 mundo
1773 2386 1870 2415 sunt.
1901 2377 2002 2415 Dicit
2031 2390 2119 2426 ergo
2141 2379 2247 2427 quod
2273 2378 2407 2427 aliquis
2427 2390 2497 2428 po-

1423 2440 1495 2469 test
1523 2431 1787 2480 quaestionem
1810 2432 1829 2452 *
1853 2443 2011 2468 movere
2042 2439 2173 2468 contra
2197 2431 2495 2480 Empedoclem:

1426 2485 1594 2532 Quando
1624 2486 1812 2521 elementa
1832 2492 1938 2521 erant
1956 2485 2004 2521 ab
2024 2484 2189 2521 invicem
2217 2492 2390 2533 separata
2408 2497 2496 2534 pro-

1425 2546 1508 2586 pter
1527 2538 1641 2582 litem,
1663 2538 1863 2586 oportebat
1886 2545 2025 2574 terram
2055 2537 2250 2586 quiescere
2271 2540 2364 2584 (non
2394 2538 2496 2575 enim

1428 2591 1682 2639 coniungebat
1697 2603 1738 2627 se
1753 2590 1835 2627 aliis
1851 2591 2058 2636 elementis,
2077 2591 2248 2628 dominio
2269 2591 2339 2628 litis
2359 2591 2497 2629 duran-

1427 2647 1496 2691 te):
1528 2652 1583 2680 est
1612 2656 1700 2692 ergo
1730 2644 1993 2693 quaerendum
2024 2656 2122 2694 quae
2141 2644 2244 2681 *suit
2271 2652 2362 2682 tunc
2381 2657 2496 2682 causa

1429 2697 1535 2746 quod
1564 2705 1661 2734 terra
1690 2697 1911 2746 quiesceret.
1947 2698 2030 2734 Nec
2059 2705 2183 2746 potest
2217 2697 2397 2746 assignari
2425 2710 2497 2748 pro

1430 2763 1544 2788 causa
1558 2750 1702 2799 gyratio
1720 2750 1811 2787 caeli
1827 2757 1855 2796 '‘;
1877 2750 1965 2799 quia
1981 2751 2130 2788 caelum
2147 2751 2322 2789 nondum
2339 2759 2418 2789 erat
2435 2763 2499 2800 ge-

1429 2812 1615 2841 neratum.
1637 2803 1796 2840 Videtur
1815 2816 1904 2852 ergo
1925 2804 2030 2852 quod
2050 2805 2154 2841 nullo
2183 2805 2303 2842 modo
2325 2812 2499 2854 oporteat

1431 2857 1555 2894 dicere
1584 2858 1820 2905 gyrationem
1851 2857 1943 2894 caeli
1973 2870 2128 2895 causam
2158 2858 2293 2907 quietis
2321 2866 2456 2896 terrae.

1485 2911 1561 2948 Sed
1582 2911 1629 2948 de
1650 2911 1721 2947 hac
1746 2911 1889 2947 ratione
1909 2911 2060 2948 videtur
2085 2923 2167 2948 esse
2190 2911 2361 2949 dubium.
2382 2911 2498 2949 Vide-

1429 2972 1490 3001 tur
1510 2963 1610 3000 enim
1631 2963 1674 3001 lis
1695 2976 1775 3001 esse
1802 2977 1915 3001 causa
1934 2964 2188 3012 generationis
2207 2964 2353 3013 mundi,
2370 2964 2499 3002 distin-

1429 3139 1466 3164 αα
1478 3139 1605 3164 B.—Dein
1625 3140 1710 3164 statim
1725 3148 1772 3172 pro
1785 3147 1822 3165 ex
1835 3143 1907 3165 motu
1922 3141 2044 3172 partium
2064 3144 2186 3166 terrae...
2206 3144 2354 3171 moventur,
2373 3148 2411 3167 ex
2425 3145 2498 3168 motu

1430 3178 1550 3200 terrae...
1570 3178 1691 3200 mouetur
1709 3175 1738 3200 Ρ.

1483 3211 1510 3242 η)
1525 3211 1782 3243 comprehensionem
1805 3210 1860 3235 eius
1883 3218 1899 3235 a
1922 3211 2066 3237 latitudine
2087 3215 2213 3237 terrae.-
2227 3213 2262 3238 lta
2282 3212 2358 3238 codd.
2377 3220 2431 3239 exc.
2441 3212 2498 3238 Ant.

1430 3247 1500 3270 Loco
1510 3246 1775 3278 comprehensionem,
1783 3247 1998 3279 compositionem
2006 3248 2033 3277 Ρ,
2039 3247 2259 3280 compressionem
2274 3248 2323 3272 Asl
2334 3253 2360 3273 et
2372 3248 2413 3274 ed.
2422 3246 2498 3273 1516.

1431 3281 1475 3306 PG
1495 3282 1616 3306 omittunt
1634 3289 1659 3306 a.

1484 3315 1508 3349 θ)
1528 3317 1623 3349 quia...
1638 3321 1765 3349 quantum
1785 3317 1822 3342 ad
1841 3318 1944 3343 eosdem
1962 3318 2077 3352 effectus.
2089 3332 2109 3337 -
2123 3318 2169 3350 qui
2183 3318 2208 3343 in
2223 3318 2320 3343 eisdem
2335 3318 2414 3344 rebus
2428 3318 2497 3344 idem

1431 3353 1521 3385 (illum
1543 3353 1575 3382 B,
1596 3353 1674 3377 istum
1694 3353 1743 3385 Cl)
1762 3353 1799 3377 ad
1818 3354 1921 3378 cosdem
1943 3354 2024 3378 duxit
2042 3354 2149 3388 effectus
2168 3354 2243 3378 codd.
2263 3361 2318 3379 exc.
2337 3354 2407 3379 AsG.

1486 3389 1503 3420 ι)
1518 3389 1647 3413 elementa
1667 3389 1819 3413 materialia
1840 3392 1865 3414 et
1881 3389 1934 3414 duo
1949 3390 2091 3414 moventia.
2103 3403 2123 3409 -
2137 3390 2178 3414 Sic
2193 3389 2294 3414 codices
2310 3394 2340 3414 et·
2354 3390 2395 3415 ed.
2419 3388 2498 3419 1516;

1431 3424 1559 3448 elementa
1580 3424 1715 3456 principia
1741 3424 1892 3449 materialia
1911 3427 1937 3449 et
1956 3425 2015 3450 ideo
2041 3425 2173 3450 moventia
2192 3425 2248 3449 Ρ.-
2262 3425 2381 3457 Sequens
2399 3425 2499 3450 scilicet

1431 3467 1484 3484 om.
1508 3460 1611 3484 codd.-
1630 3459 1665 3484 lbi
1686 3467 1738 3492 per
1755 3460 1990 3492 congregationem
2015 3463 2041 3485 et
2059 3460 2270 3494 segregationem
2289 3461 2496 3490 elementorum,

1431 3495 1501 3527 quod
1522 3495 1631 3527 legimus
1651 3503 1710 3520 cum
1726 3496 1761 3524 Α,
1781 3496 1990 3529 congregatione
2009 3499 2034 3521 et
2047 3496 2235 3529 segregatione
2248 3496 2437 3521 elementorum
2451 3495 2498 3524 sG.

1430 3530 1639 3563 congregatione
1657 3531 1845 3555 elementorum
1866 3531 1885 3555 P
1905 3537 1930 3556 et
1949 3536 1997 3556 cet.

1484 3566 1509 3597 κ)
1528 3565 1584 3590 Nec
1598 3569 1723 3598 potest...
1742 3566 1816 3591 caeli.
1835 3581 1853 3584 -
1872 3567 1907 3590 lta
1926 3567 1962 3596 Α;
1982 3566 2042 3591 Νοη
2060 3569 2149 3598 potest
2166 3566 2304 3600 assignari
2327 3566 2399 3599 quod
2416 3572 2498 3592 causa

1430 3604 1469 3626 est
1483 3601 1594 3634 gyratio
1605 3602 1656 3632 (vel
1672 3602 1821 3634 generatio)
1838 3602 1905 3626 caeti
1915 3601 2006 3632 ceteri;
2023 3601 2083 3626 Non
2095 3604 2185 3633 potest
2199 3601 2253 3627 dici
2268 3601 2339 3634 quod
2356 3608 2437 3627 causa
2456 3603 2496 3626 est

1430 3636 1541 3670 gyratio
1559 3636 1626 3661 caeli
1644 3637 1672 3661 P.

2630 633 2640 650 Ε

2528 841 2535 848 ·
2551 838 2615 861 Lect-
2630 839 2740 867 prneced.

2525 871 2548 887 n.
2562 873 2587 892 4-

2525 1052 2534 1061 ·
2550 1051 2624 1073 altam
2638 1057 2688 1073 om.
2702 1057 2725 1074 r.

2524 1078 2548 1089 ⁸⁴
2562 1077 2596 1099 ad
2609 1078 2663 1100 add.
2672 1083 2739 1101 Δια.

2525 1534 2535 1544 ·
2550 1532 2639 1555 habeat
2650 1539 2674 1555 Α.

2524 2439 2534 2449 ·
2548 2437 2666 2460 rationem
2679 2443 2704 2464 Α,

2525 2652 2534 2662 '
2549 2650 2614 2679 quod
2626 2657 2647 2674 i·-

2769 3899 2776 3917 ⁵*
2775 3883 2779 3888 ι
2769 3694 2782 3850 “udam
2770 3268 2782 3685 4«Q-<-
2778 3246 2782 3258 -
