2782 4134
52 369 64 380 ⁴
74 367 182 390 Secundo
196 374 218 390 P.

150 632 164 648 V

47 1160 190 1184 ἐἰκαῖα
212 1167 262 1184 om.

48 1187 263 1211 costuma·-

47 1214 222 1241 eunomu-

11 1516 214 1567 '‘mr.

15 1847 17 1849 .
45 1802 262 1857 3ἕέἕῖἵέ

9 2030 12 2036 ·
43 2018 259 2044 ’lominum

0 3181 15 3322 ᾗ..

1192 276 1303 313 CAP.
1334 277 1365 324 1,

355 369 412 394 10.
430 356 561 394 Tertio
577 358 597 378 '¹‘
615 357 687 394 ibi:
708 357 783 394 Sed
801 357 925 394 adhuc
940 369 1060 405 neque
1073 358 1122 393 ab
1137 357 1266 394 anima
1283 365 1366 404 etc.,

295 410 458 447 excludit
477 410 627 447 tertiam
648 410 883 460 opinionem,
904 422 1003 458 quae
1027 418 1082 446 est
1101 411 1281 457 Platonis,
1303 411 1367 459 qui

293 463 420 512 posuit
447 463 487 501 in
519 465 674 501 Timaeo
704 463 809 513 quod
837 463 876 499 in
904 463 1034 500 medio
1064 463 1200 500 mundi
1237 464 1368 501 anima

294 516 389 565 eius,
405 517 455 554 ad
471 524 685 554 extremum
706 518 855 554 caelum
875 516 1138 566 omniquaque
1154 518 1366 566 complexa,

293 569 460 619 incoepit
474 570 738 608 incessabilem
754 577 791 607 et
804 569 1035 619 prudentem
1050 570 1170 607 vitam
1186 570 1234 606 ad
1251 583 1367 607 omne

293 631 459 673 tempus.
480 625 530 661 Et
547 624 673 673 primo
694 635 740 660 ex
758 630 866 673 parte
885 622 1005 671 ipsius
1029 616 1234 672 corpo'risn
1256 624 1367 660 Unde

294 677 384 714 dicit
411 677 516 727 quod
545 690 624 714 non
653 683 709 714 est
735 675 959 713 rationabile
989 676 1115 713 dicere
1148 676 1255 725 quod
1283 689 1367 713 cae-

293 731 374 768 lum
404 738 441 768 et
468 738 595 767 motus
625 730 706 767 eius
729 729 768 767 in
797 729 1074 778 sempiternum
1098 737 1254 766 maneat
1279 742 1367 778 pro-

291 791 377 833 pter
405 783 644 821 coactionem
673 783 824 834 animae
844 782 1034 820 rationalis
1049 779 1079 829 f,
1110 782 1200 832 quia
1219 783 1366 820 nullum

293 844 470 874 coactum
507 843 634 886 potest
671 849 755 874 esse
792 836 1093 886 sempiternum:
1124 844 1219 873 ‘cum
1262 836 1366 874 enim

290 890 505 928 violentum
525 890 573 927 sit
601 897 732 927 contra
751 897 939 937 naturam,
960 897 1185 939 sequeretur
1202 889 1241 927 id
1260 890 1367 938 quod

292 950 349 980 est
376 943 589 981 secundum
618 951 794 981 naturam
822 955 1021 993 nunquam
1050 955 1144 980 esse.

351 1009 364 1034 1
378 1009 409 1034 1.
432 996 613 1035 Secundo
628 996 697 1034 ibi:
717 997 854 1046 Neque
868 997 968 1034 enim
985 1004 1067 1043 etc.,
1084 996 1249 1034 ostendit
1262 997 1365 1035 idem

292 1061 338 1088 ex
364 1058 472 1100 parte
501 1051 674 1097 animae,
705 1050 836 1088 dicens
863 1051 970 1100 quod
1007 1063 1087 1088 non
1115 1058 1246 1100 posset
1282 1063 1365 1088 esse

289 1103 369 1142 vita
397 1104 549 1142 animae
577 1104 770 1142 moventis
791 1104 845 1142 sic
873 1117 1026 1153 corpus,
1052 1103 1132 1141 sine
1161 1103 1305 1141 tristitia
1329 1112 1366 1141 et

290 1157 403 1195 beata
423 1159 455 1195 ²³.
478 1158 587 1207 Curn
601 1158 704 1196 enim
724 1165 854 1195 motus
874 1158 920 1195 sit
939 1157 1110 1207 corporis
1128 1169 1198 1207 per
1216 1157 1362 1195 violen-

285 1210 615 1259 tiam7-et‘anima
644 1219 802 1249 moveat
830 1211 1058 1248 circulariter
1086 1222 1225 1260 corpus
1258 1211 1365 1261 quod

291 1271 347 1302 est
373 1267 506 1314 aptum
536 1273 668 1304 natum
691 1265 798 1303 aliter
825 1265 988 1312 moveri,
1009 1272 1046 1302 et
1064 1276 1153 1302 cum
1181 1264 1258 1302 hoc
1281 1277 1365 1301 mo-

284 1325 379 1356 rveat
397 1318 526 1367 ipsum
545 1319 736 1366 continue,
752 1331 910 1357 necesse
930 1326 987 1355 est
1009 1317 1116 1367 quod
1134 1317 1217 1355 talis
1235 1317 1365 1355 anima

290 1383 491 1421 nunquam
518 1381 642 1420 vacet,
664 1380 701 1410 et
719 1372 826 1422 quod
854 1372 901 1409 sit
918 1379 1067 1409 remota
1095 1371 1144 1407 ab
1173 1370 1281 1408 omni
1302 1383 1363 1407 ro-

290 1425 382 1465 hore
402 1426 592 1474 prudenti.
623 1427 673 1464 Et
689 1433 817 1475 potest
832 1437 904 1475 per
920 1425 1040 1462 robur
1060 1424 1231 1473 prudens
1258 1424 1363 1462 intel-

286 1477 352 1527 ligi
380 1479 552 1529 operatio
581 1478 807 1530 speculativi
834 1478 1063 1524 intellectus,
1085 1477 1135 1514 ad
1163 1489 1280 1526 quam
1306 1490 1362 1515 re-

290 1531 450 1582 quiritur
469 1534 490 1554 *
507 1532 712 1582 prudentia
731 1540 768 1570 et
787 1532 916 1578 robur,
937 1530 1047 1580 quasi
1066 1530 1186 1569 dicat:
1207 1531 1238 1568 si
1257 1532 1362 1568 nullo

289 1585 410 1624 modo
438 1593 551 1624 vacat
582 1586 712 1624 anima
740 1585 835 1623 caeli
862 1598 886 1623 a
912 1585 1045 1623 labore
1079 1596 1196 1634 quem
1224 1585 1364 1634 patitur

288 1640 488 1678 movendo
517 1640 667 1677 caelum
697 1646 830 1681 contra
857 1650 968 1676 suam
997 1645 1188 1685 naturam,
1210 1650 1364 1688 semper

281 1691 520 1742 *impedietur
552 1705 575 1730 a
605 1693 828 1731 vehementi
862 1691 1204 1741 contemplatione,
1242 1704 1359 1741 quam

288 1745 448 1796 impedit
468 1746 695 1784 continuitas
714 1745 856 1784 laboris
876 1753 912 1782 et
939 1745 1084 1783 tristitia
1109 1757 1361 1794 consequens.

284 1799 360 1845 ,vel
373 1813 444 1850 per
457 1800 628 1849 prudens
648 1799 767 1838 robur
785 1799 982 1849 intelligit*
998 1806 1180 1836 conatum
1196 1798 1361 1847 animae,

287 1853 509 1903 appositum
529 1855 578 1892 ad
597 1853 842 1892 movendum
861 1852 1075 1891 secundum
1095 1852 1361 1902 prudentiam:

282 1918 368 1945 ‘non
397 1907 501 1945 enim
523 1907 675 1946 videtur
702 1919 786 1945 esse
809 1906 1006 1957 prudentis
1035 1905 1216 1944 adhibere
1246 1906 1364 1944 robur

287 1972 403 1998 suum
422 1961 472 1999 ad
492 1961 671 1999 continue
691 1960 947 1999 laborandum
968 1959 1050 1997 sine
1068 1959 1361 1997 intermissione.

281 2014 394 2062 ‘Nam
413 2013 444 2052 si
463 2014 605 2064 aliquid
628 2014 867 2052 laboriosum
883 2015 903 2035 *²
923 2021 1140 2051 assumatur
1161 2013 1211 2050 ad
1238 2013 1362 2051 modi-

288 2080 378 2106 cum
405 2075 576 2118 tempus,
601 2068 798 2106 tolerabile
827 2067 910 2105 erit:
941 2067 1091 2104 caelum
1120 2073 1250 2104 autern
1279 2079 1362 2104 mo-

285 2128 398 2159 vetur
412 2129 521 2159 motu
541 2122 724 2159 continuo
741 2129 778 2158 et
792 2121 1038 2171 sempiternO.
1055 2120 1167 2158 Unde
1183 2120 1213 2157 si
1232 2120 1362 2157 anima

286 2174 382 2212 caeli
418 2182 596 2213 moveret
623 2176 773 2212 caelum
811 2182 943 2212 contra
971 2186 1081 2211 suam
1115 2180 1292 2210 naturam
1327 2181 1364 2210 et

287 2239 377 2265 cum
404 2228 548 2275 labore,
569 2235 794 2278 sequeretur
821 2227 926 2277 quod
946 2234 1045 2264 esset
1069 2226 1210 2276 peioris
1230 2226 1362 2263 condi-

285 2278 400 2318 tionis
429 2293 546 2331 quam
575 2281 727 2320 animae
756 2280 976 2319 mortalium
1000 2279 1236 2327 animalium,
1262 2291 1361 2329 quae

286 2334 530 2384 requiescunt
557 2348 580 2373 a
608 2342 718 2373 motu
755 2334 926 2384 corporis
964 2334 1097 2371 saltem
1125 2333 1164 2370 in
1199 2345 1359 2370 somno:

286 2389 356 2427 sed
383 2389 643 2427 necessarium
672 2396 728 2426 est
756 2388 863 2437 quod
876 2389 1024 2436 fatum,
1054 2386 1152 2424 idest
1171 2386 1358 2424 ordinatio

339 2547 363 2581 ν)
380 2548 417 2573 Et
429 2548 522 2580 primo
536 2554 574 2572 ex
588 2550 671 2580 parte
684 2547 768 2580 ipsius
781 2546 911 2579 corporis.
922 2560 943 2565 -
953 2546 991 2570 Et
1002 2545 1092 2578 primo
1105 2544 1240 2576 improbat
1252 2551 1311 2568 eam
1323 2551 1362 2568 ex

280 2587 364 2617 parte
381 2583 503 2616 eorporis
520 2584 556 2608 A:
575 2590 665 2608 revera
684 2583 826 2616 improbat,
841 2582 884 2607 vel
903 2582 973 2607 aliud
991 2582 1076 2606 simile
1089 2581 1200 2605 verbum
1216 2579 1360 2604 subintelli-

302 2620 400 2645 endum
420 2625 468 2644 est.

284 2627 302 2653 Β
340 2653 364 2688 ξ)
377 2655 484 2680 animae
493 2654 645 2680 rationah's.
658 2668 677 2673 —
689 2654 796 2679 Addunt
809 2653 894 2678 AsGI:
914 2652 971 2678 vita
985 2652 1055 2677 enim
1075 2651 1116 2676 rei
1134 2651 1272 2676 animatae
1283 2650 1360 2675 cuius

284 2691 377 2716 mima
395 2693 484 2716 mouet
501 2697 599 2722 corpus
616 2693 712 2715 contra
731 2696 810 2714 suam
831 2692 965 2716 naturam.
987 2695 1038 2713 non
1053 2690 1145 2720 potest
1163 2693 1218 2711 esse
1236 2687 1315 2711 beata
1333 2689 1360 2710 et

284 2725 342 2752 sine
360 2726 487 2756 tristitia,
507 2726 611 2758 qualem
630 2727 738 2758 oportet
755 2731 811 2750 esse
828 2724 913 2750 vitam
931 2724 1006 2753 caeli,
1025 2723 1050 2748 si
1067 2723 1103 2748 sit
1121 2722 1279 2747 animatum.
1301 2721 1359 2746 Non

284 2762 445 2787 admittimus
470 2761 643 2787 additionem:
661 2761 746 2793 primo
765 2760 828 2793 quia
850 2760 906 2785 eius
925 2759 952 2784 in
971 2759 1063 2784 ceteris
1083 2758 1159 2783 codd.
1177 2757 1287 2782 omissio
1307 2765 1359 2781 non

283 2802 371 2831 potest
389 2797 508 2830 explicari
527 2804 575 2830 per
591 2797 763 2822 omissionem
781 2795 966 2826 homoteleuti;
985 2794 1101 2820 secundo
1120 2793 1182 2826 quia
1195 2798 1360 2825 argumenta-

283 2833 383 2859 tionem
401 2833 489 2866 potius
508 2832 608 2858 intricat
626 2840 706 2865 quam
725 2832 852 2864 complet;
868 2831 943 2856 tertio
957 2830 1019 2863 quia
1033 2838 1047 2855 a
1059 2834 1130 2855 textu
1145 2829 1293 2853 Aristotelis
1306 2836 1359 2852 non

283 2868 408 2902 poscitur.
426 2868 505 2893 Forte
522 2875 609 2893 errore
623 2867 814 2900 transcripturis
833 2866 929 2891 factum
948 2870 989 2890 est
1006 2870 1035 2890 ut
1052 2865 1131 2890 textui
1150 2864 1359 2896 incorporaretur

283 2907 347 2929 nota
364 2903 512 2937 marginalis
527 2903 645 2936 apposita
659 2903 692 2928 ad
711 2902 890 2935 explicandum
904 2909 934 2926 ea
952 2909 1019 2934 quae
1038 2901 1187 2926 immediate
1201 2905 1355 2932 sequuntur.

338 2939 365 2972 ο)
378 2940 485 2973 satum,
505 2939 575 2964 idest
593 2938 731 2964 ordinatio
750 2938 864 2963 alicuius
882 2937 1038 2969 superioris.
1050 2949 1070 2955 ·-
1083 2937 1133 2960 Pro
1144 2937 1239 2969 satum
1259 2936 1282 2960 Α
1301 2942 1358 2959 cor-

284 2978 361 3006 rupte
373 2975 496 3008 sactum;
515 2979 563 2999 cet.
577 2975 666 3007 legunt
684 2973 860 3006 sphaericum,
881 2973 951 2998 idest
969 2972 1082 2997 alicuius
1100 2971 1248 3003 superioris
1265 2970 1357 3002 (ordi-

285 3009 360 3035 natio
379 3009 438 3034 add.
453 3009 536 3042 sG1)‚·
554 3009 574 3034 P
593 3010 769 3042 sphaericum,
790 3009 858 3034 idest
876 3008 989 3033 alicuius
1007 3007 1155 3040 superior-Is
1172 3006 1294 3039 corporis
1313 3013 1357 3031 or-

285 3043 390 3069 dinatio
396 3051 405 3072 ‚·
424 3044 472 3068 sed
489 3044 656 3076 sphaericum
675 3044 737 3070 nihil
760 3044 803 3069 hic
827 3044 886 3069 facit
905 3044 937 3068 ad
955 3051 1025 3072 rem,
1045 3050 1092 3068 nec
1111 3042 1252 3076 respondet
1270 3041 1357 3070 textui,

286 3079 331 3112 qui
349 3079 428 3104 habet
446 3077 549 3113 μόῗραν,
566 3080 658 3114 satum
672 3079 708 3113 (P
721 3080 747 3104 in
761 3080 882 3104 versione
897 3078 1030 3112 partem),
1051 3079 1122 3111 quod
1140 3078 1171 3107 A,
1191 3082 1220 3102 ut
1238 3077 1356 3106 diximus,

286 3114 401 3146 corrupit
419 3114 445 3139 in
457 3114 574 3148 sactum.
590 3129 611 3134 -
628 3115 686 3141 Lin.
705 3123 763 3148 seq.
780 3123 829 3148 pro
848 3114 1071 3144 inconteribilem,
1091 3113 1250 3139 interibilem
1270 3112 1297 3143 Ρ,
1317 3112 1358 3137 ἰη-

285 3150 405 3175 converti
423 3151 455 3174 Α.

339 3185 368 3218 π)
387 3192 406 3210 a
425 3185 487 3210 Iove
506 3185 606 3218 nuptiis
625 3185 743 3210 Iunonis.
756 3199 775 3204 -
789 3185 889 3218 nuptiis
903 3185 1012 3210 Iunonis
1031 3190 1048 3209 a
1068 3185 1130 3210 Iove
1142 3183 1245 3217 impetis
1258 3184 1284 3209 in
1299 3181 1357 3208 ndis

1395 276 1547 313 LECT.
1579 276 1593 312 I

2421 277 2491 312 123

1422 355 1578 393 alicuius
1607 354 1811 404 superioris
1827 359 1854 400 ⁰,
1886 353 2051 390 detineat
2070 353 2194 402 ipsam
2215 353 2381 391 animam
2402 356 2495 392 caeli

1422 409 1688 458 sempiternam
1717 414 1753 445 et
1770 407 2076 452 inconteribilem,
2098 406 2193 443 idest
2217 419 2295 444 non
2316 407 2494 446 deficien-

1422 470 1500 500 tem
1529 475 1551 500 a
1579 462 1791 508 movendo,
1812 460 1862 498 ad
1882 459 2167 497 similitudinem
2196 460 2395 497 cuiusdam
2422 462 2494 499 viri

1422 516 1487 565 qui
1522 516 1629 553 Ixion
1662 515 1878 562 dicebatur,
1918 513 1965 551 de
2004 526 2081 563 quo
2117 513 2333 550 fabulariter
2367 514 2495 552 dicunt

1423 570 1540 618 quod,
1564 582 1652 606 cum
1682 576 1781 606 esset
1803 567 2044 617 praepositus
2064 579 2086 603 a
2106 568 2198 603 Iove
2223 567 2362 616 nuptiis
2382 569 2493 605 Iuno-

1423 623 1480 659 nis
1500 628 1536 670 π,
1568 621 1787 671 concupivit
1820 633 1927 668 eam,
1963 633 2063 670 quae
2091 621 2178 657 loco
2208 620 2266 656 sui
2294 622 2495 670 supposuit

1424 675 1458 712 ei
1494 676 1695 722 nebulam,
1735 687 1780 712 ex
1817 687 1894 724 qua
1925 674 2055 722 genuit
2093 673 2351 721 Centaurum,
2389 676 2493 712 unde

1424 728 1564 777 Iupiter
1592 728 1757 776 alligavit
1784 729 1917 765 trocho
1938 734 1964 775 Ρ,
1990 727 2029 764 in
2049 739 2126 776 quo
2152 727 2330 764 continue
2359 740 2493 765 move-

1422 790 1534 818 retur.
1573 782 1691 828 Quod
1729 781 1885 830 quidem
1922 780 2075 818 videtur
2108 780 2328 818 Aristoteles
2368 781 2493 818 dicere

1422 842 1554 872 contra
1582 834 1725 871 dictum
1750 834 1929 881 Platonis,
1951 834 2015 883 qui
2045 833 2136 871 dixit
2154 834 2260 883 quod
2290 846 2335 870 ex
2362 835 2492 872 medio

1421 887 1555 926 mundi
1576 887 1625 924 ad
1655 895 1868 924 extremum
1896 888 2044 924 caelum
2074 887 2204 925 anima
2232 887 2493 937 omniquaque

1422 942 1624 991 complexa
1652 940 1819 990 incoepit
1838 940 2102 978 incessabilem
2124 949 2160 978 et
2177 941 2409 990 prudentem
2437 941 2493 979 vi-

1421 1003 1500 1032 tam
1538 995 1586 1032 ad
1620 1006 1737 1031 omne
1775 1001 1927 1043 tempus
1962 1000 1996 1030 ⁷:
2032 995 2246 1032 secundum
2280 995 2356 1031 hoc
2390 995 2493 1032 enim

1419 1048 1572 1086 videtur
1600 1047 1729 1085 anima
1758 1048 1851 1084 caeli
1875 1047 2022 1095 alligata
2051 1048 2156 1085 caelo
2177 1048 2274 1085 sicut
2292 1047 2399 1085 Ixion
2418 1056 2493 1086 tro-

1420 1103 1505 1139 cho.
1542 1102 1592 1138 Et
1618 1100 1771 1138 videtur
1798 1101 1904 1148 quod
1931 1100 2008 1137 vita
2041 1101 2123 1138 talis
2155 1101 2306 1138 animae
2339 1114 2419 1139 non
2449 1101 2494 1139 sit

1419 1156 1601 1204 prudens,
1627 1153 1695 1192 sed
1723 1153 1917 1203 insipiens,
1937 1161 2070 1203 utpote
2095 1167 2194 1203 quae
2222 1155 2390 1204 incoepit
2406 1167 2492 1204 per-

1418 1217 1580 1258 petuum
1622 1208 1808 1245 laborem.
1852 1208 1944 1244 Non
1982 1215 2110 1244 autem
2153 1208 2400 1258 reprehendit,
2431 1208 2493 1245 hic

1419 1261 1641 1299 Aristoteles
1661 1262 1875 1308 Platonem,
1897 1260 1960 1309 qui
1982 1261 2001 1281 *
2020 1260 2148 1310 posuit
2167 1262 2316 1298 caelum
2345 1262 2491 1299 anima-

1419 1322 1513 1363 tum,
1543 1314 1632 1364 quia
1660 1322 1697 1352 et
1717 1315 1736 1335 '⁸‘
1757 1314 1911 1351 inferius
1932 1315 1974 1335 *⁴⁴*
2002 1315 2078 1351 hoc
2097 1314 2177 1363 ipse
2200 1315 2325 1364 ponit:
2355 1315 2424 1353 sed
2445 1316 2491 1353 de

1418 1369 1495 1405 hoc
1522 1369 1628 1418 quod
1660 1368 1810 1406 videtur
1840 1380 1986 1416 ponere
2014 1369 2121 1416 quod
2152 1376 2309 1405 moveat
2342 1369 2491 1406 caelum

1418 1422 1457 1459 in
1476 1421 1754 1471 sempiternum
1783 1429 1915 1458 contra
1943 1433 2053 1458 suam
2081 1428 2268 1458 naturam.
2300 1422 2376 1459 Sed
2396 1422 2491 1460 forte

1418 1476 1526 1513 Plato
1555 1488 1635 1513 non
1663 1475 1841 1512 intellexit
1859 1482 2011 1512 motum
2039 1475 2142 1511 hunc
2163 1487 2245 1512 esse
2275 1483 2406 1512 contra
2425 1488 2491 1513 na-

1417 1537 1543 1566 turam
1580 1529 1691 1575 caeli;
1722 1529 1790 1566 sed
1817 1527 1941 1565 voluit
1974 1528 2186 1577 exprimere
2223 1529 2330 1577 quod
2358 1537 2492 1567 natura

1418 1582 1631 1620 secundum
1661 1594 1779 1631 quam
1809 1581 1989 1618 convenit
2018 1581 2051 1618 ei
2079 1581 2161 1618 talis
2196 1589 2345 1629 motus,
2374 1591 2429 1619 est
2457 1583 2491 1619 ei

1418 1637 1467 1674 ab
1495 1635 1582 1673 alio.

1478 1701 1536 1726 12.
1567 1688 1718 1726 Deinde
1747 1700 1836 1724 cum
1874 1687 1983 1725 dicit:
2021 1687 2064 1724 Si
2095 1687 2220 1736 itaque
2248 1689 2490 1736 quemadmo-

1418 1743 1508 1780 dum
1538 1750 1627 1789 etc.,
1658 1740 1850 1779 concludit
1877 1753 1923 1778 ex
1950 1740 2168 1790 praemissis
2196 1741 2315 1789 quod,
2341 1742 2372 1779 si
2401 1754 2490 1779 con-

1417 1796 1523 1845 tingit
1550 1795 1601 1833 ita
1630 1807 1670 1832 se
1694 1795 1836 1832 habere
1858 1795 1905 1832 de
1924 1794 2050 1843 primo
2070 1801 2179 1831 motu
2207 1795 2328 1842 locali,
2349 1795 2414 1844 qui
2435 1804 2491 1833 est

1418 1857 1547 1887 motus
1577 1849 1682 1896 caeli,
1707 1848 1803 1885 sicut
1832 1847 2009 1895 diximus,
2030 1855 2070 1884 ut
2094 1847 2233 1885 scilicet
2261 1848 2306 1885 sit
2336 1848 2415 1885 sine
2439 1849 2490 1885 la-

1418 1904 1523 1951 bore,
1545 1915 1623 1940 non
1643 1903 1769 1939 solum
1793 1902 1869 1938 hoc
1889 1901 2102 1938 existimare
2122 1909 2178 1938 est
2206 1902 2342 1938 melius
2371 1914 2490 1951 quan-

1418 1964 1499 1994 tum
1535 1956 1585 1993 ad
1613 1954 1953 2005 sempiternitatem
1987 1954 2104 2004 ipsius
2134 1954 2225 1992 caeli
2253 1961 2284 2002 ',
2315 1955 2383 1993 sed
2415 1956 2491 1992 hoc

1419 2017 1476 2047 est
1494 2010 1615 2058 magis
1631 2009 1865 2046 conveniens
1881 2007 2148 2045 existimationi
2167 2020 2285 2056 quam
2300 2009 2489 2046 habemus

1419 2065 1466 2102 de
1496 2063 1566 2101 diis
1595 2066 1728 2112 (quam
1759 2061 1915 2112 quidem
1943 2068 2058 2098 vocat
2076 2061 2356 2107 divinationem,
2383 2062 2490 2111 quasi

1419 2130 1464 2154 ex
1493 2116 1624 2154 divina
1652 2115 1884 2153 revelatione
1913 2114 2117 2160 habitam):
2148 2115 2273 2151 solum
2299 2115 2401 2152 enirn
2420 2128 2490 2164 per

1416 2171 1532 2208 istum
1552 2170 1716 2207 modum
1737 2169 1909 2214 dicemus
1935 2168 2079 2217 ubique
2109 2168 2320 2205 concordes
2344 2181 2489 2206 sermo-

1417 2236 1502 2269 nes,
1533 2235 1612 2260 non
1639 2222 1742 2260 enim
1761 2222 1914 2259 videtur
1938 2234 2020 2258 esse
2040 2234 2255 2258 consonum
2281 2222 2386 2271 quod
2405 2235 2488 2259 cae-

1416 2278 1498 2314 lum
1517 2283 1721 2313 moveatur
1740 2287 1762 2312 a
1781 2276 1879 2322 Deo,
1907 2282 1944 2311 et
1963 2274 2068 2324 quod
2088 2282 2214 2312 motus
2235 2274 2315 2312 eius
2334 2275 2380 2312 sit
2400 2287 2488 2312 cum

1416 2330 1560 2367 labore.
1592 2329 1668 2366 Sed
1699 2329 1745 2366 de
1774 2328 1910 2365 talibus
1939 2328 2180 2365 sermonibus
2210 2328 2298 2365 satis
2323 2328 2369 2365 sit
2387 2341 2489 2365 nunc

1417 2384 1467 2421 ad
1493 2394 1676 2432 praesens
1705 2381 1861 2419 dictum.

1415 2543 1447 2573 A,
1466 2543 1538 2575 quod
1557 2547 1644 2575 potest
1662 2541 1782 2574 explicari
1801 2540 1852 2565 hoc
1871 2541 1966 2566 modo:
1986 2539 2080 2572 aliquis
2095 2539 2206 2571 scriptor
2219 2539 2333 2571 corrupit
2348 2539 2451 2571 nupciis
2464 2539 2489 2563 in

1414 2578 1518 2611 impeiis
1533 2583 1557 2603 et
1572 2576 1660 2603 fundis
1674 2577 1700 2602 in
1713 2577 1739 2602 in
1754 2575 1826 2605 n61s;
1838 2576 2007 2608 subsequens
2021 2575 2186 2599 amanuensis
2201 2573 2387 2599 correctionem
2397 2574 2489 2599 harum

1414 2613 1611 2647 corruptionum
1631 2612 1795 2645 interpolavit
1814 2616 1872 2636 ante
1890 2619 1908 2636 a
1928 2611 1997 2639 Iove,
2020 2611 2082 2643 quin
2102 2610 2280 2642 corruptiones
2300 2615 2491 2641 expungeret.-

1414 2649 1466 2674 Pro
1484 2649 1636 2681 concupivit
1654 2655 1722 2676 eam,
1741 2647 1884 2673 concubuit
1901 2654 1960 2672 eam
1979 2647 2010 2677 B,
2024 2645 2165 2671 concubuit
2182 2653 2242 2670 cum
2257 2652 2289 2670 ea
2307 2644 2331 2676 ¹3
2351 2653 2398 2678 pro
2412 2652 2489 2677 quae,

1432 2685 1460 2710 ui
1478 2685 1602 2710 CDEFG.

1413 2693 1429 2718 q
1467 2720 1492 2754 ρ)
1513 2720 1615 2746 trocho.
1635 2733 1655 2738 -
1673 2720 1709 2744 lta
1727 2719 1772 2744 PA
1791 2724 1817 2743 et
1835 2723 1956 2750 corrupte
1974 2716 2081 2746 BDFG;
2102 2716 2125 2741 G
2144 2715 2257 2749 spatium
2276 2723 2402 2746 vacuum,
2420 2716 2442 2740 E
2462 2716 2488 2740 in

1413 2757 1485 2786 Ioco,
1506 2756 1515 2780 1
1530 2759 1616 2781 rotae.
1629 2769 1649 2774 -
1662 2755 1698 2780 lbi
1712 2755 1758 2787 qui
1775 2754 1850 2779 dixit
1905 2753 2007 2783 mundi,
2019 2760 2068 2785 pro
2086 2752 2139 2784 qui,
2159 2751 2223 2784 quia
2235 2752 2292 2782 Dsl,
2311 2751 2383 2784 quod
2400 2751 2489 2776 ABCF

1413 2792 1481 2825 pG1;
1501 2791 1595 2816 mundi
1608 2799 1662 2816 orn.
1676 2790 1760 2821 codd„
1775 2789 1809 2814 cf.
1823 2798 1848 2814 n.
1861 2797 1929 2814 10.-
1942 2789 2000 2813 Lin.
2014 2796 2072 2820 seq.
2085 2788 2228 2820 complexa
2245 2795 2299 2811 om.
2313 2788 2345 2812 A.

1468 2827 1494 2860 σ)
1514 2827 1597 2852 vitam
1616 2826 1654 2851 ad
1668 2833 1745 2851 omne
1760 2829 1872 2856 tempus.
1885 2838 1904 2843 -
1918 2824 2000 2849 vitam
2015 2830 2083 2856 quae
2096 2823 2135 2847 ad
2146 2829 2224 2848 omne
2237 2826 2340 2854 tempus
2354 2822 2384 2846 P.
2397 2835 2415 2840 -
2428 2822 2485 2846 Lin.

1413 2871 1470 2896 seq.
1485 2870 1535 2895 pro
1553 2862 1668 2895 alligata
1685 2861 1772 2889 caelo,
1792 2861 1907 2893 alligata
1925 2859 2083 2892 corporibus
2101 2858 2155 2883 sive
2173 2858 2246 2883 caelo
2266 2858 2296 2882 P.
2315 2858 2366 2882 Pro
2386 2857 2486 2886 trocho,

1409 2902 1490 2928 ,rotae
1509 2898 1558 2929 sE;
1578 2902 1627 2922 cet.
1641 2905 1695 2922 exc.
1710 2897 1773 2922 AsG
1792 2895 1984 2928 corruptionem
2004 2894 2132 2920 exhibent.

1467 2934 1493 2967 τ)
1512 2933 1582 2963 sicut
1595 2933 1716 2958 diximus
1764 2931 1847 2964 ipsius
1861 2931 1937 2956 caeli.
1950 2945 1969 2949 -
1981 2931 2004 2955 A
2017 2938 2070 2954 om.
2085 2929 2184 2955 scilicet
2199 2934 2224 2953 et
2238 2928 2301 2957 hoc,·
2320 2929 2426 2960 insuper
2439 2935 2487 2960 pro

1413 2970 1506 2995 melius
1524 2969 1603 2994 habet
1620 2968 1718 2993 verius.
1738 2967 1830 2996 Ceteri.
1851 2974 1905 2991 exc.
1925 2966 2005 2996 sEGI,
2023 2973 2077 2990 om.
2091 2965 2186 2992 omnia,
2201 2971 2296 2996 nempe
2315 2963 2376 2995 quia
2394 2963 2486 2987 homo-

1414 3006 1528 3030 teleuton
1547 3005 1692 3033 continent3
1713 3003 1733 3027 P
1752 3011 1800 3036 pro
1819 3002 1954 3031 diximus,
1980 3001 2100 3026 dicimus.
2112 3013 2132 3018 -
2149 2999 2258 3024 Codices
2278 3003 2486 3030 prosequuntur:

1412 3041 1461 3066 sed
1478 3040 1559 3065 etiam
1585 3039 1634 3065 hoc
1657 3042 1698 3064 est
1716 3038 1803 3071 magis
1828 3037 1985 3063 conveniens
2009 3035 2182 3068 (conveniens
2206 3034 2302 3058 habent
2326 3034 2375 3058 soli
2397 3033 2485 3066 AsGI)

1413 3075 1611 3101 existimationi
1636 3082 1715 3108 quam
1735 3074 1861 3099 habemus
1886 3072 1919 3097 de
1937 3075 2037 3096 natura
2056 3070 2156 3098 divina,
2175 3076 2255 3101 quam
2280 3069 2386 3101 quidem
2409 3072 2487 3094 vocat

1414 3111 1620 3140 divinationem,
1641 3110 1719 3143 quasi
1736 3116 1754 3134 a
1774 3109 1832 3134 Deo
1851 3108 2060 3140 manifestatam.
2079 3106 2127 3130 Ed.
2146 3103 2212 3129 1516
2227 3104 2288 3137 legit
2301 3109 2329 3129 ut
2342 3105 2370 3135 P,
2384 3109 2486 3137 praeter

1412 3147 1501 3178 finem,
1514 3146 1615 3171 habita.
1629 3160 1647 3164 -
1660 3146 1696 3170 Ibi
1711 3145 1828 3170 dicemus
1843 3143 1945 3175 ubique,
1961 3150 2020 3167 cum
2034 3141 2108 3166 nobis
2123 3141 2212 3172 legunt
2225 3140 2245 3164 P
2262 3145 2287 3164 et
2300 3140 2388 3171 codd.;
2402 3145 2485 3165 textus

1413 3189 1501 3208 tamen
1520 3182 1666 3215 postularet
1685 3180 1782 3212 utique,
1803 3179 1872 3211 quod
1889 3179 1914 3202 in
1930 3178 2003 3202 codd.
2018 3177 2050 3201 de
2068 3175 2135 3201 facili
2155 3175 2329 3209 corrumpitur
2342 3175 2368 3199 in
2381 3175 2485 3207 ubique.

1305 3381 1893 3435 ῆὶβὲ-

2520 1269 2531 1279 “
2546 1269 2602 1297 quia
2609 1270 2624 1290 Ρ

2520 1321 2531 1332 “
2546 1322 2570 1342 et
2579 1319 2627 1343 oin.
2638 1321 2708 1342 codd.

2520 1348 2544 1359 '⁸
2557 1347 2621 1370 Lect.
2632 1353 2668 1375 ιιι,
2681 1354 2733 1370 n.2.
