2782 4134
1126 221 1239 258 CAP.
1272 222 1321 267 II,
1352 221 1506 257 LECT.
1537 221 1588 257 111

251 302 446 353 principiis
478 302 780 346 mathematicis:
819 313 899 338 non
936 300 1040 337 enim
1076 307 1132 337 est
1169 300 1330 337 omnino

252 357 357 395 aliud
376 369 509 405 genus,
525 357 594 394 sed
615 354 906 405 quodammodo
926 354 998 390 sub
1019 354 1082 390 illo
1104 354 1328 391 continetur.

309 411 405 448 Item
424 410 579 448 videtur
603 422 685 447 esse
711 409 849 446 falsum
870 407 976 456 quod
996 408 1101 444 solae
1126 407 1224 445 duae
1250 420 1331 444 ma-

253 463 470 512 gnitudines
486 464 560 501 sint
574 462 777 512 simplices,
798 460 939 498 scilicet
959 469 1062 498 recta
1077 469 1113 498 et
1128 461 1329 499 circularis.

255 517 342 557 Elix
371 517 473 555 enim
500 517 653 555 videtur
681 527 765 553 esse
791 527 869 551 una
902 514 1001 551 linea
1029 514 1210 563 simplex,
1241 515 1332 562 quia

255 570 381 609 omnis
414 583 503 620 pars
540 570 621 608 eius
659 576 715 606 est
746 567 969 612 uniformis3
1001 575 1037 605 et
1064 575 1196 605 tamen
1233 567 1333 605 linea

255 624 351 662 elica
378 636 452 662 nec
479 631 536 661 est
554 630 658 661 recta
676 635 748 660 nec
768 629 824 659 est
844 620 1047 659 circularis.
1064 642 1089 649 -
1107 621 1184 659 Sed
1205 621 1332 658 dicen-

256 678 350 715 dum
377 678 484 726 quod
513 677 601 723 elix,
631 675 661 713 si
690 675 775 724 quis
796 675 876 712 eius
897 674 1084 722 originem
1105 675 1332 722 consideret,

254 743 335 768 non
364 738 419 767 est
447 729 547 768 linea
575 729 754 778 simplex,
785 728 852 766 sed
882 727 1000 766 mixta
1021 741 1066 765 ex
1086 736 1189 765 recta
1209 737 1245 765 et
1265 729 1334 766 cir-

255 783 383 821 culari.
406 783 596 820 Causatur
611 783 716 820 enim
731 782 804 820 elix
819 794 866 819 ex
882 781 1035 819 duobus
1050 782 1219 819 motibus
1235 782 1330 819 ima-

253 837 402 886 ginatis,
427 848 596 886 quorum
625 849 726 873 unus
755 844 812 874 est
836 835 964 872 lineae*
980 835 1250 873 circumeuntis
1271 849 1334 872 co-

205 913 212 920 ·
252 891 442 939 lumnam,
454 890 548 928 alius
568 891 728 927 autem*
740 898 796 927 est
813 890 944 940 puncti
965 890 1059 926 moti
1079 902 1149 939 per
1167 889 1331 926 lineam:

254 942 286 983 si
306 943 412 984 enim
441 948 601 993 uterque
628 951 761 981 motus
790 944 903 981 simul
924 951 960 981 et
980 943 1198 992 regulariter
1220 943 1334 993 perfi-

254 997 385 1045 ciatur,
416 997 666 1035 constituetur
695 997 790 1035 elica
819 997 917 1035 linea
935 1009 1007 1046 per
1024 1005 1174 1034 motum
1203 997 1335 1046 puncti

254 1050 294 1089 in
321 1050 421 1088 linea
449 1059 567 1088 mota.

310 1105 406 1142 Item
425 1104 702 1154 videturquod
722 1112 852 1142 motus
872 1104 1062 1142 circularis
1082 1117 1162 1141 non
1181 1105 1227 1141 sit
1246 1105 1334 1142 sim-

252 1158 508 1208 plem‘Partes
527 1158 631 1196 enim
650 1159 836 1207 sphaerae
858 1158 1087 1196 circulariter
1106 1166 1235 1195 motae
1256 1171 1335 1195 non

252 1211 494 1250 uniformiter
527 1220 755 1260 moventur,
790 1212 857 1250 sed
890 1225 979 1262 pars
1013 1224 1112 1262 quae
1147 1219 1203 1248 est
1237 1212 1335 1249 circa

253 1266 368 1315 polos
394 1266 458 1303 vel
488 1265 587 1303 circa
617 1273 802 1313 centrum,
832 1274 1013 1304 movetur
1046 1265 1210 1313 tardius,
1244 1265 1334 1315 quia

253 1318 402 1369 peragit
429 1319 620 1357 minorem
647 1318 831 1356 circulum
851 1319 890 1356 in
909 1318 1052 1356 eodem
1076 1326 1268 1368 ternpore:
1300 1327 1335 1356 et

254 1372 309 1410 ita
335 1380 464 1412 motus
492 1374 679 1422 sphaerae
706 1372 860 1410 videtur
888 1371 1126 1421 compositus
1150 1385 1196 1409 ex
1224 1372 1334 1410 tardo

255 1433 295 1464 et
319 1426 497 1464 veloci.-
519 1426 598 1464 Sed
628 1425 836 1463 dicendum
865 1427 972 1474 quod
1001 1425 1227 1463 continuum
1257 1438 1335 1463 non

253 1479 372 1518 habet
388 1487 517 1530 partes
536 1479 575 1517 in
595 1487 693 1526 actu,
715 1480 784 1518 sed
803 1480 927 1517 solum
949 1479 988 1517 in
1007 1479 1199 1529 potentia:
1225 1480 1332 1529 quod

255 1539 386 1570 autern
414 1545 495 1571 non
529 1541 586 1571 est
619 1541 728 1582 actu,
762 1545 842 1571 non
874 1541 1055 1571 movetur
1089 1542 1196 1571 actu:
1230 1534 1336 1571 unde

253 1594 382 1637 partes
401 1587 600 1636 sphaerae,
618 1599 707 1624 eum
721 1586 795 1624 sint
807 1588 828 1608 *
844 1599 984 1636 corpus
1000 1587 1239 1635 continuum,
1256 1600 1336 1635 non

255 1648 464 1679 moventur
479 1648 566 1678 actu
583 1641 613 1678 ²⁸.
630 1641 743 1678 Unde
758 1653 838 1679 non
854 1641 1026 1690 sequitur
1040 1642 1148 1689 quod
1167 1641 1206 1678 in
1227 1649 1337 1678 motu

255 1693 456 1745 sphaerico
477 1694 540 1731 vel
569 1694 745 1739 circulari,
770 1694 816 1732 sit
844 1694 1043 1732 diversitas
1072 1695 1246 1741 actualis,
1268 1695 1338 1732 sed

254 1747 384 1786 solum
412 1748 644 1798 potentialis;
675 1760 776 1796 quae
796 1761 875 1786 non
900 1757 1086 1799 repugnat
1110 1748 1337 1798 simplicitati

257 1800 307 1839 de
330 1813 408 1850 qua
442 1807 546 1839 nunc
578 1802 791 1852 loquimur;
822 1802 949 1840 omnis
979 1802 1083 1840 enim
1112 1803 1336 1851 magnitudo

255 1855 374 1893 habet
390 1855 647 1905 pluralitatem
666 1855 927 1905 potentialem.

310 1920 348 1958 7.
357 1908 508 1947 Deinde
519 1922 609 1946 cum
625 1909 730 1948 dicit:
744 1910 949 1947 Circulatio
964 1910 1114 1958 quidem
1126 1909 1243 1960 igitur
1253 1918 1337 1957 etc.,

257 1962 451 2011 distinguit
478 1970 606 2000 motus
626 1962 831 2012 simplices.
854 1964 903 2000 Et
921 1963 1048 2012 primo
1068 1963 1178 2012 ponit
1201 1976 1336 2011 unum,

255 2015 398 2054 scilicet
426 2016 674 2064 circularem;
708 2017 879 2054 secundo
916 2017 1026 2066 ponit
1060 2017 1158 2054 duos
1191 2025 1336 2066 rectos,

255 2069 330 2108 ibi:
359 2071 500 2108 Rectus
527 2076 654 2108 autem
678 2071 698 2092 *
717 2077 810 2117 etc.;
840 2070 950 2108 tertio
981 2071 1174 2109 concludit
1201 2079 1338 2109 nume-

222 2147 229 2155 ·
257 2135 344 2162 rum
361 2125 382 2145 *
396 2124 605 2161 ternarium
631 2124 859 2173 simplicium
888 2132 1078 2172 motuum,
1100 2124 1173 2162 ibi:
1202 2125 1339 2174 Itaque

258 2188 407 2215 necesse
427 2178 447 2199 ²*
469 2184 538 2214 etc.
555 2198 580 2205 -
595 2177 697 2215 Dicit
722 2189 813 2226 ergo
840 2178 967 2227 primo
996 2178 1105 2226 quod
1128 2178 1337 2226 circulatio,

256 2230 356 2269 idest
382 2239 511 2268 motus
545 2231 758 2278 circularis,
789 2231 924 2268 dicitur
952 2232 1019 2280 qui
1049 2237 1104 2268 est
1128 2231 1232 2269 circa
1261 2244 1338 2270 me-

256 2285 373 2323 dium.
394 2285 445 2322 Et
464 2292 521 2322 est
538 2284 827 2334 intelligendum
849 2284 948 2322 circa
968 2285 1103 2322 mundi
1123 2285 1336 2323 medium‘:

256 2345 341 2376 rota
368 2338 485 2386 enim,
515 2350 616 2387 quae
645 2346 825 2375 movetur
854 2338 952 2376 circa
971 2338 1146 2376 medium
1166 2338 1236 2386 sui,
1258 2352 1338 2376 non

256 2399 438 2430 movetur
463 2391 619 2441 proprie
649 2391 897 2438 circulariter;
928 2392 996 2430 sed
1026 2400 1155 2429 motus
1181 2393 1262 2430 eius
1283 2401 1338 2430 est

258 2445 496 2495 compositus
526 2457 570 2482 ex
600 2445 815 2483 elevatione
844 2454 881 2483 et
910 2445 1170 2495 depressione.

313 2499 392 2538 Sed
418 2499 571 2537 videtur
598 2500 813 2537 secundum
842 2501 918 2537 hoc
947 2499 1052 2549 quod
1091 2512 1170 2536 non
1205 2500 1338 2537 omnia

258 2565 422 2603 corpora
442 2553 618 2591 caelestia
638 2553 869 2592 circulariter
883 2561 1132 2590 moveantur:
1158 2566 1262 2602 narn,
1279 2566 1337 2591 se-

259 2607 428 2645 cundum
457 2607 752 2655 Ptolomaeum,
782 2615 912 2644 motus
939 2603 1179 2657 planetarum
1211 2615 1267 2645 est
1298 2607 1338 2645 in

259 2659 480 2698 excentricis
509 2668 546 2698 et
575 2661 774 2710 epicyclis;
804 2661 871 2710 qui
899 2661 1057 2710 quidem
1092 2669 1222 2698 motus
1258 2674 1337 2699 non

258 2721 347 2752 sunt
366 2714 467 2752 circa
484 2714 659 2752 medium
688 2714 836 2762 mundi,
867 2717 972 2764 quod
992 2723 1048 2752 est
1068 2723 1243 2752 centrum
1263 2723 1335 2752 ter-

258 2780 336 2815 rae,
367 2767 436 2806 sed
460 2768 559 2806 circa
586 2768 779 2817 quaedam
808 2768 881 2805 alia
911 2776 1052 2806 centra.
1073 2790 1097 2796 -
1118 2768 1336 2806 Dicendum

230 2828 317 2875 ¹‘est
343 2829 473 2859 autem
492 2822 512 2843 ³*
533 2821 640 2870 quod
664 2822 887 2859 Aristoteles
916 2835 995 2859 non
1024 2822 1092 2859 fuit
1114 2822 1226 2860 huius
1255 2823 1337 2872 opi-

228 2874 236 2901 2
261 2873 406 2922 aionis,
437 2875 505 2913 sed
535 2875 765 2913 existimavit
792 2875 899 2925 quod
927 2888 1064 2913 omnes
1094 2884 1222 2913 motus
1252 2889 1336 2914 cae-

262 2924 413 2964 lestium
442 2941 649 2978 corporum
678 2937 766 2967 sunt
795 2929 895 2967 circa
924 2937 1098 2967 centrum
1127 2938 1271 2978 terrae,
1295 2938 1338 2967 ut

262 2979 460 3026 ponebant
485 2983 664 3031 astrologi
692 2983 751 3020 sui
774 2983 970 3033 temporis.
993 2984 1251 3022 Postmodum
1271 2997 1337 3021 au-

263 3038 343 3068 tem
363 3031 606 3081 Hipparchus
629 3043 667 3073 et
689 3037 938 3074 Ptolomaeus
958 3037 1236 3075 adinvenerunt
1254 3050 1338 3074 mo-

263 3091 324 3121 tus
349 3085 649 3126 excentricorum
674 3097 710 3126 et
729 3090 1002 3140 epicyclomm,
1033 3091 1083 3128 ad
1107 3092 1336 3129 salvandum

265 3150 310 3175 ea
338 3150 439 3186 quae
467 3147 653 3188 apparent
679 3142 854 3180 sensibus
882 3144 897 3170 ς
923 3144 963 3182 in
999 3145 1224 3194 corporibus
1254 3158 1338 3182 cae-

316 3280 338 3314 ε)
354 3281 448 3306 mundi
463 3281 588 3307 medium.
597 3295 617 3301 -
627 3284 748 3307 centrum
763 3284 858 3309 mundi·
869 3285 902 3316 A,
915 3293 968 3310 non
981 3287 1058 3317 male,
1073 3288 1120 3312 sed
1133 3288 1219 3313 minus
1235 3289 1267 3312 ad
1281 3295 1337 3312 rem

261 3317 287 3341 in
306 3317 436 3350 praesenti
451 3318 517 3347 loco,
537 3317 581 3342 ubi
596 3325 617 3342 5.
628 3317 755 3349 Thomas,
771 3319 804 3343 ad
818 3320 999 3352 explicandum
1018 3322 1081 3347 illud
1099 3323 1246 3348 Aristotelis
1265 3324 1338 3349 circa

261 3352 388 3383 medium,
403 3353 537 3385 distinguit
548 3353 615 3377 inter
629 3353 745 3378 medium
759 3354 803 3379 sui
814 3360 840 3380 et
853 3356 969 3381 medium
982 3357 1084 3382 mundi.
1093 3358 1186 3383 -Post
1196 3367 1277 3384 unam
1293 3359 1337 3383 lin.

261 3387 318 3413 eius
327 3396 382 3413 orn.
394 3389 470 3414 codd.
480 3396 536 3414 exe.
547 3390 582 3419 A;
598 3389 642 3413 lin.
653 3396 709 3421 seq.
720 3397 768 3422 pro
784 3390 952 3422 depressione
966 3397 1087 3424 corrupte
1099 3393 1293 3425 depravatione
1308 3395 1336 3419 F.

315 3422 342 3457 ζ)
356 3424 676 3450 sensibus.-sensibiliter
691 3425 766 3450 codd.
779 3425 878 3450 Eadem
889 3427 1016 3451 sententia
1025 3427 1051 3452 in
1062 3428 1165 3453 Summ.
1175 3429 1265 3455 neon
1277 3431 1286 3456 1
1298 3430 1335 3459 Ρ.,

262 3467 307 3492 qu.
320 3467 396 3491 xxxn,
407 3465 454 3485 art.
464 3468 481 3490 1,
496 3461 529 3485 ad
545 3467 573 3490 2,
593 3461 745 3485 enunciatur
763 3460 812 3485 ho'c
827 3462 922 3486 modo:
938 3471 951 3484 «
963 3462 989 3487 in
1002 3463 1141 3496 astrologia
1155 3465 1259 3497 ponitur
1270 3466 1336 3490 ratio

262 3495 467 3520 excentrioorum
485 3500 512 3520 et
530 3496 706 3529 epieyclorum
726 3504 756 3521 ex
771 3496 821 3522 hoc
834 3497 914 3530 quod,
929 3497 978 3522 hac
992 3498 1123 3531 positione
1136 3499 1212 3531 facta,
1225 3506 1336 3533 possunt

262 3530 356 3555 salvari
375 3531 536 3563 apparentia
554 3532 690 3557 sensibilia
710 3533 775 3557 circa
789 3538 877 3557 motus
892 3533 1049 3559 caelestes.»
1063 3534 1121 3559 Hoc
1134 3539 1221 3560 autem
1235 3536 1337 3561 videtur

260 3566 476 3627 irtidictareAmagis
494 3567 633 3593 lectionem
647 3568 723 3593 codd.
743 3576 822 3601 quam
837 3569 867 3594 Ρ.
880 3583 899 3588 -
913 3569 964 3594 Pro
985 3569 1206 3601 demonstratum,
1228 3571 1338 3596 demon—

259 3609 273 3627 s
286 3610 319 3627 ra
332 3609 358 3627 ιο
401 3620 408 3628 .

2420 233 2459 257 ll

1389 300 1558 338 lestibus.
1594 300 1707 338 Unde
1737 301 1812 337 hoc
1845 312 1925 337 non
1955 307 2010 337 est
2039 299 2364 346 demonstratum,
2399 301 2467 338 sed

1389 354 1602 403 suppositio
1624 354 1830 402 quaedam.
1863 353 1903 390 Si
1923 361 2053 390 tamen
2077 354 2152 390 hoc
2174 366 2313 390 verum
2334 354 2390 401 sit,
2412 355 2466 391 ni-

1387 407 1597 445 hilominus
1617 407 1748 444 omnia
1769 419 1931 457 corpora
1952 407 2127 444 caelestia
2146 415 2353 444 moventur
2369 407 2468 445 circa

1390 469 1563 499 centrum
1584 461 1721 499 mundi
1746 461 1961 499 secundum
1990 468 2141 498 motum
2172 460 2370 507 diurnum,
2402 461 2467 509 qui

1390 523 1445 552 est
1474 523 1603 552 motus
1632 527 1836 564 supremae
1866 515 2052 564 sphaerae
2086 514 2316 551 revolventis
2345 522 2467 551 totum

1390 569 1553 606 caelum.
1972 593 1974 595 >

1445 624 1480 659 8.
1502 622 1652 659 Deinde
1673 634 1761 658 cum
1792 621 1900 659 dicit:
1928 622 2068 658 Rectus
2087 627 2213 658 autem
2235 629 2319 668 etc.,
2341 621 2468 658 distin-

1389 675 1468 723 guit
1496 683 1646 712 motum
1678 682 1824 712 rectum
1854 675 1893 712 in
1923 675 2033 722 duos,
2055 674 2196 711 scilicet
2216 674 2254 711 in
2285 687 2374 712 eum
2404 675 2468 724 qui

1391 737 1447 766 est
1475 741 1639 775 sursum,
1667 736 1703 765 et
1731 729 1768 765 in
1800 741 1889 766 eum
1919 728 1984 778 qui
2024 736 2080 765 est
2109 728 2308 765 deorsum:
2340 736 2375 765 et
2405 729 2468 766 de-

1390 782 1517 819 scribit
1544 779 1750 830 utrumque
1780 795 1848 830 per
1876 782 2140 819 habitudinem
2168 782 2188 802 *
2218 783 2266 819 ad
2295 782 2469 820 medium
2498 795 2507 803 ·

1391 835 1538 882 mundi,
1569 835 1665 872 sicut
1704 835 1954 884 descripserat
1984 837 2003 857 ’μ
2033 843 2184 873 motum
2225 835 2467 882 circularem,

1389 897 1432 926 ut
1460 889 1505 926 sit
1532 889 1734 926 uniformis
1763 889 1978 939 descriptio.
2010 891 2059 926 Et
2088 889 2177 926 dicit
2204 889 2311 938 quod
2339 897 2468 926 motus

1391 955 1543 980 sursum
1565 950 1621 980 est
1649 943 1716 991 qui
1741 948 1796 979 est
1813 955 1836 979 a
1861 943 1983 980 medio
2008 943 2158 988 mundi‚·
2185 950 2314 980 motus
2339 951 2469 981 autem

1392 997 1574 1034 deorsum
1613 996 1680 1046 qui
1719 1002 1774 1033 est
1810 997 1861 1033 ad
1901 997 2065 1034 medium
2104 997 2246 1033 mundi.
2292 997 2469 1043 Quorum

1390 1050 1535 1100 primus
1565 1058 1620 1087 est
1658 1057 1786 1087 motus
1814 1049 1979 1098 levium,
2010 1049 2201 1087 secundus
2229 1058 2357 1088 motus
2386 1063 2468 1099 gra-

1390 1105 1499 1141 vium
1519 1109 1544 1141 η.

1446 1170 1481 1206 9.
1504 1157 1653 1194 Deinde
1683 1169 1772 1194 cum
1802 1156 1911 1194 dicit:
1942 1159 2076 1205 Itaque
2095 1168 2243 1194 necesse
2273 1165 2355 1205 etc.,
2378 1171 2467 1195 con-

1392 1211 1507 1248 cludit
1535 1223 1740 1248 numerum
1777 1209 2006 1260 simplicium
2043 1218 2234 1248 motuum.
2265 1212 2314 1248 Et
2341 1211 2468 1260 primo

1392 1264 1533 1302 inducit
1568 1264 1856 1301 conclusionem
1891 1264 2094 1301 intentam:
2125 1272 2162 1301 et
2196 1265 2284 1302 dicit
2313 1266 2333 1286 '²‘
2363 1266 2469 1315 quod

1391 1330 1549 1356 necesse
1579 1326 1634 1355 est
1659 1318 1872 1367 simplicem
1901 1318 2094 1364 lationem,
2121 1318 2217 1355 idest
2245 1326 2396 1356 motum
2416 1319 2470 1356 lo-

1393 1374 1536 1418 calem,
1567 1372 1762 1421 quendam
1793 1385 1875 1409 esse
1896 1384 1918 1408 a
1948 1372 2090 1419 medio,
2113 1380 2149 1409 et
2167 1372 2229 1409 hic
2259 1381 2315 1409 est
2340 1381 2469 1410 motus

1392 1438 1544 1464 sursum
1583 1438 1791 1475 corporum
1826 1425 1991 1471 levium3
2022 1425 2216 1474 quendam
2251 1439 2347 1463 vero
2386 1439 2469 1463 esse

1392 1481 1441 1521 ad
1470 1479 1666 1526 medium,
1703 1487 1739 1516 et
1766 1479 1828 1516 hic
1861 1487 1917 1516 est
1950 1486 2079 1515 motus
2117 1479 2299 1517 deorsum
2334 1492 2469 1529 corpo-

1392 1546 1478 1571 rum
1508 1533 1701 1582 gravium;
1722 1532 1839 1570 aliurn
1867 1545 1962 1569 vero
1994 1545 2076 1570 esse
2100 1532 2198 1570 circa
2219 1533 2404 1581 medium,
2436 1542 2472 1570 et

1391 1587 1614 1626 huiusmodi
1645 1594 1700 1624 est
1729 1595 1857 1623 motus
1887 1586 2076 1623 circularis
2107 1599 2312 1636 corporum
2352 1588 2471 1624 caele-

1393 1642 1519 1679 stium.
1995 1674 1999 1678 .

1454 1707 1511 1732 10.
1535 1694 1715 1731 Secundo
1746 1693 1815 1730 ibi:
1846 1695 1897 1731 Et
1922 1694 2069 1730 videtur
2095 1694 2203 1742 sequi
2228 1701 2317 1741 etc.,
2345 1702 2470 1731 osten—

1394 1749 1447 1787 dit
1481 1749 1580 1786 hanc
1619 1747 1907 1784 conclusionem
1945 1759 2061 1796 supra
2101 1747 2208 1784 dictis
2247 1760 2468 1796 congruere.

1394 1803 1443 1840 Et
1471 1802 1560 1840 dicit
1589 1801 1695 1851 quod
1723 1802 1798 1838 hoc
1827 1801 1932 1850 quod
1962 1801 2105 1838 dictum
2145 1809 2200 1838 est
2229 1801 2276 1838 de
2306 1814 2470 1839 numero

1394 1856 1625 1906 simplicium
1654 1863 1845 1902 motuum,
1866 1855 2018 1892 videtur
2038 1862 2317 1904 consequenter
2338 1867 2378 1892 se
2406 1857 2471 1894 ha-

1395 1911 1484 1948 bere
1505 1910 1554 1947 ad
1571 1910 1610 1947 id
1630 1909 1737 1958 quod
1757 1921 1872 1959 supra
1892 1909 1912 1929 *
1930 1908 2074 1946 dictum
2096 1916 2151 1946 est
2171 1909 2217 1946 de
2237 1909 2471 1958 perfectione

1395 1963 1582 2013 corporis:
1613 1963 1708 2000 sicut
1728 1962 1830 1999 enim
1858 1962 2041 2011 perfectio
2071 1962 2242 2011 corporis
2272 1963 2441 2000 consistit
2459 1961 2472 1984 θ

1393 2018 1431 2055 in
1460 2017 1580 2054 tribus
1615 2016 1941 2062 dimensionibus,
1976 2016 2026 2052 ita
2060 2024 2096 2053 et
2123 2024 2252 2053 motus
2281 2016 2471 2066 simplices

1393 2070 1567 2121 corporis
1595 2070 1634 2107 in
1666 2078 1742 2107 tres
1777 2070 2069 2120 distinguuntur.
2105 2070 2191 2107 Hoc
2224 2078 2354 2107 autem
2385 2071 2472 2108 dicit

1393 2137 1477 2163 esse
1514 2124 1721 2162 secundum
1759 2124 1970 2170 rationem,
2006 2123 2102 2161 idest
2135 2124 2349 2162 secundum
2382 2137 2471 2174 pro-

1392 2178 1628 2216 babilitatem
1648 2178 1863 2228 quandam:
1893 2190 1973 2214 non
1994 2177 2096 2214 enirn
2116 2178 2271 2227 proprie
2293 2186 2368 2216 tres
2389 2191 2471 2216 mo-

1392 2239 1453 2270 tus
1482 2239 1708 2281 coaptantur
1735 2231 1855 2268 tribus
1884 2231 2200 2268 dimensionibus.

1453 2297 1511 2323 11.
1542 2285 1692 2323 Deinde
1722 2297 1811 2322 cum
1833 2285 1937 2322 dicit:
1973 2286 2162 2328 Quoniam
2190 2291 2317 2322 autem
2337 2298 2470 2335 corpo-

1393 2352 1479 2376 rum
1501 2347 1584 2387 etc.,
1605 2339 1714 2388 ponit
1733 2338 1924 2388 quaedam
1940 2351 1985 2375 ex
2000 2346 2105 2388 parte
2123 2351 2330 2388 corporum
2345 2339 2470 2376 mobi-

1393 2393 1498 2430 lium.
1526 2393 1636 2430 Circa
1660 2393 1767 2441 quod
1791 2392 1990 2430 sciendum
2013 2400 2069 2430 est
2097 2394 2219 2441 quod,
2250 2393 2345 2430 sicut
2364 2393 2471 2430 habi-

1392 2455 1475 2484 turn
1497 2454 1553 2484 est
1572 2447 1610 2483 in
1631 2447 1680 2483 111
1700 2447 1851 2495 Physic.
1869 2446 1901 2493 *,
1923 2454 2051 2483 motus
2070 2453 2077 2467 ‘
2099 2455 2154 2484 est
2173 2454 2280 2484 actus
2300 2447 2469 2494 mobilis;

1393 2508 1498 2537 actus
1518 2508 1647 2537 autem
1662 2500 1975 2549 proportionatur
1989 2500 2227 2549 perfectibili;
2238 2501 2342 2538 unde
2358 2514 2471 2550 opor-

1392 2561 1445 2591 tet
1459 2562 1588 2591 motus
1603 2553 1886 2603 proportionari
1902 2554 2127 2603 corporibus
2142 2554 2360 2592 mobilibus.
2374 2556 2471 2592 Sunt

1393 2615 1523 2645 autem
1558 2620 1768 2657 corporum
1803 2607 1995 2656 quaedam
2030 2607 2236 2657 simplicia,
2276 2608 2470 2658 quaedam

1394 2661 1620 2711 composita.
1643 2661 1815 2711 Simplex
1835 2669 1966 2698 autem
1989 2674 2128 2711 corpus
2153 2669 2208 2699 est
2229 2662 2335 2711 quod
2354 2662 2471 2700 habet

1391 2715 1622 2765 principium
1643 2715 1802 2752 alicuius
1821 2715 2001 2753 naturalis
2022 2723 2151 2753 motus
2170 2715 2209 2753 in
2229 2716 2355 2765 seipso
2370 2723 2401 2763 “3
2423 2716 2470 2754 si-

1393 2777 1456 2806 cut
1483 2777 1587 2819 patet
1606 2769 1654 2807 de
1674 2769 1772 2817 igne,
1794 2769 1858 2817 qui
1888 2777 1944 2806 est
1972 2769 2192 2819 simpliciter
2219 2770 2330 2817 levis,
2358 2778 2393 2807 et
2422 2772 2469 2808 de

1392 2830 1503 2867 terra,
1534 2835 1633 2873 quae
1654 2830 1711 2860 est
1729 2823 1950 2872 simpliciter
1978 2823 2115 2871 gravis,
2138 2831 2174 2860 et
2202 2824 2249 2861 de
2270 2823 2470 2873 speciebus

1392 2878 1534 2914 horum
1549 2876 1660 2924 (sicut
1678 2877 1840 2914 flamma
1861 2876 1996 2914 dicitur
2011 2889 2094 2914 esse
2114 2877 2307 2926 quaedam
2323 2877 2470 2926 species

1393 2930 1500 2979 ignis,
1523 2938 1558 2967 et
1582 2931 1757 2968 bitumen
1786 2930 1978 2980 quaedam
2004 2930 2150 2979 species
2179 2933 2328 2977 terrae).
2353 2930 2471 2968 Addit

1393 2992 1523 3022 autem
1552 2990 1588 3022 et
1614 2990 1779 3034 cognata
1807 2985 1884 3030 his,
1919 2992 2076 3033 propter
2103 2983 2231 3021 media
2261 2984 2468 3031 elementa;

1394 3049 1562 3088 quorum
1582 3051 1648 3075 aer
1670 3039 1786 3075 habet
1805 3037 1994 3074 maiorem
2015 3037 2238 3074 affinitatem
2261 3050 2350 3074 cum
2369 3038 2468 3086 igne,

1393 3105 1495 3142 aqua
1514 3104 1609 3129 vero
1640 3104 1729 3128 curn
1758 3099 1868 3128 terra.
1891 3092 1940 3127 Et
1958 3103 2028 3139 per
2047 3103 2288 3139 consequens
2313 3103 2469 3129 necesse

1394 3154 1450 3183 est
1470 3158 1609 3195 corpus
1630 3145 1791 3182 mixtum
1821 3157 1903 3181 esse
1931 3145 2036 3193 quod
2060 3157 2139 3181 non
2158 3145 2275 3182 habet
2293 3144 2332 3182 in
2352 3158 2392 3182 se
2413 3158 2470 3182 se—

1447 3289 1473 3319 η)
1484 3288 1646 3318 Quorum...
1661 3287 1795 3319 gravium.
1809 3301 1828 3306 -
1846 3286 1921 3312 Unde
1935 3286 2044 3318 primus
2059 3287 2100 3312 est*
2113 3290 2201 3312 motus
2213 3287 2323 3316 levium,
2339 3288 2471 3313 secundus

1391 3326 1481 3348 autem
1502 3326 1542 3348 est
1560 3326 1648 3347 motus
1667 3322 1792 3355 gravium
1808 3322 1828 3346 P
1835 3330 1843 3354 ;
1859 3323 1909 3357 sed
1925 3330 1977 3347 non
1997 3323 2097 3348 videtur
2117 3327 2253 3348 contextus
2272 3324 2406 3356 postulare
2421 3323 2471 3349 hoc

1393 3359 1419 3383 in
1438 3359 1496 3383 loco
1515 3358 1628 3382 formam
1647 3358 1785 3388 illativam;
1806 3357 1838 3383 cf.
1851 3366 1924 3384 num.
1938 3366 1995 3392 seq.

1446 3392 1471 3428 θ)
1490 3394 1560 3419 sicut
1577 3394 1647 3418 enim
1658 3393 1791 3427 perfectio
1803 3394 1926 3426 corporis
1938 3394 2068 3420 consistit.
2079 3409 2099 3413 -
2112 3402 2180 3427 quae
2192 3394 2262 3420 sicut
2274 3395 2396 3420 consistit
2410 3395 2437 3420 P.
2452 3409 2471 3413 -

1393 3430 1455 3454 Post
1474 3437 1554 3454 unam
1573 3429 1669 3453 lineam
1687 3437 1736 3462 pro
1754 3430 1890 3462 corporis,
1911 3437 2055 3462 corporum
2075 3432 2110 3462 A;
2131 3431 2222 3455 eadem
2242 3431 2309 3456 linea
2327 3439 2375 3464 pro
2395 3430 2468 3460 dicit,

1391 3465 1491 3490 dicitur
1510 3465 1539 3489 P.

1447 3500 1466 3535 ι)
1487 3500 1570 3533 quod,
1591 3501 1660 3526 sicut
1678 3500 1798 3526 habitum
1818 3505 1859 3526 est
1877 3501 1904 3526 in
1926 3501 1971 3526 ΙΙΙ
1992 3502 2109 3535 Ηιγ3ἰε.,
2129 3505 2258 3527 motus.—
2274 3506 2303 3527 ut
2322 3502 2422 3527 dicitur
2441 3501 2467 3526 in

1393 3537 1439 3561 III
1454 3536 1573 3569 Phssic„
1594 3536 1666 3569 quod
1684 3539 1772 3562 motus
1791 3537 1822 3562 P.

1446 3571 1471 3605 κ)
1486 3572 1512 3596 in
1525 3572 1620 3604 seipso.
1632 3586 1652 3591 -
1663 3572 1742 3597 Addit
1760 3573 1798 3598 A:
1818 3581 1899 3598 unum
1913 3573 2013 3599 scilicet
2022 3574 2186 3607 principium
2200 3574 2279 3600 huius
2292 3577 2386 3602 motus,
2401 3580 2468 3605 quae

1392 3615 1422 3632 ex
1441 3607 1557 3640 margine
1575 3607 1601 3632 in
1621 3612 1720 3633 textum
1739 3609 1875 3642 irrepsisse
1893 3609 2021 3635 videntur.

2499 1272 2507 1280 ·
2524 1270 2581 1292 dicit
2595 1277 2643 1292 orn.
2658 1277 2681 1292 Ρ.

2500 1917 2508 1925 ·
2525 1915 2589 1937 Lcct.
2607 1916 2714 1943 praeced.

2501 1949 2523 1964 n.
2540 1943 2561 1964 8.

2499 2450 2591 2500 sciis.
2608 2457 2703 2499 ‘1'2'0813
2709 2457 2716 2505 ξ

2499 2510 2523 2526 n.
2539 2504 2560 2526 6.

2529 784 2684 821 aptiiudinem

2498 820 2567 842 codd.
2583 826 2633 842 exc.
2647 827 2670 842 Α.

2498 849 2506 857 ·
2522 848 2593 869 Num.
2608 853 2683 875 praec.

2598 1970 2611 1995 0

2605 2542 2612 2557 ι
