2690 4062
293 247 399 272 XCVIII

285 797 362 830 Ὃτι
385 789 423 825 δὲ
448 792 487 826 τό
512 792 631 836 χρῶμα
656 788 829 827 τοιοῦτον,
849 785 921 830 ἅμα
945 781 1050 822 δῆλον
1077 784 1176 816 ἔσται
1200 784 1259 814 καὶ
1281 783 1354 825 περὶ
1407 783 1424 802 *
1443 782 1609 820 Quoniam
1631 789 1740 813 autem
1756 781 1846 814 color
1868 782 1950 822 talis,
1970 783 2068 814 simul
2090 783 2198 824 palam
2221 783 2280 815 erit
2301 790 2335 815 et
2349 784 2389 816 de
2412 785 2490 816 alio-
2517 792 2527 802 ·
2541 791 2589 821 Seq
2646 782 2655 822 j

987 220 1574 265 METEOROLOGICORUM
1602 219 1697 255 LIB.
1729 219 1778 254 III

1075 438 1375 497 LECTIO
1415 435 1702 493 SEXTA

580 597 852 631 ABSOLVITUR
875 592 1094 633 QUAESTIO
1118 592 1175 623 DE
1200 589 1445 622 COLORIBUS
1469 588 1595 619 IRIDIS
1617 604 1639 610 —
1663 587 1862 618 ADDITUR
1884 587 2190 627 DISSERTATIO,

647 656 737 693 QUA
760 652 1026 685 NONNULLAE
1050 649 1178 681 ALIAE
1203 647 1335 679 CIRCA
1358 646 1509 677 IRIDEM
1533 644 1838 683 QUAESTIONES
1861 644 2128 677 SOLVUNTUR

361 839 426 870 τῶν
454 837 560 869 ἄλλων
585 832 776 878 χρωμάτων
793 831 855 868 τῆς
873 831 1079 874 φαντασίας,
1099 829 1135 860 ἑκ
1153 822 1275 860 τῶνδε·
1303 822 1357 858 δεῖ

358 884 422 929 γάρ
455 879 672 919 νοήσαντας,
705 875 815 920 ὥσπερ
849 877 1004 919 εἴρηται,
1037 875 1095 905 καὶ
1130 869 1355 915 ὑποθεμένους

360 927 490 971 πρῶτον
523 924 581 967 μὲν
608 922 661 955 ὅτι
686 921 727 953 τὸ
757 919 914 963 λαμπρόν
947 919 981 951 ἐν
1006 919 1055 959 τῷ
1085 915 1224 961 μέλανι,
1251 914 1271 951 ἦ
1296 910 1356 947 διαὶι

358 971 420 1004 τοῦ
445 968 588 1013 μέλανος
612 967 731 1011 χρῶμα
757 967 847 997 ποιεῖ’
864 963 1046 1008 φοινικοῦν,
1065 957 1222 1004 δεύτερον
1248 955 1275 990 δ’
1300 958 1355 992 ὅτι

358 1016 378 1052 ἡ
405 1013 473 1058 ὄψις
504 1010 717 1055 ἐκτεινομένη
753 1006 980 1050 ἀσθενεστέρα
1004 1009 1138 1053 γίνεται
1171 1006 1229 1036 καὶ
1254 1003 1356 1036 ἐλάτ-

358 1070 447 1099 των,
474 1059 587 1101 τρίτον
613 1051 640 1087 δ’
671 1053 726 1086 ὅτι
751 1053 793 1086 τό
845 1052 924 1084 έλαν
951 1052 1020 1083 οἱον
1047 1048 1217 1093 ἀπόφασίς
1243 1050 1352 1080 ἐστιν·

359 1104 412 1144 τοῖ’
437 1102 501 1148 γοίρ
528 1102 674 1133 ἐκλιπεῖν
700 1097 764 1134 τήν
790 1065 862 1141 ὄψἰν
891 1099 1051 1141 φαίνεται
1076 1094 1201 1138 μέλαν·
1228 1089 1281 1125 διὸ
1308 1092 1356 1125 τοὶ

358 1147 466 1192 πόρρω
484 1145 602 1178 πάντα
620 1142 811 1188 μελάντερα
833 1143 1007 1184 φαίνεται,
1025 1139 1085 1172 δια
1101 1139 1142 1172 τὸ
1159 1138 1206 1181 μή
1223 1133 1357 1169 διικνεῖ-

357 1193 434 1224 σθαι
464 1190 528 1226 τνῗν
555 1188 638 1232 ὄψιν.
675 1185 863 1231 Θεωρείσθω
891 1187 953 1239 μὲν
983 1183 1040 1217 οὖν
1074 1184 1193 1216 ταῦτα
1218 1180 1255 1214 ἑκ
1287 1182 1353 1214 τῶν

357 1237 430 1280 περὶ
455 1236 519 1272 τοὶς
545 1231 714 1269 αἰσθήσεις
732 1232 1007 1274 συμβαινοντων·
1034 1228 1167 1261 ἐκείνων
1185 1227 1250 1273 γάρ
1274 1222 1354 1259 ἴδιοι

358 1283 387 1313 οἱ
414 1281 486 1322 περὶ
511 1277 644 1311 τούτων
668 1276 783 1322 λόγοι·
809 1276 865 1307 νῦν
889 1270 918 1306 δ’
947 1273 1025 1307 ὅσον
1053 1271 1210 1318 ἀνάγκη,
1236 1272 1358 1305 τοσοῦ-

357 1336 415 1358 τον
443 1325 514 1368 περὶ
541 1322 654 1355 αὐτῶν
677 1320 840 1367 λέγωμεν.
866 1320 1034 1351 Φαίνεται
1059 1314 1087 1350 δ’
1109 1315 1166 1349 οὖν
1192 1314 1252 1350 διά
1271 1315 1356 1350 ταύ-

357 1380 418 1406 την
443 1367 507 1404 τὴν
534 1368 648 1400 αἰτίαν
669 1364 718 1398 τά
735 1377 774 1397 τε
793 1364 902 1408 πόρρω
920 1362 1114 1408 μελάντερα
1137 1365 1196 1394 καὶ
1215 1361 1354 1394 ἐλάττω

354 1415 413 1445 καὶ
435 1412 605 1456 λειότερα,
630 1411 688 1442 καὶ
714 1409 761 1442 τοὶ
781 1410 814 1442 ἐν
836 1412 907 1446 τοῖς
924 1407 1114 1452 ἑνόπτροις,
1131 1409 1189 1439 καὶ
1207 1407 1255 1439 τοὶ
1272 1405 1353 1448 νέφη

356 1456 547 1503 μελάντερα
579 1455 758 1496 βλέπουσιν
791 1454 835 1491 εἰς
866 1453 908 1486 τὸ
939 1449 1006 1484 ύδω
1051 1451 1071 1489 ἦ
1102 1452 1148 1489 εἰς
1181 1450 1276 1484 αὐτοὶ
1307 1450 1356 1482 τοὶ

355 1502 449 1546 νέφη,
467 1502 526 1533 καὶ
551 1500 657 1532 τοῦτο
683 1498 772 1532 πάνυ
798 1493 982 1535 ἐπιδήλως·
1009 1498 1069 1531 ὸιά
1092 1496 1155 1543 γοὶρ
1183 1495 1246 1533 τήν
1275 1493 1357 1528 ἀνά-

320 1566 323 1568 —
354 1548 472 1579 κλασιν
499 1546 597 1591 ὀλίγῃ
622 1544 667 1586 τῇ
693 1543 764 1587 ὄψει
785 1542 1003 1586 θεωροῦνται.
1031 1541 1183 1594 Διαφέρει
1207 1536 1236 1572 δ’
1259 1538 1353 1572 οὐθὲν

355 1591 396 1624 ‘ro‘
415 1590 577 1634 ὁρώμενον
587 1588 824 1642 ,μεταβάλλειν
842 1586 863 1624 ἦ
881 1587 944 1624 τήν
963 1586 1052 1629 ὄψιν·
1075 1585 1209 1630 αμφοτέ
1230 1594 1273 1623 ως
1289 1584 1354 1631 γάρ

320 1648 323 1651 ·
356 1636 456 1668 ἔσται
481 1635 625 1668 ταῦτον.
651 1632 731 1677 Πρὸς
753 1628 790 1664 δὲ
808 1631 946 1670 τούτοις
962 1627 1015 1664 δεῖ
1030 1631 1077 1675 μή
1093 1629 1272 1667 λεληθεναι
1295 1630 1355 1661 καὶ

356 1675 452 1714 τόδε·
478 1678 655 1723 συμβαίνει
678 1677 743 1723 γάρ
775 1676 860 1710 ὅταν
886 1675 908 1720 ᾗ
932 1677 996 1709 τοῦ
1027 1677 1124 1713 ’ἡλίου
1149 1675 1244 1720 νέφος
1271 1675 1355 1711 πλη-

356 1726 439 1765 σίον,
455 1724 500 1761 εἰς
519 1724 576 1768 μὲν
603 1722 691 1755 αὐτὸ
713 1721 876 1762 βλέποντι
901 1717 1005 1766 μηδὲν
1030 1719 1207 1765 φαίνεσθαι
1231 1731 1356 1764 κεχρω-

355 1767 575 1814 ματισμένον,
597 1767 668 1799 ἀλλ’
689 1764 774 1799 εἶναι
794 1767 928 1807 λευκὸν,
948 1766 980 1798 ἐν
998 1761 1037 1797 δὲ
1054 1766 1102 1806 τῷ
1120 1760 1224 1798 ὕδατι
1241 1762 1355 1797 ταύτὸ

356 1814 461 1846 τοῦτο
486 1811 664 1855 θεωροῦντι
688 1810 808 1856 χρῶμά
833 1822 867 1843 τι
893 1811 979 1856 ἔχειν
1006 1810 1069 1848 τῆς
1092 1805 1208 1854 ἴριδος.
1244 1810 1353 1846 Δῆλον

357 1859 465 1890 τοίνυν
492 1855 545 1890 ὅτι
570 1857 591 1892 ἡ
617 1855 686 1900 ὄψις
711 1855 821 1900 ὥσπερ
850 1858 909 1888 καὶΙ
935 1855 977 1887 τό
1002 1854 1110 1899 μέλαν
1134 1856 1202 1886 κλω
1232 1853 1287 1891 ε’νη
1313 1848 1351 1885 δι’

357 1901 530 1935 ἀσθένειαν
549 1900 754 1946 μελάντερον
779 1905 871 1932 ποιεῖ
893 1899 1082 1944 φαίνεσθαι,
1099 1899 1158 1931 καὶ
1177 1911 1218 1931 το
1235 1898 1354 1931 λευκὸν

355 1946 463 1984 ἧττον
485 1946 604 1978 λευκόν
627 1947 685 1977 καὶ
713 1944 876 1991 προσάγει
902 1943 983 1988 πρὸς
1009 1944 1050 1977 τὸ
1075 1943 1198 1989 μέλαν.

286 1994 328 2024 ‘H
352 1991 410 2036 μὲν
436 1989 491 2024 οὖν
515 1989 718 2046 ἰσχυροτέρα
749 1989 818 2033 ὄψις
844 1989 888 2044 εἱὶς
914 2000 1080 2042 φοίινικουν
1107 1990 1230 2067 χὲξῖιμα
1254 1987 1355 2031 μετέ-

356 2036 470 2077 βαλεν,
490 2036 510 2072 ἡ
531 2030 550 2066 δ
582 2035 727 2090 ἑχρμενη
751 2035 806 2089 εἰς,
823 2045 864 2066 το
890 2045 1065 2078 πρασινον,
1084 2033 1105 2070 ἧ
1183 2044 1235 2066 ετι
1258 2031 1357 2065 α’σθε-

355 2079 497 2123 νεστέρα
522 2080 566 2117 εἱς
594 2091 634 2111 το
660 2080 837 2125 αλουργον.

284 2126 362 2158 Ἐπὶ
385 2120 424 2157 δὲ
448 2124 490 2157 τό
514 2126 628 2157 πλεῖον
650 2123 765 2156 οὐκέτι
791 2125 964 2168 φαίνεται,
986 2123 1058 2155 ἀλλ’
1081 2121 1114 2155 ἐν
1140 2126 1212 2160 τοῖς
1233 2123 1354 2167 τρισὶν,

355 2168 463 2211 ὥσπερ
487 2171 545 2201 καὶ
570 2168 637 2201 τῶν
665 2169 775 2201 ἄλλων
797 2167 845 2200 τοὶ
862 2168 1024 2209 πλεῖστα,
1042 2169 1100 2199 καὶ
1123 2166 1256 2200 τούτων
1276 2166 1354 2212 ἔσχε

357 2213 471 2251 τέλος·
499 2214 565 2246 τῶν
590 2208 619 2244 δ’
650 2213 758 2246 ἄλλων
786 2211 991 2250 ἀναίσθητος
1016 2212 1037 2248 τ’)
1063 2212 1264 2256 μεταβολή·

291 2252 344 2291 διὸ
367 2260 424 2311 καὶ
440 2259 462 2313 Ji
479 2254 540 2301 ἶρις
565 2259 704 2314 τρίχρως
730 2259 902 2311 φαίνεται,
926 2256 1075 2300 ἑκατέρα
1099 2257 1174 2302 μὲν,
1193 2257 1355 2294 ἐναντίως

294 2614 339 2646 Τὸ

380 2316 408 2335 ε.
455 2304 481 2333 Η
507 2302 564 2345 μὲν
593 2313 648 2335 ουν
674 2314 789 2347 πρωτη
817 2301 880 2338 τήν
907 2300 970 2342 ἔξω
994 2302 1145 2345 φοινικῆν
1171 2301 1257 2346 ἔχει·
1285 2300 1356 2334 ἀπὸ

356 2349 515 2393 μεγίστης
532 2348 597 2394 γάρ
623 2349 827 2391 περιφερείας
854 2348 998 2383 πλείστη
1017 2348 1227 2390 προσπίπτει
1245 2346 1266 2382 ἠ
1285 2345 1356 2390 ὄψις

358 2391 438 2436 πρὸς
463 2391 522 2424 τὸν
548 2390 655 2433 ἥλιον,
673 2394 818 2438 μεγίστη
839 2385 867 2422 δ’
890 2391 910 2428 ἡ
928 2390 1009 2432 ἔξω·
1036 2392 1058 2428 ἡ
1075 2386 1103 2423 δ’
1125 2389 1270 2436 ἐχομένη
1294 2391 1356 2423 καὶ

357 2437 378 2473 ἡ
405 2439 502 2480 τρίτη
530 2435 716 2483 ἀνάλογον·
743 2433 823 2468 ὥστ’
847 2436 876 2467 εἰ
901 2435 949 2468 τοὶ
974 2438 1048 2480 περὶ
1073 2436 1140 2468 τῶν
1165 2434 1356 2481 χρωμάτων

358 2481 421 2518 τῆς
444 2483 636 2525 φαντασίας
666 2483 797 2525 εἴρηται
827 2481 960 2522 καλῶς,
989 2478 1121 2527 ἀνάγκη
1152 2482 1296 2525 τρίχρων
1321 2477 1353 2513 τ’

358 2521 443 2578 εἶναι
476 2525 586 2562 αὐτὴν
617 2527 675 2557 καὶ
708 2524 846 2563 τούτοις
879 2529 950 2563 τοῖς
981 2526 1136 2570 χρῶμασι
1164 2523 1358 2569 κεχρῶσθαι

385 2581 483 2607 ονοις.

385 2614 399 2646 ε’
424 2612 544 2655 ξανθὸν
569 2615 729 2657 φαίνεται
753 2608 812 2645 διὰ
836 2613 877 2645 το“
903 2611 982 2658 παρ’
1007 2614 1139 2651 ἄλληλα
1158 2611 1353 2658 φαίνεσθαι·

361 2658 402 2691 τὸ
421 2657 486 2704 γάρ
537 2658 678 2689 οινικοῦν
696 2657 791 2700 παρά
808 2657 849 2690 τὸ
868 2657 1028 2702 πράσινον
1045 2658 1164 2690 λευκὰν
1182 2658 1354 2703 φαίνεται.

361 2704 500 2747 Σημεῖον
540 2701 555 2735 ἑ
574 2701 719 2735 τούτου·
746 2702 779 2733 ἐν
796 2702 861 2748 γὰρ
881 2703 928 2743 τῷ
953 2702 1157 2747 μελαντάτῳ
1182 2701 1272 2757 νέφει
1293 2700 1359 2746 μά·

359 2749 464 2780 λιστα
497 2747 643 2790 ἄκρατος
674 2749 807 2793 γίνεται
837 2747 857 2783 ἦ
886 2743 963 2790 ἶρις·
995 2748 1171 2792 συμβαίνει
1201 2742 1239 2779 δε
1274 2746 1357 2780 τότε

361 2789 576 2833 ξανθότατον
608 2788 693 2823 εἶναι
723 2787 833 2823 δοκεῖν
863 2793 905 2823 τὸ
936 2793 1122 2836 φοινικοῦν·
1149 2792 1223 2824 ἔστι
1251 2785 1289 2823 δέ
1315 2790 1358 2824 τὸ

361 2835 480 2878 ξανθὸν
505 2837 539 2869 ἐν
566 2836 610 2878 τῇ
635 2830 713 2880 ἴριδι
746 2836 866 2880 χρῶμα
891 2835 1023 2880 μεταξύ
1057 2837 1119 2869 τοῦ
1144 2849 1183 2869 τε
1209 2836 1359 2880 φοινικοῦ

360 2881 419 2913 καὶ
444 2883 604 2926 πρασίνου
655 2879 822 2924 ρώματος.
850 2880 912 2912 Διά
936 2881 1000 2917 τήν
1026 2883 1189 2925 μελανίαν
1215 2879 1272 2912 οὖν
1296 2881 1359 2914 τοῦ

360 2925 469 2966 κύκλῳ
493 2925 607 2969 νέφους
653 2926 710 2957 λον
737 2922 846 2956 αὐτοῦ
864 2927 1025 2969 φαίνεται
1042 2925 1083 2958 τὸ
1100 2926 1268 2969 φοινικοῦν
1284 2927 1358 2957 λευ-

361 2968 437 3002 κόν·
463 2969 537 3002 ἔστι
561 2968 622 3015 γοὶρ
649 2969 730 3013 πρὸς
755 2967 866 3001 ἐκεῖνα
890 2969 1020 3002 λευκόν.
1055 2971 1122 3002 Καὶ
1147 2970 1249 3003 πάλιν
1276 2967 1360 3002 σἰπο-

360 3013 607 3058 μαραινομένης
632 3014 695 3051 τῆς
718 3012 834 3058 ἴριδος,
854 3012 940 3046 ὅταν
963 3014 1092 3052 λύηται
1113 3014 1155 3048 τὸ
1173 3014 1357 3059 φοινικοῦν·

362 3059 383 3095 ἡ
407 3058 471 3104 γαίρ
496 3058 614 3103 νεφέλη
644 3058 747 3094 λευκή
774 3056 880 3099 οὖσα,
908 3061 1174 3100 προσπίπτουσα
1199 3058 1295 3103 παραὶ
1318 3057 1360 3091 τὸ

364 3102 545 3144 πράσινον,
571 3101 781 3146 μεταβάλλει
814 3102 858 3140 εἰς
889 3103 929 3135 τό
955 3102 1088 3144 ξανθόν.
1127 3102 1298 3149 Μέγιστον
1324 3099 1361 3134 δὲ

364 3151 498 3191 σημεῖον
528 3146 659 3180 τούτων
686 3147 706 3183 ’ἡ
734 3146 802 3179 ἀπὸ
834 3147 896 3184 τῆς
926 3147 1066 3186 σελήνης
1095 3145 1172 3193 ἶρις·
1226 3149 1361 3180 αίνεται

363 3190 426 3237 γάρ
449 3191 553 3227 λευκὴ
580 3190 630 3223 πά
658 3202 738 3223 παν.
765 3192 899 3224 Γίνεται
916 3190 953 3224 δὲ
975 3193 1097 3234 τοῦτο,
1118 3191 1171 3224 ὅτι
1198 3204 1230 3223 εν
1256 3204 1294 3225 τε
1313 3193 1360 3233 τῷ

364 3234 451 3278 νέφει
474 3236 597 3279 ζοφερῷ
623 3246 696 3268 οντι
717 3237 876 3279 φαίνεται
900 3237 959 3268 καὶ
979 3237 1010 3268 ἐν
1028 3239 1134 3269 νυκτί.
1163 3236 1284 3280 ’Ὦστερ
1305 3234 1361 3268 οὖν

365 3280 428 3323 πῦρ
454 3280 514 3333 1ἐπὶ
544 3280 627 3324 πῦρ,
654 3279 759 3323 μέλαν
793 3279 888 3321 παραὶ
919 3279 1024 3324 μέλαν
1057 3285 1148 3313 ποιεῖ’
1176 3281 1217 3313 το
1250 3280 1362 3325 ἠρέμα

363 3324 480 3354 λευκον
499 3324 672 3361 παντελῶς
692 3322 867 3368 φαίνεσθαι
883 3324 1022 3356 λευκόν·
1050 3326 1157 3357 τοῦτο
1176 3320 1206 3356 δ’
1227 3325 1301 3358 ἐστὶ
1320 3326 1368 3357 τὰ.

367 3369 545 3410 φοινικοῦν.
582 3369 714 3400 Γίνεται
743 3362 778 3398 δέ
813 3369 920 3402 τοῦτο
951 3369 990 3402 τό
1022 3368 1128 3407 πάθος
1162 3369 1363 3414 καταφανὲς

366 3413 423 3442 καὶ
448 3411 503 3442 ἐπὶ
529 3412 594 3443 τῶν
622 3410 744 3444 ἀνθῶν
772 3409 803 3443 ἒν
829 3413 892 3456 νοὶρ
919 3417 988 3450 τοῖς
1016 3413 1190 3457 ὑφάσμασι
1215 3416 1272 3446 καὶ
1292 3425 1366 3446 ποι-

366 3455 521 3498 κίλμασιν
550 3455 723 3498 ἀμύθητον
741 3452 891 3500 διαφέρει
916 3458 961 3498 τῇ
980 3460 1154 3500 φαντασία
1175 3457 1264 3489 ἄλλα
1282 3458 1360 3502 παρ’

371 3498 459 3530 ἄλλα
477 3497 634 3542 τιθέμενα
652 3499 723 3531 ἔνια
742 3501 807 3532 τῶν
832 3501 1036 3546 χρωμάτων,
1057 3502 1124 3533 οἷον
1145 3504 1202 3533 καὶ
1222 3502 1269 3534 τά
1288 3513 1366 3546 πορ-

368 3543 455 3587 φυρᾶ
482 3543 515 3574 ἑν
544 3543 671 3580 λευκοῖς
698 3542 718 3579 ἦ
744 3543 884 3587 μέλασιν
920 3546 1036 3589 ἐρίοις,
1072 3546 1123 3578 ἔτι
1147 3541 1177 3577 δ’
1207 3546 1239 3578 ἐν
1273 3546 1364 3592 αὐγῇ

370 3582 483 3627 τοιαδὶ
502 3585 523 3623 ἦ
542 3582 671 3627 τοιαδί·
697 3584 749 3618 διὰ
773 3591 830 3620 καὶ
858 3591 886 3620 οἱ
912 3590 1088 3621 ποικιλταί
1115 3601 1196 3633 φασι
1221 3585 1365 3634 διαμαρ-

1475 837 1550 858 rum
1565 826 1714 858 colorum
1728 826 1904 867 phantasia,
1920 837 1958 858 ex
1971 827 2039 858 his:
2064 835 2192 868 oportet
2210 827 2298 859 enim
2311 828 2489 871 intelligen-

1475 879 1540 909 tes,
1565 871 1646 902 sicut
1669 871 1791 902 dictum
1814 877 1879 910 est,
1909 878 1940 903 et
1962 879 2182 912 supponentes
2216 873 2322 914 primo
2346 873 2492 916 1quidem'

1477 916 1553 958 quia
1577 914 1738 956 fulgidum
1760 915 1794 946 in
1819 915 1912 955 nigro
1940 923 1996 947 aut
2017 926 2075 957 per
2097 916 2226 957 nigrum
2249 918 2392 950 colorem
2415 918 2491 951 facit

1475 960 1668 1001 puniceum;
1690 960 1833 1004 secundo
1849 967 1959 991 autem
1973 960 2051 1001 quia
2065 960 2153 992 visus
2167 969 2339 1002 protensus
2355 963 2490 995 debilior

1477 1005 1513 1036 fit
1532 1012 1564 1036 et
1587 1004 1712 1044 minor3
1735 1004 1828 1036 tertio
1855 1005 1932 1046 quia
1954 1005 2083 1046 nigrum
2104 1005 2194 1037 velut
2215 1006 2342 1047 negatio
2366 1014 2430 1038 est:
2453 1007 2490 1040 in

1477 1049 1653 1080 deficiendo
1686 1049 1773 1080 enim
1795 1048 1902 1080 visum
1926 1056 2058 1090 apparet
2079 1050 2226 1090 nigrum;
2249 1058 2381 1092 propter
2398 1052 2491 1092 quod

1477 1104 1560 1136 quae
1582 1094 1679 1134 longe
1702 1093 1813 1125 omnia
1843 1093 1983 1134 nigriora
2011 1101 2183 1135 apparent,
2207 1101 2376 1136 propterea
2398 1095 2491 1137 quod

1477 1149 1545 1170 non
1563 1138 1713 1179 pertingit
1734 1138 1832 1170 visus.
1857 1138 2109 1170 Considerentur
2131 1139 2264 1180 quidem
2292 1139 2391 1180 igitur
2410 1140 2491 1174 bned

1478 1194 1515 1214 ex
1538 1183 1588 1214 his
1613 1193 1696 1224 quae
1719 1182 1801 1214 circa
1823 1192 1934 1214 sensus
1958 1183 2125 1215 accidunt:
2147 1183 2280 1215 illorum
2302 1184 2391 1216 enim
2413 1188 2492 1227 ρων-ε’

1477 1228 1538 1269 prii
1569 1228 1609 1259 de
1639 1227 1688 1258 his
1718 1234 1900 1266 sermones;
1925 1237 2012 1259 nunc
2039 1233 2148 1259 autem
2171 1235 2330 1269 quantum
2358 1238 2491 1263 καθα

1477 1273 1516 1303 de
1532 1272 1609 1313 ipsis
1633 1272 1788 1303 dicamus.
1807 1274 1973 1313 Apparent
1987 1271 2085 1312 igitur
2106 1279 2238 1313 propter
2252 1273 2336 1305 hanc
2358 1283 2492 1307 caus-n

1476 1324 1508 1348 et
1523 1327 1607 1359 quae
1622 1317 1718 1357 longe
1732 1315 1871 1357 nigriora
1886 1323 1918 1348 et
1937 1315 2062 1348 minora
2077 1323 2110 1348 et
2131 1317 2287 1358 planiora,
2307 1325 2340 1350 et
2352 1321 2440 1360 quie·
2451 1318 2491 1353 in

1477 1361 1626 1402 speculis,
1639 1368 1671 1392 et
1682 1362 1784 1392 nubes
1800 1359 1955 1401 nigriores
1969 1361 2194 1402 aspicientibus
2209 1361 2244 1393 in
2254 1366 2491 1404 aquamqum

1477 1406 1511 1437 in
1526 1405 1611 1447 ipsas
1634 1406 1755 1443 nubes·,
1775 1412 1806 1437 et
1820 1405 1884 1437 hoc
1901 1405 1993 1437 valde
2018 1405 2262 1438 rationabiliter:
2286 1413 2420 1448 propter
2440 1417 2492 1441 re·-

1477 1451 1666 1482 fractionem
1689 1450 1775 1482 enim
1798 1460 1904 1491 pauco
1927 1450 1998 1482 visu
2020 1450 2227 1491 aspiciuntur.
2245 1451 2358 1483 Differt
2376 1455 2491 1485 antem

1477 1495 1557 1534 nihil
1576 1496 1666 1537 quod
1681 1495 1806 1526 videtur
1828 1495 2002 1535 permutari
2022 1502 2078 1527 aut
2099 1495 2221 1527 visum:
2239 1502 2379 1538 utroque
2398 1496 2492 1530 mim

1478 1540 1579 1571 modo
1603 1540 1662 1571 erit
1688 1539 1785 1571 idem.
1809 1539 1927 1571 Adhuc
1957 1546 2066 1571 autern
2089 1546 2218 1580 oportet
2243 1550 2310 1572 non
2332 1540 2433 1575 hiere·
2457 1548 2490 1574 et

1477 1584 1555 1616 hoc:
1585 1584 1698 1616 accidit
1726 1584 1814 1617 enim
1835 1594 1911 1615 cum
1934 1583 2031 1616 fuerit
2053 1584 2154 1616 nubes
2182 1594 2285 1626 prope
2307 1585 2492 1626 solean-'in

1477 1630 1582 1670 ipsam
1605 1629 1738 1670 quidem
1755 1628 1921 1669 aspicienti
1944 1628 2025 1660 nihil
2039 1638 2191 1670 apparere
2214 1629 2408 1670 coloratam,
2424 1624 2491 1663 ned

1477 1684 1545 1705 esse
1569 1674 1685 1712 albam,
1701 1673 1735 1704 in
1758 1682 1843 1714 aqua
1860 1679 1970 1704 autern
1985 1673 2122 1705 eandem
2143 1673 2226 1705 hanc
2248 1673 2386 1707 intuenti
2399 1674 2491 1709 edo-

1477 1728 1546 1750 rem
1561 1718 1677 1750 habere
1692 1717 1834 1759 aliquem
1849 1727 1965 1748 eorum
1979 1717 2038 1758 qui
2051 1717 2150 1749 iridis.
2161 1717 2272 1751 Palam
2285 1717 2490 1761 &mummii

1477 1763 1565 1795 visus
1594 1762 1677 1794 sicut
1707 1769 1738 1794 et
1761 1761 1890 1803 nigrum
1921 1761 2038 1794 fractus
2061 1768 2193 1802 propter
2223 1762 2420 1797 debilium
2435 1763 2489 1797 ni-

1477 1808 1564 1848 grius
1588 1807 1662 1839 facit
1677 1816 1840 1848 apparere,
1857 1813 1889 1838 et
1911 1806 2014 1838 albius
2033 1806 2141 1838 minus
2165 1806 2286 1847 album,
2303 1807 2491 1854 22.de

1478 1853 1519 1884 ad
1541 1852 1680 1893 nigrum.
2122 1856 2124 1858 ’
2453 1867 2490 1884 ιν,

1412 1993 1477 2032 Qui
1501 1992 1634 2035 quidem
1656 1992 1753 2033 igitur
1776 1991 1890 2024 fortior
1911 1991 1946 2022 in
1969 1991 2146 2033 puniceum
2159 1991 2314 2024 colorem*
2326 1995 2491 2035 pernum-

1478 2037 1541 2076 vit,
1565 2036 1692 2068 habitus
1716 2043 1825 2068 autem
1848 2037 1883 2069 in
1904 2036 2058 2076 viridem,
2082 2036 2139 2078 qui
2154 2043 2262 2068 autem
2278 2036 2384 2069 adhuc
2401 2033 2491 2069 ddi&

1478 2081 1540 2113 lior
1563 2082 1595 2112 in
1619 2081 1801 2122 halurgum.
2430 2091 2431 2095 ¹
2469 2078 2491 2100 ³?

1412 2127 1577 2166 Quoniam
1593 2133 1701 2158 autem
1716 2125 1806 2167 quod
1822 2125 1896 2167 plus
1913 2135 1980 2156 non
1996 2125 2062 2156 iam
2076 2132 2224 2166 apparet,
2248 2103 2353 2157 sed-in
2367 2102 2490 2167 1ιῶυῷ

1479 2171 1561 2202 sicut
1584 2178 1617 2202 et
1639 2170 1776 2202 aliorum
1797 2170 1947 2211 plurima,
1964 2176 1996 2202 et
2010 2169 2129 2201 horum
2143 2169 2256 2202 habuit
2269 2169 2491 2211 finarum&-

1480 2226 1554 2248 rum
1577 2223 1687 2246 autem
1709 2214 1899 2246 insensibilis
1921 2214 2126 2256 permutatio.
2352 2231 2354 2233 ·
2407 2238 2412 2242 .

1414 2261 1548 2302 Propter
1563 2260 1654 2302 quod
1675 2267 1707 2291 et
1725 2259 1780 2291 iris
1798 2258 1930 2291 tricolor
1945 2265 2091 2300 apparet,
2113 2266 2250 2301 utraque
2270 2235 2491 2305 quiden-,sop-

1478 2305 1583 2346 posite
1596 2311 1716 2336 autem.
1729 2304 1836 2335 Prima
1853 2304 1987 2346 quidem
2001 2303 2098 2344 igitur
2111 2303 2300 2335 exteriorem
2313 2313 2360 2345 pn

1478 2350 1590 2381 habet:
1611 2359 1630 2380 a
1645 2349 1784 2380 maxima
1799 2348 1886 2380 enim
1905 2348 2083 2390 peripheria
2102 2348 2262 2389 plurimun
2277 2347 2491 2387 infidiam

1478 2395 1519 2425 ad
1542 2394 1657 2433 solem,
1679 2391 1820 2424 maxima
1841 2401 1951 2425 autem
1974 2403 2057 2434 quae
2080 2399 2184 2432 ωιτη
2207 2392 2315 2424 habim
2326 2399 2513 2425 mmm·

1478 2438 1571 2470 tertia
1605 2437 1897 2479 proportionaliter.
1928 2437 2036 2475 Quare
2049 2459 2058 2476 ,
2093 2437 2120 2468 si
2154 2447 2237 2479 quae
2267 2437 2309 2469 de
2340 2435 2492 2470 colom

1420 2495 1422 2497 >
1478 2483 1646 2524 phantasia
1660 2482 1744 2514 dicta
1760 2489 1835 2514 sunt
1850 2483 1943 2521 bene,
1961 2491 2089 2513 necesse
2102 2481 2287 2513 uitulorum
2302 2481 2490 2523 σκῆμα

1480 2534 1511 2558 et
1533 2527 1583 2559 his
1606 2527 1767 2559 coloribus
1791 2526 1927 2558 colorari
1950 2526 2037 2558 solis.

1412 2616 1558 2648 Xanthos
1583 2622 1690 2647 autem
1721 2621 1852 2656 apparet
1881 2621 2013 2656 propter
2035 2623 2126 2646 secus
2154 2614 2295 2646 invicem
2317 2615 2492 2700 affl

1479 2661 1656 2702 puniceum
1688 2660 1776 2691 enim
1801 2659 1889 2692 iuxta
1918 2659 2018 2690 viride
2047 2659 2158 2690 album
2189 2659 2327 2692 videtur.
2348 2669 2349 2672 ’

1480 2712 1588 2736 autem
1611 2704 1727 2736 huius:
1758 2704 1791 2735 in
1813 2704 1984 2745 nigerrima
2011 2702 2099 2735 enim
2128 2704 2215 2735 nube
2244 2703 2390 2736 maxim>
2409 2712 2492 2745 pur·

1479 2749 1516 2781 fit
1539 2750 1610 2788 iris3
1634 2749 1747 2782 accidit
1773 2755 1882 2780 autern
1905 2755 1982 2780 tunc
2005 2748 2106 2790 magis
2127 2748 2272 2780 xanthon
2293 2758 2366 2780 me
2382 2748 2492 2781 videte

1481 2804 1581 2836 quam
1611 2794 1810 2835 puniceum;
1838 2799 1885 2824 est
1917 2800 2026 2824 autem
2057 2793 2194 2824 xantbos
2220 2793 2255 2824 in
2288 2792 2375 2825 iride
2396 2792 2493 2824 eald·

1481 2839 1562 2870 inter
1596 2838 1771 2880 puniceum
1795 2845 1826 2869 et
1852 2837 1990 2869 viridem
2011 2837 2165 2869 colorem.
2191 2837 2327 2878 Propter
2353 2836 2491 2879 nigre*

1482 2893 1558 2915 nem
1580 2883 1676 2925 igitur
1705 2883 1773 2914 eius
1797 2892 1880 2924 quae
1902 2882 1936 2914 in
1959 2881 2092 2914 circuitu
2118 2881 2231 2920 nubis,
2260 2887 2369 2914 totum
2391 2881 2398 2889 '
2441 2879 2493 2913 'nh

1482 2935 1613 2969 apparet
1643 2928 1735 2971 quod
1760 2927 1937 2968 puniceum
1960 2926 2092 2958 album:
2119 2933 2167 2958 est
2188 2925 2276 2957 enim
2298 2926 2347 2957 ad*
2413 2928 2415 2930 ’
2445 2925 2493 2957 nl-

1482 2974 1573 3004 burn.
1596 2973 1713 3004 Adhuc
1735 2979 1856 3011 autem,
1871 2978 2084 3004 marcescente
2106 2970 2184 3002 iride
2199 2968 2493 3012 propinquissb'nlq
2519 2966 2528 2974 ⁴

1483 3027 1558 3048 cum
1593 3017 1735 3048 solvatur
1768 3015 1961 3058 puniceum:
1994 3016 2098 3047 nubes
2127 3015 2214 3046 enim
2243 3014 2315 3046 alba
2332 3013 2492 3054 <ainosis

1483 3062 1631 3093 adiuncta
1654 3071 1744 3092 secus
1767 3061 1877 3099 viride,
1897 3066 2058 3102 permutat
2078 3060 2114 3091 in
2134 3060 2288 3091 xanthon.
2310 3058 2494 3094 mximum

1483 3113 1591 3137 autem
1615 3106 1742 3146 signum
1771 3105 1890 3136 horum
1909 3115 1992 3146 quae
2014 3115 2033 3136 a
2056 3105 2133 3136 luna
2155 3104 2226 3135 iris:
2251 3109 2384 3145 apparet
2405 3103 2494 3135 enim

1484 3150 1555 3181 alba
1577 3150 1678 3181 valde.
1704 3150 1755 3181 Fit
1778 3156 1887 3181 autem
1910 3150 1983 3188 hoc,
2008 3149 2083 3191 quie
2106 3149 2139 3180 in
2162 3149 2248 3180 nube
2272 3149 2407 3180 obscura
2429 3147 2492 3179 exi-

1485 3201 1585 3226 stente
1613 3201 1744 3236 apparet
1775 3201 1806 3226 et
1832 3194 1866 3225 in
1895 3200 1999 3225 nocte.
2032 3193 2121 3225 Sicut
2152 3192 2248 3233 igitur
2279 3192 2361 3233 ignis
2395 3201 2493 3234 supra

1484 3239 1612 3279 ignem,
1639 3239 1767 3280 nigrum
1791 3239 1830 3269 ad
1854 3238 1982 3279 nigrum
2005 3237 2079 3269 facit
2102 3237 2245 3269 debiliter
2268 3237 2379 3268 album
2401 3236 2494 3278 peni-

1485 3290 1536 3314 tus
1564 3293 1714 3324 apparere
1747 3283 1880 3322 album3
1911 3283 1974 3314 hoc
2008 3289 2117 3314 autem
2151 3288 2198 3313 est
2225 3281 2411 3322 puniceum.
2442 3279 2494 3313 Fit

1486 3334 1594 3358 autem
1621 3328 1698 3359 haec
1722 3327 1828 3368 passio
1851 3326 2018 3358 manifesta
2042 3333 2072 3358 et
2095 3326 2129 3357 in
2152 3325 2305 3357 floribus:
2329 3325 2363 3356 in
2391 3331 2493 3357 textu-

1485 3371 1527 3402 ris
1551 3372 1637 3402 enim
1661 3379 1691 3403 et
1714 3371 1877 3403 variaturis
1899 3372 1991 3402 valde
2015 3370 2163 3402 differunt
2185 3370 2364 3402 secundum
2391 3369 2492 3411 phan-

1486 3416 1598 3447 tasiam
1622 3415 1674 3446 alii
1702 3426 1791 3447 secus
1822 3416 1901 3447 alios
1932 3415 2028 3456 positi
2060 3415 2229 3454 colorum,
2252 3415 2341 3446 velut
2363 3420 2395 3445 et
2417 3422 2492 3455 pur*-

1487 3460 1577 3500 purei
1607 3460 1638 3490 in
1668 3460 1746 3491 albis
1777 3467 1832 3491 aut
1865 3460 1961 3501 nigris
1985 3459 2086 3498 lanis;
2116 3466 2191 3490 sunt
2221 3465 2330 3490 autem
2360 3458 2394 3489 in
2423 3457 2494 3499 ipsa

1487 3505 1564 3535 tales
1588 3505 1637 3535 vel
1661 3505 1760 3543 tales;
1785 3512 1915 3545 propter
1938 3504 2027 3545 quod
2058 3511 2089 3535 et
2111 3503 2281 3535 variatores
2305 3503 2394 3534 aiunt
2417 3511 2492 3543 pec-

1487 3558 1556 3579 care
1580 3556 1746 3589 operantes
1781 3549 1820 3579 ad
1844 3549 2008 3580 lucernam
2033 3555 2064 3580 et
2087 3558 2180 3589 saepe
2211 3547 2291 3579 circa
2317 3546 2412 3578 flores
2436 3546 2491 3577 de-

1489 3592 1568 3632 cipi,
1597 3593 1785 3634 accipientes
1810 3593 1888 3624 alios
1914 3603 1973 3634 pro
2004 3592 2082 3624 aliis.
2111 3593 2218 3630 Quare
2241 3591 2374 3633 quidem
2396 3590 2493 3632 igitur
