2782 4134
1015 296 1127 332 CAP.
1157 297 1264 343 xm,
1294 295 1446 332 LECT.
1476 295 1564 332 xv1

201 372 303 410 aliud
331 373 377 410 sit
394 380 534 410 ventus
553 385 670 422 quarn
699 385 764 410 aer
792 380 828 409 et
846 385 947 420 aqua
965 372 993 409 β.
1015 374 1064 410 Et
1093 374 1181 421 quia
1201 386 1266 411 aer

199 433 300 463 totus
320 434 377 463 est
400 439 510 474 unus,
532 426 619 464 ideo
645 425 814 474 quidam,
834 426 1006 462 volentes
1026 428 1188 463 multum
1207 440 1264 463 sa-

197 479 345 528 pienter
372 479 497 527 loqui,
528 479 702 516 dixerunt
736 478 843 526 quod
875 490 954 514 non
984 486 1040 515 est
1067 479 1137 516 nisi
1165 492 1264 517 unus

171 547 175 551 ’
197 539 353 578 ventus;
384 540 421 568 et
439 533 544 580 quod
563 532 766 568 videantur
783 531 886 568 venti
908 531 1071 578 differre,
1092 533 1167 568 hoc
1186 545 1264 569 non

199 592 255 621 est
278 584 349 621 nisi
378 597 424 621 ex
447 584 659 621 differentia
686 585 861 620 locorum
883 596 927 620 ex
947 584 1084 631 quibus
1105 598 1264 622 moven-

197 645 268 675 tur.
291 637 409 684 Quod
436 645 492 674 est
519 637 640 674 simi-le
660 649 704 673 ac
727 636 759 673 si
787 637 955 673 dicerent
973 641 987 662 ⁷
1006 638 1112 684 quod
1132 650 1265 675 omnes

196 690 307 728 fluvii
334 698 421 727 sunt
446 703 547 727 unus
575 690 729 736 fluvius,
751 697 788 726 et
812 690 919 738 quod
939 690 1065 727 omnis
1090 703 1190 739 aqua
1210 699 1266 727 est

197 755 295 780 una:
325 743 431 792 quod
459 743 659 780 manifeste
678 743 815 780 falsum
840 750 906 780 est.
928 743 1039 780 Unde
1060 743 1263 780 multitudo

196 796 414 843 hominum,
433 796 499 844 qui
518 796 721 843 vulgariter
749 803 785 832 et
813 796 894 832 sine
914 796 1156 844 inquisitione
1183 797 1266 845 phi-

196 849 395 899 losophiae
414 847 428 871 δ
445 850 655 897 loquuntur
681 849 728 886 de
747 849 883 896 ventis,
905 849 1040 886 melius
1059 850 1266 898 loquuntur

197 914 315 951 quam
334 902 404 948 isti,
425 902 490 951 qui
519 902 573 939 sic
594 902 821 951 inquirendo
851 911 1083 940 erraverunt.
1105 903 1206 949 Quia
1235 903 1265 939 si

196 956 272 993 hoc
301 963 400 992 esset
426 967 576 1002 verum,
597 955 702 1005 quod
732 967 868 992 omnes
896 956 1005 1005 fluvii
1028 956 1190 992 fluerent
1219 968 1264 992 ex

196 1020 274 1046 uno
303 1008 501 1057 principio,
523 1016 559 1046 et
586 1010 661 1046 hoc
691 1009 804 1046 etiam
830 1016 960 1057 posset
987 1009 1116 1057 aliquo
1144 1010 1263 1046 modo

197 1073 279 1098 esse
312 1074 471 1109 verum,
501 1062 606 1111 quod
640 1075 776 1099 omnes
803 1062 908 1099 venti
946 1070 1073 1099 essent
1110 1075 1155 1099 ex
1183 1075 1263 1099 uno

195 1114 400 1164 principio:
426 1116 494 1153 sed
524 1115 571 1152 de
599 1115 723 1152 ventis
752 1115 878 1162 etiam,
899 1115 995 1152 sicut
1013 1121 1024 1136 ⁵
1048 1115 1096 1152 de
1124 1115 1263 1162 fluviis,

196 1167 440 1207 manifestum
471 1176 527 1206 est
545 1169 650 1217 quod
678 1169 716 1206 id
742 1169 848 1216 quod
868 1168 1054 1215 dixerunt,
1074 1168 1208 1205 leviter
1227 1176 1263 1204 et

196 1220 635 1266 mendaciter-dixerunt.
652 1243 676 1249 -
693 1222 966 1270 Opportunum
988 1229 1043 1258 est
1067 1228 1195 1258 autern
1216 1221 1263 1258 de

157 1300 165 1307 -
196 1274 272 1312 hoc
300 1274 542 1312 considerare
571 1275 610 1312 in
638 1275 795 1324 proprio
823 1282 982 1311 tractatu
1010 1274 1051 1320 ²¹⁸,
1081 1274 1175 1322 quid
1208 1282 1264 1310 est

55 1331 59 1339 ”
195 1333 344 1375 ventuS,
376 1335 413 1364 et
440 1328 640 1376 quomodo
674 1335 901 1376 generatur,
934 1335 972 1364 et
1003 1327 1094 1376 quid
1132 1334 1264 1364 movet

194 1379 335 1430 ipsum,
353 1389 390 1417 et
406 1381 511 1418 unde
526 1389 582 1418 est
599 1381 826 1431 principium
841 1388 1063 1426 ventorum;
1081 1387 1116 1416 et
1133 1387 1262 1416 utrum

195 1441 371 1483 oporteat
385 1434 557 1483 accipere
576 1442 737 1471 ventum
751 1434 937 1471 fluentem
953 1433 1049 1470 sicut
1068 1445 1113 1470 ex
1133 1433 1261 1480 aliquo

193 1498 299 1534 me,
315 1486 380 1536 qui
406 1487 537 1525 tandiu
564 1487 659 1524 fluat
678 1486 692 1513 ς
721 1486 844 1524 donec
872 1486 963 1523 illud
983 1493 1200 1531 evacuetur,
1218 1498 1263 1522 ac

195 1539 238 1579 si>
255 1547 354 1578 esset
382 1540 565 1578 emissum
584 1540 632 1577 ab
652 1540 780 1588 aliquo
799 1547 893 1586 utre,
913 1547 955 1576 ut
973 1539 1163 1576 fabulatur
1182 1539 1262 1576 Ho-

194 1605 342 1639 merus3
358 1601 423 1630 aut
437 1606 516 1630 non
535 1600 591 1630 est
610 1605 655 1630 ex
673 1605 753 1630 uno
767 1592 954 1641 principio
975 1592 1043 1629 sed
1059 1604 1103 1629 ex
1122 1592 1262 1639 multis,

193 1645 292 1685 sieut
315 1645 481 1695 pictores
507 1646 669 1695 pingunt
695 1646 869 1684 diversos
893 1653 1030 1683 ventos
1050 1645 1262 1682 emittentes

194 1711 243 1737 ex
267 1699 401 1748 seipsis
429 1699 658 1748 principium
685 1699 860 1736 flatuum.

246 1753 285 1790 3.
295 1751 428 1790 Tertio
443 1752 513 1789 ibi:
529 1752 708 1789 Similiter
722 1758 847 1789 autem
862 1751 908 1788 de
920 1751 1165 1801 generatione
1176 1758 1260 1799 etc„

192 1804 338 1845 inducit
363 1805 504 1843 similes
533 1805 734 1855 opiniones
768 1805 815 1842 de
850 1804 1094 1853 generatione
1122 1804 1260 1842 fluvio-

192 1870 299 1896 rum:
327 1866 484 1908 propter
511 1859 587 1895 hoc
616 1858 718 1895 enirn
747 1858 945 1895 induxerat
982 1857 1087 1906 quod
1116 1857 1260 1894 dictum

140 1931 144 1935 ·
193 1916 251 1950 est
277 1912 325 1950 de
353 1912 489 1950 ventis.
511 1913 560 1949 Et
588 1911 687 1949 circa
714 1912 790 1948 hoc
814 1911 884 1948 tria
912 1910 1016 1948 facit:
1044 1910 1171 1960 primo
1190 1923 1260 1960 po·

191 1964 248 2003 nit
285 1966 530 2015 quorundam
558 1965 692 2002 falsam
731 1964 972 2013 opinionem;
1003 1964 1173 2001 secundo
1202 1976 1260 2000 re-

190 2018 330 2068 probat
349 2030 448 2066 eam,
468 2018 538 2055 ibi:
564 2018 746 2060 Quamvis
763 2018 1005 2066 manifestum
1029 2016 1049 2039 ’¹‘
1078 2025 1167 2063 etc.;
1187 2024 1261 2054 ter-

191 2071 244 2110 tio
265 2071 429 2109 excludit
447 2071 642 2120 quandam
663 2071 850 2108 rationem
871 2071 1056 2119 ipsorum,
1077 2070 1148 2107 ibi:
1167 2070 1259 2108 Non

189 2124 313 2163 solum
339 2124 407 2162 sed
432 2130 469 2161 et
493 2125 584 2162 talia
612 2124 633 2146 '¹‘
660 2131 730 2162 etc.

243 2177 346 2216 Dicit
364 2189 454 2226 ergo
473 2178 598 2227 primo
618 2177 733 2226 ,quod
752 2177 922 2215 similiter
939 2176 1089 2214 videtur
1107 2175 1261 2225 quibus-

191 2230 285 2280 dnm
315 2243 356 2269 se
384 2231 527 2268 habere
556 2231 604 2268 de
637 2230 881 2279 generatione
909 2230 1136 2276 fluviorum,
1166 2229 1262 2266 sicut

191 2283 335 2323 dicmm
350 2283 436 2322 est*
446 2284 495 2321 de
509 2284 754 2332 generatione
768 2291 984 2320 ventorum.
997 2282 1138 2319 Dicunt
1157 2281 1260 2319 enim

191 2338 314 2387 quod,
337 2349 426 2374 cum
455 2349 556 2386 aqua
575 2338 744 2374 elevatur
757 2342 772 2359 '¹
791 2349 814 2373 a
841 2344 940 2373 terra
958 2347 1028 2384 per
1044 2335 1260 2384 vaporatio-

190 2401 302 2438 nem,
332 2397 369 2427 et
401 2390 540 2428 iterum
567 2390 651 2427 fluit
679 2390 882 2437 deorsum,
913 2397 1162 2437 congregatur
1189 2388 1259 2424 sub

189 2450 301 2491 terra,
322 2451 360 2481 et
385 2443 440 2481 sic
458 2443 542 2481 fluit
561 2443 610 2480 ad
629 2443 914 2491 generationem
943 2441 1105 2479 fontium
1125 2449 1163 2478 et
1189 2441 1260 2478 flu-

156 2525 164 2532 .
189 2496 364 2544 vtiorum3
397 2497 494 2534 sicut
521 2497 552 2534 si
579 2496 832 2545 intelligantur
857 2495 879 2517 ¹⁸
912 2495 1012 2532 exire
1050 2506 1096 2531 ex
1133 2494 1259 2542 aliquo

189 2555 335 2601 magno
356 2555 498 2596 ventre,
518 2549 616 2587 idest
640 2562 686 2587 ex
714 2549 841 2598 aliqua
858 2560 999 2596 magna
1025 2547 1045 2569 ³¹⁶
1063 2548 1259 2596 voragine,

189 2603 259 2643 nbi
278 2603 333 2641 sit
359 2611 586 2652 congregata
613 2603 734 2640 multa
761 2614 883 2650 aqua3
904 2602 985 2639 sive
1013 2601 1064 2638 ita
1085 2601 1131 2638 sit
1155 2601 1261 2650 quod

78 2652 89 2666 ”
135 2688 138 2691 ,
191 2668 329 2695 omnes
355 2657 464 2694 fluvii
497 2657 619 2694 fluant
647 2668 693 2693 ex
729 2668 808 2693 uno
845 2654 1033 2704 principio
1067 2654 1148 2701 tali,
1179 2654 1260 2691 sive

192 2721 238 2747 ex
266 2709 426 2747 diversis
444 2709 580 2747 talibus
609 2709 802 2759 principiis
829 2708 967 2745 diversi
991 2708 1099 2744 fluvii
1127 2708 1258 2744 fluant.

191 2763 242 2801 Et
259 2762 473 2800 secundum
501 2763 587 2810 hoc,
609 2775 708 2811 aqua
727 2774 807 2798 non
834 2769 1036 2809 generatur
1063 2761 1134 2797 sub
1162 2768 1262 2797 terra

193 2815 240 2856 de
259 2828 365 2855 novo
385 2816 435 2854 ad
454 2816 602 2853 fluxum
622 2815 784 2853 fontium
805 2823 841 2852 et
859 2814 1087 2860 fluviorum
1108 2814 1175 2851 sed
1199 2813 1261 2850 illa

191 2881 292 2918 quae
318 2869 423 2919 prius
452 2869 521 2906 fuit
541 2869 698 2906 collecta
724 2868 764 2905 in
791 2867 986 2916 praedicta
1010 2867 1259 2915 receptacula,

193 2930 250 2961 est
261 2922 492 2973 principium
512 2921 762 2959 multitudinis
781 2933 970 2970 aquarum
987 2928 1024 2957 et
1037 2919 1259 2957 fluviorum.

192 2972 243 3014 Et
268 2975 382 3013 huius
402 2975 552 3024 signum
582 2975 759 3012 dicebant
784 2986 866 3010 esse
886 2971 909 3020 θ,
931 2973 1037 3023 quod
1064 2973 1103 3009 in
1131 2972 1259 3009 hieme

193 3035 251 3066 est
272 3028 397 3067 maior
423 3029 550 3066 fluxus
577 3028 787 3066 fluviorum
815 3039 932 3076 quam
961 3026 1000 3064 in
1028 3033 1179 3064 aestate.
1210 3026 1260 3062 Et

244 3150 271 3185 β)
289 3151 326 3178 sit
343 3158 465 3184 aquae...
477 3158 557 3184 quam
575 3158 624 3176 aer
642 3154 669 3176 et
686 3158 766 3183 aqua.
784 3164 804 3170 —
821 3151 857 3176 sit
874 3157 960 3182 aquae
978 3153 1005 3174 et
1022 3150 1102 3178 aeris,
1120 3152 1147 3174 et
1165 3153 1259 3174 ventus

191 3186 262 3221 πῶϋ
274 3187 351 3213 aliud
368 3187 405 3212 sit
422 3193 502 3220 quam
521 3193 570 3211 aer
592 3189 619 3211 et
641 3193 713 3218 aqua
730 3187 763 3210 A.
787 3186 866 3210 Forte
889 3185 1029 3218 legendum
1053 3189 1093 3209 est
1111 3191 1191 3217 quam
1209 3191 1260 3209 aer

190 3225 286 3254 motus,
304 3223 347 3247 vel
365 3229 446 3255 quam
459 3221 531 3246 aeris
545 3225 633 3246 motus
638 3230 647 3252 ,·
666 3221 698 3246 cf.
713 3226 819 3252 textum,
834 3225 860 3245 et
878 3221 922 3245 lib.
936 3220 965 3250 11,
978 3220 1036 3245 lect.
1045 3228 1089 3251 vn,
1104 3228 1148 3244 nn.
1162 3218 1187 3250 6,
1203 3227 1228 3252 7.
1239 3233 1259 3238 -

189 3257 278 3291 Mtesa
291 3257 359 3283 linea
369 3258 393 3282 A
405 3265 459 3282 om.
474 3257 624 3282 multum.-
635 3257 695 3281 Mox
708 3264 756 3288 pro
775 3256 827 3281 nisi
846 3263 914 3280 unus
932 3259 1034 3284 ventus,
1048 3255 1101 3280 nisi
1114 3257 1207 3279 ventus
1221 3255 1257 3284 A,

191 3293 229 3319 ibi
241 3297 335 3319 ventus
348 3293 382 3324 B;
401 3300 449 3325 pro
463 3292 614 3322 videantur,
634 3291 761 3317 videntur
771 3292 831 3321 AB;
847 3291 925 3315 iidem
937 3298 992 3315 om.
1006 3290 1058 3315 nisi
1069 3295 1130 3322 post
1143 3297 1195 3314 non
1208 3293 1258 3315 est.

176 3329 271 3354 >--Pro
288 3336 327 3354 ex
343 3328 438 3361 quibus
456 3328 494 3352 Pa
512 3327 603 3359 legunt
621 3327 648 3352 in
667 3326 776 3359 quibus3
793 3326 826 3351 cf.
840 3330 948 3351 textum·
1224 3330 1227 3333 ⁴

243 3364 270 3398 γ)
289 3370 322 3388 ac
339 3363 364 3388 si
377 3363 505 3387 dicerent.
516 3376 536 3380 -
547 3369 580 3387 ac
597 3362 621 3387 si
639 3362 739 3387 diceret
752 3362 807 3386 AB.
818 3374 838 3380 -
848 3361 930 3385 Iidem
942 3368 990 3392 pro
1002 3362 1065 3385 sunt
1079 3366 1156 3389 unus,
1171 3362 1258 3384 essent

192 3405 275 3428 ναις,-
293 3403 319 3423 et
336 3402 397 3430 post
413 3401 454 3422 est
472 3404 527 3422 una
545 3397 643 3422 addunt
660 3396 804 3422 secundum
822 3396 944 3428 speciem.

244 3433 271 3466 ὃ)
291 3433 460 3466 inquisitione
472 3432 668 3464 philosophiae.
680 3445 701 3451 -
713 3432 764 3456 Pro
778 3430 970 3463 philosophiae,
986 3430 1057 3462 quod
1075 3437 1129 3454 om.
1146 3430 1181 3459 Α,
1195 3429 1257 3461 phi-

190 3469 322 3502 losophice
334 3469 375 3493 ed.
392 3466 467 3492 1561.
480 3482 498 3486 —
511 3467 562 3492 Pro
577 3468 658 3492 altero
673 3467 826 3499 loquuntur,
841 3466 934 3491 dicunt
946 3465 1004 3496 AB3
1024 3464 1068 3497 qui
1083 3465 1160 3489 etiam
1173 3469 1257 3489 trans-

190 3509 290 3537 ponunt
307 3504 346 3530 sic
363 3508 422 3528 ante
441 3505 610 3528 erraverunt.

243 3540 266 3572 ε)
279 3539 327 3565 sed
341 3539 374 3564 de
388 3538 473 3564 ventis
487 3538 576 3567 etiam,
590 3537 667 3563 sicut.
680 3550 700 3556 —
712 3537 799 3568 Forte,
813 3536 861 3561 sed
874 3536 908 3561 de
919 3535 1005 3560 ventis
1019 3538 1045 3560 et
1058 3534 1196 3564 similiter‚·
1210 3534 1255 3559 AB

191 3574 280 3607 legunt
298 3575 331 3600 de
349 3574 434 3599 ventis
452 3573 532 3598 etiam
551 3573 676 3598 similiter
693 3572 771 3597 sicut.

242 3609 269 3643 ζ)
275 3611 382 3644 fluat.—
385 3610 440 3644 flat
449 3609 502 3639 Pa;
511 3609 544 3634 cf.
553 3609 692 3633 text.—Pro
703 3615 735 3632 ac
744 3607 776 3637 si,
787 3607 864 3639 quasi
872 3606 917 3631 AB
923 3614 931 3638 ς
941 3607 1018 3631 iidem
1027 3614 1081 3631 om.
1088 3608 1128 3630 est
1137 3609 1198 3638 post
1205 3607 1255 3629 aut

192 3651 244 3670 non
249 3653 258 3675 ,¹
276 3653 324 3678 pro
337 3645 406 3670 sicut
419 3644 538 3676 pictores
552 3644 590 3668 Pa
606 3644 695 3676 legunt
710 3646 739 3668 ut
752 3642 871 3675 pictores
875 3650 884 3672 ,·
898 3647 923 3667 et
936 3650 984 3674 pro
998 3648 1036 3666 ex
1048 3641 1148 3673 seipsis,
1163 3647 1201 3665 ex
1217 3646 1254 3665 se.

368 3699 438 3732 Opp.
457 3699 488 3723 D.
507 3699 621 3723 Timum:
640 3697 672 3722 T.
692 3698 732 3722 111.

2307 301 2381 348 377

1318 374 1407 411 hinc
1435 374 1629 423 assignant
1657 386 1813 411 causam
1842 387 1960 423 quare
1992 376 2147 424 quidam
2176 377 2383 416 fluviorum

1319 435 1406 464 sunt
1432 428 1621 476 perpetui,
1648 435 1684 464 et
1711 427 1867 475 quidam
1896 441 1974 465 non
2001 430 2185 478 perpetui.
2216 432 2382 478 Quando

1320 480 1435 527 enirn,
1451 488 1607 529 propter
1625 480 1925 529 magnitudinem
1944 482 2147 530 voraginis,
2164 491 2266 520 tanta
2285 497 2384 533 aqua

1320 533 1602 580 congregatur*
1621 534 1667 570 inr
1687 534 1813 570 hieme
1843 535 1914 571 sub
1942 542 2056 582 terra,
2085 544 2128 572 ut
2155 537 2316 574 sufficiat
2335 538 2384 575 ad

1318 586 1608 633 perpetuitatem
1637 586 1759 633 fluvii,
1789 587 1839 624 ita
1866 588 1972 636 quod
1999 600 2079 625 non
2108 588 2257 626 deficiat
2285 602 2384 638 aqua

1319 638 1443 674 fluens
1484 639 1707 687 priusquam
1744 640 1881 677 iterum
1919 642 2161 689 superveniat
2201 643 2239 679 in
2281 656 2383 681 nova

1319 690 1444 726 hieme
1459 698 1478 734 ²,
1500 699 1590 728 tunc
1609 692 1748 729 fluvius
1768 693 1811 729 fit
1828 701 2035 742 perpetuus
2053 707 2176 742 usque
2193 696 2231 732 in
2245 697 2381 733 finem:

1320 743 1350 779 si
1378 751 1506 801 autern
1535 746 1817 792 receptaculum
1846 746 1892 782 sit
1914 759 2091 795 parvum,
2111 756 2201 785 tunc
2228 757 2384 798 propter

1318 804 1548 844 paucitatem
1576 809 1697 845 aquae
1727 798 1853 835 deficit
1877 799 1982 848 origo
2007 801 2128 848 fluvii,
2158 802 2266 850 quasi
2296 815 2383 840 eva-

1320 856 1430 885 cuato
1450 862 1554 895 vase,
1576 857 1780 898 antequam
1800 852 1938 889 iterum
1957 853 2051 890 fluat
2070 866 2169 902 aqua
2189 854 2236 892 de
2258 857 2381 902 caelo;

1320 909 1356 938 et
1383 901 1471 939 ideo
1499 901 1640 940 fluvius
1669 915 1746 939 non
1774 905 1990 951 perenniter
2015 907 2109 943 fluit.

1371 967 1408 1001 4.
1431 955 1581 992 Deinde
1601 968 1688 992 cum
1710 956 1812 993 dicit:
1837 958 2017 999 Quamvis
2041 960 2281 1009 manifestum
2298 968 2380 1008 etc„

1318 1007 1511 1056 improbat
1538 1008 1772 1057 praedictam
1801 1010 2032 1058 positionem
2061 1013 2380 1062 quadrupliciter:

1318 1061 1444 1109 primo
1469 1061 1627 1109 quidem
1649 1061 1778 1103 dicens
1798 1064 1902 1110 quod
1921 1063 1952 1110 ²¹⁶,
1973 1065 2003 1100 si
2027 1065 2161 1113 aliquis
2180 1067 2270 1103 velit
2289 1079 2380 1116 prae

1319 1114 1438 1150 oculis
1459 1114 1699 1152 considerare
1718 1116 1999 1153 multitudinem
2026 1130 2147 1166 aquae
2172 1132 2270 1168 quae
2291 1132 2380 1157 con-

1317 1167 1420 1204 tinue
1449 1167 1532 1204 fluit
1550 1180 1619 1216 per
1643 1168 1783 1205 fluvios
1801 1181 1870 1217 per
1888 1177 2010 1207 toturn
2030 1171 2252 1209 universum
2272 1180 2296 1219 '‘,
2318 1186 2380 1210 ex-

1318 1220 1468 1257 cederet
1495 1228 1615 1257 totam
1645 1221 1891 1269 quantitatem
1920 1230 2051 1270 terrae,
2078 1225 2139 1261 vel
2166 1237 2302 1274 parum
2332 1227 2379 1263 ab

1319 1285 1363 1309 ea
1392 1273 1584 1320 deficeret,
1606 1273 1636 1310 si
1655 1282 1848 1322 oporteret
1876 1287 1957 1312 esse
1979 1276 2134 1324 aliquod
2162 1286 2378 1327 receptacu-

1317 1327 1396 1362 lum
1424 1327 1495 1363 sub
1515 1335 1625 1374 terra,
1646 1328 1707 1364 vel
1736 1340 1858 1364 unum
1877 1329 1938 1365 vel
1957 1330 2077 1378 plura,
2097 1331 2200 1367 unde
2219 1332 2380 1369 flumina

1316 1379 1490 1416 fluerent.
1521 1381 1570 1416 Et
1598 1380 1651 1416 sic
1680 1389 1872 1429 oporteret
1904 1388 2021 1419 totam
2051 1390 2190 1420 terram
2225 1385 2379 1422 interius

1318 1444 1400 1469 esse
1430 1445 1654 1479 concavam,
1675 1434 1723 1470 ad
1749 1434 1974 1482 capiendam
2003 1443 2145 1472 tantam
2175 1438 2378 1475 multitudi-

1317 1497 1407 1522 nem
1427 1498 1570 1534 aquae;
1592 1493 1628 1522 et
1645 1486 1721 1522 hoc
1739 1486 1864 1535 ipsum
1884 1499 1963 1523 non
1983 1489 2184 1526 sufficeret.
2210 1491 2296 1527 Hoc
2314 1503 2379 1528 au-

1316 1545 1394 1575 tem
1413 1537 1426 1559 ²
1449 1546 1552 1587 patet
1572 1551 1653 1575 esse
1675 1539 1825 1576 falsum.
1847 1540 1946 1576 Cum
1968 1541 2069 1578 enim
2089 1550 2187 1579 terra
2205 1545 2379 1581 naturali-

1316 1599 1374 1628 ter
1400 1592 1447 1628 sit
1474 1591 1512 1628 in
1541 1591 1683 1639 medio,
1705 1600 1741 1628 et
1768 1593 1985 1630 naturaliter
2002 1601 2126 1642 partes
2155 1596 2311 1633 tendant
2329 1597 2378 1634 ad

1316 1644 1501 1692 medium,
1529 1657 1607 1681 non
1636 1653 1762 1693 potest
1789 1645 1862 1682 dici
1897 1647 2002 1695 quod
2030 1654 2127 1684 terra
2160 1648 2205 1684 sit
2233 1656 2378 1687 tantum

1317 1708 1488 1734 concava
1515 1697 1670 1734 interius
1704 1698 1753 1734 ad
1790 1698 2071 1748 suscipiendam
2099 1713 2258 1749 aquam;
2294 1703 2379 1739 licet

1316 1763 1395 1788 non
1424 1751 1470 1788 sit
1496 1750 1770 1788 inconveniens
1790 1752 1896 1801 quod
1923 1752 1962 1789 in
1981 1753 2108 1790 multis
2136 1755 2229 1791 locis
2257 1763 2377 1792 terrae

1316 1804 1389 1841 sint
1416 1804 1542 1852 aliqua
1570 1805 1809 1853 receptacula
1837 1817 2035 1853 aquarum.

1372 1858 1404 1894 5.
1436 1858 1615 1894 Secundo
1652 1857 1724 1894 ibi:
1753 1858 1844 1894 Non
1881 1858 2002 1895 solum
2034 1860 2101 1896 sed
2135 1866 2172 1896 et
2205 1861 2378 1898 inconve-

1315 1911 1420 1947 niens
1454 1918 1546 1958 etc.,
1575 1910 1683 1959 ponit
1719 1911 1929 1948 secundam
1969 1912 2166 1950 rationem.
2206 1914 2380 1951 Et·dicit

1316 1964 1422 2012 quod
1450 1963 1724 2000 inconveniens
1754 1971 1829 2010 est,
1859 1964 1890 2000 si
1918 1964 2001 2013 quis
2029 1977 2108 2002 non
2141 1974 2247 2015 putet
2275 1968 2378 2016 quod

1317 2028 1362 2053 ex
1386 2029 1473 2054 aere
1500 2024 1708 2065 evaporato
1736 2016 1832 2054 intra
1851 2016 1871 2039 ²¹⁶
1899 2024 2038 2054 terram
2066 2019 2133 2055 fiat
2162 2031 2272 2067 aqua,
2293 2032 2380 2069 pro-
2407 2032 2416 2040 ·

1315 2077 1400 2119 pter
1427 2070 1591 2107 eandem
1621 2082 1776 2106 causam
1805 2078 1961 2119 propter
1985 2083 2100 2120 quarn
2125 2072 2168 2108 fit
2187 2073 2299 2109 etiarn
2319 2086 2380 2110 su-

1315 2135 1384 2172 pra
1411 2130 1552 2160 terram
1580 2123 1619 2159 in
1647 2135 1746 2159 aere.
1777 2123 1889 2160 Unde
1916 2123 1947 2160 si
1974 2123 1994 2145 *
2022 2137 2136 2173 supra
2164 2133 2302 2162 terram
2341 2126 2379 2163 in
2407 2138 2417 2147 ’

1315 2188 1403 2213 aere
1431 2188 1498 2213 aer
1526 2183 1754 2224 evaporatus
1781 2183 1938 2225 propter
1956 2177 2194 2225 frigiditatem
2215 2179 2380 2216 conden-

1316 2236 1419 2266 satur
1446 2229 1485 2266 in
1509 2241 1667 2277 aquarn,
1697 2237 1847 2278 oportet
1873 2237 2007 2278 putare
2034 2230 2054 2252 *
2082 2231 2187 2279 quod
2217 2232 2328 2269 etiam
2358 2244 2381 2269 a
2407 2245 2418 2256 *

1316 2281 1512 2330 frigiditate
1535 2289 1657 2318 terrae
1676 2282 1751 2318 hoc
1769 2282 1874 2319 idern
1902 2283 1979 2319 fiat.
2001 2284 2050 2319 Et
2074 2285 2128 2320 sic
2147 2296 2225 2321 non
2254 2285 2379 2322 solum

1316 2347 1417 2384 aqua
1445 2335 1648 2384 separatim
1671 2334 1832 2372 existens
1859 2335 1897 2372 in
1925 2343 2023 2372 terra
2050 2336 2159 2385 quasi
2187 2337 2225 2374 in
2253 2338 2379 2386 aliquo

1316 2389 1568 2437 receptacu10,
1589 2388 1683 2425 fluet
1709 2400 1779 2436 per
1805 2388 1962 2434 fluvios3
1983 2389 2050 2426 sed
2079 2389 2256 2426 continue
2286 2390 2381 2428 infra

1315 2449 1455 2478 terram
1485 2448 1685 2489 generatur
1711 2453 1780 2490 per
1815 2441 2134 2489 infrigidationem
2167 2455 2378 2492 vaporum,

1317 2502 1353 2531 et
1375 2495 1470 2531 haec
1497 2494 1518 2516 ‘⁸
1547 2494 1676 2531 effluet
1702 2506 1772 2543 per
1797 2494 1948 2532 fluvios.

1370 2548 1406 2584 6.
1429 2547 1506 2585 Sed
1535 2547 1624 2596 quia
1643 2555 1774 2595 posset
1802 2547 1935 2596 aliquis
1960 2547 2084 2584 dicere
2113 2549 2218 2596 quod
2242 2561 2286 2586 ex
2314 2562 2380 2587 va-

1315 2601 1473 2650 poribus
1501 2600 1597 2637 infra
1628 2608 1766 2637 terram
1804 2608 2004 2648 generatur
2041 2602 2231 2650 quaedam
2260 2615 2379 2651 aqua,

1316 2655 1383 2691 sed
1402 2661 1481 2690 tota
1506 2653 1618 2691 simul
1638 2653 1821 2701 colligitur
1847 2654 1886 2690 in
1906 2653 2094 2702 aliquibus
2123 2656 2379 2704 receptaculis,

1317 2719 1363 2743 ex
1383 2707 1520 2756 quibus
1539 2706 1648 2743 fluvii
1674 2706 1810 2754 fluunt⁷
1830 2707 1936 2755 quod
1957 2715 2054 2744 esset
2073 2707 2192 2744 simile
2218 2716 2254 2745 et
2273 2709 2380 2757 quasi

1315 2760 1419 2797 idem
1448 2759 1626 2808 positioni
1652 2759 1880 2808 praedictae,
1902 2760 1988 2797 ideo
2018 2760 2125 2797 tertio
2153 2761 2228 2797 hoc
2257 2763 2379 2798 exclu-

1317 2813 1369 2850 dit
1395 2825 1464 2861 per
1492 2812 1689 2861 quoddam
1718 2813 1879 2860 signum,
1899 2813 1968 2850 ibi:
1997 2814 2131 2850 Adhuc
2154 2820 2278 2851 autem
2308 2822 2376 2851 ete.

1316 2867 1365 2902 Et
1393 2865 1481 2903 dicit
1508 2865 1614 2915 quod
1642 2866 1768 2902 adhuc
1796 2878 1875 2902 non
1905 2873 1959 2902 est
1993 2866 2276 2914 intelligendum
2305 2868 2377 2903 tale

1316 2931 1398 2956 esse
1413 2918 1433 2940 '¹‘
1446 2918 1675 2967 principium
1691 2918 1912 2964 fluviorum,
1934 2919 2038 2967 quod
2053 2931 2152 2967 aqua
2167 2919 2322 2968 quidem
2336 2919 2377 2941 ἦ*

1315 2979 1516 3020 generetur
1543 2971 1638 3008 infra
1670 2979 1827 3018 terram,
1862 2972 1928 3008 sed
1964 2971 2094 3007 existat
2130 2971 2180 3008 ibi
2209 2972 2376 3020 quotidie

1316 3025 1409 3062 dum
1441 3024 1602 3061 flumina
1629 3024 1773 3071 fluunt,
1803 3036 1848 3060 ac
1875 3023 1906 3060 si
1935 3031 2059 3061 essent
2086 3024 2276 3072 quaedam
2304 3032 2376 3062 sta-

1365 3148 1392 3180 η)
1411 3154 1482 3179 aqua
1500 3148 1629 3172 elevatur.
1645 3160 1665 3165 —
1682 3153 1753 3178 aqua
1772 3146 1875 3170 eleuata
1893 3148 1933 3170 est
1947 3146 1977 3170 B.
1988 3159 2007 3164 -
2020 3146 2076 3170 Lin.
2090 3153 2147 3178 seq.
2161 3153 2208 3178 pro
2219 3146 2286 3180 fluit
2299 3147 2376 3172 deor-

1310 3189 1384 3212 sum,
1403 3182 1476 3214 pluit
1489 3183 1542 3207 ΑΒ.
1557 3182 1709 3206 Retinemus
1724 3181 1803 3215 fluit,
1823 3181 1896 3213 quia,
1918 3186 1947 3205 ut
1967 3188 1998 3205 ex
2012 3181 2182 3213 sequentibus
2196 3186 2278 3213 patet,
2290 3189 2377 3214 neque

1311 3217 1360 3250 ipsi
1379 3217 1482 3242 codices
1502 3225 1607 3250 semper
1626 3216 1674 3241 sibi
1689 3221 1808 3241 constant
1827 3215 1853 3240 in
1872 3216 1983 3248 legendo
2003 3216 2076 3247 pluit
2095 3217 2136 3241 vel
2152 3216 2228 3250 fluit‚·
2242 3216 2274 3241 cf.
2289 3222 2376 3242 tamen

1311 3257 1435 3320 texti‘gnzt
1445 3287 1604 3322 fluviorum.
1624 3287 1660 3311 Et
1678 3286 1755 3311 huius
1773 3286 1879 3319 signum
1896 3286 2019 3311 dicebant
2036 3293 2099 3311 esse.
2112 3300 2132 3306 -
2143 3289 2170 3311 et
2174 3286 2290 3320 fluvium
2309 3288 2376 3321 (slu-

1311 3323 1454 3355 viorum?)
1474 3323 1614 3347 videturet
1624 3321 1776 3346 huiusmodi
1794 3321 1917 3346 dicebant
1928 3322 1987 3351 AB;
2007 3322 2064 3346 loco
2071 3321 2220 3355 fluviorum
2236 3322 2274 3346 Pa
2288 3323 2377 3355 legunt

1303 3358 1394 3392 fluvii.
1405 3372 1424 3376 -
1437 3359 1487 3382 Pro
1505 3358 1567 3382 hinc
1584 3356 1733 3389 assignant,
1752 3364 1790 3381 ex
1808 3357 1856 3381 hoc
1874 3357 1997 3389 assignat
2013 3357 2067 3381 AB.

1365 3393 1383 3426 ι)
1404 3393 1449 3418 ita·
1466 3393 1538 3425 quod
1561 3400 1648 3417 non...
1663 3392 1756 3416 hieme.
1773 3405 1792 3411 —
1815 3392 1854 3416 ita
1871 3392 1944 3424 quod
1968 3391 2075 3424 deficiat
2098 3399 2170 3424 aqua
2186 3393 2276 3426 fluens
2296 3393 2377 3425 prius

1309 3435 1389 3460 quam
1415 3429 1511 3453 iterato
1535 3427 1706 3459 superveniat
1724 3427 1751 3451 in
1771 3434 1831 3452 vere
1855 3430 1904 3451 aut
1921 3427 2005 3452 hieme
2022 3427 2076 3451 AB.
2090 3441 2110 3446 —-
2123 3427 2202 3452 iidem
2221 3435 2269 3460 pro
2287 3428 2376 3461 deficit

1310 3463 1395 3496 origo,
1416 3463 1557 3496 deficiatur
1575 3463 1668 3495 σῆς-ο,-
1687 3467 1713 3486 et
1730 3470 1778 3494 pro
1797 3462 1893 3487 iterum
1905 3463 1986 3496 fluat,
2007 3462 2104 3487 iterato
2116 3463 2197 3497 fluat.

1363 3499 1389 3531 κ)
1404 3505 1456 3530 per
1475 3501 1559 3523 totum
1580 3498 1741 3522 universum.
1758 3511 1778 3516 -
1791 3505 1843 3529 per
1857 3501 1942 3522 totum
1956 3505 2024 3530 quae
2038 3505 2119 3522 unum
2131 3499 2185 3523 AB.
2198 3511 2214 3516 —
2229 3498 2292 3524 Post
2310 3500 2375 3524 duas

1310 3533 1390 3558 lineas
1409 3541 1457 3566 pro
1477 3534 1518 3558 vel
1536 3538 1594 3558 ante
1614 3540 1702 3562 unum,
1723 3533 1835 3564 spatium
1855 3538 1954 3565 septem
1975 3533 2116 3558 litterarum
2136 3541 2214 3566 capax
2232 3534 2285 3559 AB.

1362 3567 1391 3601 λ)
1410 3569 1471 3594 Hoc
1495 3572 1593 3594 autem.
1610 3582 1630 3588 -
1649 3569 1684 3593 Et
1706 3568 1755 3594 hoc
1773 3569 1826 3593 AB.
1844 3581 1864 3587 —
1881 3568 1944 3593 ltem
1967 3576 2015 3601 pro
2041 3569 2105 3594 Cum
2129 3569 2214 3599 enim,
2238 3570 2309 3602 quod
2333 3573 2373 3594 ta-

1309 3611 1368 3628 men
1378 3611 1387 3633 ‚·
1411 3605 1532 3629 omittunt
1550 3603 1656 3636 insuper
1675 3606 1701 3629 et
1720 3603 1881 3628 naturaliter
1894 3607 1989 3636 partes
2008 3604 2121 3629 tendant
2139 3605 2176 3629 ad
2195 3604 2326 3635 medium,
2350 3610 2376 3630 et

1310 3642 1424 3664 tantum.

2161 3692 2196 3724 48

2412 547 2420 555 ·
2436 548 2585 574 congregata
2600 554 2622 569 r.

2408 1076 2418 1086 ⁴·
2428 1075 2523 1106 Otmisso
2532 1076 2620 1104 dicens,

2408 1108 2465 1130 quta
2479 1109 2516 1124 ΑΒ.

2506 1188 2521 1204 Χ

2432 2031 2499 2059 infra
2513 2037 2550 2052 ΑΒ.

2431 2136 2454 2157 si
2467 2142 2514 2158 om.
2528 2142 2567 2158 AB·

2432 2247 2570 2272 computare
2583 2252 2606 2267 Β.

2407 2502 2417 2511 '
2433 2501 2477 2523 hoc
2490 2507 2528 2522 AB.

2405 2923 2414 2931 ¹
2430 2927 2481 2943 esse
2495 2928 2543 2943 om.
2557 2928 2594 2943 ΑΒ.

2405 2950 2425 2958 ··
2440 2954 2487 2970 non
2501 2948 2554 2970 add.
2568 2954 2607 2970 Pa.
