2782 4134
396 304 474 339 402
1108 289 1700 327 METEOROLOGICORUM
1729 289 1824 324 LIB.
1856 289 1887 324 II

464 369 634 414 πύρωται,
663 368 732 413 ἔχει
757 363 897 412 δυνάμει
923 366 1119 412 θερμότητα
1146 367 1178 398 ἐν
1205 367 1335 404 αὐτοῖς.
1365 366 1463 407 Ὀρᾶν

463 410 492 445 δ’
523 414 634 454 ἔξεστι
667 415 725 444 καὶ
752 412 815 449 τήν
841 414 956 443 κονίαν
986 413 1043 443 καὶ
1069 411 1133 447 τήν
1160 410 1284 454 τέφραν
1315 411 1374 441 καὶ
1399 409 1464 445 τήν

465 458 655 490 ὑπόστασιν
678 458 743 489 τῶν
768 456 859 499 ζῴων
884 458 942 488 καὶ
967 456 1032 491 τήν
1057 454 1160 497 ξηράν
1185 457 1243 486 καὶ
1262 453 1326 490 τήν
1345 453 1463 500 ύγράν,

462 505 520 535 καὶ
539 503 605 536 τῶν
624 500 843 546 θερμοτάτων
862 513 899 545 γε
924 500 1021 531 κατά
1037 499 1101 535 τήν
1121 500 1252 530 κοιλίαν
1274 499 1366 541 ζῴων
1384 509 1466 541 συμ-

463 548 571 588 βαίνει
596 544 811 590 θερμοτάτην
837 542 922 576 εἷναι
948 544 1012 579 τήν
1039 542 1242 575 ὑπόστασιν.

396 594 530 625 Γίνεται
554 591 613 635 μὲν
639 589 695 622 οὖν
724 590 774 621 ἀεὶ
793 587 996 632 πλατυτέρα
1014 582 1073 619 διά
1089 586 1224 623 ταύτην
1242 586 1307 622 τήν
1327 587 1462 619 αἰτίαν·
1484 599 1488 603 ·

465 635 634 681 ἀνάγεται
659 630 689 666 δ’
713 632 763 666 άεί
791 644 824 664 τι
849 631 945 675 μέρος
973 631 1083 668 αὐτῆς
1109 631 1200 675 μετά
1224 631 1287 664 τοῦ
1307 630 1463 676 γλυκέος,

465 681 537 712 ἀλλ’
568 680 716 711 ἔλαττον
749 676 903 717 τοσούτῳ
936 675 1000 716 ὅσῳ
1031 677 1090 707 καὶ
1119 676 1153 712 ἐν
1187 676 1235 717 τῷ
1269 674 1396 718 ύομένῳ
1422 675 1465 707 τὸ

464 723 608 768 ἁλμυρὸν
641 725 697 754 καὶ
731 720 849 753 πλατύ
881 721 944 752 τοῦ
973 719 1114 766 γλυκέος
1147 720 1313 753 ἔλαττον·
1345 715 1463 762 διόπερ

461 769 584 811 ἰσάζει,
602 768 643 804 ὠς
661 765 786 798 ἐπίπαν
808 765 927 796 εἰπεῖν.

386 813 464 847 “Ovi
481 808 518 844 δὲ
534 814 667 858 γίνεται
688 810 878 854 ἀτμίζουσα
897 807 1042 852 πότιμος
1062 810 1120 840 καὶ
1143 809 1202 840 οὐκ
1220 809 1265 846 εἰς
1280 807 1463 841 θάλατταν

460 859 675 903 συγκρίνεται
693 854 734 886 τὸ
753 851 909 897 ἀτμίζον,
930 851 1014 885 ὅταν
1036 854 1243 890 συνιστῆται
1269 852 1386 894 πάλιν,
1407 864 1466 884 πε-

461 899 657 945 πειραμένοι
688 897 851 944 λέγομεν·
878 896 1006 942 πάσχει
1031 892 1069 930 δὲ
1098 899 1157 930 καὶ
1182 895 1298 930 τοῖλλα
1330 896 1463 929 ταύτό·

459 947 517 977 καὶ
534 945 598 991 γάρ
619 941 703 981 οἶνος
722 944 780 973 καὶ
803 940 930 979 πάντες
950 943 979 973 οἱ
1004 943 1119 987 χυμοὶ,
1143 941 1214 974 ὅσοι
1237 941 1276 974 ἂν
1299 942 1465 985 ἀτμίσαν-

460 1002 515 1027 τες
550 988 652 1020 πάλιν
678 988 722 1024 εἰς
749 986 847 1032 ὑγρόν
866 986 1047 1027 συστῶσιν,
1066 982 1152 1030 ὕδωρ
1169 988 1343 1033 γίνονται·
1371 984 1464 1022 πάθη

458 1034 522 1080 γάρ
557 1031 672 1065 τᾶλλα
706 1026 766 1063 διά
794 1042 872 1063 τινα
904 1029 1060 1075 σύμμιξιν
1094 1032 1157 1063 τοῦ
1189 1027 1316 1068 ὕδατός
1350 1029 1463 1071 ἐστιν,

458 1080 516 1110 καὶ
542 1077 609 1108 οἷον
638 1076 676 1108 ἄν
708 1087 742 1108 τι
768 1073 798 1118 ᾖ
814 1075 855 1107 τὰ
880 1074 1081 1120 συμμιχθέν,
1102 1076 1262 1108 τοιοῦτον
1288 1078 1380 1107 ποιεῖ’
1403 1074 1464 1115 τόνΙ

458 1120 577 1167 χυμόν.
612 1120 722 1152 Ἀλλά
755 1120 829 1162 περὶ
863 1119 922 1163 μὲν
955 1119 1090 1151 τούτων
1125 1118 1157 1152 ἐν
1192 1120 1306 1157 ἄλλοις
1335 1122 1463 1162 καιροῖς

458 1164 672 1210 οἰκειοτέροις
698 1163 861 1201 ποιητέον
887 1162 952 1200 τήν
977 1163 1112 1207 σκέψιν·

390 1213 447 1244 νῦν
472 1208 509 1244 δέ
535 1210 702 1243 τοσοῦτον
726 1207 892 1254 λέγωμεν,
917 1207 970 1240 ὅτι
997 1209 1059 1246 τῆς
1085 1206 1265 1246 θαλάττης
1291 1206 1466 1252 ὑπαρχού-

458 1269 530 1297 σης,
553 1252 603 1287 ἀεί
629 1265 664 1286 τι
692 1252 862 1299 ἀνάγεται
886 1254 945 1284 καὶ
970 1254 1105 1298 γίνεται
1131 1252 1278 1297 πότιμον
1302 1253 1362 1284 καὶ
1381 1253 1465 1285 ἄνω-

458 1300 511 1333 θεν
538 1300 571 1331 ἐν
597 1299 645 1339 τῷ
673 1296 800 1342 ύομένῳ
824 1296 1038 1342 κατέρχεται
1065 1296 1149 1329 ἄλλο
1167 1296 1405 1343 γεγενημένον,
1427 1296 1464 1328 οὐ

457 1346 499 1379 τὸ
528 1342 694 1388 ἀναχθέν,
721 1343 780 1374 καὶ
804 1336 864 1374 διά
889 1340 990 1386 βάρος
1024 1342 1214 1384 ὑφίσταται
1240 1343 1289 1383 τῷ
1315 1344 1462 1385 ποτίμῳ.

456 1391 523 1422 Καὶ
548 1383 607 1421 διά
638 1386 734 1420 τοῦτ’
764 1385 836 1418 οὔτ’
866 1386 1053 1426 ἐπιλείπει,
1079 1385 1189 1430 ὥσπερ
1224 1388 1254 1417 οἱ
1287 1387 1462 1429 ποταμοὶ,

461 1434 533 1468 ἀλλ’
555 1431 577 1470 ἦ
595 1436 666 1470 τοῖς
685 1430 807 1468 τόποις
835 1430 960 1475 (τοῦτο
981 1424 1011 1461 δ’
1034 1430 1084 1462 ἐπ’
1108 1429 1306 1474 ἀμφοτέρων
1330 1429 1462 1476 ἀνάγκη

457 1480 653 1524 συμβαίνειν
680 1475 837 1519 ὁμοίως),
865 1474 936 1507 οὔτ’
967 1475 1019 1507 ἀεὶ
1044 1475 1093 1507 τά
1118 1475 1214 1506 αὐτοὶ
1237 1473 1320 1519 μέρη
1346 1470 1464 1518 διαμέ-

458 1536 525 1565 νει,
553 1522 632 1555 οὕτε
657 1521 740 1567 γῆς,
770 1519 848 1551 οὔτε
882 1518 1081 1560 θαλάττης,
1111 1519 1202 1552 ἀλλά
1226 1518 1328 1563 μόνον
1355 1520 1371 1551 ὁ
1397 1521 1464 1558 πᾶς

459 1570 575 1616 ὄγκος·
601 1568 659 1599 καὶ
684 1565 750 1611 γάρ
775 1566 833 1596 καὶ
860 1566 933 1608 περὶ
959 1564 1021 1610 γῆς
1048 1565 1168 1605 ὁμοίως
1186 1559 1239 1595 δεῖ
1256 1563 1460 1605 ύπολαβειν·

459 1614 500 1647 τό
526 1612 584 1657 μὲν
610 1611 675 1658 γάρ
704 1607 898 1654 ἀνέρχεται,
921 1608 963 1641 τὸ
984 1603 1022 1640 δέ
1047 1607 1150 1640 πάλιν
1176 1608 1461 1654 συγκαταβαίνει,

456 1660 514 1691 καὶ
533 1656 613 1694 τους
631 1654 759 1691 τόπους
780 1652 1060 1697 συμμεταβάλλει
1079 1651 1127 1685 τά
1147 1653 1179 1686 τ’
1201 1652 1464 1696 ἐπιπολάζοντα

456 1705 515 1736 καὶ
541 1701 589 1735 τά
611 1698 783 1733 κατιόντα
810 1696 926 1730 πάλιν.

384 1745 461 1780 ’Ὁτι
485 1743 516 1779 δ’
545 1746 637 1779 ἐστὶν
665 1745 697 1776 ἐν
723 1742 812 1786 μίξει
837 1741 926 1780 τινός
954 1741 996 1773 τὸ
1022 1741 1183 1785 άλμυρόν,
1209 1736 1315 1778 δῆλον
1341 1738 1379 1773 οὗ
1405 1739 1464 1783 μό-

459 1804 513 1824 νον
540 1792 576 1824 ἐκ
606 1790 671 1823 τῶν
705 1785 907 1832 εἰρημένων,
936 1785 1027 1818 ἀλλά
1057 1787 1116 1817 καὶ
1149 1784 1208 1818 ἐάν
1241 1798 1291 1824 τις
1326 1784 1463 1832 ἀγγεῖον

458 1835 595 1873 πλάσας
617 1833 659 1876 θῇ
679 1831 814 1876 κήρινον
839 1831 884 1869 εἱς
911 1830 974 1867 τήν
1000 1829 1197 1871 θάλατταν,
1217 1825 1403 1875 περιδήσας
1422 1829 1463 1862 τὰ

459 1880 574 1914 στόμα
600 1877 771 1914 τοιούτοις
797 1874 885 1907 ὥστε
906 1874 953 1919 μή
972 1873 1219 1920 παρεγχεῖσθαι
1244 1875 1306 1914 τῆς
1331 1873 1465 1908 θαλάτ-

459 1917 537 1963 της’·
565 1923 606 1958 τὸ
629 1922 695 1969 γάρ
721 1920 822 1954 εἱσιόν
843 1914 904 1952 διά
928 1920 994 1952 τῶν
1016 1922 1069 1952 τοί
1097 1931 1142 1950 ων
1164 1920 1231 1952 τῶν
1257 1923 1396 1964 κηρίνων
1415 1922 1465 1964 γί-

458 1981 556 2003 νεται
582 1967 727 2011 πότιμον
748 1961 833 2009 ὕδωρ
847 1977 854 1984 ·
881 1962 991 2010 ὥσπερ
1009 1964 1074 2010 γάρ
1115 1964 1130 1995 ι’
1151 1963 1261 2007 ἠθμοῦ
1282 1965 1324 1997 τό
1341 1961 1463 2010 γεῶδες

461 2015 683 2057 ἀποκρίνεται
707 2012 766 2043 καὶ
791 2010 833 2042 τὸ
859 2010 978 2041 ποιοῦν
996 2008 1060 2045 τήν
1081 2008 1307 2053 άλμυρότητα
1325 2005 1384 2042 διά
1400 2009 1464 2047 τήν

458 2057 634 2103 σύμμιξιν·
662 2057 770 2089 τοῦτο
795 2054 860 2100 γάρ
884 2055 995 2086 αἴτιον
1019 2056 1077 2085 καὶ
1096 2054 1158 2086 τοῦ
1179 2053 1300 2098 βάρους
1328 2055 1463 2098 (πλεῖον

458 2104 524 2150 γάρ
550 2102 638 2135 ἕλκει
663 2100 705 2133 τό
737 2099 883 2143 ἁλμυρόν
915 2097 937 2134 ἥ
967 2097 1009 2131 τό
1035 2097 1204 2143 πότιμον)
1227 2099 1286 2130 καὶ
1312 2099 1375 2131 τοῦ
1401 2099 1466 2132 πά-

458 2159 557 2193 χους·
583 2147 643 2178 καὶ
667 2145 732 2192 γάρ
758 2144 799 2177 τό
819 2142 931 2187 πάχος
950 2138 1099 2187 διαφέρει
1117 2143 1285 2176 τοσοῦτον
1311 2141 1399 2176 ὥστε
1418 2144 1466 2177 τά

459 2194 566 2225 πλοῖα
592 2189 662 2224 ἀπὸ
687 2189 750 2222 τοῦ
777 2187 886 2220 αὐτοῦ
913 2187 980 2219 τῶν
1007 2187 1188 2233 ἀγωγίμων
1213 2187 1335 2231 βάρους
1354 2188 1387 2220 ἐν
1405 2189 1465 2232 μὲν

460 2240 531 2275 τοϊς
557 2238 728 2279 ποταμοῖς
748 2230 861 2279 ὀλίγου
887 2226 1111 2272 καταδύνειν,
1131 2232 1164 2264 ἐν
1181 2226 1219 2264 δέ
1236 2232 1283 2274 τῇ
1301 2231 1464 2276 θαλάττῃ

460 2283 600 2326 μετρίως
627 2279 715 2325 ἐχειν
739 2279 797 2309 καὶ
831 2277 1059 2313 πλευστικῶς·
1084 2271 1203 2321 διόπερ
1230 2276 1310 2308 ἔνιοι
1336 2277 1403 2310 τῶν
1430 2275 1463 2309 ἐν

459 2329 530 2363 τοῖς
557 2327 727 2366 ποταμοῖς
751 2320 960 2368 γεμιζόντων
986 2316 1047 2354 διά
1070 2320 1206 2359 ταύτην
1233 2321 1297 2358 τήν
1322 2320 1463 2368 ἄγνοιαν

459 2367 705 2414 ἐζημιώθησαν.
747 2365 863 2410 Τεκμή
885 2376 933 2396 ιον
968 2360 1006 2397 δὲ
1040 2366 1103 2397 τοῦ
1138 2365 1340 2413 μιγνυμένου
1373 2366 1464 2404 τινός

459 2413 655 2459 παχύτερον
675 2409 760 2444 εἶναι
782 2411 840 2443 τὸν
859 2378 881 2443 ’ἕ
906 2421 982 2442 κον·
1011 2408 1069 2442 ἐοὶν
1085 2409 1151 2456 γάρ
1170 2423 1221 2449 τις
1247 2405 1333 2455 ὕδωρ
1361 2412 1466 2454 άλμυ-

459 2459 514 2504 ρόν
540 2457 668 2500 ποιήσῃ
693 2450 823 2500 σφόδρα
848 2457 883 2498 μί
909 2465 947 2492 ας
975 2452 1073 2495 ἅλας,
1101 2451 1300 2487 ἐπιπλέουσι
1326 2455 1375 2488 τά
1399 2455 1462 2497 ᾠά,

458 2503 522 2536 κᾶν
542 2500 565 2545 ’ᾖ
583 2501 714 2544 πλήρη·
741 2496 863 2544 σχεδὸν
889 2498 953 2546 γὰρ
979 2497 1089 2543 ὥσπερ
1109 2499 1216 2538 πηλός
1232 2501 1384 2545 γίνεται·
1407 2511 1464 2532 το-

459 2548 583 2580 σοῦτον
610 2546 679 2591 ἔχει
704 2538 911 2587 σωματῶδες
939 2541 1067 2581 πλῆθος
1093 2543 1113 2578 ’ἦ
1140 2542 1319 2576 θάλαττα.
1345 2543 1464 2576 Ταῦτό

459 2587 498 2624 δέ
523 2592 629 2624 τοῦτο
655 2585 755 2632 δρῶσι
778 2589 838 2620 καὶ
863 2587 937 2634 περὶ
963 2587 1025 2624 τάς
1046 2598 1124 2629 ταρι
1152 2589 1234 2626 είας.
1263 2587 1301 2618 Εἰ
1320 2582 1350 2618 δ’
1372 2587 1462 2621 ἔστιν

461 2635 571 2678 ὥσπερ
606 2632 830 2678 μυθολογοῦσί
863 2644 971 2672 τινες,
1006 2632 1038 2663 ἐν
1067 2631 1119 2662 Πα
1146 2635 1282 2675 αιστίνῃ
1315 2632 1463 2669 τοιαύτη

459 2682 581 2725 λίμνη,
609 2679 653 2716 εἰς
679 2677 719 2714 ἦν
745 2675 804 2709 ἐάν
830 2687 880 2714 τις
908 2674 1041 2721 ἐμβάλῃ
1073 2670 1241 2715 συνδήσας
1269 2674 1462 2720 ἄνθρωπον,

461 2723 482 2762 ἦ
509 2722 713 2769 ὑποζύγιον,
748 2721 902 2753 ἐπιπλεῖν
935 2721 993 2753 καὶ
1027 2720 1064 2752 οὗ
1096 2715 1335 2753 καταδύεσθαι
1368 2722 1466 2754 κατά

462 2769 524 2802 τοῦ
552 2763 700 2807 ὕδατος,
727 2765 911 2821 μαρτύριον
940 2765 978 2798 ἂν
1004 2766 1053 2802 εἴη
1080 2768 1150 2802 τοῖς
1185 2763 1385 2809 εἰρημένοις·
1410 2765 1464 2798 λέ-

461 2824 558 2860 γουσι
574 2811 638 2858 γάρ
666 2821 724 2843 πικ
749 2809 786 2842 aiv
814 2822 921 2848 ουτως
946 2806 1031 2842 εἶναι
1057 2808 1122 2845 τήν
1138 2811 1257 2854 λίμνην
1282 2811 1340 2841 καὶ
1361 2810 1466 2854 αἱλμυ-

462 2858 522 2900 ράν
554 2856 641 2889 ὥστε
673 2822 804 2898 μηθένα
835 2853 931 2899 ἰχθύν
963 2852 1178 2899 ἐγγίνεσθαι,
1210 2854 1258 2888 ταὶ
1281 2849 1310 2884 δ’
1339 2853 1464 2898 ἱμάτια

460 2901 614 2947 ῥύπτειν,
633 2899 692 2932 ἐάν
719 2910 769 2936 τις
794 2894 949 2942 διασείσῃ
976 2897 1110 2942 βρέξας.
1146 2898 1245 2932 Ἐστι
1270 2892 1308 2930 δέ
1332 2900 1391 2930 καὶ
1417 2899 1466 2932 τά

465 2946 617 2978 τοιαῦτα
641 2947 764 2986 σημεῖα
790 2941 911 2975 πάντα
938 2943 1004 2975 τῶν
1030 2941 1229 2997 εἰρημένων,
1258 2940 1312 2976 ὅτι
1337 2943 1378 2976 τὸ
1406 2945 1467 2976 άλ-

461 2989 561 3035 μυρόν
580 2992 671 3022 ποιεῖ
694 2986 793 3030 σῶμά
817 2998 864 3028 τι,
883 2989 941 3020 καὶ
985 2981 1083 3024 εῶδες
1103 2987 1175 3020 ἐστι
1193 2988 1234 3020 τό
1253 2987 1442 3034 ἐνυπάρχον
1455 3000 1462 3007 ·

463 3035 495 3067 ἔν
522 3046 559 3067 τε
584 3033 649 3080 γάρ
675 3033 721 3075 τῇ
747 3033 878 3072 Χαονία
903 3043 1008 3075 κρηνη
1034 3034 1085 3070 τίς
1113 3031 1205 3064 ἐστιν
1232 3027 1358 3070 ὕδατος
1377 3034 1464 3065 πλα-

461 3078 618 3122 τυτέρου,
639 3077 779 3121 ἀπορρεῖ
802 3071 832 3107 δ’
853 3075 943 3115 αὕτη
970 3077 1015 3115 εἷς
1041 3075 1201 3120 ποταμὸν
1227 3079 1370 3114 πλησίον
1387 3079 1465 3124 γλυ-

459 3123 518 3155 κύν
544 3122 624 3167 μὲν,
650 3122 660 3153 ἱ
688 3120 744 3159 θῦς
769 3115 800 3152 δ’
821 3120 888 3163 Δοὐκ
914 3121 929 3153 ἔ
957 3131 1061 3154 οντα·
1088 3119 1221 3153 εἵλοντο
1246 3121 1311 3168 γάρ
1337 3117 1394 3163 δή,
1421 3123 1464 3159 ὠς

463 3170 492 3199 οἱ
527 3166 596 3198 ἐκεῖ
627 3178 669 3211 μυ
695 3164 893 3210 ολογοῧσιν,
930 3167 1083 3208 ἐ,ουσίας
1115 3159 1267 3205 δοθείσης
1300 3165 1367 3198 ὑπὸ
1401 3167 1464 3198 τοῦ

457 3209 681 3256 Ἡρακλέους,
709 3209 760 3243 ὅτ’
790 3207 890 3247 ἦλθεν
922 3211 1012 3258 ἄγων
1043 3209 1080 3242 ἐκ
1106 3210 1169 3247 τῆς
1195 3207 1366 3255 Ἐρυθείας
1402 3210 1464 3249 τοὶς

462 3256 554 3297 βοῦς,
583 3254 667 3293 ἅλας
694 3255 770 3288 ἀντὶ
797 3254 863 3287 τῶν
888 3255 899 3286 ἰ
927 3254 1028 3296 θύων,
1055 3256 1085 3286 οἳ
1109 3256 1265 3298 γίνονται
1292 3255 1410 3293 αὐτοῖς
1429 3255 1466 3288 ἐκ

463 3299 525 3337 τῆς
557 3298 698 3344 κρήνης·
726 3298 853 3332 τούτου
878 3267 943 3346 γζῖρ
969 3300 1033 3332 τοῦ
1059 3293 1186 3336 ὕδατος
1221 3296 1284 3345 ἀφέ
1311 3298 1405 3337 οντές
1430 3311 1464 3332 τι

463 3343 561 3387 μέρος
588 3342 733 3384 τιθέασι,
759 3346 817 3375 καὶ
867 3346 976 3377 ίνεται
1001 3342 1138 3389 ψυχθὲν,
1167 3341 1252 3376 ὅταν
1280 3356 1380 3378 απατ
1409 3346 1464 3387 ίσῃ

464 3387 505 3419 τό
531 3387 628 3433 ὑγρὸν
663 3387 736 3430 ἅμα
768 3388 816 3429 τῷ
842 3355 970 3432 θερμῷ,
999 3388 1098 3428 ἅλες,
1126 3388 1164 3419 οὗ
1214 3383 1346 3433 ονδροὶ,
1397 3389 1466 3421 λλαῖ

463 3442 582 3476 χαυνοι
606 3434 663 3463 καὶ
686 3433 807 3465 λεπτοὶ
833 3431 943 3488 ὥσπερ
994 3432 1063 3464 miv.
1092 3432 1164 3464 Εἰσὶ
1214 3432 1227 3464 ἐ
1252 3432 1318 3469 τήν
1344 3445 1382 3465 τε
1407 3427 1467 3464 δύ-

463 3487 561 3517 ναμιν
581 3474 814 3518 ἀσθενέστεροι
831 3478 898 3509 τῶν
919 3478 960 3509 αλ
984 3489 1028 3508 ων
1053 3477 1112 3508 καὶ
1131 3478 1266 3515 πλείους
1284 3473 1463 3515 ήδύνουσιν

465 3517 700 3562 ἐμβληθέντες,
719 3521 778 3551 καὶ
796 3520 859 3557 τήν
885 3521 991 3566 χρόαν
1015 3521 1053 3553 οὗ
1101 3521 1221 3564 ὁμοίως
1239 3522 1365 3556 λευκοί.
1391 3523 1467 3554 Τοι-

466 3563 566 3595 οῦτον
584 3557 614 3594 δ’
636 3562 749 3605 ἕτερον
775 3567 907 3609 γίνεται
931 3567 990 3598 καὶ
1018 3566 1050 3597 ἐν
1085 3565 1282 3609 Ομβρικοῖς·
1310 3566 1383 3599 ἔστι
1400 3566 1464 3612 γάρ

465 3618 515 3645 τις
538 3605 642 3645 τόπος
662 3607 695 3639 ἐν
713 3607 736 3648 ᾤ
756 3607 923 3652 πεφύκασι
947 3609 1103 3652 κάλαμος
1127 3612 1186 3642 καὶ
1207 3614 1357 3657 σχοῖνος·
1386 3610 1467 3642 τού-

466 3663 532 3683 των
565 3649 622 3683 οὕν
653 3651 891 3694 κατακάουσι,
921 3655 980 3685 καὶ
1006 3653 1070 3690 τήν
1098 3652 1222 3698 τέφραν
1254 3653 1462 3699 ἐμβαλόντες

1589 377 1659 397 cem
1675 373 1706 398 et
1725 367 1873 405 cinerem,
1891 373 1922 398 et
1937 366 2136 408 hypostasim
2160 367 2346 398 animalium
2370 374 2401 399 et
2423 368 2538 400 siccam
2562 376 2593 400 et

1588 411 1770 450 humidam;
1791 418 1822 442 et
1838 411 2104 442 calidissimorum
2123 412 2301 442 secundum
2315 419 2459 443 ventrem
2473 413 2592 444 anima-

1586 455 1668 486 lium
1687 455 1798 486 accidit
1821 455 2047 486 calidissimam
2071 465 2138 486 esse
2161 455 2370 497 hypostasim.

1519 587 1571 618 Fit
1586 587 1682 628 igitur
1698 598 1823 629 semper
1840 588 1975 619 alterum
1994 595 2025 619 et
2043 587 2179 618 alterum
2195 593 2326 628 propter
2340 587 2422 620 hanc
2446 598 2592 622 causam:

1588 633 1728 663 elevatur
1751 639 1859 663 autern
1883 642 2008 673 semper
2032 632 2138 673 aliqua
2161 642 2233 672 pars
2256 632 2356 672 ipsius
2390 643 2465 664 cum
2489 635 2590 674 dulci,

1588 677 1643 708 sed
1661 677 1769 708 minor
1786 683 1875 708 tanto
1900 684 2022 717 quanto
2039 683 2070 707 et
2092 677 2126 706 in
2149 676 2258 716 pluvia
2281 677 2362 707 salsa
2377 684 2408 708 et
2425 678 2488 709 lata
2507 679 2593 710 dulci

1588 721 1702 752 minor.
1728 722 1862 762 Propter
1876 721 1966 762 quod
1985 721 2117 762 quidem
2141 721 2272 762 aequale
2297 728 2353 760 est,
2370 729 2407 753 ut
2429 722 2470 753 ad
2493 733 2590 754 omne

1588 765 1700 796 dicere.

1521 810 1620 847 Quod
1643 816 1752 840 autem
1766 808 1802 840 fit
1815 819 1973 850 vaporans
1997 809 2147 850 potabile,
2165 815 2196 840 et
2211 819 2278 839 non
2302 809 2335 840 in
2354 820 2442 841 mare
2465 821 2594 842 concer-

1587 853 1673 884 nitur
1695 863 1863 893 vaporans,
1879 854 2009 894 quando
2030 853 2205 884 constiterit
2226 853 2353 892 iterum,
2369 859 2526 886 tentantes
2547 855 2593 886 di-

1588 908 1708 928 camuS.
1733 897 1900 928 Patiuntur
1928 904 2037 928 autern
2060 904 2091 928 et
2113 897 2173 928 alia
2203 898 2298 928 idem.
2323 898 2453 929 Etenim
2479 899 2594 931 vinum

1588 948 1619 972 et
1634 951 1747 972 omnes
1763 941 1915 972 humores
1931 941 2130 982 quicumque
2145 949 2334 983 vaporantes
2347 943 2464 974 iterum
2482 943 2516 975 in
2531 944 2593 975 hu-

1587 986 1724 1024 midum,
1742 995 1817 1016 curn
1841 985 2048 1024 constiterint,
2065 996 2148 1026 aqua
2163 985 2255 1017 fiunt.
2279 987 2352 1018 Alia
2372 988 2458 1018 enim
2472 989 2592 1029 passio-

1588 1040 1644 1061 nes
1667 1039 1769 1070 aquae
1793 1036 1868 1060 sunt
1898 1036 2030 1070 propter
2061 1031 2224 1071 quandam
2257 1031 2537 1072 commixtionem;
2562 1039 2593 1064 et

1588 1074 1824 1116 qualecumque
1848 1073 1942 1104 fuerit
1965 1074 2054 1114 quod
2078 1074 2304 1113 commixtum,
2329 1075 2425 1107 talem
2448 1076 2523 1108 facit
2545 1087 2592 1109 sa-

1587 1129 1710 1159 porem.
1736 1118 1798 1149 Sed
1822 1118 1861 1148 de
1881 1117 1929 1148 his
1953 1118 2086 1159 quidem
2107 1118 2142 1148 in
2165 1119 2234 1149 aliis
2257 1120 2457 1160 temporibus
2474 1131 2591 1152 conve-

1587 1163 1746 1194 nientibus
1766 1162 1948 1193 faciendum
1972 1161 2269 1194 considerationem.

1519 1209 1613 1239 Nunc
1633 1214 1741 1238 autem
1756 1213 1882 1237 tantum
1897 1206 2042 1246 dicimus,
2060 1207 2149 1247 quod
2167 1207 2263 1238 maris
2287 1207 2447 1239 existentis
2467 1219 2593 1251 semper

1587 1251 1708 1293 aliquid
1723 1261 1850 1282 sursum
1874 1251 2001 1282 ducitur
2024 1258 2056 1282 et
2078 1250 2114 1282 fit
2131 1251 2283 1292 potabile,
2300 1259 2332 1283 et
2350 1253 2388 1290 de
2405 1263 2534 1285 sursum
2556 1254 2591 1286 in

1586 1296 1695 1338 pluvia
1720 1295 1881 1326 descendit
1903 1295 1991 1326 aliud
2014 1295 2149 1334 factum,
2174 1306 2241 1326 non
2268 1297 2357 1338 quod
2381 1296 2510 1329 sursum
2533 1298 2592 1330 du-

1587 1348 1686 1379 ctum,
1711 1347 1742 1371 et
1765 1346 1896 1381 propter
1918 1340 2047 1380 pondus
2070 1340 2213 1371 subsidet
2234 1340 2378 1381 potabili.
2398 1341 2440 1373 Et
2460 1349 2593 1384 propter

1585 1385 1648 1416 hoc
1671 1395 1738 1416 non
1762 1383 1877 1422 deficit,
1902 1384 1983 1415 sicut
2001 1384 2101 1423 fluvii,
2126 1384 2186 1415 nisi
2208 1384 2288 1416 locis
2304 1385 2499 1426 quibusdam
2515 1385 2592 1430 (hoc

1586 1436 1695 1460 autem
1711 1436 1742 1460 et
1756 1429 1790 1460 in
1806 1429 1964 1460 ambobus
1983 1439 2110 1459 necesse
2133 1428 2272 1460 accidere
2291 1428 2466 1474 similiter):
2486 1441 2592 1473 neque

1587 1484 1712 1515 semper
1735 1474 1865 1505 eaedem
1888 1480 1992 1514 partes
2016 1480 2215 1514 permanent,
2235 1483 2340 1515 neque
2364 1481 2463 1506 terrae
2485 1480 2592 1517 neque

1586 1519 1693 1557 maris,
1709 1519 1764 1549 sed
1788 1525 1914 1549 tantum
1932 1524 2000 1548 tota
2015 1518 2128 1549 moles.
2148 1517 2277 1549 Etenim
2293 1519 2332 1549 de
2348 1525 2429 1550 terra
2448 1519 2592 1552 similiter

1586 1570 1714 1604 oportet
1729 1562 1922 1594 existimare:
1940 1562 2003 1592 hoc
2018 1562 2150 1603 quidem
2166 1561 2253 1593 enim
2272 1573 2400 1594 sursum
2411 1563 2512 1604 venit,
2528 1559 2598 1597 hoc.

1586 1614 1695 1638 autern
1717 1607 1834 1638 iterum
1857 1606 2098 1646 condescendit;
2119 1613 2150 1638 et
2165 1606 2237 1637 loca
2257 1614 2440 1648 permutant
2459 1613 2491 1640 et
2508 1616 2592 1651 quae

1585 1651 1822 1693 supernatantia
1845 1658 1877 1682 et
1899 1660 1982 1692 quae
2005 1651 2228 1682 descendentia
2250 1651 2376 1683 iterum.

1519 1748 1618 1785 Quod
1642 1754 1750 1778 autern
1773 1753 1819 1778 est
1842 1746 1875 1778 in
1899 1745 2130 1777 commixtione
2153 1745 2287 1778 alicuius
2318 1747 2455 1786 salsum,
2483 1747 2591 1789 palam

1587 1802 1654 1822 non
1685 1791 1793 1822 solum
1817 1801 1854 1822 ex
1884 1790 1990 1829 dictis,
2015 1790 2070 1821 sed
2094 1797 2125 1822 et
2147 1790 2173 1821 si
2197 1791 2269 1832 quis
2292 1801 2347 1822 vas
2376 1801 2503 1824 cereum
2526 1792 2590 1824 for-

1586 1846 1677 1868 mans
1701 1835 1845 1876 posuerit
1862 1835 1894 1866 in
1919 1845 2016 1873 mare,
2041 1834 2262 1875 circumligans
2277 1845 2313 1866 os
2337 1835 2452 1867 talibus
2471 1842 2509 1868 ut
2522 1847 2591 1870 non

1586 1891 1643 1922 per
1665 1879 1780 1910 rimam
1803 1879 1944 1921 aliquam
1960 1879 2054 1910 intret
2078 1886 2181 1910 mare:
2201 1879 2291 1921 quod
2310 1879 2397 1911 enim
2416 1879 2592 1921 ingreditur

1586 1935 1643 1966 per
1665 1924 1799 1965 parietes
1823 1934 1942 1962 cereos,
1958 1923 1994 1955 fit
2016 1923 2166 1964 potabilis
2189 1931 2291 1965 aqua;
2310 1924 2402 1965 quasi
2425 1924 2512 1958 enim
2534 1935 2592 1967 per

1584 1970 1729 2010 linguam
1752 1978 1840 2000 cerae
1863 1968 1954 2010 quod
1977 1975 2120 2000 terrestre
2143 1968 2325 2006 secernitur,
2343 1975 2374 2000 et
2389 1968 2506 2001 faciens
2529 1970 2591 2002 sal-

1586 2014 1729 2045 sedinem
1740 2020 1870 2054 propter
1887 2012 2159 2044 commixtionem.
2173 2013 2262 2044 Haec
2273 2012 2360 2044 enirn
2373 2023 2468 2045 causa
2483 2021 2515 2047 et
2524 2023 2592 2056 gra-

1586 2057 1725 2089 vedinis:
1742 2058 1815 2099 plus
1833 2057 1918 2088 enim
1930 2057 2025 2088 trahit
2042 2057 2122 2087 salsa
2145 2067 2245 2098 quam
2263 2057 2424 2098 potabilis.
2447 2057 2490 2093 Et
2502 2068 2591 2100 gros-

1587 2103 1685 2134 sitiei:
1710 2102 1827 2134 etenim
1851 2101 2012 2143 grossities
2036 2101 2138 2133 differt
2160 2101 2193 2132 in
2207 2108 2350 2141 tantum,
2374 2107 2412 2134 ut
2432 2112 2528 2135 navet
2551 2103 2591 2135 ab

1586 2147 1701 2178 eodem
1724 2147 1866 2188 pondere
1888 2156 1996 2177 rerum
2019 2145 2053 2176 in
2075 2145 2180 2177 fluviis
2204 2145 2337 2188 quidem
2361 2146 2426 2178 fere
2448 2147 2591 2179 submer-

1585 2199 1717 2233 gantur,
1741 2191 1774 2222 in
1798 2190 1878 2222 mari
1901 2197 2009 2221 autem
2033 2190 2234 2221 mediocriter
2256 2201 2290 2221 se
2317 2191 2455 2223 habeant
2483 2197 2514 2224 et
2536 2201 2592 2224 na-

1585 2236 1770 2277 vigabiliter.
1794 2235 1928 2276 Propter
1951 2235 2041 2276 quod
2063 2234 2196 2276 quidem
2215 2234 2314 2276 aliqui
2333 2234 2367 2266 in
2385 2234 2490 2268 fluviis
2515 2245 2592 2268 one·

1585 2281 1743 2319 rentium,
1767 2286 1897 2321 propter
1927 2278 2009 2310 hanc
2037 2278 2251 2319 ignorantiam
2282 2278 2475 2312 damnificati
2505 2287 2592 2313 sunt.

1586 2329 1824 2366 Argumentum
1846 2331 1955 2356 autem
1977 2323 2068 2354 mixti
2091 2323 2182 2364 quod
2203 2323 2344 2364 grossior
2360 2331 2407 2356 est
2421 2324 2540 2356 moles:
2564 2324 2591 2356 si

1586 2370 1674 2401 enim
1697 2369 1812 2411 aliquis
1835 2378 1953 2410 aquam
1977 2368 2093 2399 salsam
2116 2367 2234 2407 fecerit,
2256 2368 2348 2400 valde
2373 2368 2511 2400 miscens
2533 2369 2592 2409 sal,

1587 2420 1793 2455 supernatant
1811 2423 1883 2451 ova,
1899 2411 1957 2444 etsi
1976 2412 2038 2443 sint
2053 2412 2158 2453 plena.
2182 2412 2261 2443 Fere
2280 2412 2367 2444 enim
2390 2413 2472 2446 sicut
2484 2413 2593 2453 lutum

1585 2458 1632 2497 fit,
1649 2465 1770 2490 tantam
1785 2457 1880 2488 habet
1899 2457 2120 2498 corpulentam
2133 2456 2374 2496 multitudinem
2386 2467 2484 2489 mare.
2501 2457 2592 2489 Idem

1586 2509 1695 2534 autem
1717 2502 1779 2532 hoc
1809 2507 1982 2542 operantur
2004 2507 2035 2532 et
2058 2501 2139 2532 circa
2169 2501 2313 2532 salsuras.
2339 2501 2372 2532 Si
2395 2507 2504 2533 autem
2526 2508 2590 2541 est,

1587 2547 1669 2578 sicut
1684 2545 1866 2577 fabulantur
1881 2545 2025 2586 quidam,
2040 2544 2073 2576 in
2097 2545 2273 2576 Palaestina
2296 2545 2357 2576 tale
2373 2552 2534 2587 stagnum,
2557 2545 2591 2577 in

1586 2591 1675 2632 quod
1695 2589 1720 2620 si
1743 2589 1814 2631 quis
1833 2588 2023 2620 immerserit
2041 2588 2227 2629 colligatum
2250 2589 2417 2620 hominem
2439 2596 2496 2622 aut
2516 2588 2591 2622 sub-

1585 2634 1700 2676 iugale,
1720 2640 1934 2674 supernatare,
1954 2640 1985 2664 et
2008 2643 2074 2664 non
2098 2633 2259 2674 submergi
2281 2633 2315 2664 in
2338 2644 2432 2676 aqua,
2447 2634 2591 2666 testimo-

1586 2679 1677 2710 nium
1701 2678 1811 2719 utique
1836 2678 1894 2709 erit
1915 2677 2048 2719 aliquod
2071 2677 2170 2710 dictis.
2195 2678 2315 2709 Dicunt
2338 2678 2423 2710 enim
2443 2688 2591 2720 amarum

1586 2724 1630 2754 sic
1654 2733 1720 2754 esse
1745 2730 1893 2763 stagnum
1917 2729 1948 2754 et
1971 2722 2102 2761 salsum,
2129 2729 2165 2753 ut
2187 2722 2231 2753 ibi
2253 2723 2361 2754 nullus
2385 2722 2479 2764 piscis
2501 2722 2591 2755 inna-

1587 2775 1708 2799 scatur:
1733 2767 1920 2798 vestimenta
1944 2773 2052 2798 autem
2075 2766 2241 2805 sordidari,
2258 2767 2284 2798 si
2308 2767 2380 2808 quis
2403 2767 2592 2799 humectans

1585 2811 1787 2854 permoverit.
1809 2811 1891 2843 Sunt
1909 2818 2016 2842 autem
2036 2817 2067 2842 et
2085 2810 2195 2842 omnia
2217 2810 2291 2842 talia
2307 2811 2396 2853 signa
2419 2811 2590 2852 dictorum,

1585 2857 1675 2898 quod
1698 2855 1887 2887 salsedinem
1911 2855 1984 2887 facit
2017 2865 2133 2897 corpus
2157 2855 2306 2897 aliquod,
2325 2863 2357 2887 et
2378 2862 2521 2888 terrestre
2543 2862 2592 2888 est

1585 2901 1675 2943 quod
1690 2900 1836 2931 inexistit.
1854 2901 1890 2931 In
1909 2899 2055 2932 Chaonia
2071 2899 2157 2931 enim
2178 2899 2250 2931 fons
2269 2900 2401 2942 quidam
2423 2906 2471 2932 est
2488 2909 2591 2942 aquae

1585 2946 1682 2977 latae:
1704 2945 1804 2976 effluit
1824 2951 1932 2976 autem
1947 2945 1980 2975 in
1997 2944 2132 2975 fluvium
2155 2954 2267 2985 prope,
2289 2944 2417 2976 dulcem
2440 2943 2590 2987 quidem,

1585 2990 1686 3031 pisces
1711 2996 1818 3020 autem
1851 2999 1918 3020 non
1941 2989 2122 3021 habentem.
2153 2988 2326 3029 Elegerunt
2349 2988 2446 3029 enim,
2469 2995 2507 3021 ut
2533 2988 2590 3031 qui

1585 3034 1628 3065 ibi
1645 3034 1836 3072 fabulantur,
1853 3040 2008 3074 potestate
2033 3033 2105 3064 data
2127 3033 2166 3064 ab
2188 3033 2337 3072 Hercule,
2354 3033 2484 3075 quando
2503 3033 2590 3066 venit

1586 3079 1705 3110 ducens
1729 3079 1767 3109 ab
1791 3078 1923 3120 Erythia
1945 3078 2055 3116 boves,
2080 3077 2159 3108 sales
2182 3087 2241 3119 pro
2266 3077 2416 3120 piscibus,
2433 3077 2490 3120 qui
2507 3076 2591 3110 fiunt

1585 3123 1662 3164 ipsis
1686 3133 1722 3153 ex
1746 3122 1844 3154 fonte.
1862 3122 1969 3153 Huius
1992 3122 2076 3153 enim
2094 3131 2195 3164 aquae
2211 3122 2425 3165 decoquentes
2448 3121 2590 3165 anquam

1586 3173 1708 3208 partem
1731 3173 1871 3208 ponunt,
1891 3173 1922 3198 et
1939 3163 1980 3198 fit'
1998 3166 2125 3208 frigida,
2145 3177 2220 3198 cum
2243 3165 2460 3208 evaporaverit
2482 3165 2589 3198 humi-

1586 3212 1665 3242 dum
1689 3221 1764 3242 cum
1787 3211 1901 3251 calido,
1925 3211 2016 3250 sales,
2040 3221 2106 3242 non
2129 3210 2230 3252 grossi
2253 3210 2422 3252 compacti,
2450 3210 2506 3242 sed
2526 3210 2589 3242 laxi

1586 3263 1617 3287 et
1632 3255 1761 3287 subtiles
1786 3256 1867 3287 sicut
1882 3255 1952 3286 nix:
1970 3262 2044 3287 sunt
2063 3262 2172 3287 autem
2186 3255 2301 3287 virtute
2318 3255 2485 3287 debiliores
2508 3254 2589 3294 aliis,

1585 3307 1616 3331 et
1630 3300 1703 3341 plus
1727 3300 1892 3338 delectant,
1909 3306 1940 3330 et
1959 3299 2066 3331 colore
2085 3310 2151 3331 non
2175 3299 2318 3332 similiter
2341 3299 2414 3331 albi.
2437 3298 2517 3330 Tale
2533 3308 2589 3330 au-

1585 3351 1650 3376 tem
1673 3344 1808 3375 alterum
1824 3343 1859 3375 fit
1882 3351 1913 3375 et
1927 3344 1961 3375 in
1977 3344 2144 3376 Umbricis.
2165 3344 2223 3376 Est
2245 3344 2331 3375 enim
2350 3343 2484 3386 quidam
2497 3343 2589 3374 locus

1584 3389 1616 3420 in
1636 3399 1703 3430 quo
1722 3395 1896 3420 nascuntur
1915 3388 2027 3420 calami
2047 3395 2078 3420 et
2096 3388 2235 3429 scirpus:
2255 3388 2294 3419 de
2310 3387 2358 3419 his
2375 3388 2588 3427 comburunt,

1586 3441 1616 3465 et
1634 3433 1772 3464 cinerem
1790 3433 1995 3464 immittentes
2019 3433 2205 3474 decoquunt
2226 3432 2259 3463 in
2283 3439 2415 3474 aquam3
2439 3441 2514 3463 cum
2532 3441 2588 3462 au-

1584 3485 1650 3509 tem
1668 3477 1844 3509 dimiserint
1862 3484 1985 3518 partem
2002 3487 2114 3518 aquae,
2133 3476 2312 3518 infrigidata
2335 3476 2408 3508 salis
2424 3475 2460 3507 fit
2478 3475 2588 3507 multi-

1585 3522 1676 3553 tudo.
1689 3522 1921 3562 Quaecumque
1932 3528 2039 3552 autem
2051 3528 2126 3553 sunt
2140 3521 2220 3552 salsa
2234 3521 2399 3553 rheumata
2414 3520 2588 3551 fluviorum

1586 3573 1641 3597 aut
1659 3565 1811 3604 sontium,
1828 3565 1965 3606 plurima
1988 3565 2087 3596 calida
2111 3564 2283 3606 aliquando
2307 3571 2435 3606 oportet
2456 3566 2586 3604 putare;

1585 3610 1698 3641 deinde
1731 3609 1924 3651 principium
1954 3609 2086 3650 quidem
2114 3609 2253 3650 extingui
2277 3609 2376 3649 ignis,
2403 3617 2460 3649 per
2487 3616 2587 3649 quam

1586 3661 1694 3685 autem
1717 3660 1883 3695 penetrant
1902 3660 2017 3684 terram
2035 3653 2139 3684 adhuc
2155 3662 2282 3684 manere
2299 3652 2483 3684 existentem
2499 3651 2586 3682 velut
