2782 4134
57 2237 151 2260 -·.neq.

1083 280 1195 316 CAP.
1227 279 1298 326 IV,
1329 278 1482 315 LECT.
1511 279 1580 315 VII

234 358 383 406 frigore,
400 358 495 395 sicut
515 371 603 395 cum
622 359 751 406 aliqua
774 359 915 396 cadunt
933 361 1088 408 expulsa
1107 367 1123 382 α
1145 373 1190 397 ex
1210 359 1301 407 digi-

2350 280 2422 326 345

1410 359 1511 396 Dicit
1549 370 1639 406 ergo
1676 358 1803 407 primo
1842 358 1948 406 quod
1985 358 2197 395 secundum
2235 358 2426 395 diversam

235 411 293 458 tis,
313 418 355 448 ut
382 423 460 448 nux
487 411 630 448 cerasii.
651 412 764 449 Unde
784 420 820 449 et
847 412 887 449 in
914 420 1053 449 terram
1082 421 1118 450 et
1136 413 1174 450 in
1194 425 1300 449 mare
1355 412 1587 462 positionem
1607 417 1620 438 ⁷
1650 410 1896 448 exhalationis
1925 411 1963 448 in
1991 411 2186 448 latitudine
2215 419 2251 448 et
2272 412 2427 460 profun-

234 463 414 501 videntur
443 464 641 512 cadentia,
676 472 712 501 et
739 466 815 502 hoc
842 473 921 502 tam
949 466 987 502 in
1026 465 1087 502 die
1115 478 1234 514 quam
1263 466 1301 502 in

235 525 359 564 nocte,
380 517 579 554 serenitate
609 517 801 555 existente.
827 518 927 555 Dicit
955 526 1083 555 autern
1107 519 1153 556 de
1171 519 1241 564 die,
1267 526 1303 555 et

235 583 315 608 non
334 571 459 607 solum
472 583 543 620 per
561 579 716 608 noctem
735 570 764 619 β,
781 571 870 620 quia
889 571 1111 608 huiusmodi
1126 571 1222 619 ignis
1243 584 1303 608 ca-

234 623 342 671 dens,
362 623 433 660 nisi
460 624 786 675 appropinquaret
812 631 933 661 terrae
952 637 1021 673 per
1040 631 1203 672 motum,
1224 637 1303 661 non

235 684 436 726 appareret
455 676 503 714 de
524 677 595 714 die.
625 677 726 715 Dicit
745 684 872 714 autem
897 678 1096 714 serenitate
1113 678 1303 723 existente,

234 730 323 779 quia
350 737 525 779 tempore
553 731 740 767 nebuloso
770 730 852 767 talis
879 731 975 779 ignis
1004 731 1052 767 ab
1081 730 1305 767 humiditate

234 782 396 820 nubium
417 791 453 820 et
472 783 568 820 aeris
589 783 877 832 extingueretur.
906 784 984 821 Sed
1003 784 1089 821 licet
1116 784 1186 820 ista
1206 796 1304 833 quae

235 837 375 874 cadunt
403 837 559 885 expulsa
587 837 661 874 sint
688 837 814 885 ignita,
845 845 880 874 et
908 837 968 885 ita,
990 845 1031 874 ut
1057 837 1218 884 videtur,
1241 837 1305 874 de-

233 890 368 927 berent
394 902 478 926 esse
505 889 605 927 levia
634 898 670 928 et
706 891 934 938 ascendere,
964 899 1093 928 tamen
1123 892 1304 929 deorsum

234 943 432 990 iaciuntur,
448 942 539 992 quia
559 944 770 992 coagulatio
791 944 937 992 frigoris
957 945 1157 994 impellens
1182 957 1227 981 ea
1250 944 1305 982 in-

234 996 347 1035 clinat
371 995 564 1034 deorsum.
595 998 644 1034 Et
661 1005 820 1047 propter
842 999 942 1035 hanc
970 1011 1126 1035 causam
1147 998 1306 1035 fulmina

235 1050 376 1088 cadunt
400 1049 594 1098 deorsum,
615 1050 700 1088 licet
728 1051 801 1088 sint
828 1051 964 1100 ignita:
996 1052 1084 1102 quia
1111 1051 1304 1100 generatio

235 1103 411 1141 omnium
425 1103 566 1140 horum
582 1103 635 1141 sic
651 1105 870 1142 cadentium
885 1118 964 1142 non
984 1113 1040 1143 est
1057 1118 1127 1154 per
1142 1105 1307 1142 exustio-

235 1169 326 1195 nem
355 1157 404 1194 ab
436 1156 565 1205 aliquo
595 1158 718 1195 calido
747 1158 931 1206 igniente,
962 1159 1029 1196 sed
1057 1171 1127 1208 per
1154 1171 1306 1208 separa-

234 1210 381 1248 tionem
404 1210 458 1255 ab
470 1210 614 1260 aliquo
643 1211 777 1260 frigido
812 1212 1041 1261 expellente3
1071 1213 1160 1262 quia
1189 1224 1306 1249 omne

113 1273 200 1294 “¹⁴⁸-
227 1262 401 1302 calidum
431 1264 644 1302 secundum
666 1272 841 1303 naturam
865 1266 981 1302 habet
994 1265 1015 1287 '¹‘
1033 1265 1120 1303 ferri
1140 1278 1304 1303 sursum.

291 1317 326 1355 3.
344 1316 525 1354 Secundo
545 1317 616 1355 ibi:
641 1319 910 1368 Quaecumque
924 1319 1073 1367 quidem
1088 1319 1207 1369 igitur
1221 1327 1290 1356 etc.
1282 1348 1304 1366 .,

236 1370 399 1419 assignat
427 1370 680 1409 differentiam
708 1372 804 1409 inter
833 1372 1026 1410 discursus
1059 1372 1230 1410 siderum
1260 1385 1306 1410 ex

235 1423 386 1462 duabus
416 1426 540 1462 causis
565 1425 847 1475 provenientes.
877 1426 927 1462 Et
950 1425 1039 1463 dicit
1066 1426 1171 1475 quod
1191 1438 1306 1475 quae-

235 1489 403 1526 cumque
423 1478 593 1516 siderum
613 1478 905 1516 discurrentium
933 1478 1056 1527 magis
1078 1487 1307 1527 generantur

234 1530 274 1569 in
302 1543 485 1580 supremo
519 1533 619 1580 loco,
651 1532 751 1569 fiunt
776 1544 847 1581 per
880 1532 1122 1570 adustionem
1156 1533 1305 1570 exhala-

66 1601 71 1609 ’
90 1596 140 1614 ⁶¹¹·-
154 1596 193 1613 m-
234 1583 365 1622 tionis:
395 1596 663 1633 quaecumque
683 1597 779 1622 vero
798 1584 819 1606 ’¹‘
838 1585 1040 1623 demissius
1064 1594 1304 1634 generantur,

234 1637 334 1675 fiunt
359 1645 516 1687 propter
542 1639 618 1675 hoc
646 1638 752 1688 quod
781 1638 976 1676 humidior
1004 1640 1191 1677 exhalatio
1218 1652 1306 1677 con-

234 1691 412 1738 cernitur,
433 1691 569 1729 idest*
596 1691 832 1741 inspissatur,
860 1700 896 1729 et
922 1692 1168 1741 infrigidatur.
1199 1694 1307 1731 Haec

235 1743 339 1782 enim
366 1744 527 1782 humida
555 1745 742 1783 exhalatio
763 1753 990 1794 congregata
1014 1747 1197 1785 deorsum
1226 1754 1306 1784 ten-

234 1797 342 1846 dens,
371 1797 529 1848 impellit
548 1806 585 1836 et
604 1799 714 1847 quasi
738 1799 888 1849 proiicit
915 1800 1081 1838 calidum
1111 1800 1307 1849 deorsum,

235 1863 324 1889 cum
353 1851 480 1901 aliqua
507 1852 667 1890 materia
694 1853 904 1902 inspissata.

287 1917 326 1953 4.
355 1902 506 1943 Deinde
535 1918 623 1943 cum
653 1905 757 1944 dicit:
785 1907 946 1955 Propter
967 1908 1192 1955 positionem
1222 1916 1307 1956 etc.,

29 1993 34 1996 .
75 1984 78 1985 ⁷
106 1977 111 1984 ·
132 1980 135 1984 ·
169 1973 208 1990 υ·
235 1958 401 2007 assignat
427 1959 615 1997 rationem
635 1960 882 2008 quorundam
902 1960 1156 1998 accidentium
1170 1961 1190 1983 '¹‘
1210 1962 1308 1999 circa

30 2026 38 2038 ³
65 2021 118 2044 lect-
130 2026 208 2050 imec-
234 2011 429 2062 praedicta
446 2012 478 2051 ³¹⁸.
500 2014 550 2050 Et
565 2012 663 2050 circa
676 2014 752 2051 hoc
772 2014 850 2051 duo
870 2013 977 2051 facit:
997 2014 1124 2064 primo
1145 2015 1309 2063 assignat

235 2065 422 2104 rationem
457 2066 504 2104 de
542 2067 662 2104 modo
699 2074 827 2104 motus
864 2068 1085 2106 huiusmodi
1117 2076 1308 2106 astrorum

236 2118 476 2167 cadentium,
507 2120 720 2158 secundum
750 2121 1040 2171 dispositionem
1068 2121 1088 2143 ²¹²
1115 2122 1306 2171 ipsorum;

234 2173 405 2211 secundo
435 2173 663 2212 determinat
699 2175 828 2211 locum
864 2175 1117 2223 generationis
1150 2188 1306 2223 eorum,

234 2225 306 2264 ibi:
340 2227 477 2264 Omnia
505 2234 631 2265 autem
659 2229 753 2265 haec
779 2229 848 2265 suh
877 2228 967 2265 luna
986 2228 1006 2250 ²⁸
1036 2236 1104 2266 etc.

290 2387 319 2422 a)
338 2388 462 2421 expulsa.
480 2401 499 2408 -·
517 2388 649 2413 elabentia
667 2388 727 2419 AB5
747 2393 773 2413 et
790 2396 845 2413 om.
858 2389 1007 2421 exemplum
1026 2391 1056 2413 ut
1075 2396 1135 2413 nux
1152 2388 1256 2419 cerasii,
1276 2389 1310 2413 ita

235 2428 265 2450 ut
283 2424 439 2449 conveniant
458 2431 517 2449 cum
535 2428 606 2449 textu
625 2424 713 2455 latino,
728 2424 791 2449 dum
811 2424 849 2448 Pa
867 2424 899 2448 ad
918 2431 1042 2456 graecum
1061 2424 1196 2457 quadrant.
1209 2437 1229 2443 -
1241 2424 1310 2449 Ante

235 2458 363 2486 videntur
380 2459 506 2485 cadentia
523 2459 569 2484 AB
588 2459 647 2484 add.
665 2459 821 2492 aliquando.

290 2493 318 2530 β)
337 2495 413 2521 Dicit
425 2498 515 2520 autem
565 2498 678 2520 noctem.
691 2509 710 2514 —
725 2495 800 2520 Dicit
813 2498 904 2520 autem
923 2502 976 2520 non
995 2495 1080 2520 solum
1100 2495 1134 2520 de
1152 2497 1228 2520 nocte
1247 2493 1310 2528 (per

237 2534 340 2557 noctem
358 2530 392 2565 B)
410 2531 459 2556 sed
476 2531 558 2556 etiam
573 2538 627 2563 per
640 2531 710 2556 diem
723 2531 777 2555 AB.
794 2544 814 2549 -
831 2531 882 2555 Pro
901 2531 955 2556 nisi
971 2531 1202 2563 appropinquaret
1221 2533 1311 2556 terrae

231 2573 286 2600 per
303 2569 414 2598 motum,
433 2566 486 2592 nisi
499 2566 699 2599 propinquaret
717 2569 807 2592 terrae
825 2566 872 2591 Pa.

290 2601 318 2636 γ)
337 2602 482 2628 secundum
528 2602 700 2635 positionem.
712 2615 732 2622 —-
744 2602 768 2628 si
785 2602 930 2628 secundum
949 2602 1084 2627 diversam
1098 2601 1310 2634 propositionem

1358 466 1494 514 ditate,
1524 465 1739 502 secundum
1776 465 1851 501 hoc
1890 464 2146 501 diversimode
2180 464 2294 501 fertur
2322 466 2427 501 stella

1359 519 1516 566 cadens,
1547 525 1611 555 aut
1647 530 1799 555 sursum
1837 525 1902 554 aut
1939 517 2120 555 deorsum
2159 525 2224 554 aut
2256 518 2305 555 ad
2332 519 2427 555 latus

1360 572 1589 621 expulsionis
1618 584 1641 608 a
1668 571 1817 619 frigore.
1858 570 1960 617 Quia
1986 571 2006 592 ²³⁶
2034 570 2064 608 si
2102 570 2261 608 materia
2298 571 2428 619 frigida

1359 625 1557 673 inspissata
1578 625 1769 674 expellens
1789 624 1900 661 fuerit
1920 625 2086 661 adunata
2099 623 2119 645 '¹‘
2138 636 2301 672 sursum,
2323 625 2428 661 stella

1360 678 1500 715 cadens
1518 691 1589 727 per
1608 678 1872 727 expulsionem
1892 678 2008 714 fertur
2028 677 2228 722 deorsum;
2249 677 2279 714 si
2299 685 2428 715 autem

1359 731 1469 767 fuerit
1501 731 1667 768 adunata
1695 728 1869 778 inferius,
1899 731 2015 768 fertur
2043 743 2213 778 sursum;
2243 743 2332 767 cum
2361 743 2427 768 au-

1360 791 1437 820 tem
1466 796 1511 820 ex
1545 792 1678 820 neutra
1714 792 1820 833 parte
1849 785 2036 822 adunatur
2056 782 2088 831 ⁸,
2118 792 2208 821 tunc
2235 784 2352 821 fertur
2380 784 2429 821 ad

1359 837 1467 883 latus,
1490 837 1597 885 quasi
1616 838 1768 886 oblique
1788 845 1825 874 et
1847 838 1885 874 in
1915 838 2156 875 diametrum.
2186 838 2236 875 Et
2254 838 2328 875 hoc
2347 838 2429 886 plu-

1360 890 1433 927 ries
1453 890 1595 927 evenit:
1623 890 1713 938 quia
1733 891 1895 928 calidum
1917 892 2117 940 expulsum
2145 891 2262 928 fertur
2280 891 2429 928 duabus

1359 943 1579 990 lationibus;
1608 943 1825 980 naturaliter
1854 945 1971 992 enim,
2006 945 2231 994 inquantum
2261 951 2316 982 est
2344 944 2429 981 cali-

1361 997 1477 1045 dum,
1506 998 1623 1034 fertur
1651 1009 1823 1044 sursum,
1853 999 1920 1035 sed
1947 1010 2018 1046 per
2047 998 2270 1035 violentiam
2300 999 2429 1047 expul-

1361 1051 1477 1088 sionis
1496 1056 1507 1071 ²
1527 1051 1643 1088 fertur
1672 1050 1870 1096 deorsum;
1902 1051 2029 1088 omnia
2056 1059 2185 1088 autern
2212 1051 2311 1099 talia,
2333 1063 2428 1099 quo-

1362 1117 1446 1141 rum
1466 1111 1594 1141 motus
1623 1104 1676 1141 sic
1696 1104 1898 1152 compositi
1918 1112 2014 1151 sunt,
2036 1105 2205 1142 feruntur
2222 1105 2428 1142 secundum

1360 1158 1608 1204 diametrum,
1642 1157 1739 1195 idest
1767 1157 1921 1206 oblique
1938 1187 1947 1204 ,
1982 1157 2070 1206 quia
2098 1159 2180 1195 talis
2214 1166 2343 1195 motus
2372 1166 2428 1195 est

1361 1211 1470 1260 quasi
1498 1211 1648 1248 medius
1685 1210 1782 1248 inter
1809 1223 2011 1248 ascensum
2041 1219 2077 1248 et
2111 1212 2350 1249 descensum.
2381 1213 2431 1248 Et

1360 1265 1449 1302 ideo
1466 1272 1594 1302 motus
1609 1263 1899 1302 discurrentium
1920 1264 2089 1302 siderum
2104 1273 2146 1302 ut
2164 1265 2372 1315 plurimum
2388 1266 2430 1302 fit

1362 1318 1552 1367 obliquus.

1415 1372 1485 1408 His
1514 1379 1643 1408 autem
1673 1370 1791 1417 dictis,
1814 1370 1978 1420 epilogat
1996 1383 2095 1419 quae
2125 1370 2224 1408 dicta
2252 1379 2349 1408 sunt.
2381 1372 2430 1408 Et

1363 1425 1451 1462 dicit
1470 1425 1576 1474 quod
1596 1424 1770 1461 omnium
1789 1424 2072 1473 praedictorum
2093 1437 2207 1461 causa
2226 1424 2430 1461 materialis

1362 1486 1419 1516 est
1447 1478 1651 1516 exhalatio:
1682 1490 1797 1514 causa
1831 1485 1959 1514 autem
1992 1490 2156 1515 movens
2189 1485 2245 1514 est
2273 1478 2429 1527 duplex3

1362 1532 1596 1582 quandoque
1635 1531 1791 1579 quidem
1829 1538 1957 1567 motus
1991 1530 2195 1580 superioris
2238 1531 2429 1580 corporis,

1362 1585 1596 1635 quandoque
1625 1592 1753 1622 autem
1783 1584 2030 1621 condensatio
2050 1584 2146 1621 aeris
2170 1584 2356 1633 inspissati
2385 1596 2431 1621 ex

1362 1639 1511 1687 frigore,
1542 1646 1579 1676 et
1608 1650 1653 1675 ex
1680 1639 1755 1675 hoc
1785 1637 2005 1686 expellentis
2034 1637 2211 1675 calidum.

1420 1694 1453 1730 5.
1483 1691 1633 1729 Deinde
1663 1703 1751 1728 cum
1780 1691 1888 1728 dicit:
1924 1691 2060 1728 Omnia
2088 1696 2214 1728 autem
2242 1691 2336 1727 haec
2362 1691 2431 1727 sub

1362 1747 1453 1783 luna
1483 1754 1566 1793 etc.,
1598 1744 1824 1782 determinat
1851 1745 1980 1781 locum
2009 1744 2260 1792 generationis
2283 1743 2431 1793 praedi-

1364 1807 1524 1837 ctorum.
1546 1800 1596 1836 Et
1615 1798 1704 1836 dicit
1723 1798 1829 1846 quod
1849 1798 1980 1835 omnia
1998 1797 2191 1847 praedicta
2206 1805 2433 1846 generantur

1363 1854 1435 1891 sub
1455 1854 1558 1890 luna.
1589 1852 1707 1889 Cuius
1727 1851 1877 1900 signum
1903 1859 1959 1888 est
1986 1851 2091 1900 quod
2110 1859 2294 1900 apparent
2321 1851 2432 1888 nobis

1361 1907 1475 1945 valde
1494 1906 1676 1944 velociter
1695 1905 1863 1952 moveri,
1883 1905 1903 1926 ²³⁶
1917 1905 2013 1942 sicut
2032 1905 2092 1941 illa
2113 1917 2211 1953 quae
2230 1904 2433 1954 proiiciun-

1363 1968 1422 1998 tur
1449 1973 1472 1998 a
1500 1960 1632 2007 nobis,
1671 1966 1801 2008 utpote
1836 1958 1990 2006 sagittae
2020 1966 2057 1995 et
2085 1958 2156 1995 alia
2192 1957 2432 2005 huiusmodi,

1363 2027 1463 2063 quae
1484 2021 1642 2063 propter
1667 2012 1991 2062 propinquitatem
2018 2012 2066 2049 ad
2086 2024 2157 2048 nos
2175 2010 2354 2049 videntur
2372 2024 2434 2048 ex-

1364 2067 1501 2105 cedere
1529 2066 1773 2105 velocitatem
1803 2073 1991 2102 astrorum
2022 2072 2058 2102 et
2085 2064 2174 2102 solis
2204 2072 2239 2102 et
2266 2066 2378 2102 lunae
2399 2065 2432 2109 ‘3;

1364 2121 1541 2171 quamvis
1570 2119 1815 2157 manifestum
1844 2118 1890 2156 sit
1917 2119 2034 2168 quod,
2056 2118 2268 2155 secundum
2296 2118 2351 2155 rei
2369 2131 2434 2155 ve-

1364 2175 1525 2221 ritatem,
1547 2173 1744 2223 superiora
1764 2185 1927 2222 corpora
1944 2173 2064 2209 multo
2084 2172 2254 2209 velocius
2273 2184 2433 2209 moven-

1363 2237 1423 2266 tur
1451 2240 1569 2277 quam
1598 2226 1740 2276 aliquid
1769 2226 1874 2275 quod
1903 2225 1949 2262 sit
1976 2225 2048 2262 hic.

1416 2386 1442 2422 δ)
1462 2387 1608 2412 adunatur.
1627 2400 1646 2405 -
1663 2385 1821 2411 dominatur
1834 2386 1896 2410 A.-
1909 2384 1960 2409 Pro
1979 2384 2005 2409 in
2027 2384 2196 2413 diametrum,
2215 2383 2358 2409 secundum
2376 2383 2434 2409 dia-

1364 2426 1486 2452 metrum,
1506 2427 1532 2447 et
1550 2430 1598 2455 pro
1616 2421 1711 2451 euenit,
1731 2421 1864 2454 contingit
1882 2421 1935 2445 ΑΒ.

1460 2458 1615 2484 violentiam
1633 2457 1809 2490 expulsionis.
1827 2470 1846 2475 -
1865 2455 2070 2481 inobedientiam
2089 2454 2256 2487 expulsionis
2273 2455 2328 2479 AB.

1462 2501 1531 2527 quae
1545 2495 1660 2526 propter
1678 2492 1909 2525 propinquitatem
1924 2491 1961 2516 ad
1979 2498 2050 2516 nos..
2052 2494 2100 2516 ,εἰ
2116 2490 2180 2516 solis
2198 2493 2225 2516 et
2236 2491 2354 2515 Iunaen-
2335 2495 2436 2523 -quae

1358 2533 1475 2562 propter
1488 2528 1720 2562 propinquitatem
1740 2528 1854 2553 velocius
1872 2527 1974 2552 moveri
1992 2527 2117 2551 videntur
2135 2533 2215 2559 quam
2229 2529 2317 2555 astra,
2336 2525 2435 2551 scilicet

1363 2566 1404 2591 sol
1421 2569 1449 2590 et
1466 2566 1532 2590 luna
1551 2565 1604 2593 Pa,·
1621 2564 1658 2589 ·.cf
1677 2569 1738 2589 text.
1760 2564 1811 2588 Pro
1830 2562 1994 2588 velocitatem
2013 2563 2037 2586 Α
2056 2567 2176 2595 corrupte
2194 2561 2434 2594 propinquitatem.

1363 2615 1382 2620 -
1396 2601 1489 2626 Statim
1507 2601 1546 2626 Pa
1568 2604 1742 2633 transponunt
1765 2599 1837 2632 quod
1861 2603 1920 2623 ante
1943 2598 2091 2630 superiora.
2110 2612 2128 2616 -
2146 2598 2174 2622 In
2192 2596 2243 2622 fine
2261 2605 2308 2630 pro
2326 2597 2362 2622 sit
2379 2597 2435 2625 hic,

237 2637 285 2668 Pa,
299 2638 346 2663 sed
365 2642 523 2663 structuram
542 2638 636 2663 tollunt
654 2638 809 2669 sententiae;
829 2638 870 2663 ed.
887 2637 949 2662 1561
966 2637 1025 2663 hab.
1039 2638 1070 2667 si,
1084 2638 1131 2662 sed
1140 2637 1310 2670 positionem.
1356 2637 1395 2670 fit
1413 2637 1456 2662 hic
1474 2637 1505 2661 Α.

1141 3109 1166 3137 a
1187 3069 1303 3148 ἓξὲξ

387 3711 456 3743 Opp.
473 3710 503 3734 D.
522 3709 637 3734 Tamus
655 3709 687 3733 T.
707 3709 747 3733 Ill.

1279 3070 1328 3098 -οό

1446 3097 1555 3148 34«-

2187 3707 2222 3731 44

2456 577 2463 584 ¹
2481 575 2550 602 Quod
2563 581 2601 596 Ρα.

2455 633 2465 643 ⁸
2481 634 2504 653 et
2518 632 2572 653 add.
2587 638 2625 653 Pa.

2462 1913 2469 1921 ¹
2485 1915 2508 1934 et
2522 1912 2575 1934 add.
2590 1918 2627 1934 AB.
