2782 4134
1117 264 1228 301 CAP.
1257 264 1344 312 vn,
1375 264 1527 302 LECT.
1556 265 1609 301 xl

264 348 405 378 terram
427 341 498 378 sub
528 341 690 390 sphaera
710 340 871 387 caelesti,
892 349 1001 378 motu
1021 341 1203 389 circulari,
1225 343 1335 390 quasi

267 393 390 431 delata
428 401 464 430 et
500 401 617 431 tracta
655 406 678 431 a
715 393 957 431 circulatione
991 394 1096 431 caeli.
1138 395 1188 433 Et
1223 396 1332 433 tertio

267 453 418 495 oportet
441 459 659 496 supponere
678 446 692 473 ζ
711 447 818 495 quod
846 447 1031 484 exhalatio
1059 448 1253 496 praedicta
1281 449 1334 486 sic

267 507 393 546 mota,
422 499 640 547 frequenter
672 499 829 547 ignitur,
864 511 1111 548 quocumque
1139 501 1260 538 modo
1289 502 1335 539 sit

267 551 450 600 disposita
473 553 522 589 ad
550 553 625 589 hoc
644 552 751 600 quod
774 551 870 600 ignis
897 552 936 588 in
965 565 1010 589 ea
1034 553 1132 590 bene
1162 554 1334 591 domine-

266 611 343 642 tur:
371 613 529 653 propter
556 617 674 653 quam
702 616 858 642 causam
889 605 987 642 fiunt
1015 605 1207 643 discursus
1236 607 1334 644 side-

266 669 375 705 rum,
403 665 446 694 ut
474 657 616 695 dictum
646 665 712 694 est.
1314 659 1317 661 “

320 722 359 757 4.
380 710 559 748 Secundo
587 710 656 747 ibi:
682 711 777 747 Cum
804 710 921 760 igitur
939 710 976 747 in
1005 711 1117 747 talem
1138 718 1222 759 etc.‚
1243 711 1333 748 assi-

267 771 358 812 gnat
385 775 540 800 causam
569 763 816 811 apparitionis
836 771 1021 800 cometae.
1042 765 1092 801 Et
1119 764 1210 801 dicit
1228 764 1335 812 quod

268 816 425 865 quando
453 816 536 853 talis
565 816 752 853 exhalatio
782 816 892 853 fuerit
916 816 1161 865 condensata,
1182 825 1218 854 et
1245 830 1334 866 pro-

265 877 351 918 pter
368 877 519 907 motum
538 869 746 918 superioris
766 869 936 918 corporis
955 869 1127 907 inciderit
1154 871 1193 908 in
1212 870 1335 919 ipsam

268 922 548 960 exhalationem
577 922 732 972 aliquod
749 922 979 972 principium
1008 923 1174 971 igneum,
1195 924 1246 961 ita
1265 924 1334 961 sci—

266 974 354 1013 licet
372 976 477 1024 quod
498 987 544 1012 ex
563 975 689 1025 aliqua
706 983 812 1025 parte
832 975 986 1025 incipiat
1006 977 1127 1023 exuri3
1156 977 1210 1014 sic
1229 978 1335 1026 quod

266 1028 363 1076 ignis
390 1041 470 1066 non
489 1029 535 1065 sit
553 1036 632 1066 tam
657 1029 798 1066 multus
816 1037 858 1066 ut
877 1029 950 1066 cito
971 1037 1102 1067 exurat
1120 1030 1332 1078 materiam,

267 1093 393 1130 neque
431 1081 546 1119 etiam
579 1082 626 1120 sit
656 1082 707 1119 ita
744 1082 875 1119 debilis
906 1089 949 1119 ut
986 1082 1060 1119 cito
1098 1083 1335 1132 extinguatur

266 1134 491 1184 priusquam
512 1135 752 1183 accendatur,
774 1135 843 1172 sed
862 1135 908 1173 sit
926 1135 1008 1173 talis
1027 1135 1047 1157 ²¹⁶
1067 1137 1173 1185 quod
1192 1137 1277 1186 plus
1298 1144 1335 1173 et

268 1187 474 1237 diuffptossit
490 1199 730 1237 permanere,
752 1200 840 1225 cum
863 1188 1070 1238 quantitate
1089 1189 1185 1238 ignis
1206 1197 1243 1227 et
1262 1189 1334 1227 dis-

266 1240 457 1290 positione
485 1241 667 1279 materiae
694 1241 915 1291 inspissatae
934 1247 965 1286 ’¹;
996 1253 1085 1279 cum
1113 1243 1189 1280 hoc
1218 1243 1333 1280 etiam

266 1293 374 1343 quod
387 1293 498 1332 simul
514 1294 561 1332 de
580 1294 820 1332 inferioribus
835 1294 1014 1332 ascendat
1029 1295 1205 1333 continue
1222 1296 1334 1333 exha-

265 1346 354 1385 latio
381 1347 479 1384 bene
508 1347 688 1397 disposita
716 1348 767 1385 ad
793 1348 895 1385 hunc
923 1347 1087 1388 modum
1115 1348 1332 1396 exustionis,

233 1425 240 1432 -
266 1406 310 1437 ut
335 1400 476 1438 scilicet
513 1401 578 1438 diu
615 1401 743 1446 duret;
781 1408 871 1438 tunc
895 1401 916 1423 ’¹‘
942 1401 986 1438 fit
1022 1402 1127 1440 stella
1160 1409 1332 1440 cometa:

267 1452 358 1502 quia
393 1453 484 1492 illud
521 1455 627 1503 quod
654 1454 732 1491 iam
768 1453 928 1502 ignitum
957 1463 1013 1493 est
1043 1455 1196 1493 videtur
1223 1455 1333 1503 quasi

234 1531 241 1538 -
267 1507 389 1554 stella,
419 1507 565 1555 reliqua
591 1514 721 1544 autern
748 1506 768 1528 ’¹‘
797 1508 996 1555 exhalatio,
1025 1521 1126 1557 quae
1158 1509 1332 1546 nondum

268 1566 325 1597 est
360 1560 525 1608 perfecte
567 1559 699 1608 ignita,
734 1560 802 1598 sed
835 1568 923 1610 apta
959 1561 1145 1609 ignitioni,
1182 1561 1334 1599 videtur

268 1624 390 1650 coma*
420 1613 512 1650 eius.
543 1612 644 1660 Quia
678 1613 1005 1664 qualitercumque
1042 1616 1225 1663 figuretur
1251 1615 1333 1652 talis

269 1665 476 1713 exhalatio,
508 1665 732 1703 huiusmodi
768 1667 891 1715 figura
926 1667 1129 1706 videbitur.
1170 1668 1272 1715 Quia
1304 1668 1334 1705 si

267 1718 455 1756 exhalatio
483 1718 530 1756 sit
555 1719 727 1767 undique
766 1719 1035 1770 circumposita
1060 1721 1207 1768 stellae,
1237 1721 1333 1759 idest

265 1771 452 1822 principio
471 1773 535 1810 vel
552 1772 650 1822 parti
678 1772 816 1820 ignitae
835 1772 859 1820 ⁰,
889 1774 1040 1812 videtur
1068 1774 1177 1823 quasi
1206 1787 1330 1821 coma,

231 1849 233 1851 -
265 1825 369 1863 unde
398 1833 435 1862 et
462 1831 622 1862 cometes
651 1825 802 1863 dicitur:
832 1827 862 1864 si
892 1835 1019 1865 autem
1041 1827 1264 1877 disponatur
1283 1828 1332 1865 ad

265 1878 543 1927 longitudinem
578 1878 753 1928 principii
794 1879 918 1928 igniti,
955 1881 1108 1919 videtur
1144 1880 1332 1918 exhalatio

266 1943 350 1970 esse
369 1931 478 1980 quasi
497 1932 617 1968 barba
635 1933 777 1981 stellae,
799 1940 835 1970 et
849 1933 936 1970 ideo
951 1941 1116 1971 vocatur
1128 1934 1332 1984 pogonias,

168 2008 175 2016 ·
217 2009 224 2015 ·
265 1983 365 2023 idest
387 1984 408 2006 ²¹²
435 1984 544 2034 quasi
571 1985 763 2022 barbatus.

325 2038 358 2075 5.
379 2037 511 2075 Tertio
530 2037 600 2075 ibi:
620 2038 726 2075 Sicut
741 2043 866 2076 autem
886 2039 970 2077 talis
998 2040 1086 2077 latio
1106 2047 1189 2087 etc.‚
1211 2039 1331 2077 mani-

266 2091 376 2128 festat
402 2091 509 2139 quod
538 2091 680 2128 dictum
703 2098 758 2128 est
786 2091 833 2129 de
854 2100 1018 2140 cometa,
1038 2105 1108 2142 per
1136 2105 1332 2142 compara-

266 2143 411 2182 tionem
441 2145 490 2181 ad
518 2145 665 2181 stellam
704 2144 916 2183 cadentem.
946 2146 1102 2183 Dictum
1140 2153 1196 2183 est
1229 2146 1331 2183 enim

266 2209 383 2246 supra
399 2196 420 2219 '¹‘
439 2197 544 2246 quod
571 2205 700 2234 motus
718 2197 813 2246 ignis
837 2199 987 2236 accensi
1006 2199 1046 2236 in
1073 2199 1137 2236 tali
1160 2199 1330 2247 materia,

267 2262 356 2294 cum
377 2250 488 2288 fuerit
506 2258 634 2288 motus
652 2262 723 2299 per
746 2252 1008 2300 expulsionem
1028 2259 1047 2300 ¹,
1072 2251 1224 2290 videtur
1249 2264 1331 2289 esse

266 2310 396 2342 motus
423 2304 569 2341 stellae:
596 2311 633 2341 et
652 2303 819 2340 similiter
836 2305 986 2342 mansio
1014 2306 1077 2343 vel
1101 2305 1209 2354 quies
1227 2305 1332 2353 igniti

263 2357 439 2406 principii
466 2357 506 2394 in
528 2357 724 2406 praedicta
751 2357 921 2406 materia,
941 2358 1094 2396 videtur
1113 2371 1196 2395 esse
1225 2370 1332 2395 man-

265 2409 323 2448 sio
341 2411 404 2448 vel
422 2410 531 2458 quies
550 2410 691 2447 stellae.
708 2410 809 2447 Dicit
823 2418 952 2448 autem
971 2412 1119 2449 stellam
1139 2419 1331 2449 cometam

264 2463 480 2512 quiescere,
509 2463 559 2501 ad
588 2463 869 2501 excludendum
902 2472 1054 2502 motum
1081 2464 1145 2514 qui
1174 2472 1332 2514 apparet

263 2516 304 2555 in
322 2517 436 2554 stellis
456 2516 695 2563 cadentibus;
725 2529 805 2554 non
825 2524 954 2554 autem
973 2518 1023 2555 ad
1051 2517 1332 2555 excludendum

264 2577 416 2607 motum
449 2578 623 2607 cometae
648 2570 861 2607 secundum
886 2571 993 2619 quod
1022 2570 1333 2608 circumvolvitur

264 2623 376 2661 simul
396 2635 484 2660 cum
503 2624 621 2671 caelo,
643 2623 690 2661 de
719 2636 796 2673 quo
815 2631 904 2672 post
921 2623 941 2645 *²
966 2624 1074 2661 dicet.
1097 2624 1330 2661 Huiusmodi

265 2683 394 2714 autem
423 2676 572 2713 mansio
601 2676 783 2726 praedicti
811 2676 985 2727 principii
1015 2677 1150 2715 accidit
1176 2685 1333 2727 propter

263 2730 350 2776 hoc,
372 2729 478 2778 quod
506 2729 665 2766 materia
693 2742 772 2767 non
806 2730 932 2767 statim
962 2730 1218 2777 consumitur;
1247 2739 1331 2767 tum

262 2790 420 2832 propter
455 2782 738 2820 multitudinem
769 2790 804 2820 et
832 2782 1137 2832 spissitudinem,
1167 2791 1204 2820 et
1236 2783 1331 2832 ignis

264 2835 514 2882 debilitatem;
540 2843 621 2873 tum
649 2843 807 2885 propter
834 2836 947 2873 aliam
974 2837 1173 2874 materiam
1202 2849 1331 2874 succe-

266 2889 433 2936 dentem,
462 2896 503 2926 ut
523 2888 666 2926 dictum
686 2897 741 2926 est
758 2889 790 2926 *.
820 2890 869 2926 Εῖ
889 2897 952 2933 ,θεῖ
975 2889 1096 2927 simile
1126 2889 1221 2927 sicut
1239 2889 1280 2911 *²¹⁸
1300 2889 1331 2926 si

264 2942 399 2991 aliquis
418 2942 456 2979 in
475 2954 659 2991 magnum
679 2943 878 2980 cumulum
908 2943 1105 2992 palearum
1133 2943 1332 2980 immiserit

221 3020 228 3027 -
263 2995 446 3043 titionem,
467 3003 531 3033 aut
555 2995 657 3033 aliud
671 2995 691 3017 ’¹‘
715 2995 990 3044 quodcumque
1018 2996 1176 3044 ignitum
1195 2995 1332 3045 princi-

315 3117 342 3151 ζ)
360 3125 516 3151 supponere.
534 3132 554 3137 -
570 3117 716 3144 secundum
730 3117 875 3150 praedicta
893 3118 952 3143 add.
964 3119 1009 3142 AB
1014 3125 1022 3148 ;
1042 3117 1075 3142 cf.
1093 3122 1147 3142 not.
1161 3116 1184 3142 δ.

316 3154 343 3186 η)
362 3161 422 3179 cum
440 3154 627 3186 quantitate...
642 3153 808 3185 inspissatae.
826 3167 846 3173 -
865 3153 934 3178 Haec
952 3153 1033 3178 verba
1057 3160 1143 3185 neque
1164 3152 1299 3185 exiguntur
1318 3160 1332 3177 a

262 3194 341 3220 textu,
352 3194 382 3214 ut
400 3189 539 3214 conferenti
560 3194 638 3221 patet,
658 3196 744 3221 neque
763 3188 899 3213 conferunt
917 3189 949 3213 ad
967 3189 1090 3213 orationis
1106 3187 1331 3220 perspicuitatem;

263 3225 325 3254 imo.
340 3229 419 3257 prout
436 3225 527 3255 iacent,
542 3224 706 3257 aliquatenus
721 3225 865 3249 orationem
881 3224 1040 3256 perturbant.
1059 3224 1147 3248 Liceat
1165 3231 1227 3255 ergo
1246 3222 1330 3255 suspi-

264 3260 315 3284 cari
333 3259 383 3284 hoc
402 3260 461 3284 loco
479 3259 705 3292 interpolationem
721 3259 843 3292 aliquam,
857 3259 899 3283 vel
914 3258 983 3283 aliud
997 3259 1154 3291 scriptorum
1166 3258 1300 3282 mendum.
1313 3270 1332 3277 -

263 3295 315 3320 Pro
333 3302 393 3320 cum
412 3295 461 3320 hoc
479 3295 559 3320 etiam
578 3294 658 3327 quod,
673 3297 700 3319 et
713 3301 773 3319 cum
792 3294 872 3319 etiam
887 3301 925 3318 ex
937 3294 986 3319 hoc
1004 3294 1076 3326 quod
1087 3294 1140 3324 AB,
1160 3293 1206 3317 sed
1221 3298 1332 3317 structu-

263 3338 320 3355 ram
339 3331 483 3354 destruunt.

318 3363 342 3397 θ)
357 3365 494 3397 principio
507 3365 549 3389 vel
562 3364 640 3396 parti
653 3364 765 3398 ignitae.
778 3378 797 3383 -
806 3363 942 3396 principio
958 3364 1043 3397 ignito
1057 3364 1102 3387 AB
1107 3371 1114 3394 ;
1134 3362 1165 3388 cf.
1180 3368 1239 3395 post
1251 3370 1331 3387 unam

264 3400 309 3425 lin.
319 3400 450 3432 principii
467 3400 555 3433 igniti.

319 3435 337 3468 ι)
356 3443 416 3460 cum
429 3435 518 3469 fuerit
536 3437 624 3459 motus
638 3441 690 3466 per
707 3434 903 3466 expulsionem.
915 3446 934 3453 -
947 3433 1003 3458 sive
1020 3433 1057 3458 sit
1075 3435 1161 3457 motus
1170 3439 1223 3464 per
1235 3432 1330 3464 expul-

264 3470 364 3496 sionem
384 3471 442 3501 AB3
461 3470 516 3495 sive
534 3470 570 3494 sit
588 3472 675 3494 motus
689 3476 742 3501 per
766 3469 950 3501 expulsionem
974 3469 1029 3493 sive
1053 3467 1221 3493 exustionem
1241 3475 1332 3500 margo

264 3506 322 3531 Vat.
339 3513 420 3538 2072;
441 3510 467 3530 et
480 3505 543 3529 haec
556 3505 646 3529 ultima
660 3505 735 3529 lectio
751 3504 891 3529 conformis
907 3508 946 3528 est
960 3503 990 3528 iis
1006 3511 1073 3536 quae
1091 3510 1170 3535 supra
1189 3503 1255 3527 dicta
1270 3507 1333 3527 sunt

266 3541 298 3566 de
317 3541 418 3566 duabus
437 3540 522 3565 causis
541 3539 713 3573 generationis
733 3539 849 3564 siderum
870 3539 1027 3570 cadentium;
1047 3538 1086 3569 cf„
1098 3538 1155 3562 lect.
1168 3545 1206 3568 νῙ,
1230 3546 1256 3562 n.
1271 3536 1287 3562 6
1306 3542 1332 3562 et

264 3576 323 3601 lect.
336 3584 385 3608 vn,
405 3584 430 3602 n.
446 3583 469 3601 2.

319 3612 344 3644 κ)
364 3611 573 3644 dispositionem.
590 3624 611 3630 ·-
629 3610 759 3636 materiae
777 3609 835 3635 add.
854 3610 908 3634 AB.
927 3623 944 3628 -
963 3609 1019 3634 Lin.
1039 3616 1095 3641 seq.
1114 3616 1161 3641 pro
1184 3607 1330 3636 aduratur,

2379 268 2452 304 355

1388 342 1514 391 pium:
1545 355 1624 380 non
1645 342 1748 380 enim
1769 342 1893 380 statim
1919 343 2101 381 discurret
2115 344 2146 391 ²⁸,
2167 344 2276 394 quasi
2297 357 2456 382 exurens

1388 396 1553 445 paleam,
1575 396 1642 433 sed
1661 396 1814 434 videtur
1840 396 1970 444 ignitio
1999 396 2064 433 diu
2092 397 2130 434 in
2153 410 2232 434 uno
2261 398 2346 435 loco
2375 411 2456 435 ma-

1389 460 1491 485 nere.
1518 450 1568 486 Et
1585 448 1605 471 ’⁸‘
1624 449 1686 496 ita,
1707 449 1737 486 si
1757 449 1840 498 quis
1860 457 1960 486 recte
1985 450 2210 497 consideret,
2230 450 2382 488 videtur
2409 451 2456 488 si-

1388 501 1641 539 militudinem
1661 502 1857 551 quandam
1885 503 2027 540 habere
2055 503 2246 540 discursus
2266 504 2457 541 stellarum

1390 555 1606 592 cadentium
1643 555 1869 604 apparitioni
1908 563 2092 593 cornetae.
2127 556 2230 602 Quia
2266 556 2304 593 in
2342 557 2456 594 stellis

1390 607 1686 644 discurrentibus
1724 608 1796 645 cito
1834 609 2008 658 procedit
2033 609 2162 657 ignitio
2189 609 2229 646 in
2257 609 2456 657 longitudi-

1389 672 1501 707 nem,
1533 668 1689 709 propter
1717 661 2006 710 dispositionem
2034 669 2047 683 ²²
2076 662 2217 700 scilicet
2243 662 2456 711 hypeccau·

1389 712 1500 749 matis
1525 713 1574 750 ad
1595 714 1670 750 hoc
1688 715 1794 763 quod
1813 715 1860 752 de
1880 715 1978 752 facili
2001 715 2198 752 aduratur:
2229 716 2296 752 sed
2315 715 2346 752 si
2365 715 2456 763 igni-

1389 764 1441 800 tio
1483 773 1680 812 maneret,
1720 774 1756 803 et
1792 780 1871 804 non
1906 768 2151 816 pertransiret
2191 769 2455 812 consumendo

1390 817 1610 865 materiam,
1641 826 1706 855 aut
1734 820 1891 857 materia
1920 829 2019 858 esset
2052 822 2216 859 multum
2246 822 2385 869 densa,
2414 829 2456 858 ut

1390 882 1468 907 non
1502 877 1632 919 posset
1661 871 1733 908 cito
1764 874 1949 922 consumi,
1970 881 2071 922 tunc,
2101 875 2209 924 quasi
2237 874 2427 912 subtra'cto
2444 873 2456 895 λ

1390 923 1519 960 medio
1540 923 1724 971 discursu,
1746 934 1959 963 remaneret
1977 927 2223 965 solummodo
2247 929 2354 965 stella
2376 939 2457 964 ma-

1389 989 1506 1024 nens,
1538 976 1634 1014 sicut
1670 985 1727 1014 est
1754 978 1792 1015 in
1819 979 2004 1028 principio
2038 981 2227 1018 discursus
2256 988 2292 1018 et
2319 981 2357 1018 in
2385 987 2456 1017 ter-

1389 1029 1509 1067 mino.
1544 1031 1593 1067 Et
1620 1031 1692 1067 tale
1723 1031 1815 1079 quid
1848 1039 1904 1068 est
1932 1041 2102 1071 cometa:
2137 1042 2178 1070 ut
2204 1034 2458 1082 imaginemur

1390 1083 1494 1131 quod
1533 1090 1684 1120 cometa
1721 1084 1766 1121 sit
1800 1084 1908 1131 quasi
1937 1086 2042 1122 stella
2079 1086 2312 1134 discurrens,
2342 1095 2457 1136 prout

1389 1135 1472 1173 talis
1500 1137 1606 1172 stella
1634 1144 1690 1173 est
1717 1137 1756 1174 in
1782 1137 1969 1186 principio
2008 1146 2044 1175 et
2071 1139 2110 1176 in
2136 1140 2213 1176 fine
2244 1140 2454 1186 discursus,

1390 1189 1580 1226 subtracto
1614 1196 1723 1226 motu
1752 1190 2006 1229 discursionis.
2038 1192 2101 1228 Sic
2128 1192 2238 1240 igitur
2266 1193 2457 1231 concludit

1389 1241 1507 1290 quod,
1529 1242 1685 1290 quando
1705 1243 1935 1292 principium
1956 1244 2219 1282 consistentiae
2238 1245 2356 1294 ipsius
2376 1246 2455 1282 fue-

1389 1295 1435 1332 rit
1454 1295 1491 1331 in
1512 1295 1687 1343 inferiori
1703 1297 1797 1342 loco,
1827 1296 1924 1334 idest
1942 1298 2012 1334 sub
2033 1298 2148 1346 globo
2168 1299 2300 1345 lunari,
2323 1298 2457 1336 dicitur

1390 1355 1540 1438 cotug?
1557 1360 1638 1397 vper
1656 1360 1697 1385 se
1717 1361 1916 1398 apparens,
1938 1350 2018 1387 sine
2038 1351 2163 1399 aliqua
2183 1352 2288 1388 stella
2307 1359 2455 1389 errante

1387 1413 1436 1438 ve
1531 1413 1565 1438 a.

1443 1454 1479 1490 6.
1500 1453 1650 1491 Deinde
1672 1467 1759 1491 cum
1776 1454 1863 1491 dicit
1877 1462 1912 1491 με
1938 1456 2096 1498 Quando
2111 1462 2236 1493 autem
2254 1458 2323 1494 suh
2337 1463 2456 1494 astro-

1389 1519 1475 1544 rum
1495 1507 1621 1555 aliquo
1643 1515 1725 1554 etc.‚
1746 1508 1911 1556 assignat
1930 1508 2046 1545 alium
2066 1509 2229 1546 modum
2253 1510 2454 1559 apparitio-

2482 359 2494 370 *
2505 359 2649 382 discurreret
2658 367 2682 382 Δ.

2484 466 2494 475 “
2508 465 2540 486 Et
2554 471 2602 487 om.
2612 471 2651 487 pa.

1389 1560 1447 1597 nis
1476 1567 1661 1598 cometae.
1695 1561 1745 1598 Et
1773 1561 1861 1598 dicit
1894 1563 2016 1609 quod·
2033 1562 2188 1609 quando
2227 1563 2297 1599 sub
2329 1562 2456 1610 aliqua
2486 1583 2489 1585 —

1389 1614 1582 1650 stellarum
1609 1613 1816 1650 errantium
1844 1615 1906 1651 vel
1928 1627 2008 1652 non
2027 1615 2244 1662 errantium,
2267 1616 2453 1652 exhalatio

1389 1666 1578 1703 adunatur
1590 1678 1660 1715 per
1678 1674 1829 1704 motum
1848 1667 1946 1715 illius
1966 1668 2105 1715 stellae,
2121 1675 2211 1705 tunc
2230 1668 2356 1717 aliqua
2370 1670 2455 1705 stel—

1387 1720 1512 1756 larum
1533 1719 1719 1756 dictarum
1737 1720 1780 1757 fit
1809 1728 1978 1757 cometa:
2000 1733 2078 1758 non
2098 1722 2204 1769 quod
2233 1722 2337 1758 stella
2356 1734 2454 1770 quae

1389 1779 1547 1822 apparet
1566 1772 1611 1810 sit
1637 1773 1794 1820 aliquod
1817 1773 1971 1821 igneum
1991 1773 2029 1811 in
2049 1786 2148 1821 aere,
2170 1774 2264 1811 sicut
2286 1774 2326 1811 in
2344 1787 2454 1823 supe-

1389 1825 1477 1863 riori
1497 1825 1618 1863 modo
1638 1825 1658 1847 ²¹²
1683 1826 1826 1863 dictum
1856 1834 1911 1864 est
1929 1826 1980 1874 **,
2011 1828 2078 1864 sed
2107 1834 2163 1864 est
2188 1839 2306 1864 verax
2334 1829 2452 1875 stella,

1389 1891 1517 1916 errans
1531 1880 1594 1917 vel
1614 1891 1693 1916 non
1714 1892 1860 1925 errans;
1880 1892 1960 1916 non
1973 1887 2102 1917 tamen
2122 1893 2234 1917 coma
2253 1880 2334 1917 eius
2354 1881 2397 1918 fit
2415 1881 2454 1918 in

1387 1932 1474 1969 loco
1504 1932 1654 1969 caelesti
1673 1932 1739 1969 ubi
1768 1940 1855 1970 sunt
1874 1941 1984 1980 astra,
2006 1933 2074 1970 sed
2103 1941 2158 1970 est
2186 1933 2256 1970 sub
2283 1934 2397 1971 caelo,
2417 1934 2455 1971 in

1388 1998 1487 2022 aere.
1518 1986 1567 2022 Et
1593 1985 1703 2034 ponit
1730 1987 1950 2035 exemplum
1972 1986 2018 2023 de
2046 1986 2146 2032 halo,
2176 1986 2272 2023 idest
2299 1987 2347 2024 de
2367 1999 2453 2023 aere

1387 2038 1452 2087 qui
1468 2038 1619 2075 videtur
1638 2039 1843 2088 aliquando
1865 2039 2108 2076 circumstare
2123 2040 2244 2076 solem
2261 2047 2297 2076 et
2309 2041 2453 2087 lunam,

1389 2092 1503 2129 etiam
1524 2092 1604 2129 sole
1628 2099 1665 2129 et
1682 2093 1773 2129 luna
1791 2092 1906 2129 motis
1925 2099 1947 2129 ⁸.
1975 2092 2206 2129 Huiusmodi
2236 2092 2337 2129 enim
2366 2093 2453 2129 halo

1387 2157 1467 2182 non
1487 2152 1543 2182 est
1560 2145 1599 2182 in
1618 2145 1704 2182 loco
1719 2145 1809 2182 solis
1830 2153 1866 2182 et
1884 2146 2007 2192 lunae,
2029 2145 2114 2182 licet
2133 2153 2312 2194 sequatur
2330 2146 2452 2182 solem

1387 2205 1423 2235 et
1450 2199 1594 2245 lunam,
1625 2198 1740 2235 etiam
1775 2199 1855 2235 sole
1884 2205 1920 2235 et
1947 2199 2037 2235 luna
2064 2198 2196 2235 motis:
2226 2199 2321 2235 haec
2351 2198 2453 2235 enim

1386 2250 1514 2300 passio
1543 2251 1587 2288 fit
1614 2251 1652 2288 in
1685 2263 1772 2288 aere
1802 2252 2035 2289 condensato
2065 2251 2136 2288 sub
2165 2258 2273 2288 motu
2301 2251 2390 2288 solis
2419 2258 2455 2288 et

1386 2305 1512 2351 lunae,
1531 2311 1574 2340 ut
1591 2303 1688 2341 infra
1702 2303 1722 2325 ’¹‘
1741 2303 1896 2341 dicetur.
1918 2303 2023 2341 Sicut
2040 2304 2150 2352 igitur
2173 2305 2260 2342 halo
2280 2317 2321 2341 se
2339 2305 2455 2341 habet

1387 2357 1437 2394 ad
1465 2357 1586 2394 solem
1616 2364 1652 2394 et
1674 2358 1818 2404 lunam,
1839 2357 1889 2394 ita
1910 2370 2023 2394 coma
2050 2370 2090 2394 se
2118 2358 2233 2394 habet
2252 2357 2300 2395 ad
2329 2358 2453 2394 stellas

1386 2410 1482 2447 fixas
1500 2411 1563 2447 vel
1581 2410 1758 2447 erraticas
1773 2410 1804 2458 ³¹⁸,
1826 2411 1980 2459 quando
2001 2418 2186 2459 apparent
2205 2423 2294 2447 cum
2314 2410 2452 2447 comis:

1388 2470 1424 2500 et
1441 2463 1462 2485 ’¹‘
1481 2470 1538 2500 est
1559 2463 1687 2512 aliqua
1706 2464 1892 2500 exhalatio
1911 2463 2078 2511 inferius,
2105 2464 2245 2501 scilicet
2271 2463 2311 2500 in
2339 2476 2449 2512 supe-

1388 2516 1475 2554 riori
1503 2517 1589 2553 loco
1614 2516 1722 2563 aeris,
1745 2529 1984 2566 consequens
2008 2524 2158 2554 motum
2186 2517 2335 2554 illarum
2370 2517 2471 2553 stel-‘

1387 2570 1521 2607 larum.
1543 2570 1621 2606 Sed
1641 2577 1771 2606 tamen
1799 2570 1895 2607 haec
1921 2578 1976 2606 est
2005 2570 2338 2617 differentia-inter
2364 2570 2452 2606 halo

1387 2630 1423 2660 et
1443 2635 1609 2670 comam,
1631 2622 1720 2672 quia
1740 2623 1846 2660 color
1865 2623 1945 2660 eius
1969 2623 2075 2671 quod
2095 2623 2230 2661 dicitur
2251 2624 2351 2670 halo,
2374 2635 2452 2659 non

1387 2682 1444 2712 est
1463 2675 1500 2712 in
1519 2675 1540 2697 ‘¹‘
1558 2675 1642 2724 ipso
1666 2688 1824 2724 vapore,
1846 2676 1914 2713 sed
1934 2684 1989 2713 est
2008 2689 2054 2713 ex
2074 2676 2380 2714 reverberatione
2404 2676 2452 2713 ad

1387 2729 1543 2775 nubem,
1572 2736 1614 2766 ut
1636 2729 1733 2766 infra
1750 2728 1771 2751 '¹‘
1799 2730 2038 2767 ostendetur:
2069 2730 2137 2767 sed
2164 2731 2239 2766 hoc
2267 2729 2371 2778 quod
2399 2729 2454 2765 vi-

1387 2782 1497 2819 detur
1515 2782 1563 2819 de
1584 2782 1717 2829 comis,
1739 2789 1795 2818 est
1811 2782 1965 2832 proprie
1986 2783 2091 2819 color
2114 2783 2282 2832 ipsarum
2303 2782 2452 2819 exhala-

1386 2835 1535 2872 tionum
1563 2835 1815 2872 fumosarum.

1441 2900 1477 2936 7.
1494 2887 1643 2925 Deinde
1660 2900 1747 2925 curn
1764 2888 1869 2926 dicit:
1895 2889 2054 2931 Quando
2074 2888 2221 2936 quidem
2238 2888 2354 2937 igitur
2368 2893 2451 2934 etc.‚

1387 2941 1551 2978 ostendit
1566 2941 1817 2978 differentiam
1832 2941 1929 2978 inter
1944 2948 2113 2978 cometas
2130 2940 2342 2977 secundum
2355 2940 2452 2977 duos

1388 2994 1508 3031 dictos
1526 2993 1547 3016 ’¹‘
1565 2994 1706 3031 modos
1726 3002 1961 3043 apparentes.
1988 2995 2038 3031 Et
2058 2993 2145 3030 dicit
2173 2993 2278 3042 quod
2297 2993 2451 3041 quando

1385 3117 1513 3141 aduritur
1531 3117 1565 3147 B,
1584 3115 1739 3140 adurantur
1757 3116 1808 3144 Pa,·
1826 3117 1852 3139 et
1870 3119 1928 3139 ante
1950 3121 2002 3139 non
2023 3113 2208 3146 pertransiret
2225 3120 2278 3138 om.
2292 3114 2346 3138 AB.
2365 3127 2384 3132 -
2402 3113 2453 3138 Pro

1387 3152 1482 3180 densa,
1503 3151 1627 3182 depressa
1644 3151 1702 3181 ΑΒ;
1722 3150 1753 3175 cf.
1773 3150 1831 3174 lect.
1846 3157 1904 3180 vm,
1923 3154 1976 3174 not.
1992 3158 2008 3173 ι.

1439 3185 1467 3218 λ)
1486 3187 1630 3211 subtracto.
1643 3199 1660 3204 —-
1673 3185 1802 3210 distracto
1821 3186 1852 3209 A.
1865 3199 1884 3204 ·-
1898 3184 1949 3208 Pro
1968 3187 2124 3213 remaneret,
2147 3185 2267 3208 remanet
2285 3184 2338 3208 ΑΒ.
2352 3197 2371 3202 -
2384 3183 2447 3208 Post

1386 3223 1479 3246 lineam
1499 3229 1547 3254 pro
1566 3222 1620 3246 tale
1639 3220 1715 3252 quid,
1736 3220 1798 3245 talis
1815 3219 1921 3252 quidem
1940 3220 1970 3244 A.

1440 3257 1468 3289 μ)
1489 3256 1594 3281 Deinde
1612 3263 1671 3280 cum
1691 3255 1764 3280 dicit.
1781 3269 1799 3273 —
1817 3255 1873 3279 Hoc
1897 3262 1950 3279 om.
1970 3254 2017 3279 Pa.
2042 3254 2112 3278 Haec
2135 3253 2226 3278 divisio
2251 3261 2303 3278 non
2327 3253 2452 3278 indicatur

1385 3291 1502 3324 explicite
1521 3299 1600 3323 supra
1620 3298 1691 3315 num.
1707 3297 1733 3320 2,
1758 3295 1835 3322 prout
1856 3290 1924 3314 solet
1947 3288 2015 3314 fieri:
2036 3289 2105 3313 unde
2119 3289 2184 3313 forte
2203 3288 2238 3313 ibi
2257 3289 2353 3321 aliquid
2367 3289 2450 3314 deest.

1386 3326 1510 3359 Implicite
1528 3331 1615 3350 tamen
1634 3325 1743 3349 habetur
1761 3325 1787 3349 in
1806 3325 1856 3349 illis
1875 3324 1969 3355 verbis,
1984 3331 2022 3348 ex
2039 3324 2142 3349 duabus
2159 3324 2255 3349 causis.
2269 3337 2287 3343 -
2306 3324 2368 3348 Post
2387 3324 2450 3348 duas

1386 3362 1467 3386 lineas
1486 3361 1527 3385 vel
1545 3368 1597 3385 non
1616 3360 1764 3385 errantium
1784 3367 1837 3384 orn.
1856 3360 1889 3391 B,
1910 3360 1970 3391 quia
1989 3359 2183 3384 homoteleuton
2202 3363 2251 3384 est.

1438 3396 1462 3428 ν)
1482 3396 1562 3421 etiam
1581 3396 1635 3420 sole
1652 3398 1679 3420 et
1696 3395 1760 3419 luna
1775 3395 1861 3420 motis.
1874 3409 1893 3413 -
1905 3395 1976 3419 Haec
1988 3402 2042 3419 orn.
2056 3395 2109 3424 AB,
2123 3402 2171 3419 nec
2189 3394 2309 3419 videntur
2327 3394 2376 3419 hoc
2392 3394 2450 3418 loco

1385 3431 1504 3456 absolute
1523 3431 1677 3455 necessaria.
1697 3430 1752 3454 imo
1771 3430 1831 3462 quia
1844 3435 1900 3454 tum
1919 3429 1960 3454 hic
1979 3434 2034 3454 tum
2053 3434 2113 3462 post
2131 3437 2209 3454 unam
2228 3429 2331 3460 lineam,
2346 3437 2392 3461 per
2408 3437 2449 3454 ea-

1386 3467 1446 3491 dem
1465 3466 1543 3490 verba
1562 3466 1759 3498 praeceduntur,
1775 3465 1898 3497 suspicari
1918 3465 1976 3489 licet
1995 3465 2043 3489 hoc
2062 3466 2120 3489 loco
2139 3472 2185 3497 per
2203 3465 2364 3489 oscitantiam
2379 3472 2451 3489 ama-

1385 3501 1492 3526 nuensis
1512 3501 1606 3525 inserta
1625 3500 1714 3526 fuisse.
1731 3514 1750 3519 -
1768 3500 1824 3525 Lin.
1840 3508 1896 3532 seq.
1916 3508 1963 3533 pro
1982 3500 2043 3525 licet
2060 3503 2187 3532 sequatur
2205 3501 2285 3525 solem
2305 3503 2331 3525 et
2349 3500 2449 3528 lunam,

1385 3537 1447 3562 licet
1464 3539 1614 3568 appareant
1632 3536 1704 3561 circa
1722 3536 1803 3560 solem
1822 3539 1848 3560 et
1866 3536 1956 3560 lunam
1978 3538 2114 3567 sequentes
2138 3536 2218 3560 solem
2237 3539 2264 3560 et
2281 3536 2372 3560 lunam
2390 3535 2449 3563 ΑΒ,

1386 3571 1552 3596 conformiter
1566 3572 1598 3596 ad
1611 3571 1690 3595 verba
1703 3576 1795 3595 textus.
1815 3571 1906 3595 Obiter
1917 3570 1958 3595 hic
1973 3571 2054 3595 notari
2068 3576 2154 3603 potest
2167 3578 2259 3595 vocem
2273 3571 2333 3595 halo
2347 3570 2449 3602 saepius

1386 3615 1401 3632 a
1415 3615 1437 3632 s.
1447 3607 1550 3631 Thoma
1562 3611 1687 3639 tanquam
1701 3606 1907 3631 indeclinabilem
1920 3606 2052 3638 usurpari:
2068 3606 2138 3639 quod
2151 3606 2227 3631 etiam
2241 3606 2266 3630 in
2279 3606 2399 3630 versione
2413 3603 2448 3629 fit.

2481 1789 2491 1799 ·
2507 1788 2576 1809 modo
2592 1794 2640 1810 om.
2655 1794 2694 1810 ra.

2482 1816 2502 1824 ⁴·
2517 1814 2588 1836 Num.
2599 1821 2623 1841 4.

2482 2317 2489 2325 ·
2499 2316 2551 2337 Lib.
2560 2316 2598 2343 111,
2607 2322 2692 2344 capati,

2480 2349 2503 2363 n.
2514 2349 2525 2364 2
2541 2349 2592 2370 sqq.

2480 2423 2490 2434 ⁸
2504 2423 2614 2443 errantes
2627 2427 2665 2443 ΑΒ.

2480 2475 2491 2486 ⁸
2505 2476 2528 2496 et
2541 2480 2590 2496 om.
2603 2479 2657 2495 aaa.

2479 2686 2490 2697 ⁴
2499 2687 2522 2706 et
2529 2692 2549 2711 Ρ,
2557 2691 2587 2707 ex
2594 2684 2630 2706 ed.
2637 2685 2692 2712 1561,

2481 2718 2529 2733 om.
2539 2717 2565 2732 a.

2482 2745 2488 2752 ”
2506 2743 2565 2764 Ibid.

2480 3005 2491 3016 ⁸
2507 3005 2582 3026 dictos
2593 3011 2643 3027 om.
2653 3010 2692 3026 Pa.
