2554 4062
219 241 325 267 XXXIV

218 310 493 367 generatione
526 311 772 352 ventorum;
807 303 848 343 in
872 300 1062 342 secunda
1085 300 1139 341 de
1174 305 1295 339 motu
1318 298 1442 339 locali
1467 311 1630 346 eorum,
1655 296 1735 337 ibi:
1770 296 1900 336 Latio
1923 297 2068 335 autem
2091 294 2286 348 ipsorum
2310 300 2407 343 etc.;

219 375 260 414 in
293 372 413 413 tertia
446 370 498 411 de
531 373 762 423 augmento
794 371 835 405 et
868 362 1131 418 quietatione
1155 362 1360 416 ipsorum,
1385 360 1465 400 ibi:
1500 359 1583 400 Sol
1599 362 1746 400 autern
1779 361 1822 399 et
1841 370 2010 399 cessare
2041 362 2150 397 etc.»
2176 357 2279 398 Tria
2301 357 2409 397 haec

218 435 364 476 ultima
396 435 661 487 argumenta,
697 440 807 483 quae
841 426 1051 481 pertinent
1083 424 1138 464 ad
1172 429 1398 464 tractatum
1433 422 1487 462 de
1521 421 1663 462 ventis
1697 421 1739 461 in
1774 420 2010 468 communi,
2036 424 2224 474 quatuor
2257 419 2408 460 lectio-

218 497 342 538 nibus
380 494 678 539 absolvuntur,
711 504 736 530 a
769 489 949 543 septima
988 499 1144 540 nempe
1180 498 1320 540 usque
1359 484 1414 525 ad
1453 484 1664 525 decimam
1705 483 1926 524 inclusive.
1966 482 2176 523 Lectione
2221 495 2328 537 ergo
2364 494 2410 522 XI

218 556 471 600 resumenda
504 560 615 595 esset
647 553 716 593 illa
747 565 844 606 pars
879 549 1103 590 divisionis
1137 561 1249 603 quae
1288 543 1360 588 'est
1397 547 1449 588 de
1480 547 1700 602 speciebus
1740 549 1977 587 ventorum.
2022 545 2083 585 At
2117 558 2204 585 non
2244 544 2302 584 ita
2341 557 2410 585 res

217 634 264 661 se
296 620 445 660 habet:
480 630 576 658 nam
610 614 734 655 lectio
769 612 996 653 undecima
1029 611 1112 652 hoc
1145 610 1280 651 modo
1315 610 1480 664 incipit:
1523 627 1537 646 ‹
1559 610 1630 650 De
1656 609 1871 664 positione
1904 614 1981 648 etc.
2022 608 2264 662 Postquam
2304 606 2407 647 Phi-

216 681 422 736 losophus
457 676 752 720 determinavit
785 675 838 715 de
873 680 993 715 motu
1029 680 1070 714 et
1103 673 1243 714 causis
1278 678 1422 713 motus
1455 678 1699 720 ventorum,
1724 671 1791 712 hic
1825 670 2082 711 determinat
2114 669 2168 710 de
2190 670 2407 725 positione

216 747 259 785 et
281 742 588 787 contrarietate,
613 742 656 780 et
674 738 773 779 aliis
796 736 1077 791 passionibus
1096 736 1186 777 sive
1207 735 1431 789 affectibus
1453 747 1613 775 eorum.
1634 752 1648 771 »
1679 735 1816 775 Porro
1846 747 1878 774 s.
1903 733 2111 781 Thomas,
2137 732 2211 787 qui
2235 745 2409 787 semper

216 805 325 846 adeo
361 809 531 845 exactus
566 801 691 842 estin
726 799 1012 840 divisionibus
1037 811 1124 838 non
1158 798 1300 838 solum
1334 796 1565 845 tradendis,
1591 796 1670 837 sed
1694 796 1823 836 etiam
1849 795 2025 850 proprio
2055 795 2154 836 loco
2184 808 2408 836 resumen-

216 868 296 916 dis,
336 878 552 919 nunquam
585 861 941 918 praetermisisset
973 861 1014 901 in
1049 860 1233 901 lectione
1266 859 1496 899 undecima
1529 859 1791 899 divisionem
1826 858 1963 906 illam,
1999 857 2240 898 secundum
2275 871 2408 912 quam

215 929 332 970 initio
366 926 556 969 lectionis
589 924 795 979 septimae
828 923 1006 978 partitus
1040 928 1105 963 est
1137 921 1434 962 tractationem
1469 921 1523 961 de
1556 921 1709 969 ventis,
1745 926 1792 961 ut
1825 933 1986 960 novam
2022 919 2063 960 in
2098 920 2291 961 medium
2330 919 2408 960 ad-

215 991 396 1038 duceret,
422 1001 530 1043 quae
564 1001 659 1027 cum
693 986 822 1041 priori
857 999 945 1026 non
980 984 1188 1040 congruit.
1214 1008 1233 1014 -
1257 983 1462 1024 Similiter
1483 983 1604 1023 initio
1629 983 1779 1037 capitis
1800 994 1873 1031 vn,
1907 982 1979 1023 De
2001 982 2240 1036 agitatione
2261 985 2408 1023 autem

214 1056 257 1094 et
275 1055 398 1100 motu,
434 1052 549 1091 iuxta
581 1048 789 1102 analysim
823 1061 857 1089 s.
882 1048 1078 1088 Thomae
1114 1046 1259 1101 incipit
1291 1045 1583 1099 Philosophus
1618 1044 1904 1085 determinare
1931 1044 1985 1085 de
2011 1045 2271 1106 quibusdam
2298 1047 2408 1100 pas-

211 1115 399 1156 sionibus
420 1126 476 1154 ex
505 1112 642 1152 ventis
673 1111 875 1151 causatis.
912 1109 1002 1151 Sed
1035 1109 1155 1150 aliter
1187 1114 1489 1164 argumentum
1523 1107 1742 1161 praecitati
1765 1112 1908 1148 textus
1931 1107 2190 1161 proponitur
2222 1107 2408 1149 lectione

214 1177 377 1218 decima
409 1174 539 1222 tertia,
564 1186 674 1228 quae
697 1172 862 1227 incipit:
899 1189 913 1208 α
936 1173 1175 1226 Postquam
1198 1165 1491 1225 Philosophus
1515 1169 1818 1210 determinavit
1841 1168 1895 1209 de
1918 1169 1984 1209 his
2009 1181 2123 1223 quae
2145 1176 2410 1232 generantur

214 1239 322 1279 circa
353 1244 505 1278 terram
544 1250 597 1276 ex
629 1235 741 1275 sicca
775 1234 1056 1283 exhalatione,
1088 1234 1154 1274 hic
1189 1233 1472 1274 determinare
1507 1231 1688 1273 intendit
1721 1231 1774 1272 de
1808 1231 1875 1272 his
1899 1244 2012 1286 quae
2044 1238 2310 1287 generantur
2343 1232 2408 1273 in-

211 1301 339 1341 terius
371 1300 412 1340 in
445 1305 566 1346 terra,
600 1303 702 1351 puta
736 1297 789 1337 de
823 1302 1083 1337 terraemotu
1117 1302 1159 1336 et
1191 1295 1484 1336 accidentibus
1518 1294 1629 1335 circa
1662 1294 1816 1349 ipsum.
1849 1311 1864 1330 2

334 1362 394 1402 At
425 1361 460 1402 si
495 1360 728 1401 divisiones
763 1364 903 1399 textus
937 1371 1048 1413 quae
1072 1357 1226 1398 dantur
1247 1357 1431 1398 lectione
1454 1356 1683 1398 undecima
1707 1362 1749 1397 et
1770 1356 2067 1411 sequentibus,
2101 1369 2190 1398 non
2224 1366 2407 1412 respon&

213 1425 313 1465 dent
346 1421 824 1464 divisionibustraditis
857 1435 882 1462 a
913 1435 944 1462 s.
969 1421 1151 1469 Thoma,
1175 1420 1296 1461 facile
1322 1426 1387 1461 est
1421 1419 1745 1475 deprehendere
1769 1419 2119 1460 convenientiam
2153 1433 2287 1474 quam
2310 1419 2407 1464 illae

212 1487 369 1527 habent
402 1498 498 1526 cum
537 1484 732 1539 sequenti
772 1483 1005 1532 divisione,
1041 1496 1171 1537 quam
1213 1482 1285 1523 dat
1317 1483 1469 1523 Petrus
1504 1482 1559 1523 de
1593 1481 1819 1523 Alvernia:
1857 1500 1870 1517 ‹
1895 1482 1966 1522 De
1997 1481 2223 1536 spiritibus
2260 1484 2407 1523 autem

212 1548 414 1589 dicamus.
438 1548 675 1601 Postquam
709 1545 1008 1586 determinavit
1040 1545 1331 1600 Philosophus
1366 1544 1419 1585 de
1452 1544 1519 1586 his
1553 1557 1666 1599 quae
1699 1550 1962 1600 generantur
1995 1544 2038 1585 in
2061 1544 2160 1586 loco
2195 1543 2408 1600 superiori

213 1624 266 1651 ex
299 1609 596 1665 segregatione
631 1608 765 1648 calida
798 1608 930 1656 sicca,
972 1614 1014 1648 et
1048 1607 1101 1648 de
1135 1608 1200 1648 his
1235 1621 1347 1662 quae
1389 1613 1652 1663 generantur
1690 1619 1743 1647 ex
1776 1607 1955 1648 humida
1989 1607 2030 1647 in
2066 1607 2165 1648 loco
2209 1606 2407 1649 secundo

212 1678 311 1726 post
343 1672 464 1720 hunc,
490 1677 531 1711 et
564 1670 690 1711 etiam
713 1670 754 1710 in
778 1670 871 1724 ipsa
903 1676 1024 1719 terra,
1060 1670 1169 1711 redit
1202 1683 1316 1710 nunc
1349 1669 1405 1711 ad
1440 1668 1815 1710 determinandum
1839 1669 1894 1710 de
1916 1669 1982 1710 his
2005 1682 2119 1724 quae
2145 1676 2409 1726 generantur

214 1747 266 1774 ex
299 1733 409 1774 dicta
443 1733 709 1773 exhalatione
741 1732 855 1773 sicca
887 1732 930 1772 in
964 1733 1061 1773 loco
1095 1732 1342 1787 propinquo
1377 1738 1513 1773 terrae
1549 1738 1590 1772 et
1624 1731 1752 1772 etiam
1777 1732 1818 1772 in
1844 1731 1938 1786 ipsa
1960 1738 2084 1773 terra.
2109 1733 2166 1773 Et
2189 1732 2300 1773 circa
2322 1731 2408 1773 hoc

212 1796 350 1850 primo
385 1794 636 1835 determinat
669 1794 721 1834 de
744 1794 809 1835 his
844 1807 955 1848 quae
977 1798 1237 1850 generantur
1259 1807 1312 1835 ex
1333 1794 1428 1849 ipsa
1450 1794 1492 1834 in
1516 1807 1615 1835 aere
1639 1794 1750 1835 circa
1774 1794 2061 1850 peripheriarn
2094 1794 2407 1836 altissimorum

215 1857 434 1905 montium,
460 1856 513 1897 de
545 1856 685 1897 ventis
718 1856 893 1905 scilicet;
929 1856 1122 1897 secundo
1157 1870 1254 1898 cum
1289 1856 1407 1897 dicit:
1441 1857 1512 1897 De
1544 1857 1782 1911 agitatione
1813 1860 1970 1905 autem,
1997 1857 2053 1898 de
2085 1856 2152 1898 his
2187 1869 2300 1912 quae
2327 1869 2406 1914 ge-

214 1925 411 1960 nerantur
443 1931 497 1959 ex
530 1932 580 1959 ea
610 1918 654 1959 in
686 1924 810 1967 terra,
841 1924 945 1973 puta
978 1918 1031 1959 de
1064 1924 1340 1967 terraemotu;
1374 1919 1499 1959 tertio
1535 1932 1632 1960 cum
1666 1919 1782 1960 dicit:
1817 1918 1888 1960 De
1919 1920 2215 1961 coruscatione
2247 1921 2404 1968 autem,

215 1981 268 2021 de
301 1981 365 2021 his
389 1994 499 2034 quae
521 1986 779 2035 generantur
813 1994 865 2021 ex
899 1994 950 2021 ea
984 1981 1024 2020 in
1049 1981 1163 2021 nube
1198 1980 1261 2034 (cf.
1287 1981 1416 2036 paulo
1451 1981 1555 2022 infra
1589 1982 1835 2036 exemplum
1860 1994 1913 2023 ex
1936 1981 2147 2037 principio
2181 1982 2275 2024 lect.
2300 1981 2404 2038 xvt).

215 2043 337 2084 Circa
369 2043 573 2097 primum,
608 2043 746 2097 primo
781 2042 1035 2084 determinat
1078 2043 1131 2083 de
1165 2043 1305 2084 ventis
1338 2044 1446 2097 (qui
1468 2046 1768 2097 generantur)
1803 2056 1857 2084 ex
1891 2056 1942 2084 ea
1975 2044 2017 2085 in
2051 2057 2175 2094 aere;
2209 2044 2406 2086 secundo

213 2118 310 2145 cum
343 2104 462 2145 dicit:
496 2105 566 2144 De
588 2105 800 2158 positione
831 2108 975 2145 autem
1008 2106 1215 2159 ipsorum,
1251 2105 1305 2146 de
1340 2105 1612 2146 distinctione
1647 2112 1688 2146 et
1722 2106 2023 2147 contrarietate
2055 2106 2251 2162 ipsorum
2279 2106 2406 2149 adin·

212 2166 350 2208 vicem
385 2166 509 2220 (Cod.
534 2167 670 2207 Vatic.
697 2168 828 2215 2181,
852 2167 922 2207 sol.
947 2178 1004 2220 47
1037 2167 1194 2221 verso).

335 2229 402 2269 Ex
425 2241 477 2269 eo
502 2241 605 2283 ergo
630 2228 749 2282 quod
771 2243 796 2269 a
819 2229 1002 2269 lectione
1028 2241 1073 2269 xi
1095 2234 1349 2284 argumenta
1383 2236 1425 2270 et
1451 2229 1688 2271 divisiones
1711 2236 1855 2271 textus
1880 2243 1970 2272 non
2003 2231 2188 2287 amplius
2223 2244 2406 2288 respon-

213 2290 313 2331 dent
334 2290 594 2346 argumentis
627 2296 670 2331 et
692 2290 976 2331 divisionibus
1010 2304 1122 2345 quae
1155 2292 1249 2334 lect.
1273 2303 1333 2332 v11
1365 2291 1538 2333 tradidit
1571 2292 1823 2348 Angelicus,
1858 2292 1938 2334 sed
1966 2293 2107 2350 magis
2141 2294 2409 2336 conveniunt

212 2366 308 2393 curn
329 2352 588 2408 argumentis
613 2358 654 2393 et
671 2352 955 2394 divisionibus
979 2353 1091 2394 Petri
1114 2354 1373 2403 Alvernatis‚
1398 2355 1481 2395 iam
1505 2362 1683 2410 apparet
1705 2356 2118 2398 commentationem
2141 2369 2167 2398 a
2189 2356 2408 2412 praedicta

210 2414 389 2455 lectione
412 2427 457 2455 xx
489 2415 683 2456 Thomae
718 2415 924 2469 Aquinati
959 2415 1191 2457 adiudicari
1226 2430 1312 2457 non
1337 2430 1479 2471 posse.
1517 2417 1607 2459 Sed
1642 2417 1684 2458 id
1717 2418 1858 2474 magis
1891 2419 2057 2474 patebit
2090 2419 2125 2460 si
2158 2419 2405 2461 adinvicem

211 2476 477 2517 conferantur
508 2477 603 2518 loca
625 2477 835 2531 parallela,
871 2491 982 2532 quae
1016 2478 1261 2532 speciminis
1295 2479 1432 2535 gratia
1465 2493 1518 2521 ex
1541 2480 1844 2535 supplemento
1879 2486 1922 2522 et
1950 2494 2005 2523 ex
2026 2481 2120 2523 aliis
2153 2481 2406 2525 auctoribus

211 2538 276 2579 hic
309 2538 568 2580 subiicimus.

277 2651 324 2681 Ex
346 2661 570 2682 super-ausum.
585 2669 603 2674 -
622 2652 795 2692 Postquam
815 2651 1031 2694 Philosophus
1055 2653 1273 2685 determinavit

212 2696 250 2726 de
274 2702 363 2725 motu
390 2702 419 2726 et
442 2694 541 2725 causis
564 2702 743 2734 ventorum,
769 2696 818 2727 hic
842 2696 1029 2727 determinat
1052 2698 1089 2728 de
1114 2698 1272 2739 positione

212 2747 242 2770 et
266 2739 490 2776 contrarietate,
514 2746 544 2770 et
567 2739 634 2770 aliis
658 2740 856 2780 passionibus
881 2741 946 2771 sive
965 2741 1125 2773 affectibus
1149 2753 1272 2774 eorum.

211 2784 251 2815 Et
275 2783 378 2824 primo
403 2783 572 2824 praemittit
595 2784 802 2816 intentionem
825 2795 934 2824 suam,
961 2786 1066 2817 dicens
1089 2788 1178 2828 quod
1201 2795 1274 2828 post

211 2828 504 2859 determinationem
528 2829 761 2869 praedictorum
784 2829 956 2860 dicendum
981 2838 1026 2861 est
1044 2831 1083 2862 de
1100 2833 1271 2872 positione,

211 2872 290 2903 idest
314 2872 375 2903 situ
402 2879 432 2903 et
452 2872 580 2911 ordine,
606 2872 748 2913 ipsorum
774 2881 964 2913 ventorum,
991 2882 1021 2906 et
1043 2875 1080 2906 de
1106 2878 1274 2908 contrarie·

211 2923 287 2955 tate,
313 2917 429 2948 scilicet
450 2916 504 2958 qui
529 2917 591 2949 sint
617 2918 762 2949 contrarii
785 2918 866 2949 inter
890 2929 941 2956 se,
966 2926 996 2950 et
1019 2930 1101 2960 quos
1124 2921 1273 2960 possibile

211 2968 257 2991 est
279 2961 373 2992 simul
396 2961 487 3000 flare,
519 2969 550 2993 et
572 2972 654 3003 quos
678 2962 886 3004 impossibile.
921 2963 1197 2996 Considerandum
1228 2974 1274 2998 est

214 3005 306 3036 etiam
329 3005 383 3046 qui
408 3013 481 3036 sunt
504 3006 679 3037 secundum
703 3007 842 3038 nominis
860 3008 1032 3045 rationem,
1058 3016 1088 3040 et
1104 3017 1184 3050 quot
1200 3018 1274 3042 sunt

214 3050 388 3079 secundum
412 3060 591 3082 numerum.
617 3051 730 3082 Adhuc
753 3059 861 3083 autem
887 3052 926 3083 de
951 3053 1152 3092 passionibus
1176 3062 1206 3086 et
1225 3065 1272 3086 ac-

213 3093 401 3131 cidentibus,
426 3094 487 3125 sive
512 3095 549 3125 de
576 3095 735 3126 affectibus
759 3106 888 3134 eorum,
914 3107 996 3138 quae
1020 3098 1174 3138 contingit
1198 3110 1273 3130 con-

213 3137 344 3168 siderare
367 3138 398 3168 in
420 3139 654 3178 particularibus
678 3141 939 3173 Problematibus.
963 3142 1004 3173 Et
1020 3142 1105 3174 hunc
1129 3143 1273 3175 ordinem

213 3188 337 3221 oportet
360 3182 554 3213 manifestare
578 3193 613 3214 ex
637 3185 844 3225 descriptione
869 3185 1038 3226 singulari,
1067 3188 1273 3220 describendo

214 3225 353 3266 singulos
376 3233 486 3258 ventos
510 3228 667 3270 (Append.
693 3229 745 3260 lib.
765 3230 802 3268 11,
827 3230 898 3261 lect.
915 3241 957 3269 xi,
983 3241 1013 3262 n.
1036 3230 1075 3274 1).

280 3445 400 3476 Deinde
424 3456 497 3478 cum
524 3447 612 3479 dicit:
637 3449 772 3480 Essendi
795 3456 901 3482 autem
931 3454 1044 3494 plures
1068 3460 1178 3486 ventos
1201 3463 1272 3494 etc„

215 3489 288 3530 quia
312 3490 454 3530 superius
477 3491 657 3523 Aristoteles
689 3503 899 3534 supposuerat
931 3499 1018 3538 quod
1052 3499 1157 3539 plures
1188 3500 1271 3532 venti

214 3533 290 3564 flant
305 3544 323 3564 a
338 3542 422 3574 parte
438 3535 553 3566 boreali
570 3546 666 3577 quam
683 3547 700 3568 a
719 3546 804 3578 parte
821 3541 961 3579 australi,
978 3543 1049 3574 ideo
1066 3543 1115 3574 hic
1135 3545 1273 3577 ostendit

214 3588 340 3608 causam
357 3579 461 3610 huius.
477 3580 516 3610 Et
535 3580 608 3612 dicit
624 3582 712 3622 quod
727 3592 820 3613 causa
837 3594 934 3625 quare
951 3596 968 3616 a
986 3587 1062 3618 locis
1078 3589 1117 3618 ad
1133 3595 1270 3628 arctum,

213 3621 293 3653 idest
315 3622 354 3652 ad
378 3624 632 3663 septentrionem,
652 3625 730 3656 inter
746 3627 859 3667 polum
884 3630 1034 3661 arcticum
1052 3639 1081 3663 et
1105 3632 1269 3673 orientem,

1393 2654 1439 2685 Ex
1464 2665 1687 2686 commem-mo
1710 2656 1807 2687 Parni
1831 2659 2042 2688 Arvarmms.
2060 2674 2079 2682 ε-
2103 2658 2283 2700 Postquam
2305 2658 2407 2691 deter-

1327 2699 1460 2730 minavit
1483 2699 1522 2730 de
1555 2710 1648 2731 causa
1674 2708 1704 2732 et
1728 2700 1828 2732 modo
1861 2701 2076 2742 generationis
2108 2709 2138 2734 et
2162 2710 2274 2742 motu,
2299 2702 2405 2735 adhuc

1326 2751 1434 2774 autem
1457 2744 1496 2775 de
1521 2744 1678 2785 principio
1702 2745 1934 2777 commotionis
1959 2753 1990 2777 et
2013 2746 2198 2778 cessationis
2221 2753 2406 2787 ventorum,

1327 2799 1412 2820 nunc
1436 2789 1546 2820 transit
1569 2790 1609 2820 ad
1633 2790 1902 2822 considerandum
1931 2791 1970 2822 de
1994 2791 2156 2832 positione
2181 2798 2212 2823 et
2235 2791 2406 2823 contrarie-

1327 2840 1388 2864 tate
1408 2833 1565 2873 ipsorum,
1586 2841 1616 2865 et
1632 2835 1671 2866 de
1688 2835 1904 2867 accidentibus
1920 2836 2116 2878 quibusdam
2132 2836 2406 2878 consequentibus

1327 2887 1381 2908 eos
1405 2879 1582 2909 secundum
1602 2879 1691 2920 quod
1713 2879 1911 2911 huiusmodi.
1929 2879 1969 2912 Et
1986 2880 2092 2921 primo
2108 2881 2284 2922 praemittit
2303 2881 2406 2913 inten-

1327 2922 1448 2953 tionem
1462 2933 1563 2954 suam.
1577 2923 1726 2955 Secundo
1739 2934 1814 2956 cum
1827 2925 1917 2956 dicit:
1931 2926 2137 2958 Describitur
2148 2926 2275 2968 quidem
2289 2927 2406 2968 igitur,

1326 2968 1540 3008 prosequitur.
1567 2969 1602 2999 ln
1626 2969 1728 3010 prima
1753 2977 1841 3011 parte
1865 2969 1953 3008 dicit,
1977 2971 2068 3012 quod
2092 2978 2167 3012 post
2197 2971 2407 3004 determinata

1328 3012 1593 3043 considerandum
1618 3021 1664 3044 est
1689 3014 1727 3044 de
1751 3014 1930 3055 positione,
1955 3014 2036 3047 idest
2059 3016 2098 3047 de
2128 3015 2190 3047 situ
2221 3022 2252 3047 et
2280 3015 2405 3055 ordine,

1328 3055 1473 3096 ipsorum
1498 3064 1686 3096 ventorum,
1711 3065 1742 3089 et
1765 3058 1820 3100 qui
1845 3059 1964 3100 quibus
1988 3060 2051 3092 sint
2074 3059 2240 3098 contrarii,
2266 3066 2297 3092 et
2320 3070 2406 3102 quoe

1327 3100 1457 3131 illorum
1482 3102 1632 3142 possibile
1656 3110 1702 3134 est
1726 3103 1863 3135 invicem
1887 3104 1984 3135 simul
2008 3105 2095 3143 flare,
2120 3113 2151 3137 et
2174 3115 2258 3147 quos
2282 3105 2405 3146 impoe-

1328 3145 1431 3176 sibile:
1456 3146 1588 3186 iterum,
1614 3147 1669 3188 qui
1694 3155 1769 3179 sunt
1793 3149 1972 3180 secundum
2003 3150 2161 3187 rationem
2185 3149 2348 3188 nominis,
2374 3155 2406 3181 et

1328 3197 1408 3230 quot
1431 3191 1607 3222 secundum
1633 3201 1822 3223 numerum:
1848 3193 1953 3225 adhuc
1972 3201 2081 3226 autem
2098 3194 2137 3225 de
2154 3193 2358 3236 passionibus
2375 3201 2406 3225 et

1327 3234 1541 3266 accidentibus
1557 3235 1717 3276 ipsorum,
1739 3247 1964 3280 quaecumque
1979 3238 2135 3279 contingit
2154 3237 2355 3270 considerare
2371 3237 2404 3269 iu

1329 3279 1570 3319 particularibus
1582 3282 1835 3314 Problematibus
1852 3283 1932 3315 circa
1945 3283 2031 3315 haec.
2047 3282 2283 3324 Opportunum
2295 3290 2406 3314 autem

1328 3330 1374 3354 est
1398 3324 1649 3356 considerantem
1679 3326 1717 3356 de
1743 3326 1854 3358 ordine
1879 3334 1910 3359 et
1932 3326 2092 3369 positione
2117 3326 2263 3368 ipsorum
2288 3337 2325 3358 ex
2349 3328 2403 3358 de-

1328 3367 1498 3408 scriptione
1515 3368 1637 3410 figurali
1657 3370 1718 3402 hoc
1743 3371 1943 3403 manifestare
1961 3370 2058 3414 (Cod.
2076 3371 2147 3402 Vat.
2165 3370 2263 3410 2181,
2286 3371 2341 3403 fol.
2364 3373 2402 3403 52

1327 3411 1438 3454 recto).

1394 3457 1635 3499 Consequenter
1659 3470 1734 3491 cum
1750 3460 1842 3491 dicit:
1868 3459 2007 3492 Essendi
2025 3465 2132 3491 autem
2153 3460 2279 3501 plures,
2301 3461 2402 3492 decla—

1327 3509 1373 3532 rat
1397 3503 1561 3543 quoddam
1586 3504 1803 3544 suppositum.
1823 3503 2044 3545 Supposuerat
2067 3504 2152 3534 enim
2177 3505 2267 3546 quod
2297 3505 2404 3546 plures

1327 3554 1401 3578 sunt
1423 3547 1508 3578 venti
1532 3548 1643 3579 flantes
1667 3558 1685 3579 a
1707 3555 1795 3589 parte
1819 3548 1934 3579 boreae
1957 3557 2057 3589 quam
2080 3549 2196 3586 austri3
2221 3558 2252 3580 et
2275 3550 2337 3581 hoc
2357 3550 2405 3581 in-

1327 3591 1426 3622 tendit
1443 3592 1598 3623 declarare
1616 3593 1731 3633 primo.
1750 3592 1899 3624 Secundo
1919 3602 1993 3623 cum
2011 3592 2104 3624 dicit:
2124 3594 2184 3625 Est
2202 3600 2311 3626 autem
2329 3604 2403 3627 νεη-

1325 3640 1443 3673 torum,
1465 3636 1601 3667 declarat
1625 3636 1680 3677 qui
1706 3637 1790 3667 venti
1815 3636 1876 3667 sint
1900 3636 2042 3668 boreales
2067 3644 2097 3668 et
2120 3638 2176 3679 qui
2201 3639 2351 3670 australes
2373 3647 2403 3671 et
