2782 4134
95 1587 104 1594 ·
118 1584 192 1612 igitur
206 1590 254 1606 om.
269 1590 305 1605 PB.

193 1629 207 1654 ’ὂ

93 1798 102 1805 ”
121 1796 199 1817 lineae
212 1802 260 1817 om.
271 1802 292 1817 P.

98 2221 107 2229 '
123 2219 270 2241 latitudinum
284 2226 306 2242 r.

333 285 408 321 240

334 365 571 402 consequens
607 363 742 388 omnes
781 363 840 387 res
876 350 1045 398 ponebat
1082 361 1163 385 esse
1201 360 1395 384 numeros.

332 406 444 444 Unde
475 413 510 442 et
539 404 795 442 dimensiones
824 402 1037 452 quantitatis
1067 401 1268 438 continuae
1299 401 1397 437 dice-

333 461 398 496 bat
425 471 506 496 esse
536 458 725 506 quosdam
745 468 926 493 numeros
944 455 1175 504 positionem
1195 454 1396 490 habentes:

334 521 370 549 et
389 512 441 549 sic
461 513 672 549 secundum
701 511 824 558 ipsum
845 517 1007 558 punctus
1029 507 1224 545 estunitas
1242 506 1398 555 positio-

333 578 424 602 nem
452 566 597 602 habens
616 571 648 610 α,
680 571 716 599 et
735 563 787 599 sic
807 563 854 599 de
874 562 962 598 aliis.
994 562 1043 597 Et
1071 560 1159 608 quia
1179 559 1397 596 dualitatem

334 618 559 656 attribuebat
596 616 796 662 materiae,
833 615 1017 651 unitatem
1056 621 1184 650 autem
1228 613 1396 658 formae,

334 671 557 708 aestimabat
576 671 680 720 quod
700 669 844 705 formae
861 668 1036 704 omnium
1053 678 1258 715 corporum
1274 673 1399 702 essent

333 724 575 773 accipiendae
610 722 821 760 secundum
858 721 1043 757 rationem
1077 720 1306 768 figurarum,
1342 730 1397 755 se-

334 777 502 814 cundum
531 789 625 824 quas
655 787 815 823 corpora
834 774 1094 811 terminantur.
1120 772 1248 810 Ultimi
1269 779 1397 809 autem

332 830 482 868 termini
511 828 792 866 dimensionum
812 835 899 864 sunt
916 835 1070 876 puncta,
1092 839 1195 875 quae
1211 834 1298 862 sunt
1316 825 1397 861 uni-

332 891 426 921 tates
453 883 609 932 positae,
639 889 679 918 ut
708 881 851 918 dictum
880 888 945 918 est.
973 881 1022 917 Et
1050 880 1137 917 ideo
1167 879 1335 916 diversas
1355 879 1398 915 fi-

333 949 444 985 guras
473 947 675 984 corporeas
705 934 864 972 diversis
894 933 1116 983 corporibus
1151 932 1396 969 attribuebat:

333 990 427 1027 sicut
455 990 617 1037 figuram
643 987 919 1037 pyramidalem
947 987 1043 1035 igni,
1072 987 1236 1034 figuram
1269 993 1397 1022 autern

334 1050 419 1080 octo
441 1042 589 1079 basium
619 1041 716 1088 aeri,
747 1041 910 1088 figuram
940 1048 1068 1077 autem
1088 1039 1218 1088 viginti
1247 1039 1397 1076 basium

333 1108 474 1144 aquae,
504 1095 667 1143 figuram
697 1101 825 1130 autem
856 1093 1030 1130 cubicam
1058 1101 1199 1140 terrae,
1234 1093 1398 1141 figuram

333 1156 460 1186 autem
497 1147 701 1185 duodecim
732 1147 882 1184 basium
916 1147 1079 1193 aetheri,
1108 1146 1206 1183 idest
1240 1147 1344 1183 caelo
1369 1143 1397 1182 β.

333 1201 580 1239 Manifestum
610 1208 665 1237 est
692 1207 820 1237 autem
854 1200 995 1248 figuras
1031 1212 1235 1248 corporeas
1265 1212 1311 1236 ex
1340 1212 1400 1236 su-

331 1254 560 1304 perficiebus
590 1253 776 1300 constitui,
807 1253 1034 1302 inquantum
1055 1253 1104 1290 ad
1123 1253 1289 1290 invicem
1311 1265 1400 1289 con-

332 1308 537 1356 iunguntur
556 1306 769 1344 secundum
789 1311 932 1343 tactum
955 1306 1137 1343 linearem
1157 1311 1192 1343 ⁷:
1219 1306 1271 1343 sic
1297 1305 1399 1342 enim

332 1361 473 1398 faciunt
501 1360 683 1408 angulum
713 1360 964 1408 corporalem.
995 1360 1045 1397 Et
1069 1359 1169 1406 ideo,
1199 1360 1400 1396 formalem

333 1413 655 1463 compositionem
685 1425 892 1462 corporum
913 1412 1151 1460 distribuens,
1173 1413 1279 1449 Plato
1302 1412 1400 1449 dice-

333 1468 397 1504 bat
425 1468 530 1515 quod
560 1478 721 1515 corpora
742 1474 1025 1514 componuntur
1053 1478 1098 1503 ex
1127 1465 1401 1515 superficiebus

333 1520 547 1558 secundum
575 1519 715 1556 lineam
745 1519 967 1556 coniunctis.

388 1585 423 1610 2.
445 1574 589 1610 Contra
607 1573 682 1610 hoc
701 1572 844 1620 igitur*
863 1572 989 1609 obiicit
1012 1572 1249 1619 Aristoteles,
1272 1572 1402 1609 dicens

332 1626 606 1669 inconveniens
627 1638 710 1662 esse
730 1625 759 1661 si
774 1633 940 1674 ponatur
955 1623 968 1647 ὅ
983 1625 1204 1674 superficies
1221 1626 1402 1674 componi

334 1680 413 1717 sive
443 1678 620 1726 coniungi
649 1678 697 1716 ad
720 1678 993 1716 instituendum
1015 1691 1164 1727 corpus,
1191 1679 1316 1715 solum
1345 1691 1402 1715 se-

336 1733 503 1770 cundum
531 1731 714 1768 linearem
744 1739 973 1769 contactum.
1009 1733 1058 1769 Et
1085 1732 1159 1768 hoc
1187 1732 1402 1769 manifestat

333 1799 403 1836 per
423 1786 641 1834 exemplum
661 1785 782 1822 lineae
800 1786 831 1822 ²².
854 1785 973 1822 Linea
988 1785 1089 1822 enim
1105 1785 1256 1822 duobus
1276 1785 1402 1822 modis

332 1847 459 1889 potest
477 1838 581 1875 alteri
600 1838 720 1874 lineae
737 1838 930 1886 coniungi:
951 1851 1030 1875 uno
1049 1838 1168 1875 modo
1189 1839 1401 1875 secundum

334 1892 622 1940 longitudinem,
635 1891 740 1940 quod
756 1899 811 1928 est
826 1891 1039 1928 secundum
1053 1891 1299 1940 punctualem
1312 1904 1401 1928 con·

334 1953 487 1992 tactum,
509 1945 735 1993 inquantum
756 1945 895 1982 scilicet
914 1944 1138 1993 longitudini
1152 1944 1264 1981 unius
1279 1944 1402 1982 lineae

335 1997 572 2046 coniungitur
587 1997 625 2034 in
639 2005 781 2047 puncto
797 1998 992 2046 longitudo
1009 1997 1159 2035 alterius
1175 1997 1309 2044 lineae,
1322 1998 1402 2035 sive

334 2052 445 2090 faciat
463 2052 643 2099 angulum
668 2063 756 2087 cum
786 2064 831 2088 ea
859 2051 939 2088 sive
967 2063 1065 2097 non;
1096 2051 1169 2087 alio
1199 2051 1319 2088 modo
1344 2064 1400 2088 se-

335 2105 504 2142 cundum
525 2104 774 2152 latitudinem,
804 2105 910 2154 quod
931 2112 986 2141 est
1011 2104 1222 2141 secundum
1252 2104 1402 2154 apposi-

333 2159 477 2196 tionem
496 2157 610 2194 totius
629 2157 749 2194 lineae
769 2159 817 2194 ad
837 2166 956 2194 totam
981 2157 1121 2194 lineam
1141 2157 1180 2194 in
1198 2157 1261 2194 via
1281 2157 1401 2195 latitu-

333 2211 430 2249 dinis
447 2212 477 2248 *.
499 2211 548 2247 Et
567 2210 736 2247 similiter
755 2218 906 2259 oportet
929 2210 1034 2259 quod
1053 2210 1275 2259 superficies
1296 2223 1400 2248 corn-

330 2271 495 2314 ponatur
523 2263 737 2312 superficiei
771 2263 984 2312 dupliciter:
1015 2264 1155 2300 scilicet
1187 2264 1400 2301 secundum

330 2317 639 2368 profunditatem,
661 2324 751 2366 puta
771 2317 801 2354 si
820 2325 898 2354 tota
921 2329 999 2354 una
1019 2317 1239 2366 superficies
1259 2330 1400 2366 suppo-

330 2379 440 2408 natur
458 2376 470 2391 ‘
497 2370 601 2407 alteri
629 2370 865 2419 superficiei:
901 2378 937 2407 et
969 2370 1182 2408 secundum
1217 2370 1400 2408 linearem

331 2431 569 2470 contactum,
600 2424 679 2461 sive
715 2424 916 2461 constituat
948 2425 1130 2472 angulum
1160 2425 1400 2473 corporalem

331 2478 411 2515 sive
432 2490 521 2515 non.
544 2478 592 2514 Et
612 2477 660 2514 ad
681 2477 952 2526 exponendum
972 2477 1078 2526 quod
1098 2477 1252 2523 dixerat,
1274 2477 1402 2514 subdit

331 2531 437 2579 quod
457 2530 555 2567 linea
578 2538 703 2579 potest
723 2530 905 2579 componi
933 2530 1054 2567 lineae
1084 2530 1296 2567 secundum
1326 2531 1400 2567 hoc

331 2584 437 2632 quod
456 2590 694 2632 supponatur
712 2583 816 2620 alteri
836 2583 860 2630 ζ,
883 2591 919 2620 et
942 2596 1022 2620 non
1041 2583 1167 2620 solum
1187 2583 1400 2620 secundum

330 2638 405 2674 hoc
433 2637 540 2685 quod
557 2644 783 2686 apponatur
812 2637 845 2673 ei
874 2636 1087 2673 secundum
1116 2644 1334 2673 contactum
1360 2637 1401 2673 li-

331 2702 498 2736 nearem.
1124 2695 1125 2701 ¹

387 2745 421 2780 3.
439 2742 540 2790 Quia
558 2742 668 2790 igitur
688 2743 827 2791 duplex
848 2750 902 2779 est
921 2743 1061 2780 modus
1081 2754 1158 2791 quo
1179 2742 1400 2792 superficies

331 2796 508 2844 coniungi
535 2803 712 2844 possunt;
744 2804 780 2832 et
803 2795 1015 2833 secundum
1043 2796 1203 2833 alterum
1224 2796 1398 2843 modum,

330 2850 469 2886 scilicet
501 2850 714 2886 secundum
749 2857 965 2886 contactum
1002 2849 1202 2896 linearem,
1240 2862 1398 2898 compo-

330 2903 420 2940 sitae
450 2902 591 2940 faciunt
619 2902 749 2940 omnia
779 2903 982 2949 elementa;
1013 2910 1192 2951 sequetur
1220 2903 1337 2951 quod,
1367 2903 1398 2940 si

331 2964 611 3005 componantur
636 2957 840 2993 secundum
865 2956 1113 3002 latitudinem,
1135 2956 1231 2993 idest
1257 2969 1397 3005 suppo-

383 3062 409 3094 α)
429 3065 455 3087 et
473 3062 511 3087 sic
529 3061 707 3086 secundum...
722 3061 828 3086 habens.
846 3075 865 3080 —
881 3064 910 3086 ut
929 3061 985 3094 (ubi
1004 3062 1036 3094 A)
1056 3061 1155 3086 scilicet
1179 3062 1247 3087 sicut
1267 3063 1398 3094 (corrupte

328 3098 382 3122 sint
394 3097 470 3126 EFG.
485 3105 538 3122 om.
554 3097 649 3129 Oxon.)
664 3097 807 3122 secundum
829 3097 913 3129 ipsum
924 3100 1055 3129 punctum
1075 3100 1114 3122 est
1133 3098 1222 3122 unitas
1237 3097 1397 3130 positionem

329 3133 426 3158 habens
451 3133 534 3161 codd.;
554 3133 638 3157 Oxon.
659 3138 684 3157 et
707 3133 742 3157 sE
762 3133 872 3157 addunt:
893 3132 931 3157 ita
955 3133 1025 3158 linea
1044 3136 1084 3158 est
1102 3133 1219 3158 dualitas
1236 3133 1397 3165 positionem

330 3168 427 3193 habens
445 3171 471 3193 et
489 3168 640 3201 superficies
659 3171 698 3193 est
717 3168 825 3192 trinitas
840 3168 1000 3200 positionem
1020 3168 1132 3198 habens3
1154 3177 1222 3201 quae
1240 3170 1398 3201 respondent

330 3203 431 3228 lectioni
456 3204 574 3228 codicum
594 3207 623 3228 ut
641 3203 740 3228 scilicet
763 3203 831 3228 sicut
854 3210 903 3228 etc.

385 3237 409 3271 β)
428 3239 497 3264 sicut
508 3240 630 3272 figuram
647 3239 880 3272 pyramidalem...
901 3238 970 3264 idest
988 3240 1070 3265 caelo.
1089 3253 1108 3259 -
1127 3240 1146 3264 Ρ
1166 3239 1257 3265 habet:
1277 3240 1399 3266 videlicet

324 3274 444 3307 figuram
455 3275 655 3308 pyramidalem
671 3274 735 3307 igni,
744 3275 867 3307 figuram
882 3278 971 3299 autem
985 3282 1036 3300 sex
1049 3275 1151 3300 basium
1165 3278 1265 3303 terrae,
1272 3275 1396 3309 figuram

331 3312 419 3333 autem
438 3313 496 3334 octo
516 3310 616 3334 basium
636 3310 707 3339 aeri,
725 3310 846 3343 figuram
867 3314 955 3335 autem
975 3311 1063 3336 decem
1083 3310 1185 3335 basium
1204 3318 1303 3344 aquae,
1321 3312 1396 3344 figu-

332 3351 390 3368 ram
405 3348 494 3369 autem
506 3345 642 3370 duodecim
659 3345 759 3370 basium
775 3346 885 3375 aetheri,
899 3346 998 3371 scilicet
1011 3347 1099 3376 caelo;
1113 3345 1176 3371 haec
1192 3347 1275 3376 lecti0‚
1290 3347 1398 3379 inquan-

335 3383 389 3403 tum
409 3387 490 3411 aquac
506 3380 618 3404 attribuit
634 3379 742 3412 figuram
760 3381 848 3405 decem
866 3381 967 3406 basium
985 3382 1105 3406 sustineri
1124 3382 1223 3414 nequit.
1240 3382 1312 3407 Plato
1329 3383 1398 3407 enim

333 3414 446 3446 assignat
465 3422 545 3447 aquae
564 3414 672 3448 figuram
693 3416 767 3440 tertio
786 3421 933 3448 generatam
956 3425 1083 3442 concursu
1103 3417 1291 3449 triangulorum
1310 3418 1398 3450 aequi-

333 3449 472 3474 laterorum
487 3446 528 3481 (τὸ
542 3447 568 3474 δὲ
583 3448 669 3483 τρίτον
685 3448 762 3483 [κατὰ
777 3451 883 3484 γένεσιν]
898 3450 1023 3481 ὖδκτος.-
1034 3452 1165 3478 ῚἛΜαειις.
1176 3453 1291 3478 Ed.Did.
1301 3461 1326 3485 p.
1339 3460 1397 3482 222,

332 3483 402 3516 47.);
417 3485 491 3509 tertio
502 3490 587 3510 autem
601 3485 683 3517 figura
696 3486 783 3518 viginti
798 3486 898 3511 basium
914 3487 1051 3512 oriebatur.
1063 3488 1180 3513 Forsitan
1192 3488 1284 3513 Pianae
1297 3488 1398 3513 lectioni

332 3519 496 3544 occasionem
512 3520 580 3544 dedit
593 3520 701 3545 omissio
715 3521 883 3546 homoteleuti
899 3529 1017 3554 aquae...
1029 3523 1167 3548 duodecim
1178 3523 1279 3548 basium
1291 3523 1316 3548 in
1329 3524 1399 3548 AFG

333 3555 374 3587 pF.
388 3560 414 3579 et
426 3555 484 3579 Par.
499 3555 574 3585 Quod
590 3555 699 3587 legimus
715 3563 773 3580 cum
793 3557 877 3582 Oxon.
892 3562 916 3581 et
929 3558 986 3582 BsE
1006 3558 1165 3583 adamussim
1185 3559 1299 3584 Platonis
1312 3559 1398 3584 verbis

334 3590 451 3622 quadrat.
470 3590 519 3614 Pro
536 3591 604 3615 sicut
615 3591 746 3623 figuram,
763 3592 886 3624 figuram
904 3593 972 3617 sicut
991 3593 1054 3626 FpG
1074 3599 1098 3618 et
1118 3594 1175 3619 Par.
1194 3594 1260 3619 sorte
1279 3600 1399 3627 corrupte

333 3632 381 3658 pro
397 3625 520 3658 figuram
539 3625 652 3655 scilicet,·
671 3633 718 3658 pro
734 3626 801 3651 idest
813 3628 892 3657 caelo,
908 3627 1006 3653 scilicet
1024 3629 1096 3653 caelo
1116 3629 1191 3653 etiam
1211 3629 1278 3654 EFG
1298 3635 1323 3654 et
1341 3630 1398 3654 Par.

1024 271 1095 307 DE
1126 270 1301 306 CAELO
1332 269 1403 306 ET
1432 267 1627 306 MUNDO
1658 268 1752 304 LIB.
1784 269 1832 304 IIl

1453 347 1581 384 nendo
1611 346 1855 396 superficiem
1880 346 2107 396 superficiei,
2128 346 2166 383 id
2187 347 2292 394 quod
2313 359 2522 396 compone-

1452 407 1511 436 tur
1530 401 1549 421 *
1578 412 1624 436 ex
1652 399 1927 449 superficiebus
1948 400 2000 437 sic
2021 399 2255 448 compositis,
2286 399 2355 436 erit
2383 413 2522 449 corpus

1453 453 1559 500 quod
1586 465 1658 490 nec
1684 461 1740 490 est
1760 454 1991 490 elementum
2012 465 2083 489 nec
2104 465 2149 489 ex
2170 452 2376 490 elementis.
2407 453 2523 500 Quod

1453 513 1582 542 autem
1611 518 1690 543 non
1709 506 1756 543 sit
1775 507 2008 545 elementum
2036 513 2156 555 patet,
2187 505 2277 554 quia
2298 506 2429 543 omnia
2449 508 2522 544 ele-

1453 566 1583 595 menta
1626 558 1903 596 constituuntur
1945 559 2158 596 secundum
2201 559 2318 595 alium
2359 559 2523 597 modurn

1453 611 1730 648 coniunctionis
1759 612 2060 661 superficierum.
2091 612 2208 659 Quod
2232 620 2361 649 autern
2380 625 2460 649 non
2479 613 2525 650 sit

1453 677 1498 701 ex
1527 665 1724 702 elementis
1750 673 1874 714 patet,
1904 666 1993 714 quia
2013 666 2082 703 ista
2107 665 2333 715 compositio
2363 666 2523 715 superfi-

1453 718 1618 766 cierum,
1649 730 1748 766 quae
1779 726 1835 755 est
1862 720 2075 756 secundum
2105 718 2451 768 superpositionem
2482 721 2522 766 ²⁸,

1451 771 1603 808 videtur
1623 771 1851 808 constituere
1870 771 1994 820 ipsam
2013 772 2312 821 profunditatem
2334 772 2523 821 corporis,

1453 837 1552 872 quae
1586 832 1640 861 est
1675 824 1755 861 eius
1793 825 2020 872 substantia;
2059 826 2131 862 alia
2161 838 2256 863 vero
2296 825 2524 874 compositio

1453 877 1743 926 superficierum
1778 878 1969 915 constituit
2003 891 2141 927 corpus
2178 879 2390 925 secundum
2429 879 2524 927 figu-

1453 943 1548 977 ram,
1579 943 1678 980 quae
1708 938 1764 967 est
1791 931 1916 968 forma
1943 931 2152 969 adveniens
2180 932 2412 969 substantiae
2443 945 2524 970 cor-

1451 984 1585 1033 porali.
1606 984 1718 1021 Unde
1740 984 1969 1033 compositio
1989 985 2262 1034 suppositionis
2276 986 2296 1007 *
2315 986 2384 1023 erit
2402 985 2523 1035 prior:

1454 1040 1490 1074 et
1510 1037 1546 1074 id
1566 1037 1671 1085 quod
1693 1043 1748 1074 est
1777 1037 2023 1074 constitutum
2053 1050 2098 1074 ex
2125 1038 2189 1075 tali
2217 1039 2336 1076 modo
2367 1051 2524 1089 compo-

1453 1090 1610 1138 sitionis,
1638 1090 1790 1127 videtur
1820 1091 2035 1139 comparari
2054 1091 2104 1128 ad
2123 1091 2162 1128 id
2181 1091 2287 1139 quod
2312 1100 2368 1129 est
2387 1093 2524 1130 consti-

1453 1152 1578 1192 tutum
1607 1144 1821 1181 secundum
1850 1143 1967 1180 alium
1987 1144 2150 1181 modum
2171 1145 2462 1194 compositionis
2481 1148 2501 1167 ⁴'
2514 1176 2523 1193 ,

1454 1197 1550 1234 sicut
1569 1196 1727 1234 materia
1747 1197 1796 1234 ad
1811 1196 1990 1234 formam.
2012 1197 2071 1234 Ex
2086 1198 2363 1246 superficiebus
2382 1206 2524 1247 autem,

1455 1251 1668 1287 secundum
1698 1249 1921 1298 opinionem
1951 1250 2138 1298 Platonis,
2174 1258 2307 1287 natum
2335 1259 2392 1288 est
2421 1264 2526 1290 com—

1454 1304 1547 1353 poni
1577 1316 1726 1352 corpus.
1758 1303 1938 1351 Sequitur
1964 1302 2074 1351 igitur
2104 1304 2208 1352 quod
2227 1303 2267 1341 id
2294 1304 2401 1352 quod
2418 1317 2528 1354 prae-

1456 1357 1554 1394 cedit
1573 1356 1704 1394 omnia
1724 1357 1924 1404 elementa,
1954 1356 2050 1393 sicut
2069 1357 2348 1394 elementorum
2368 1358 2528 1396 materia

1455 1409 1665 1459 suscipiens
1694 1422 1831 1447 omnes
1859 1410 2001 1458 figuras
2030 1422 2098 1447 seu
2126 1410 2270 1448 formas
2300 1423 2450 1460 eorum,
2480 1412 2527 1450 sit

1457 1476 1607 1512 corpus.
1629 1464 1678 1500 Et
1697 1463 1771 1500 hoc
1791 1463 1991 1512 reputabat
2006 1464 2113 1500 Plato
2133 1464 2426 1502 inconveniens:
2447 1469 2527 1504 non'

1457 1517 1559 1554 enim
1579 1516 1745 1565 primam
1764 1516 1965 1553 materiam
1987 1516 2137 1554 dicebat
2156 1529 2240 1554 esse
2261 1530 2412 1567 corpus,
2432 1518 2529 1557 sicut

1457 1570 1616 1619 quidam
1644 1569 1788 1618 antiqui
1817 1571 2006 1607 naturales
2033 1578 2246 1619 posuerunt
2265 1572 2298 1608 *.

1508 1636 1546 1671 4.
1582 1623 1732 1660 Deinde
1766 1635 1855 1660 cum
1890 1623 2000 1660 dicit:
2029 1623 2164 1660 Adhuc
2190 1624 2224 1660 si
2256 1625 2405 1673 quidem
2435 1632 2526 1674 etc.,

1456 1677 1565 1726 ponit
1591 1676 1739 1713 tertiam
1769 1676 1977 1723 rationem;
2012 1689 2111 1725 quae
2140 1677 2223 1714 talis
2252 1685 2319 1717 est.
2350 1678 2454 1716 Cum
2482 1691 2532 1717 ex-

1457 1729 1732 1779 superficiebus
1749 1729 2024 1766 constituantur
2039 1742 2214 1779 corpora,
2231 1743 2398 1780 quorum
2412 1743 2528 1780 quae-

1457 1783 1548 1820 dam
1576 1790 1664 1820 sunt
1697 1782 1777 1819 aliis
1809 1782 2006 1831 graviora,
2040 1784 2116 1820 hoe
2149 1791 2275 1832 potest
2310 1784 2530 1834 contingere

1458 1836 1666 1885 dupliciter.
1696 1836 1783 1872 Uno
1817 1835 1937 1872 modo
1967 1835 2037 1883 sic,
2074 1836 2180 1884 quod
2219 1849 2357 1886 corpus
2392 1837 2530 1875 consti-

1456 1897 1582 1927 tuatur
1609 1887 1762 1937 gravius
1791 1900 1836 1925 ex
1865 1889 1939 1925 hoc
1968 1889 2074 1937 quod
2103 1901 2149 1926 ex
2168 1890 2340 1940 pluribus
2369 1891 2530 1940 superfi-

1457 1943 1587 1980 ciebus
1620 1942 1865 1991 componitur
1886 1943 1917 1989 *,
1939 1941 2035 1979 sicut
2064 1942 2198 1980 dicitur
2222 1943 2260 1981 in
2289 1943 2456 1982 Timaeo.
2481 1945 2533 1984 Et

1457 2008 1503 2033 ex
1521 1997 1596 2033 hoc
1615 2003 1795 2045 sequetur
1814 1997 1919 2045 quod
1938 1996 2160 2045 superficies
2175 1996 2249 2034 sint
2263 2009 2418 2045 graves:
2438 1997 2530 2048 quia

1457 2061 1632 2086 excessus
1651 2049 1689 2086 in
1709 2048 1889 2097 gravitate
1909 2061 1988 2087 non
2007 2050 2050 2086 fit
2064 2049 2135 2087 nisi
2154 2050 2368 2088 secundum
2388 2051 2542 2102 aliquid.

1455 2115 1583 2151 grave,
1613 2110 1654 2139 ut
1673 2115 1788 2151 supra
1809 2103 1828 2124 “⁸
1849 2102 1992 2140 dictum
2012 2110 2078 2140 est.
2110 2104 2159 2140 Et
2183 2116 2229 2141 ex
2247 2105 2323 2142 hoc
2350 2113 2532 2154 sequetur

1455 2157 1612 2193 ulterius
1632 2156 1652 2177 *
1672 2156 1778 2204 quod
1807 2156 1928 2193 lineae
1950 2163 1986 2193 et
2003 2164 2147 2206 puncta
2174 2158 2342 2195 habeant
2369 2158 2529 2207 gravita-

1455 2217 1550 2247 tem:
1571 2210 1666 2246 haee
1695 2209 1797 2246 enim
1826 2209 2159 2259 proportionaliter
2186 2223 2228 2248 se
2250 2211 2404 2260 habent,
2434 2211 2532 2251 sicut

1454 2263 1559 2312 prius
1571 2265 1588 2282 ⁴⁵
1607 2263 1750 2300 dictum
1771 2270 1842 2310 est;
1863 2263 1954 2312 quia
1973 2263 2112 2301 scilicet
2131 2264 2226 2302 sicut
2245 2265 2468 2315 superficies
2486 2278 2528 2304 se

1455 2317 1571 2354 habet
1590 2316 1639 2354 ad
1659 2329 1810 2366 corpuS‚
1841 2317 1890 2354 ita
1911 2316 2009 2354 linea
2028 2317 2078 2355 ad
2097 2318 2351 2367 superficiem,
2379 2327 2416 2357 et
2432 2332 2529 2370 pun-

1456 2378 1559 2407 ctum
1589 2370 1638 2407 ad
1666 2370 1819 2407 lineam.
1849 2371 1996 2408 Puncta
2029 2379 2158 2408 autem
2190 2372 2333 2410 habere
2367 2372 2528 2421 gravita-

1455 2431 1543 2471 tem,
1561 2436 1676 2472 supra
1692 2424 1710 2444 *
1726 2423 1987 2472 improbatum
2005 2432 2060 2461 est
2076 2424 2127 2461 **.
2140 2443 2164 2452 —
2176 2425 2284 2462 Alius
2299 2433 2428 2463 autem
2443 2438 2527 2464 mo-

1456 2477 1527 2514 dus
1556 2484 1630 2523 est,
1666 2476 1770 2525 quod
1805 2489 1968 2526 corpora
2002 2477 2132 2525 gravia
2159 2489 2182 2514 a
2210 2478 2416 2516 levioribus
2449 2491 2529 2516 non

1455 2529 1630 2567 differant
1657 2541 1726 2578 per
1753 2530 1856 2566 hunc
1886 2530 2061 2578 modum,
2081 2530 2178 2568 idest
2196 2531 2216 2552 '⁸
2234 2544 2304 2580 per
2322 2531 2528 2571 multitudi—

1456 2595 1545 2619 nem
1571 2582 1878 2631 superficierum
1908 2582 1976 2620 sed
1995 2595 2065 2632 per
2083 2584 2159 2621 hoc
2179 2586 2284 2634 quod
2303 2592 2403 2623 terra
2423 2598 2528 2624 com-

1454 2636 1609 2685 ponitur
1637 2648 1683 2673 ex
1711 2636 1912 2684 gravibus,
1948 2644 1984 2673 et
2011 2636 2106 2684 ignis
2136 2650 2181 2674 ex
2210 2639 2370 2676 levibus.
2400 2639 2450 2676 Et
2477 2638 2528 2677 ita

1455 2697 1634 2738 sequetur
1666 2689 1771 2739 quod
1799 2689 2090 2739 superficierum
2119 2691 2311 2740 quaedam
2341 2699 2450 2730 erunt
2475 2693 2529 2731 le·

1454 2755 1534 2790 ves,
1565 2750 1601 2780 et
1630 2743 1821 2792 quaedam
1843 2744 1863 2764 ²¹²
1892 2755 2045 2791 graves,
2077 2752 2113 2781 et
2140 2744 2312 2783 similiter
2339 2745 2527 2784 linearum

1456 2803 1491 2833 et
1518 2804 1766 2845 punctorum:
1797 2796 1886 2846 quia
1910 2797 2131 2846 superficies
2159 2805 2280 2836 terrae
2310 2799 2379 2836 erit
2399 2800 2419 2821 '¹‘
2445 2802 2529 2848 gra-

1453 2849 1540 2886 vior
1567 2862 1684 2899 quam
1714 2850 1935 2899 superficies
1965 2851 2071 2899 ignis.
2102 2851 2151 2889 Et
2179 2851 2229 2889 ita
2258 2852 2395 2890 redibit
2423 2852 2527 2890 idern

1455 2903 1731 2940 inconveniens
1759 2911 1801 2940 ut
1821 2905 1841 2925 ’Β
1870 2904 1988 2953 prius.

1512 2959 1544 2994 5.
1562 2956 1711 2994 Deinde
1729 2969 1817 2994 cum
1835 2957 1938 2995 dicit:
1959 2959 1995 2995 T
1991 2958 2138 2995 otaliter
2152 2963 2278 2995 autem
2293 2959 2430 2996 accidit
2442 2967 2526 3009 etc„

1507 3063 1533 3096 γ)
1553 3066 1653 3087 tactum
1678 3062 1814 3087 linearem.
1827 3077 1846 3082 -
1860 3063 2012 3088 lineastrem
2035 3066 2135 3088 tactum
2159 3064 2181 3088 A
2193 3082 2199 3093 ,
2221 3066 2323 3088 tactum
2347 3064 2469 3090 lunarem
2483 3065 2528 3092 EF

1453 3098 1509 3130 pG,
1535 3101 1635 3123 tactum
1654 3098 1778 3123 liniarem
1798 3098 1846 3123 sG.
1858 3112 1877 3118 ·-
1890 3098 1940 3123 Pro
1959 3098 2128 3127 distribuens,
2149 3098 2299 3124 describens
2318 3099 2363 3124 ΑΒ
2384 3105 2410 3125 et
2429 3100 2528 3132 Oxon.:

1454 3133 1527 3158 Plato
1546 3131 1720 3168 διαμείνωμεν.
1734 3147 1753 3152 -—
1771 3134 1862 3159 Statim
1885 3142 1945 3159 cum
1967 3134 2111 3159 secundum
2131 3134 2229 3159 lineam
2251 3133 2307 3159 finit
2325 3135 2405 3160 codex
2427 3135 2527 3168 Oxou-3

1453 3169 1484 3194 cf.
1504 3169 1586 3193 Praef.
2440 3179 2443 3182 ·

1505 3203 1530 3236 δ)
1550 3205 1574 3229 si
1587 3207 1718 3236 ponatur.
1731 3218 1751 3224 -—
1765 3205 1815 3230 Ista
1834 3205 1913 3230 verba
1932 3213 1986 3230 om.
2001 3205 2029 3229 P.
2042 3218 2062 3225 ·-
2075 3205 2133 3230 Lin.
2148 3213 2206 3238 seq.
2219 3213 2268 3238 pro
2286 3212 2392 3238 corpus,
2409 3213 2528 3239 corpora

1452 3240 1534 3270 AEF3
1553 3240 1636 3272 pergit
1654 3241 1692 3264 A:
1711 3241 1796 3266 solum
1811 3247 1864 3272 per
1882 3241 2008 3266 linearem
2029 3244 2196 3270 contactum,-
2215 3242 2251 3266 B:
2265 3248 2319 3273 per
2337 3242 2423 3267 solum
2437 3243 2528 3274 proli·

1454 3281 1560 3301 nearem
1580 3278 1747 3304 contactum:
1766 3284 1814 3309 pro
1833 3276 1970 3306 linearem,
1991 3277 2112 3302 lunarem
2133 3277 2210 3302 EFG.

1507 3310 1528 3345 ε)
1544 3314 1720 3343 supponatur.
1733 3324 1751 3331 -
1764 3314 1963 3344 superponatur
1976 3312 2006 3342 Α,
2026 3315 2203 3344 componatur
2217 3311 2254 3343 G;
2274 3311 2305 3337 cf.
2321 3319 2377 3345 seq.
2392 3320 2464 3339 num.
2481 3320 2525 3339 su-

1448 3347 1668 3379 peipositionem.
1682 3360 1700 3367 -
1714 3347 1811 3372 Eadem
1832 3347 1876 3372 lin.
1888 3349 2008 3372 lunarem
2030 3348 2059 3372 E.

1506 3381 1531 3413 ζ)
1547 3385 1714 3414 supponatur
1728 3383 1817 3408 alteri.
1826 3397 1845 3402 —
1857 3383 2018 3415 supponitur
2033 3391 2087 3408 una
2101 3383 2181 3409 alteri
2194 3383 2230 3414 A;
2251 3390 2305 3408 una
2319 3383 2390 3408 addit
2404 3383 2481 3410 etiam
2494 3384 2525 3409 B.

1454 3417 1540 3450 Pergit
1559 3418 1593 3442 P:
1614 3420 1639 3443 et
1659 3425 1710 3443 non
1730 3419 1814 3443 solum
1840 3419 1983 3444 secundum
2004 3419 2052 3444 hoc
2071 3419 2143 3451 quod
2164 3422 2319 3451 apponatur
2337 3418 2362 3444 ei
2379 3419 2524 3445 secundum

1454 3456 1554 3478 tactum
1573 3454 1718 3483 linearem,
1743 3454 1791 3479 sed
1808 3458 1932 3486 sequetur
1951 3455 2023 3487 quod
2043 3457 2251 3487 praeponantur
2269 3454 2413 3480 secundum
2432 3455 2524 3480 latitu-

1454 3489 1542 3514 dinem
1557 3492 1583 3514 et
1595 3489 1768 3522 supponendo
1787 3490 1951 3523 superficiem
1970 3490 2126 3523 superficiei,
2146 3490 2207 3522 quia
2226 3490 2313 3522 FGpE
2332 3495 2358 3516 et
2373 3489 2431 3515 Par.
2447 3490 2524 3515 omit-

1453 3529 1510 3549 tunt
1522 3524 1719 3549 homoteleuton
1739 3525 1801 3557 quia
1822 3525 1938 3558 igitur...
1957 3528 2109 3550 contactum
2130 3525 2256 3550 linearem
2263 3533 2272 3556 ;
2298 3525 2342 3550 BE
2360 3524 2482 3550 omittunt
2500 3524 2525 3550 ei

1454 3564 1513 3591 post
1531 3563 1703 3592 apponatur:
1726 3568 1773 3592 pro
1793 3561 1920 3586 linearem
1935 3560 1975 3585 bis
1995 3565 2116 3593 corrupte
2134 3560 2220 3585 lineae
2237 3561 2275 3586 ad
2294 3567 2348 3586 rem
2368 3561 2407 3591 B:
2431 3559 2477 3585 FG
2499 3565 2525 3584 et

1454 3595 1511 3619 Par.
1527 3603 1574 3627 pro
1594 3595 1663 3621 idest
1680 3596 1852 3628 supponendo
1872 3597 1961 3629 legunt
1973 3601 2002 3620 ut
2020 3596 2039 3621 P
2058 3599 2085 3621 et
2099 3596 2281 3628 supponendo.
2299 3596 2321 3621 E
2339 3595 2449 3621 secundi
2462 3602 2524 3627 sup-

1449 3630 1549 3662 positio
1570 3629 1623 3663 (i).

2551 409 2561 417 ·
2576 408 2725 435 componitur
2737 416 2765 437 r,

2551 436 2731 462 componeretur
2741 442 2765 458 o.

2551 719 2766 768 ssffzrssiffm

2553 989 2604 1037 {0⁸5¹
2617 988 2735 1038 5:53⁰:
2744 992 2768 1011 ‘²

2553 1148 2564 1160 ⁸
2588 1143 2769 1177 compositioni

2555 1180 2604 1199 om.
2617 1181 2640 1197 P.

2556 1577 2567 1586 ·
2581 1575 2695 1598 dixerunt
2705 1581 2728 1598 Ρ.

2557 1953 2567 1963 ·
2575 1953 2732 1981 componatur
2739 1958 2762 1975 r.

2555 2113 2642 2164 ngetct.
2651 2113 2773 2143 praeced„

2558 2172 2699 2195 'amaon

2557 2278 2567 2288 ·
2581 2277 2642 2301 Ibid-
2656 2283 2680 2300 n.
2689 2283 2711 2308 3.

2555 2433 2641 2471 ζῶα.
2656 2438 2703 2482 1ιὲ
2717 2422 2782 2462 sqq.¹

2593 2465 2655 2488 ergo
2669 2465 2683 2482 ι
2700 2459 2724 2482 d.
2734 2466 2757 2482 r.

2557 2543 2567 2553 ·
2582 2542 2673 2565 :ducet
2684 2549 2723 2565 ΑΒ.

2556 2757 2566 2766 ·
2581 2757 2651 2778 erm
2664 2756 2719 2779 ιαα.
2733 2750 2756 2779 b.

2555 2809 2564 2819 ’
2579 2810 2618 2831 eet
2628 2814 2658 2832 ro
2672 2812 2695 2832 et
2704 2809 2757 2832 Pur.

2555 2909 2644 2960 {tw
2655 2916 2694 2939 n,
2707 2911 2734 2934 {n
2744 2915 2762 2934 ο
