2782 4134
43 430 52 439 ·
67 427 165 449 diximus
180 425 249 448 codd.

44 532 53 541 '¹
68 531 94 551 ut
107 535 155 550 om.
169 534 188 549 Ρ.

46 636 54 645 “
69 640 121 656 esse
134 633 187 655 add.
197 638 219 654 Α.

47 1527 55 1535 ’
69 1525 137 1547 Num.
153 1530 182 1551 ¹7·

46 1629 57 1640 ⁸
70 1628 139 1650 Num.
153 1633 200 1654 seq.

47 1686 56 1695 ¹
70 1684 139 1706 Num.
153 1683 184 1705 16.

48 1841 56 1849 ⁸
73 1841 132 1862 idest
146 1847 166 1862 r.

48 2261 57 2272 ⁸
73 2260 213 2282 rationalior
231 2266 254 2280 A.

48 2367 56 2375 ·
73 2366 133 2387 caeli
146 2365 196 2387 add.
210 2372 231 2387 Λ.

49 2418 60 2430 ⁴¹
75 2420 118 2440 erit
131 2425 152 2440 Α.

50 2576 60 2587 *
75 2575 179 2597 dextrum
192 2582 212 2597 r.

283 280 352 316 132

279 357 379 395 enim
408 355 531 393 dicere
560 353 662 402 quod
691 353 805 389 latera
825 350 863 387 in
887 348 1034 386 mundo
1054 358 1131 383 non
1151 353 1237 382 sunt
1264 344 1334 402 ipsi

278 410 366 460 poli,
397 421 492 458 quos
520 407 678 444 dicimus
695 407 713 424 θ’
735 415 884 441 sursum
914 409 949 438 et
978 401 1168 444 deorsum,
1199 397 1266 434 sed
1294 396 1333 433 td

279 464 384 512 quod
412 469 466 499 est
503 462 608 497 iuxta
630 458 758 507 polos,
796 468 839 493 ex
867 462 1024 502 utraque
1053 451 1191 488 scilicet
1226 456 1332 507 parte

280 528 426 562 eorum,
446 521 487 551 ut
502 515 521 535 *
548 512 686 549 scilicet
709 510 832 547 oriens
860 507 905 544 sit
932 518 1051 542 unum
1079 505 1173 540 latus
1198 501 1332 538 mundi

281 577 317 606 et
336 567 511 605 occidens
539 566 584 602 sit
611 564 721 610 aliud,
748 570 927 608 tanquam
954 557 1125 595 distantia
1153 556 1332 604 polorum

280 623 326 659 sit
352 621 433 670 ipsa
459 619 653 666 longitudo
675 615 783 652 caeli:
812 615 886 650 hoc
906 610 1006 647 enim
1027 609 1187 646 dicimus
1204 609 1223 628 >r-
1243 608 1332 643 late-

281 675 356 712 rale
376 672 480 721 quod
501 678 555 708 est
573 671 672 706 iuxta
691 679 840 704 sursum
861 671 896 700 et
912 664 1091 700 deorsum
1111 673 1157 697 ex
1173 667 1332 708 utraque

279 734 384 776 parte
413 725 502 771 eius,
533 724 625 760 sicut
650 727 751 770 patet
778 719 816 755 in
843 716 1007 754 homine.
1248 732 1257 735 >

333 780 400 816 Est
419 785 544 814 autem
564 772 832 812 attendendum
853 769 968 818 quod,
985 767 1195 804 secundum
1215 772 1332 802 astro-

280 834 386 880 logos
416 829 690 867 considerantes
723 836 800 861 non
828 821 1083 859 dimensiones
1113 818 1225 865 caeli,
1264 817 1332 854 sed

281 884 399 932 magis
423 881 673 920 dimensiones
692 884 840 914 nostrae
860 873 1111 922 habitabilis-⁹,
1133 871 1333 908 attenditur

280 936 472 984 longitudo
492 932 698 970 secundum
728 927 978 966 differentiam
1008 925 1159 963 orientis
1180 931 1215 960 et
1234 923 1332 960 occi-

283 989 413 1036 dentis,
436 987 587 1024 latitudo
607 991 732 1021 autem
752 981 963 1018 secundum
985 978 1197 1016 distantiam
1221 976 1332 1013 meri-

281 1042 354 1080 diei
374 1048 409 1078 et
428 1036 703 1088 septentrionis:
734 1035 821 1084 quia
845 1033 1030 1082 quantitas
1058 1038 1208 1068 nostrae
1227 1029 1331 1066 habi-

281 1094 398 1131 tabilis
419 1100 472 1129 est
490 1091 610 1127 maior
636 1089 720 1138 plus
749 1100 866 1136 quam
885 1086 922 1123 in
952 1085 1067 1134 duplo
1088 1081 1101 1107 ἔ
1120 1084 1167 1120 ab
1187 1083 1331 1120 oriente

280 1148 318 1184 in
347 1145 578 1182 occidentem
607 1153 722 1191 quarn
751 1153 773 1177 a
797 1141 886 1189 polo
915 1150 1047 1176 versus
1080 1135 1331 1186 aequinoctia-

280 1201 364 1246 lem,
393 1197 480 1246 quia
507 1208 576 1232 nec
604 1196 678 1231 hoc
705 1201 825 1230 totum
852 1191 1050 1230 habitatur.

339 1263 392 1287 11.
414 1249 560 1287 Deinde
581 1259 668 1284 curn
688 1246 795 1284 dicit:
823 1245 1003 1282 Polorum
1022 1249 1147 1280 autem
1171 1242 1237 1290 qui
1253 1241 1333 1290 qui-

278 1304 360 1341 dem
395 1314 505 1350 super
532 1313 599 1337 nos
633 1307 722 1346 etc.,
762 1298 924 1335 ostendit
961 1296 1044 1345 quis
1081 1296 1260 1344 polorum
1289 1294 1335 1331 sit

279 1367 426 1393 sursum
455 1353 600 1402 etquis
629 1353 819 1389 deorsum.
849 1352 898 1388 Et
923 1350 1049 1398 primo
1079 1348 1242 1385 ostendit
1259 1349 1334 1384 hoc

278 1415 460 1458 quantum
480 1407 528 1444 ad
547 1413 694 1442 motum
713 1405 881 1454 primum
900 1409 927 1448 ⁰;
958 1401 1127 1439 secundo
1148 1408 1333 1448 quantum

279 1461 326 1498 ad
353 1467 499 1497 motum
530 1460 786 1507 planetarum,
825 1457 896 1494 ibi:
935 1456 1009 1492 Sed
1033 1454 1218 1491 secundae
1254 1454 1333 1503 qui-

279 1515 361 1552 dem
373 1515 391 1533 ὓ
407 1521 475 1550 etc.
493 1512 601 1548 Circa
614 1511 778 1560 primum
793 1510 862 1547 tria
881 1509 984 1546 facit:
1010 1508 1136 1557 primo
1155 1507 1334 1556 proponit

280 1566 382 1616 quod
406 1565 578 1611 intendit;
607 1564 774 1601 secundo
794 1563 930 1612 probat
958 1561 1062 1610 quod
1091 1560 1243 1608 dixerat,
1263 1558 1332 1611 ibij:

279 1622 466 1657 Dextrum
494 1618 591 1655 enim
610 1619 630 1638 *-
658 1624 748 1663 etc.;
777 1616 885 1653 tertio
914 1615 1023 1652 infert
1051 1614 1333 1650 conclusionem

281 1685 325 1710 ex
354 1672 478 1718 dictis,
508 1671 574 1707 ibi:
603 1672 653 1707 Et
678 1670 729 1706 ibi
755 1670 901 1718 quidem
929 1668 1134 1705 habitantes
1155 1668 1174 1688 ²³
1203 1674 1271 1704 etc.

333 1725 431 1762 Dicit
458 1736 545 1771 ergo
565 1723 689 1772 primo
709 1723 813 1770 quod
832 1722 927 1758 inter
944 1721 1054 1769 polos
1073 1720 1133 1756 ille
1153 1720 1217 1769 qui
1236 1731 1334 1756 sem-

278 1790 346 1827 per
373 1785 529 1826 apparet
556 1788 668 1824 super
696 1788 786 1822 nos,
826 1782 880 1811 est
906 1786 994 1822 pars
1024 1773 1115 1809 caeli
1153 1785 1250 1822 quae
1280 1780 1336 1809 est

279 1832 469 1876 deorsum,
496 1829 633 1866 scilicet
653 1830 672 1849 ²⁸
691 1828 801 1877 polus
829 1827 1005 1864 arcticus:
1036 1825 1095 1862 ille
1116 1834 1242 1863 autem
1269 1826 1334 1875 qui

280 1895 430 1932 semper
448 1882 556 1919 nobis
577 1889 631 1919 est
651 1880 936 1928 immanifestus,
957 1879 1023 1928 qui
1051 1879 1186 1916 dicitur
1213 1887 1335 1916 antar-

275 1937 393 1973 cticus
429 1943 582 1984 propter
617 1936 691 1971 hoc
727 1934 831 1983 quod
869 1940 924 1970 est
961 1933 994 1969 ei
1029 1933 1246 1982 oppositus,
1282 1940 1336 1970 est

279 2002 365 2038 pars
394 1988 485 2025 caeli
512 2000 608 2036 quae
638 1995 693 2024 est
719 1998 880 2023 sursum.

339 2054 394 2079 12.
415 2041 560 2078 Deinde
581 2053 667 2077 cum
688 2040 789 2077 dicit:
814 2040 1002 2079 Dextrum
1022 2039 1122 2076 enim
1143 2046 1227 2086 etc.,
1248 2051 1335 2088 pro·

279 2095 343 2132 bat
370 2095 473 2143 quod
501 2094 650 2131 dixerat.
680 2092 924 2130 Manifestum
951 2099 1007 2129 est
1035 2092 1137 2129 enim
1165 2092 1270 2141 quod
1298 2093 1336 2129 in

279 2156 511 2196 unoquoque
548 2146 700 2183 animali
737 2145 908 2183 dextrum
948 2145 1108 2183 dicimus
1140 2146 1243 2182 unde
1281 2153 1338 2183 est

278 2199 503 2249 principium
523 2206 648 2236 motus
667 2199 794 2236 localis
816 2198 896 2235 eius
916 2200 968 2245 (et
985 2205 1141 2248 propter
1155 2199 1230 2235 hoc
1249 2210 1337 2248 pars

281 2253 408 2290 dextra
426 2253 596 2290 animalis
611 2260 665 2289 est
685 2251 838 2289 calidior
858 2253 893 2298 *,
914 2259 956 2288 ut
975 2252 1020 2289 sit
1039 2251 1160 2299 magis
1180 2259 1267 2300 apta
1287 2252 1335 2290 ad

280 2308 460 2352 motum);
485 2305 710 2354 principium
736 2312 863 2341 autem
884 2305 1069 2342 circularis
1089 2312 1215 2342 motus
1245 2305 1336 2342 caeli

276 2366 335 2395 est
353 2371 399 2395 ex
416 2359 476 2395 illa
493 2366 597 2407 parte
611 2359 631 2380 ’¹‘
650 2358 750 2395 uncle
775 2365 873 2395 astra
900 2357 1081 2405 oriuntur,
1104 2370 1202 2407 quae
1220 2370 1336 2395 voca-

280 2419 338 2448 tur
358 2412 496 2458 oriens;
524 2412 625 2448 unde
650 2411 774 2448 oriens
797 2411 930 2448 dicitur
946 2412 965 2432 ³⁴
982 2411 1154 2448 dextrum
1175 2411 1278 2459 caeli,
1301 2419 1337 2448 et

280 2477 348 2513 per
385 2476 619 2513 consequens
647 2476 803 2501 occasus
842 2464 908 2500 erit
945 2464 1134 2502 sinistrum
1173 2464 1264 2502 eius.
1296 2465 1335 2502 Si

281 2529 369 2565 ergo
393 2524 518 2554 motus
548 2517 639 2554 caeli
662 2517 789 2566 incipit
817 2529 839 2554 a
867 2517 1002 2554 dextris
1022 2525 1058 2554 et
1077 2517 1337 2555 circumfertur

282 2570 330 2606 ad
346 2570 514 2606 dextram
523 2571 553 2615 ³¹³,
566 2577 745 2618 tanquam
764 2571 812 2606 ab
833 2570 969 2607 eodem
989 2570 1027 2607 in
1050 2570 1163 2618 idem,
1180 2583 1335 2608 necesse

283 2630 338 2659 est
366 2623 469 2670 quod
495 2622 608 2671 polus
628 2623 913 2670 immanifestus,
934 2623 1071 2660 scilicet
1099 2624 1334 2671 antarcticus,

284 2675 329 2711 sit
356 2687 504 2712 sursum
525 2676 632 2712 caeli:
662 2676 692 2712 si
713 2675 813 2712 enim
832 2677 942 2725 polus
962 2677 1132 2725 arcticus,
1154 2677 1218 2726 qui
1237 2690 1335 2715 sern-

282 2739 352 2776 per
379 2735 433 2764 est
459 2728 568 2765 nobis
596 2729 825 2776 manifestus,
847 2737 943 2766 esset
971 2742 1133 2778 sursum,
1159 2743 1335 2779 sequere-

284 2788 344 2817 tur
370 2781 474 2829 quod
501 2789 627 2818 motus
656 2782 747 2818 caeli
767 2789 864 2818 esset
891 2794 913 2819 a
942 2782 1086 2820 sinistra
1115 2791 1151 2820 et
1171 2785 1219 2821 ad
1249 2784 1335 2821 sini-

285 2840 417 2881 stram,
446 2834 550 2882 quod
578 2846 647 2871 nos
676 2847 753 2871 non
782 2835 951 2872 dicimus.
972 2856 996 2863 -
1017 2836 1064 2872 Et
1091 2837 1165 2873 hoc
1193 2837 1246 2874 sic
1272 2850 1336 2887 ap-

284 2893 399 2935 paret.
436 2886 689 2934 Imaginemur
721 2887 822 2924 enirn
855 2888 1049 2939 hominem
1085 2889 1190 2926 cuius
1224 2899 1337 2939 caput

338 3006 361 3040 ν)
381 3007 552 3033 dimensiones
571 3012 677 3033 nostrae
696 3001 885 3034 habitabilis.'-
898 3010 1072 3036 dimensiones
1092 3014 1197 3037 nostras
1211 3012 1341 3038 habitabi—

287 3043 323 3068 les
341 3043 375 3073 P;
394 3043 485 3068 eodem
504 3044 582 3068 modo
606 3045 683 3076 paulo
702 3043 806 3069 inferius
825 3052 873 3077 pro
897 3046 1032 3078 quantitas
1051 3050 1159 3072 nostrae
1182 3047 1340 3077 habitabilis,

287 3078 420 3110 quantitas
434 3081 524 3103 nostra
543 3079 690 3104 habitabilis
695 3087 704 3110 ,-
722 3080 804 3112 prima
822 3080 877 3104 vice
896 3081 927 3105 ad
947 3085 1060 3112 nostrae,
1076 3082 1097 3106 E
1113 3087 1183 3108 notat
1198 3083 1238 3108 vel
1252 3086 1341 3109 terrae

288 3112 314 3136 in
332 3112 456 3144 margine,
481 3114 559 3138 altera
577 3114 632 3138 vice
649 3114 726 3139 habet
744 3118 831 3140 terrae
855 3115 880 3140 in
899 3120 968 3140 textu
987 3124 1034 3148 pro
1057 3120 1178 3146 nostrae‚·
1196 3118 1216 3142 C
1236 3117 1275 3142 bis
1294 3126 1341 3151 pro

289 3147 449 3177 habitabilis,
468 3148 645 3174 habitationis.
670 3150 697 3174 ln
715 3150 762 3174 hac
781 3150 891 3176 formula
910 3155 1002 3176 nostra
1021 3152 1184 3182 habitabilis,
1205 3161 1271 3186 quae
1290 3162 1342 3178 non

290 3182 459 3214 infrequenter
477 3189 597 3216 usurpata
609 3184 735 3209 invenitur
755 3183 802 3218 (cf.
817 3186 836 3210 ll
850 3186 970 3217 Meteon,
986 3188 1042 3212 lect.
1055 3186 1095 3222 x),
1114 3193 1183 3220 patet
1195 3189 1265 3221 quod
1281 3189 1341 3214 sub-

291 3217 435 3249 intelligitur
452 3221 533 3243 terra.

297 3286 302 3292 .
344 3250 367 3285 ξ)
382 3252 466 3277 maior
474 3254 535 3284 plus
549 3261 627 3285 quam
643 3254 668 3278 in
687 3255 774 3286 duplo.
785 3269 804 3274 —
818 3256 904 3281 maior
916 3264 994 3289 quam
1010 3257 1036 3282 in
1051 3258 1132 3290 dupIo
1146 3259 1163 3287 Ι,
1183 3258 1270 3284 maior
1280 3260 1343 3291 plus

293 3293 319 3310 m
339 3286 418 3317 duplo
430 3287 457 3316 Ρ,
477 3288 516 3312 ed.
533 3288 597 3312 1516
611 3294 639 3313 ut
653 3297 709 3314 noa.
722 3303 741 3308 -
754 3291 810 3315 Lin.
823 3299 878 3323 seq.
893 3299 940 3324 pro
954 3299 971 3317 a
982 3293 1045 3324 polo
1060 3300 1150 3318 versus
1163 3294 1343 3326 aequinoctia-

293 3321 350 3350 lem,
370 3322 439 3362 quod
457 3323 566 3362 legimus
585 3331 643 3348 cum
661 3325 780 3350 omnibus
799 3327 893 3351 nostris
913 3327 987 3352 codd.
1007 3333 1032 3352 et
1050 3329 1091 3353 ed.
1109 3327 1182 3358 1516.
1198 3329 1217 3353 P
1236 3329 1314 3355 habet
1326 3337 1343 3355 a

289 3356 353 3387 polo
371 3357 536 3397 meridionali
553 3365 643 3383 versus
656 3360 878 3391 aequinoctialem.
897 3362 947 3386 Sed
966 3367 1035 3394 patet
1052 3363 1161 3388 verbum
1176 3365 1344 3390 meridionali

295 3397 347 3414 non
371 3397 429 3415 esse
451 3391 491 3431 hic
516 3393 546 3416 ad
571 3394 739 3425 propositum.
764 3396 838 3420 Unde
856 3401 882 3420 et
904 3397 929 3421 in
954 3397 973 3421 11
992 3398 1102 3423 Meteor.
1122 3399 1180 3424 lect.
1194 3407 1221 3428 x,
1246 3400 1289 3425 ubi
1313 3407 1343 3425 ex

295 3424 412 3465 professo
431 3431 511 3458 agitur
530 3427 560 3451 de
579 3428 744 3460 dispositione
762 3434 843 3455 terrae
861 3430 1012 3463 habitabilis,
1033 3432 1095 3458 haec
1114 3433 1254 3460 habentur:
1275 3445 1288 3458 κ
1300 3435 1344 3460 ha—

296 3459 382 3500 bitatio
400 3464 481 3485 terrae
499 3461 676 3487 determinatur
695 3465 836 3489 secundum
855 3466 1011 3492 latitudinem
1031 3476 1061 3492 ex
1078 3476 1130 3494 una
1149 3475 1220 3501 parte
1239 3470 1270 3494 ad
1290 3471 1345 3495 loca

296 3494 466 3519 inhabitabilia
483 3501 587 3528 propter
605 3502 717 3527 aestum,
741 3504 766 3523 et
788 3507 818 3524 ex
837 3501 883 3526 alia
902 3507 973 3534 parte
996 3503 1166 3529 inhabitabilia
1183 3510 1289 3538 propter
1302 3505 1346 3530 fri-

297 3536 355 3561 gus.
373 3529 422 3553 Sed
435 3535 558 3570 quantum
572 3531 603 3556 ad
616 3532 799 3564 longitudinem
813 3540 902 3567 posset
917 3537 1030 3569 copulari
1045 3538 1164 3568 circulus,
1178 3545 1206 3564 ut
1218 3544 1271 3565 tota
1285 3548 1344 3573 pars

296 3565 522 3605 tet-'rae'praedicta
539 3566 652 3598 undique
676 3567 836 3600 habitaretur,
856 3576 960 3603 propter
985 3572 1040 3597 eius
1065 3575 1268 3606 temperantiam.
1288 3575 1345 3600 Non

298 3606 366 3623 enim
386 3604 511 3624 invenitur
529 3607 648 3626 excessus
667 3601 766 3634 frigoris
785 3608 810 3628 et
824 3605 914 3630 caloris
930 3607 1070 3632 secundum
1084 3609 1228 3634 distantiam
1241 3610 1345 3635 orientis

970 270 1039 306 DE
1070 266 1245 304 CAELO
1274 265 1345 301 ET
1374 262 1568 300 MUNDO
1599 262 1692 298 LIB.
1724 262 1755 297 II

1391 341 1436 377 sit
1462 340 1500 376 in
1527 340 1618 388 polo
1648 338 1787 376 arctico
1822 346 1857 375 et
1884 337 2001 386 pedes
2034 336 2071 372 in
2103 335 2194 384 polo
2229 334 2455 372 antarctico:

1391 405 1527 430 manus
1566 392 1645 428 eius
1683 392 1812 428 dextra
1846 391 1912 427 erit
1944 390 1982 426 in
2017 388 2215 426 occidente
2250 394 2286 424 et
2319 399 2457 424 manus

1391 445 1539 482 sinistra
1565 444 1604 481 in
1629 444 1790 490 oriente3
1821 444 1851 481 si
1871 451 1999 480 tamen
2025 442 2138 479 facies
2159 441 2238 477 eius
2258 441 2305 478 sit
2322 452 2457 477 versus

1389 497 1716 547 hemisphaerium
1735 497 1919 546 superius,
1937 495 2043 544 quod
2059 503 2114 532 est
2128 494 2239 531 nobis
2254 505 2454 543 apparens.

1391 551 1492 587 Cum
1522 562 1611 598 ergo
1631 557 1760 587 motus
1789 550 1882 586 caeli
1907 549 1953 586 sit
1972 550 2020 586 ab
2049 548 2194 585 oriente
2222 547 2261 584 in
2281 546 2457 584 occiden-

1389 611 1482 651 tem,
1508 610 1688 651 sequetur
1715 603 1821 651 quod
1849 602 1896 639 sit
1923 615 1945 639 a
1973 602 2121 639 sinistro
2152 603 2171 622 :a
2199 601 2239 637 in
2267 600 2455 637 dextrum.

1391 656 1468 694 Sed
1497 657 1527 693 si
1553 668 1746 705 ponamus
1765 668 1786 692 e
1806 668 1994 693 converso
2023 655 2130 703 quod
2151 661 2264 703 caput
2290 651 2457 690 hominis

2486 628 2596 650 dextram
2608 634 2631 650 Α.

1390 709 1436 746 sit
1464 709 1502 746 in
1529 710 1621 758 polo
1650 709 1854 746 antarctico
1888 716 1925 746 et
1951 709 2070 758 pedes
2099 708 2137 745 in
2169 708 2260 756 polo
2294 706 2456 753 arctico,
2511 736 2515 743 s

1390 763 1527 799 eadem
1543 762 1790 811 dispositione
1805 761 1913 798 faciei
1927 769 2106 799 manente
2123 764 2157 808 ³,
2174 772 2312 798 manus
2327 759 2458 797 dextra

1391 815 1459 852 erit
1485 815 1524 852 in
1553 815 1697 851 oriente
1723 822 1759 851 et
1778 814 1925 852 sinistra
1943 814 1983 851 in
2002 815 2219 852 occidente:
2247 821 2283 850 et
2302 812 2355 850 sic
2373 824 2457 849 mo-

1390 875 1450 905 tus
1473 867 1627 916 incipiet
1654 879 1677 904 a
1705 867 1850 914 dextra,
1880 867 2094 905 secundum
2123 867 2231 916 quod
2265 865 2455 903 convenit.

1390 922 1439 957 Et
1466 921 1516 957 ita
1544 920 1790 957 manifestum
1810 927 1865 957 est
1884 921 1991 968 quod
2019 932 2171 958 sursum
2201 919 2294 957 caeli
2315 927 2371 956 est
2388 931 2457 968 po—

1389 974 1446 1010 lus
1474 972 1760 1009 immanifestus.

1449 1027 1506 1063 13.
1529 1026 1606 1062 Sed
1628 1025 1754 1074 primo
1783 1032 1914 1062 contra
1932 1026 2008 1062 hoc
2036 1025 2221 1073 obiicitur,
2241 1025 2348 1074 quod
2375 1023 2458 1062 Ari-

1390 1079 1543 1116 stoteles
1562 1077 1823 1127 praetermittit
1843 1078 2097 1115 determinare
2116 1079 2209 1127 quid
2228 1078 2275 1116 sit
2293 1077 2458 1115 anterius

1390 1140 1427 1169 et
1443 1131 1631 1180 posterius
1661 1131 1765 1167 caeli.
1786 1151 1811 1158 -
1833 1131 1911 1168 Sed
1930 1131 2137 1168 dicendum
2166 1139 2223 1168 est
2251 1131 2356 1180 quod
2382 1131 2459 1168 hoc

1389 1184 1650 1234 praetermittit
1676 1191 1860 1233 tanquam
1888 1184 2132 1221 manifestum
2151 1189 2171 1206 π
2196 1196 2241 1221 ex
2269 1183 2327 1221 his
2360 1195 2459 1233 quae

1391 1237 1699 1276 determinantur.
1721 1238 1852 1274 Motus
1872 1236 1975 1273 enim
1995 1236 2180 1284 animalis,
2201 1249 2224 1273 a
2247 1236 2386 1274 dextris
2404 1236 2460 1274 in-

1391 1291 1545 1340 cipiens,
1564 1290 1738 1339 procedit
1765 1290 1803 1326 in
1823 1297 1922 1337 ante,
1943 1297 1980 1326 et
1998 1301 2078 1326 non
2102 1297 2327 1326 retrorsum:
2356 1289 2460 1326 unde

1392 1357 1480 1382 cum
1510 1345 1658 1381 caelum
1691 1350 1895 1380 moveatur
1923 1344 1972 1380 ab
2011 1342 2156 1380 oriente
2183 1354 2319 1380 versus
2348 1353 2461 1391 supe—

1391 1398 1466 1434 rius
1493 1396 1834 1446 hemisphaerium,
1864 1396 1971 1445 quod
1999 1403 2157 1446 apparet
2183 1407 2253 1445 per
2280 1394 2461 1433 elevatio·-

1391 1463 1482 1488 nem
1519 1451 1713 1487 stellarum
1745 1449 1968 1497 orientium,
1999 1461 2239 1498 consequens
2272 1456 2328 1486 est
2356 1447 2462 1498 quod

1390 1504 1555 1541 anterius
1585 1503 1677 1540 caeli
1705 1503 1751 1540 sit
1770 1504 1945 1552 superius
1973 1502 2310 1552 hemisphaerium,
2335 1509 2462 1551 poste-

1390 1557 1467 1594 rius
1495 1564 1623 1594 autem
1653 1556 1747 1593 caeli
1775 1556 1822 1594 sit
1847 1556 2174 1605 hemisphaerium
2202 1555 2370 1593 inferius.

1450 1622 1507 1657 14.
1529 1609 1709 1647 Secundo
1739 1610 1914 1647 obiicitur
1932 1609 2033 1659 quia,
2053 1621 2143 1646 cum
2171 1609 2210 1646 in
2234 1608 2462 1646 animalibus

2485 761 2496 772 ⁸
2507 762 2645 782 remanente
2653 765 2695 782 00-

2486 787 2559 809 dices.

1389 1663 1435 1701 sit
1461 1675 1615 1712 semper
1644 1663 1780 1700 eadem
1799 1675 1888 1713 pars
1917 1663 2048 1700 dextra
2075 1670 2113 1700 et
2139 1662 2278 1704 eadem
2306 1673 2396 1711 pars
2414 1661 2462 1699 si-
2499 1698 2505 1703 ,

1389 1717 1515 1764 nistra,
1536 1717 1611 1754 hoc
1638 1716 1677 1753 in
1706 1717 1812 1754 caelo
1842 1716 2038 1754 observari
2066 1728 2146 1753 non
2168 1715 2341 1753 videtur:
2369 1726 2461 1752 nam

1390 1771 1526 1808 eadem
1555 1782 1643 1818 pars
1672 1769 1776 1818 caeli,
1798 1782 1898 1819 quae
1926 1770 2031 1819 prius
2060 1777 2116 1807 est
2142 1768 2181 1806 in
2210 1768 2366 1816 oriente,
2390 1779 2461 1818 po-

1390 1824 1524 1861 sterius
1545 1825 1564 1845 ⁴⁵
1593 1830 1650 1860 est
1677 1823 1715 1860 in
1743 1823 1958 1869 occidente;
1989 1830 2025 1860 et
2053 1822 2119 1871 sic,
2145 1822 2176 1859 si
2204 1822 2379 1860 dextrum
2406 1827 2463 1859 est
2489 1830 2500 1840 ·

1390 1877 1517 1914 oriens
1546 1884 1583 1914 et
1610 1876 1803 1914 sinistrum
1841 1876 2041 1923 occidens,
2076 1875 2214 1913 eadem
2241 1887 2331 1925 pars
2369 1873 2462 1912 caeli

1390 1931 1624 1979 quandoque
1644 1930 1713 1967 erit
1741 1931 1883 1977 dextra,
1905 1929 2138 1979 quandoque
2158 1928 2316 1966 sinistra.
2338 1949 2362 1956 -
2384 1927 2462 1966 Sed

1390 1985 1465 2020 hoc
1493 1983 1652 2020 solvitur
1678 1995 1748 2032 per
1775 1983 1850 2020 hoc
1882 1983 1988 2043 quod
2017 1982 2274 2031 Philosophus
2306 1980 2396 2018 dicit
2422 1980 2462 2018 in

1390 2038 1477 2074 VIII
1497 2037 1646 2086 Pthsic.
1670 2037 1700 2083 ²⁸,
1728 2036 1834 2085 quod
1861 2035 2090 2086 principium
2120 2045 2283 2072 movens
2311 2034 2461 2072 caelum
2490 2041 2500 2051 '

1391 2102 1470 2127 non
1488 2098 1666 2127 movetur
1685 2090 1898 2127 secundum
1918 2089 2106 2136 accidens,
2122 2088 2219 2125 sicut
2231 2087 2461 2138 principium
2506 2110 2512 2117 ·

1391 2155 1555 2181 movens
1574 2142 1752 2180 animalia
1770 2143 1960 2180 inferiora.
1987 2141 2219 2180 Huiusmodi
2238 2148 2368 2178 autem
2386 2139 2462 2185 vir-

1390 2204 1499 2244 tutes,
1531 2196 1743 2233 secundum
1763 2208 1860 2244 quas
1888 2195 2140 2233 attribuuntur
2157 2194 2375 2244 praedictae
2392 2205 2462 2244 po·

1391 2250 1545 2287 sitiones
1565 2249 1815 2296 animalibus,
1846 2249 2066 2298 dependent
2094 2260 2139 2285 ex
2166 2247 2354 2297 principio
2378 2258 2463 2284 mo-

1390 2303 1487 2341 tivo:
1519 2309 1556 2339 et
1573 2303 1662 2340 ideo
1683 2302 1720 2339 in
1740 2302 1967 2339 animalibus
1995 2314 2095 2350 quae
2125 2309 2212 2339 sunt
2234 2301 2315 2349 hic,
2343 2300 2463 2338 virtus

1391 2357 1520 2394 dextra
1549 2362 1729 2394 movetur
1755 2367 1825 2405 per
1852 2355 2041 2403 accidens,
2061 2362 2169 2392 moto
2199 2365 2360 2404 corpore
2384 2353 2468 2391 ani-

1390 2410 1518 2456 malis;
1557 2409 1625 2446 sed
1657 2409 1695 2446 in
1729 2409 1838 2446 caelo·
1863 2409 1983 2446 virtus
2021 2408 2083 2445 illa
2110 2407 2323 2456 intelligitur
2353 2406 2463 2456 quasi

1390 2462 1636 2500 immobiliter
1654 2470 1769 2509 stans,
1790 2462 1904 2499 etiam
1932 2461 2104 2511 partibus
2133 2460 2302 2498 caelestis
2325 2471 2462 2510 corpo-

1391 2517 1440 2554 ris
1467 2516 1592 2553 motis.
1634 2517 1683 2553 Et
1710 2515 1797 2553 ideo
1831 2527 1985 2564 semper
2013 2515 2188 2552 dextrum
2217 2513 2310 2551 caeli
2338 2520 2395 2550 est
2421 2513 2462 2550 in

1390 2570 1552 2617 oriente,
1588 2580 1876 2619 quamcumque
1912 2575 2062 2618 partem
2099 2567 2330 2616 singularem
2368 2566 2462 2604 caeli

1391 2623 1582 2671 contingat
1608 2622 1659 2660 ibi
1688 2635 1772 2660 esse
1797 2628 1822 2658 Ρ.
1853 2622 1903 2659 Et
1930 2622 2067 2660 eadem
2095 2621 2191 2659 ratio
2220 2628 2276 2658 est
2305 2620 2353 2658 de
2381 2618 2461 2657 aliis

1388 2676 1600 2714 virtutibus.
2443 2683 2446 2687 ·

1450 2731 1507 2767 15.
1542 2729 1674 2767 Tertio
1704 2728 1879 2766 obiicitur
1907 2727 1997 2778 quia
2017 2729 2037 2749 '¹
2057 2727 2184 2765 oriens
2212 2735 2248 2765 et
2282 2727 2462 2765 occidens
2490 2733 2501 2745 ·

1391 2795 1471 2820 non
1483 2783 1636 2821 videtur
1655 2794 1738 2819 esse
1758 2781 2009 2819 determinata
2027 2793 2116 2831 pars
2131 2781 2236 2829 caeli,
2253 2780 2322 2818 sed
2339 2780 2462 2818 diver·-

1392 2836 1529 2874 sificari
1549 2843 1563 2857 ‘¹
1583 2836 1795 2873 secundum
1821 2835 2061 2872 horizontem
2085 2833 2385 2882 uniuscuiusque
2406 2843 2463 2871 re-

1390 2890 1523 2938 gionis.
1541 2889 1603 2927 Sic
1622 2889 1731 2938 igitur
1746 2888 1775 2926 si
1796 2888 1972 2926 dextrum
1989 2895 2026 2925 et
2045 2887 2236 2925 sinistrum
2253 2885 2464 2924 attribuitur

1394 3019 1419 3037 et
1437 3013 1589 3042 occidentis,
1610 3013 1755 3037 secundum
1776 3019 1855 3044 quam
1874 3010 2009 3043 longitudo
2028 3014 2111 3035 terrae
2134 3009 2286 3041 attenditur;
2307 3009 2353 3034 sed
2373 3015 2467 3035 secun—

1395 3049 1457 3073 dum
1477 3048 1646 3077 latitudinem,
1661 3055 1728 3081 quae
1747 3047 1887 3072 attenditur
1905 3046 2049 3072 secundum
2063 3045 2208 3071 distantiam
2217 3044 2276 3077 poli
2287 3045 2325 3070 ad
2337 3045 2465 3071 circulum

1395 3083 1613 3116 aequinoctialem
1621 3091 1629 3112 ,·
1644 3091 1675 3108 eo
1691 3083 1762 3116 quod
1777 3082 1802 3107 in
1817 3080 1954 3115 superficie
1966 3082 2048 3106 maior
2063 3081 2190 3106 dimensio
2202 3086 2310 3106 vocatur
2323 3079 2466 3114 longitude,

1395 3120 1480 3143 minor
1497 3127 1560 3143 vero
1579 3119 1696 3143 latitudo.
1709 3128 1721 3141 ι
1742 3118 1766 3142 Η
1781 3117 1855 3150 legit:
1875 3125 1954 3150 quam
1974 3124 1991 3142 a
2005 3116 2070 3149 polo
2090 3116 2116 3141 in
2131 3117 2237 3149 polum,
2257 3115 2321 3149 quia
2339 3121 2387 3141 nec
2401 3114 2467 3147 (hoc

1395 3162 1449 3179 om.
1468 3154 1545 3179 etiam
1564 3154 1615 3187 pE)
1641 3157 1727 3179 totum
1747 3153 1886 3178 habitatur
1901 3156 2015 3185 propter
2034 3152 2223 3184 impedimenta
2247 3155 2277 3177 ut
2300 3151 2326 3177 in
2350 3150 2466 3177 secundo

1395 3189 1508 3214 Meteor.
1523 3190 1634 3215 dicetur.
1654 3190 1705 3214 Pro
1723 3189 1869 3218 habitatur,
1890 3188 2056 3213 inhabitatur
2075 3188 2094 3213 1.

1450 3224 1476 3258 ο)
1497 3228 1596 3250 motum
1612 3225 1742 3257 primum.
1755 3226 1890 3255 -,motum
1909 3223 1977 3249 caeli
1994 3223 2095 3248 stellati
2106 3223 2134 3253 P,
2150 3223 2210 3256 quia
2225 3221 2300 3247 codd.
2315 3228 2368 3246 exc.
2380 3220 2466 3246 AsEG

1396 3261 1518 3284 omittunt
1536 3260 1734 3285 homoteleuton
1749 3259 1877 3292 primum,
1902 3259 2017 3284 secundo
2036 3261 2165 3291 quantum
2184 3257 2222 3283 ad
2240 3260 2357 3286 motum
2379 3259 2466 3290 quoad

1392 3295 1519 3327 primum,
1534 3295 1566 3320 cf.
1579 3303 1652 3321 num.
1671 3303 1709 3328 17,
1725 3298 1854 3328 quantum
1869 3294 1906 3319 ad
1919 3294 2063 3320 secundum
2078 3296 2178 3320 motum
2197 3292 2355 3319 circularem
2369 3291 2416 3325 qui
2427 3295 2467 3317 est

1391 3331 1573 3362 planetarum.

1449 3365 1480 3398 π)
1496 3366 1674 3399 manifestum.
1686 3381 1706 3385 -
1720 3366 1891 3399 manifestum
1906 3372 1962 3391 esse
1980 3365 2021 3390 ed.
2039 3363 2106 3390 1516
2124 3368 2150 3390 et
2168 3363 2243 3389 codd.
2256 3370 2310 3388 exc.
2324 3364 2355 3388 A.
2375 3362 2466 3388 Statim

1397 3407 1434 3425 ex
1448 3408 1500 3425 om.
1516 3402 1588 3426 BCF.
1601 3416 1620 3420 —
1634 3402 1691 3427 Lin.
1706 3409 1762 3435 seq.
1775 3409 1824 3435 pro
1842 3408 1859 3426 a
1878 3401 1994 3431 dextris,
2013 3408 2031 3426 a
2050 3400 2152 3426 dextra
2170 3399 2246 3424 codd.

1451 3444 1464 3469 ρ
1480 3436 1516 3461 ibi
1529 3443 1593 3462 esse.
1605 3451 1624 3456 -
1635 3437 1686 3462 sibi
1699 3444 1755 3462 esse
1768 3437 1787 3461 P
1802 3444 1890 3462 errore
1903 3441 2005 3470 typogr.
2019 3443 2050 3461 ex
2063 3435 2104 3461 ed.
2123 3433 2189 3460 1516
2203 3438 2317 3464 retemta
2333 3434 2418 3459 inesse
2427 3433 2450 3459 D
2462 3450 2468 3458 .

1398 3471 1422 3495 H
1441 3471 1521 3496 addit:
1538 3475 1606 3503 puta
1624 3473 1735 3498 arietem
1755 3473 1796 3498 vel
1819 3472 1931 3501 libr-anu
1949 3474 1976 3497 et
1994 3471 2060 3496 haec
2077 3473 2117 3496 est
2133 3476 2215 3496 eausa
2234 3476 2317 3502 quare
2335 3469 2468 3502 astrologi

1398 3513 1500 3538 semper
1518 3507 1623 3540 signum
1642 3508 1732 3533 oriens
1752 3508 1842 3533 locant
1860 3508 1887 3532 in
1902 3507 1996 3540 prima
2014 3506 2101 3536 domo,
2121 3508 2147 3531 et
2160 3506 2273 3538 planeta
2293 3505 2330 3530 ibi
2347 3504 2467 3530 existens

1392 3541 1519 3574 fortioris
1538 3545 1577 3567 est
1596 3543 1711 3572 virtutis,
1730 3543 1800 3568 sicut
1814 3545 1893 3575 patet
1911 3543 1944 3568 de
1963 3542 2027 3567 luna
2047 3541 2073 3566 in
2085 3541 2170 3576 fluxu
2189 3540 2281 3565 maris.

1452 3578 1477 3610 σ)
1498 3577 1683 3610 diversificari.
1697 3591 1715 3598 —-
1729 3579 1786 3603 Hoc
1804 3578 1913 3603 verbum
1931 3585 1985 3602 om.
2000 3577 2020 3602 Ρ
2039 3581 2065 3602 et
2083 3576 2158 3601 codd.
2173 3583 2228 3601 exc.
2241 3575 2323 3606 AaGI,
2338 3575 2385 3600 aed
2398 3573 2466 3599 mul-

1398 3615 1454 3636 tum
1467 3612 1565 3637 confert
1579 3613 1611 3637 ad
1626 3614 1844 3646 perspicuitatem,
1861 3621 1893 3638 ne
1908 3613 1991 3638 dicam
2005 3611 2152 3645 requiritur.
2165 3624 2184 3631 -
2195 3611 2360 3644 horizontem
2374 3610 2397 3634 Α
2410 3615 2467 3634 cor-

2482 602 2493 614 *
2510 602 2611 623 sinistra
2630 607 2670 624 m.
2685 613 2696 618 -

2777 2127 2782 2245 „Aa-..1
2774 1934 2782 2109 *mu-„hat
2779 1921 2782 1924 .
2778 1885 2782 1910 a„
2779 1862 2782 1869 .
2780 1847 2782 1849 .
2779 1820 2782 1832 Η
2779 1801 2782 1803 .
2780 1742 2782 1744 .

2779 2926 2782 2942 «.
2776 2889 2782 2908 „2
2772 2257 2782 2877 =-.-mffl.-‹-—a—.——QQ.
