2782 4134
102 1121 112 1130 “
126 1119 175 1141 eius
188 1119 240 1141 add.
254 1126 274 1141 P.

100 1219 110 1228 ’
125 1218 156 1240 Ca
174 1223 226 1244 .vn‚
241 1224 263 1239 n.
279 1223 305 1244 23

100 1244 124 1266 S.
134 1244 155 1265 T
172 1259 177 1265 .
191 1244 242 1265 lect.
252 1250 284 1265 xi.

183 1600 216 1617 αα

96 1754 105 1763 '¹
120 1753 175 1781 Cap.
186 1759 221 1781 ni,
237 1760 260 1775 n.
271 1760 300 1775 21.

92 1910 104 1921 ⁸
118 1912 140 1931 et
158 1910 263 1933 deorsum
277 1919 298 1934 r.

1039 235 1109 272 DE
1140 231 1313 270 CAELO
1342 231 1413 268 ET

405 333 459 358 11.
490 321 583 357 Item
610 317 768 364 videtur,
793 316 1004 353 secundum
1023 314 1096 350 hoc
1116 312 1221 361 quod
1249 318 1394 361 contra-

346 374 463 411 rietati
491 383 693 421 corporum
718 369 806 407 dicit
832 368 1061 417 respondere
1094 364 1393 402 contrarietatem

346 434 519 464 motuum
534 424 565 472 Ψ,
587 424 690 473 quod
716 422 809 471 ignis
836 421 953 468 magis
978 420 1023 456 sit
1047 417 1253 455 contrarius
1272 423 1392 452 terrae

346 492 460 529 quarn
479 475 609 527 aquae,
640 488 726 513 cum
754 487 829 524 qua
849 472 1024 510 convenit
1045 472 1084 507 in
1108 482 1183 507 una
1202 468 1389 527 qualitate,

345 532 481 569 scilicet
508 531 545 567 in
573 529 743 566 siccitate.
764 549 788 555 -
808 528 856 563 Et
875 525 1076 563 dicendum
1097 530 1152 559 est
1170 521 1274 571 quod
1302 522 1389 580 p.h3‘

344 585 523 633 losophus
541 583 579 619 in
597 583 670 619 hoc
689 581 782 618 libro
812 579 884 627 agit
903 580 949 615 de
969 576 1188 625 corporibus
1212 575 1388 632 simplici-

344 639 413 674 bus
441 635 648 673 secundum
677 631 808 670 situm:
841 632 892 668 sic
921 630 1021 666 enim
1051 628 1280 665 constituunt
1306 639 1388 663 uni-

341 702 495 727 versum
527 696 568 725 ut
592 695 726 736 partes.
760 686 808 722 Et
835 684 1043 721 secundum
1071 682 1145 718 hoc
1181 681 1305 718 maior
1333 687 1388 716 est

343 741 581 779 contrarietas
600 746 618 761 ω
636 739 729 787 ignis
757 738 804 774 ad
830 745 966 773 terram
1001 747 1116 784 quam
1145 734 1384 793 adaquam:

340 796 423 832 licet
456 794 504 831 ad
531 805 669 841 aquam
701 791 746 828 sit
777 790 898 826 maior
930 788 1169 825 contrarietas
1203 799 1297 835 ignis
1329 798 1385 823 se-

341 848 504 885 cundum
534 845 722 894 qualitates
750 843 889 879 activas
915 849 950 878 et
968 841 1150 890 passivas,
1181 840 1284 888 quod
1301 851 1386 888 per-

339 900 428 936 tinet
455 899 503 936 ad
531 896 866 935 considerationem
894 894 977 931 libri
1004 895 1050 931 de
1080 893 1336 930 Generatione.

396 964 451 989 12.
467 951 622 989 Videtur
640 949 751 986 etiam
767 960 844 984 non
864 959 909 984 ex
923 947 1142 984 necessitate
1158 946 1263 994 sequi
1278 945 1383 994 quod

338 1005 484 1054 corpori
513 1002 658 1040 caelesti
685 1001 775 1038 nihil
803 1001 848 1037 sit
877 1000 1116 1046 contrarium,
1148 1011 1192 1035 ex
1212 1011 1256 1035 eo
1277 997 1382 1046 quod

336 1057 454 1094 motui
474 1055 648 1101 circulari,
665 1066 740 1103 quo
756 1061 943 1100 movetur,
964 1053 1053 1090 nihil
1074 1052 1119 1089 sit
1134 1051 1380 1088 contrarium:

335 1110 422 1158 quia
459 1109 568 1146 etiam
604 1107 697 1155 ignis
729 1106 768 1143 in
800 1107 954 1155 propria
985 1107 1145 1155 sphaera
1179 1106 1218 1151 '²²‚
1254 1112 1290 1141 et
1321 1117 1381 1141 su-

333 1174 464 1211 prema
489 1173 574 1210 pars
601 1160 695 1197 aeris
724 1159 948 1196 circulariter
974 1166 1194 1205 moventur,
1230 1165 1270 1194 ut
1299 1157 1337 1194 in
1366 1159 1379 1194 I

332 1216 488 1252 Meteor.
511 1215 529 1234 ’³²
557 1213 705 1259 dicitur;
735 1212 809 1249 aeri
837 1219 965 1250 tamen
993 1219 1029 1249 et
1055 1211 1130 1259 igni
1159 1218 1214 1248 est
1241 1210 1381 1260 aliquid

333 1267 568 1304 contrarium.
585 1287 608 1293 -
625 1265 700 1302 Sed
725 1265 927 1302 dicendum
952 1272 1008 1301 est
1026 1264 1130 1314 quod
1153 1264 1247 1312 ignis
1263 1271 1299 1300 et
1318 1276 1381 1300 aer

331 1333 407 1357 non
434 1326 635 1356 moventur
667 1318 890 1355 circulariter
922 1318 1029 1367 quasi
1061 1318 1217 1366 proprio
1250 1325 1377 1364 motu,

331 1374 395 1410 sed
424 1372 637 1409 deferuntur
662 1384 731 1420 per
757 1379 905 1408 motum
934 1371 1042 1407 caeli:
1073 1383 1232 1419 corpora
1251 1378 1378 1407 autem

331 1425 498 1462 caelestia
513 1424 953 1462 moventur'circulariter
966 1424 1120 1473 proprio
1136 1431 1260 1461 motu:
1275 1424 1378 1461 unde

329 1491 406 1515 non
434 1485 488 1514 est
515 1477 644 1514 similis
673 1477 776 1514 ratio.

387 1532 442 1568 13.
460 1533 552 1567 Item
565 1530 715 1567 videtur
733 1530 837 1579 quod
853 1529 1093 1567 contrarietas
1108 1537 1283 1566 motuum
1299 1542 1377 1567 non

330 1591 517 1620 attestetur
543 1583 789 1620 contrarietati
807 1589 842 1604 ἀ
862 1583 1073 1620 mobilium.
1103 1583 1249 1620 Eadem
1275 1583 1375 1620 enim

330 1637 531 1674 substantia
558 1649 736 1683 numero,
767 1648 864 1685 quae
900 1636 970 1672 sibi
1003 1649 1081 1673 non
1111 1636 1373 1684 contrariatur,

330 1698 383 1726 est
405 1689 615 1738 susceptiva
639 1690 922 1735 contrariorum,
946 1697 987 1726 ut
1011 1689 1143 1726 dicitur
1164 1689 1202 1726 in
1221 1690 1374 1727 Praedi-

328 1743 502 1779 camentis
516 1743 552 1786 *,·
572 1749 607 1779 et
624 1742 674 1779 ita
698 1750 873 1779 movetur
900 1742 1064 1779 motibus
1084 1743 1288 1790 contrariis,
1310 1743 1373 1792 qui

328 1802 411 1832 sunt
434 1795 480 1832 ad
501 1795 692 1842 contraria,
721 1803 812 1844 puta
840 1795 1073 1832 dealbatione
1095 1803 1130 1832 et
1149 1796 1372 1844 denigratio-

327 1860 374 1885 ne
399 1857 434 1885 et
466 1848 645 1885 similibus
673 1849 848 1885 motibus.
879 1850 1076 1886 Praeterea
1104 1861 1168 1886 aer
1194 1857 1373 1887 movetur

327 1914 474 1950 sursum
498 1901 536 1938 in
553 1902 636 1938 loco
657 1914 776 1950 aquae
806 1901 982 1949 existens,
1008 1903 1187 1939 deorsum
1207 1910 1333 1939 autern
1350 1903 1369 1924 *⁸

327 1954 485 1991 existens
499 1954 537 1991 in
551 1955 634 1991 loco
650 1954 753 2002 ignis:
774 1955 875 1991 idem
891 1967 977 2002 ergo
999 1955 1191 1992 contrariis
1206 1956 1372 1993 motibus

325 2015 518 2054 movetur,
541 2007 645 2044 etsie
674 2008 912 2044 contrarietas
940 2015 1114 2045 motuum
1143 2020 1222 2046 non
1241 2019 1372 2046 conse-

325 2060 448 2108 quitur
472 2060 768 2098 contrarietatem
797 2060 1006 2098 mobilium.
1028 2062 1165 2099 Adhuc
1185 2062 1297 2099 etiarn
1316 2062 1371 2100 vi-

325 2113 457 2150 demus
485 2113 589 2161 quod
608 2114 741 2151 eadem
762 2114 887 2151 anima
906 2121 1082 2151 movetur
1100 2122 1207 2152 motu
1225 2115 1371 2153 virtutis

324 2173 360 2202 et
384 2165 473 2213 vitii,
503 2166 566 2214 qui
594 2175 679 2204 sunt
706 2167 881 2204 contrarii
909 2174 1047 2204 motus.

375 2219 442 2256 Est
464 2226 590 2256 autem
616 2220 711 2257 circa
730 2221 803 2257 hoc
823 2220 1139 2258 considerandum
1160 2221 1264 2269 quod
1283 2221 1371 2258 Phi-

347 243 394 279 26

373 2372 401 2408 ψ)
420 2374 491 2406 quod
507 2374 721 2400 contrarietati...
735 2379 861 2401 motuum.
873 2390 892 2395 -
905 2377 976 2410 quod
988 2378 1012 2402 si
1026 2378 1214 2404 contrarietati
1228 2386 1370 2411 corporum

322 2409 395 2434 debet
413 2410 568 2441 respondere
586 2411 759 2436 contrarietas
779 2415 895 2437 motuum
915 2413 947 2444 P;
966 2413 1083 2438 obiicitur
1100 2413 1140 2438 hic
1159 2419 1246 2438 contra
1265 2415 1372 2438 demon-

321 2445 467 2469 strationem
485 2445 637 2476 Aristotelis,
651 2451 676 2470 et
694 2447 825 2479 speciatim
844 2452 931 2472 contra
949 2447 1012 2472 haec
1030 2448 1122 2478 verba,
1141 2449 1190 2473 τῶν
1209 2447 1231 2472 δ’
1252 2446 1371 2474 ἐναντίων

321 2477 363 2504 καὶ
383 2477 408 2504 αἱ
427 2477 502 2513 φοραὶ
522 2477 644 2511 ἐναντίας
661 2481 770 2506 verbum
789 2487 874 2506 autem
889 2482 960 2512 dicit,
973 2483 1030 2507 loco
1047 2483 1129 2511 debet,
1143 2483 1282 2515 respondet
1298 2491 1371 2515 prae-

322 2515 418 2540 cedenti
436 2515 576 2540 secundum
591 2515 638 2541 hoc
652 2516 737 2548 quod:
755 2516 785 2541 cf.
799 2517 875 2541 etiarn
893 2525 964 2542 num.
977 2518 1093 2549 praeced.
1108 2518 1202 2547 medin,
1216 2518 1371 2544 Aristoteles

322 2549 390 2574 enim
409 2549 473 2574 dicit
490 2555 536 2574 etc.
550 2563 569 2568 —-
583 2550 639 2575 Lin.
653 2558 709 2583 seq.
728 2558 775 2584 pro
793 2558 871 2584 quam
889 2559 983 2583 aquae,
998 2559 1077 2584 quam
1095 2560 1166 2585 aqua
1184 2554 1259 2579 codd.
1273 2561 1325 2578 exc.
1339 2554 1371 2584 A,

323 2585 396 2614 male,
415 2589 444 2608 ut
461 2590 530 2617 patet
547 2593 577 2610 ex
595 2585 723 2611 solutione
741 2586 900 2612 obiectionis.

374 2618 405 2652 ω)
425 2619 510 2644 maior
527 2623 566 2644 est
584 2621 765 2646 contrarietas.
780 2635 799 2640 —
813 2622 848 2646 lta
862 2622 902 2646 ed.
916 2621 995 2653 1516;
1015 2623 1089 2648 codd.
1104 2629 1271 2657 corrumpunt
1285 2624 1371 2650 maior

1442 227 1634 266 MUNDO
1665 226 1759 262 LIB.
1791 225 1803 260 Ι

1448 307 1631 355 losophus
1659 304 1774 340 utitur
1801 303 1872 339 hac
1899 298 2181 350 propositione:
2211 299 2316 346 quod
2337 297 2367 334 si
2386 305 2517 336 motus

1448 373 1526 397 non
1545 359 1619 396 sint
1642 355 1828 403 contrarii,
1850 354 1954 404 quod
1983 353 2096 390 etiarn
2113 353 2133 373 *
2148 350 2306 388 mobilia
2325 363 2405 388 non
2429 359 2518 389 sunt

1447 411 1642 449 contraria.
1673 411 1764 447 Non
1793 416 1921 445 autem
1948 406 2058 455 ponit
2086 418 2106 442 e
2131 416 2320 441 converso
2349 405 2456 454 quod
2484 405 2516 443 si

1444 464 1601 503 mobilia
1620 475 1698 500 non
1718 469 1805 499 sunt
1826 460 2023 506 contraria,
2045 458 2150 508 quod
2179 465 2308 494 motus
2336 470 2416 495 non
2441 458 2516 497 sint

1445 517 1619 555 contrarii
1638 516 1746 565 (quia
1765 521 1895 564 posset
1914 513 2047 562 aliquis
2069 512 2192 549 dicere
2213 510 2320 560 quod
2335 511 2513 550 omniurn

1444 582 1648 620 corporum
1669 567 1972 605 contrarietatem
1993 565 2216 602 habentium
2237 564 2311 602 sint
2336 565 2513 604 contrarii

1442 632 1590 670 motus,
1619 635 1698 660 non
1726 629 1855 658 autem
1889 632 2025 657 omnes
2055 617 2231 655 contrarii
2265 625 2395 656 motus
2424 627 2514 657 sunt

1442 677 1746 721 contrariorum:
1763 681 1893 711 contra
1911 673 2016 721 quod
2035 671 2253 721 praedictae
2273 672 2511 711 obiectiones

1438 730 1661 780 procedunt.
1692 729 1855 773 Tamen,
1876 726 2089 763 secundum
2110 725 2162 762 rei
2181 724 2396 773 veritatem,
2419 739 2511 764 con-

1439 784 1606 821 trarietas
1625 789 1802 819 motuum
1821 779 2047 817 naturalium
2069 779 2316 828 consequitur
2333 780 2509 830 proprie-

1438 845 1553 874 tatem
1572 835 1844 885 principiorum
1868 833 2081 870 activorum
2101 832 2183 870 sive
2207 832 2442 882 formalium,
2459 834 2510 872 ad

1438 902 1536 939 quae
1556 888 1799 937 consequitur
1815 889 1834 909 ss
1851 894 1993 931 motus;
2014 897 2094 922 non
2113 893 2243 923 autem
2265 887 2508 926 contrarieta-

1437 951 1514 980 tem
1542 942 1815 991 principiorum
1847 939 2090 989 passivorum
2120 939 2202 976 sive
2236 940 2506 990 materialium,

1437 996 1525 1044 quia
1544 995 1680 1032 eadem
1710 994 1868 1031 materia
1896 993 2113 1042 susceptiva
2133 1000 2189 1030 est
2208 994 2504 1033 contrariomm.

1435 1050 1484 1086 Et
1502 1049 1588 1086 ideo
1609 1048 1847 1085 alterationes
1863 1059 1961 1095 quae
1976 1047 2074 1083 fiunt
2093 1059 2138 1083 ex
2157 1046 2354 1097 principiis
2369 1048 2508 1087 extrin-

1435 1102 1541 1149 secis,
1571 1101 1661 1139 nihil
1689 1101 1868 1150 prohibet
1895 1112 1979 1137 esse
2009 1099 2108 1137 circa
2136 1099 2241 1138 idem
2269 1101 2504 1150 subiectum,

1435 1155 1610 1204 quamvis
1626 1154 1698 1192 sint
1714 1153 1933 1191 contrariae.
1951 1153 1990 1190 Si
2007 1165 2084 1203 qua
2098 1165 2193 1191 vero
2210 1161 2267 1192 est
2277 1155 2453 1193 alteratio
2469 1154 2506 1186 ΡΡ

1435 1222 1479 1246 ex
1507 1209 1708 1246 intrinseco
1736 1207 1922 1257 principio
1949 1207 2202 1256 proveniens,
2231 1207 2330 1246 sicut
2356 1209 2504 1247 sanatio

1434 1262 1587 1312 quando
1616 1262 1659 1299 fit
1685 1273 1754 1311 per
1781 1269 1968 1308 naturam,
1998 1268 2149 1310 oportet
2167 1261 2275 1311 quod
2299 1262 2505 1300 contrarie-

1432 1324 1488 1353 tas
1517 1315 1648 1353 talium
1677 1315 1943 1352 alterationum
1973 1322 2232 1364 consequatur
2259 1315 2505 1355 contrarieta-

1432 1377 1509 1406 tem
1538 1368 1752 1406 mobilium.
1789 1369 1838 1405 Et
1871 1368 2007 1406 eadem
2041 1369 2136 1406 ratio
2166 1375 2224 1406 est
2256 1369 2305 1407 de
2320 1369 2504 1409 motibus

1431 1422 1634 1470 localibus,
1666 1422 1713 1459 de
1749 1422 1886 1471 quibus
1921 1434 2024 1459 nunc
2060 1422 2242 1460 intenditz
2279 1422 2505 1463 huiusmodi

1432 1476 1534 1513 enirn
1554 1484 1681 1513 motus
1702 1483 1987 1524 consequuntur
2003 1477 2022 1496 ²¹²
2038 1475 2225 1526 principia
2244 1476 2422 1515 formalia
2443 1477 2503 1517 in-
2530 1489 2541 1501 ·

1430 1530 1600 1566 trinseca.
1627 1550 1650 1557 -
1680 1530 1741 1566 Ad
1769 1529 1808 1566 id
1834 1541 1929 1566 vero
1958 1530 2064 1579 quod
2094 1529 2271 1568 obiicitur
2308 1530 2358 1568 de
2391 1542 2500 1580 aerei,

1431 1583 1636 1620 dicendum
1664 1582 1769 1631 quod
1807 1583 2053 1620 contradictio
2091 1595 2193 1632 quae
2228 1583 2436 1622 includitur
2461 1585 2501 1624 in

1430 1637 1609 1673 omnibus
1628 1635 1823 1685 oppositis,
1844 1637 1958 1674 habet
1986 1637 2024 1674 in
2048 1637 2107 1675 sui
2125 1637 2271 1675 ratione
2291 1638 2399 1688 quod
2416 1638 2465 1676 sit
2480 1640 2503 1663 ⁶

1428 1691 1640 1728 secundum
1655 1689 1759 1727 idern
1775 1697 1811 1727 et
1826 1698 1999 1740 respectu
2015 1691 2201 1729 eiusdem.
2222 1691 2355 1730 Motus
2369 1699 2501 1731 autem

1428 1743 1524 1780 aeris
1557 1743 1734 1780 naturalis
1768 1755 1845 1780 non
1880 1752 1935 1782 est
1968 1756 2121 1783 sursum
2154 1752 2192 1782 et
2223 1745 2408 1783 deorsum
2440 1758 2501 1784 κε-

1427 1804 1556 1845 spectu
1594 1796 1790 1843 eiusdem;
1829 1797 1896 1834 sed
1933 1810 2086 1835 sursum
2123 1798 2282 1848 quidem
2322 1806 2500 1850 respectu

1426 1862 1548 1898 aquae
1578 1857 1614 1887 et
1641 1857 1781 1897 terrae,
1812 1850 1993 1888 deorsum
2021 1864 2116 1889 vero
2141 1853 2161 1874 '³
2185 1860 2360 1902 respectu
2389 1852 2498 1902 ignis.
2526 1866 2538 1878 ·

1426 1903 1536 1940 Unde
1563 1903 1784 1941 huiusmodi
1812 1912 1940 1942 motus
1969 1917 2047 1942 non
2071 1914 2159 1943 sunt
2187 1906 2387 1944 contrarii:
2416 1917 2499 1946 nnn

1428 1956 1530 1993 enim
1559 1964 1645 1994 sunt
1671 1957 1719 1994 ad
1750 1958 1936 1995 contraria
1964 1959 2060 2006 loca,
2090 1959 2159 1997 sed
2178 1960 2228 1998 ad
2253 1961 2423 1999 eundem
2439 1960 2501 1999 lon-

1429 2022 1534 2057 cum,
1565 2009 1629 2059 qui
1658 2010 1797 2047 scilicet
1825 2012 2082 2061 supereminet
2110 2025 2232 2063 aquae
2262 2021 2299 2051 et
2327 2014 2500 2054 subsidet

1427 2062 1514 2110 igni.
1535 2084 1559 2091 -
1580 2064 1696 2110 Quod
1726 2071 1853 2101 autern
1883 2065 2019 2103 dicitur
2047 2066 2094 2103 de
2124 2075 2233 2104 motu
2261 2067 2414 2106 animae
2436 2080 2497 2107 se·

1428 2117 1596 2154 cundum
1625 2116 1804 2155 virtutem
1826 2125 1862 2155 et
1879 2119 2027 2167 vitium,
2058 2132 2137 2158 non
2157 2128 2214 2158 est
2241 2121 2291 2159 ad
2318 2122 2498 2172 proposi—

1425 2177 1528 2206 tum:
1559 2170 1647 2218 quia
1675 2171 1896 2209 huiusmodi
1923 2180 2053 2211 motus
2073 2186 2153 2212 non
2181 2182 2269 2212 sunt
2292 2176 2495 2225 naturales,

1425 2223 1492 2260 sed
1519 2224 1733 2262 voluntarii.

1425 2379 1451 2404 in
1469 2380 1556 2412 magis
1562 2387 1572 2409 ‚·
1590 2380 1717 2405 miorem
1736 2381 1956 2407 contrarietatem
1970 2382 2000 2413 P,
2012 2382 2057 2415 qui
2070 2389 2143 2408 error
2161 2390 2193 2408 ex
2205 2390 2238 2408 eo
2251 2384 2401 2417 contingere
2412 2385 2496 2418 potuit

1425 2415 1496 2447 quod
1509 2415 1592 2447 primo
1611 2412 1627 2440 e*
1644 2423 1690 2440 seu
1705 2419 1744 2441 est
1757 2416 1857 2441 unitum
1872 2416 1919 2441 fuit
1933 2425 1992 2442 cum
2006 2418 2100 2448 maior,
2116 2426 2148 2443 ex
2162 2426 2216 2451 quo
2227 2418 2324 2444 factum
2339 2425 2378 2445 est
2392 2416 2498 2449 maiore

1426 2457 1473 2474 seu
1487 2450 1630 2477 maiorem:
1649 2451 1749 2481 deinde,
1768 2456 1797 2476 ur
1813 2451 1952 2477 haberetur
1967 2453 2156 2484 concordantia,
2169 2454 2350 2480 contrarietas
2363 2459 2494 2482 mut-tum

1426 2489 1466 2509 est
1484 2485 1511 2509 in
1528 2486 1756 2512 contrarietatem.
2222 2514 2229 2518 ,

1480 2520 1525 2552 aa)
1544 2523 1686 2546 attestetur
1703 2522 1899 2548 contrarietati.
1914 2536 1934 2543 —-
1950 2527 2108 2556 assequatur
2125 2525 2316 2552 contrarietati
2333 2526 2352 2552 P
2372 2532 2398 2553 et
2416 2526 2491 2554 codd.

1426 2562 1479 2580 exc.
1493 2556 1528 2586 A;
1548 2555 1580 2580 cf.
1599 2556 1657 2581 lect.
1669 2564 1718 2586 xxx,
1731 2565 1757 2582 n.
1772 2564 1797 2582 11
1816 2557 1841 2582 in
1856 2557 1919 2589 fine,
1939 2558 1975 2583 Et
1993 2559 2042 2585 hoc
2059 2563 2206 2586 attestatur
2220 2561 2261 2586 his
2279 2566 2328 2587 etc.

1479 2589 1520 2623 ββ)
1539 2594 1579 2616 est
1597 2592 1730 2618 alteratio.
1743 2606 1762 2612 -
1775 2593 1810 2618 lta
1824 2594 1846 2618 Α
1852 2602 1860 2625 ;
1878 2594 2004 2620 alteratio
2018 2598 2058 2620 est
2077 2596 2119 2621 ed.
2137 2595 2216 2628 1516;
2235 2601 2276 2624 est
2293 2606 2348 2625 αιι.
2361 2598 2381 2624 Ρ
2396 2604 2423 2626 et
2439 2604 2490 2625 eet.

1425 2625 1476 2650 Pro
1495 2633 1544 2656 ex,
1565 2634 1581 2651 a
1601 2628 1642 2652 ed.
1659 2627 1738 2660 1516;
1758 2636 1805 2661 pro
1824 2636 1861 2654 ex
1880 2629 2036 2661 intrinseco,
2055 2631 2088 2656 ab
2107 2632 2260 2658 extrinseco
2278 2634 2310 2659 A.
