2782 4134
1134 265 1247 303 CAP.
1276 266 1365 315 vn,

275 344 452 382 dicuntur
479 356 643 393 corpora
671 344 867 393 simplicia,
897 343 1125 392 inquantum
1152 356 1231 381 non
1259 352 1347 382 sunt

275 397 490 446 composita
518 410 565 435 ex
588 397 784 435 contrariis
802 396 958 434 naturis.
978 397 1048 433 Est
1074 404 1205 434 tamen
1233 397 1272 435 in
1292 398 1345 434 eis

275 450 401 499 aliqua
429 450 628 488 diversitas
647 450 861 487 secundum
889 457 1065 487 naturam
1089 450 1240 499 speciei,
1261 450 1346 488 licet

274 503 507 541 conveniant
531 504 572 541 in
590 511 727 541 natura
749 502 917 551 generis3
938 502 1034 539 sicut
1057 503 1289 540 conveniunt
1307 503 1346 540 in

274 557 475 594 communi
493 557 638 595 ratione
657 563 799 603 motus,
819 554 909 604 quia
929 556 1060 593 omnia
1074 556 1095 578 *
1121 556 1347 593 circulariter

274 618 492 648 moventur.

332 665 365 701 5.
382 662 562 700 Secundo
586 636 654 700 ibi:
684 662 791 699 Sicut
814 661 914 698 enim
943 661 1057 711 ignea
1077 669 1161 709 etc„
1182 661 1346 699 ostendit

274 717 350 754 hoc
377 717 491 754 etiarn
527 728 609 753 esse
638 726 853 752 consonum
881 714 1092 774 aliqualiter
1110 715 1217 752 dictis
1255 714 1345 751 alio-

274 781 380 807 rum:
401 769 531 807 dicens
549 768 656 818 quod
671 765 696 815 ³,
713 768 808 805 sicut
826 767 878 804 illi
892 767 958 816 qui
974 767 1104 805 dicunt
1123 768 1247 804 stellas
1263 780 1345 804 esse

273 824 416 872 igneas,
435 829 642 871 propterea
658 820 735 858 ho'c
760 820 890 859 dicunt
909 821 1000 870 quia
1025 821 1186 858 caeleste
1206 833 1346 869 corpus

274 876 489 913 existimant
507 875 636 923 ignem
665 886 761 922 esse,
787 874 895 923 quasi
923 874 1145 911 rationabile
1165 874 1212 911 sit
1240 874 1346 922 quod

272 928 580 978 unumquodque
613 934 757 965 astrum
785 934 932 965 constet
960 939 1007 964 ex
1033 935 1168 965 natura
1195 927 1346 964 illarum

273 983 524 1032 sphaerarum
553 981 592 1018 in
618 981 758 1030 quibus
787 988 863 1027 est;
893 980 944 1018 ita
964 980 1077 1018 etiam
1102 989 1138 1018 et
1156 993 1228 1018 nos
1257 980 1346 1018 dici-

272 1047 360 1074 mus
387 1035 494 1085 quod
529 1035 657 1072 stellae
695 1042 783 1071 sunt
812 1034 860 1071 de
888 1041 1025 1071 natura
1062 1034 1134 1071 alia
1161 1046 1184 1071 a
1212 1041 1346 1071 natura

239 1110 246 1117 ·
271 1096 439 1139 quatuor
458 1088 759 1134 elementorum,
787 1094 945 1136 propter
972 1088 1047 1125 hoc
1066 1087 1172 1138 quod
1191 1099 1306 1136 supra
1326 1088 1346 1109 ¹²

272 1141 526 1193 probavimus
554 1141 681 1179 caelos
708 1141 801 1178 tales
831 1153 925 1178 esse.

294 1195 536 1238 §.ammte
557 1207 647 1232 cum
667 1194 773 1232 dicit·
803 1194 920 1231 Calor
937 1199 1063 1231 autem
1087 1195 1137 1231 ab
1155 1194 1243 1243 ipsis
1263 1201 1332 1231 etc.
1323 1222 1345 1241 .‚

271 1249 439 1288 excludit
466 1248 745 1286 obiectionem·
775 1247 865 1297 quia
889 1247 1074 1307 quidam·
1092 1247 1348 1296 opinabantur

272 1303 400 1341 stellas
428 1314 512 1339 esse
548 1301 596 1339 de
633 1309 769 1338 natura
796 1300 914 1349 ignis,
943 1300 998 1338 sic
1025 1307 1346 1348 argumentantes.

272 1357 372 1395 Esse
387 1355 554 1393 calidum
569 1361 606 1391 et
623 1354 859 1392 luminosum
873 1353 1027 1391 videtur
1045 1365 1128 1390 esse
1146 1353 1347 1402 proprium

272 1409 388 1459 ignis3
409 1409 478 1447 sed
497 1409 625 1446 stellae
641 1407 866 1445 calefaciunt
880 1414 917 1444 et
934 1406 1166 1466 illuminant;
1187 1418 1277 1454 ergo
1291 1406 1347 1443 vi-

270 1463 388 1502 detur
401 1462 508 1512 quod
526 1461 601 1498 sint
614 1461 662 1498 de
682 1468 817 1498 natura
835 1459 943 1508 ignis.
958 1480 984 1488 ·-
1000 1459 1050 1497 Et
1068 1459 1167 1497 circa
1185 1460 1261 1496 hoc
1278 1459 1348 1497 tria

274 1516 379 1554 facit·
398 1515 526 1566 primo
541 1514 656 1551 solvit
673 1514 774 1551 hanc
792 1512 1051 1550 obiectionem
1065 1525 1136 1562 per
1149 1512 1347 1562 quoddam

275 1569 513 1619 exemplurm
533 1567 705 1604 secundo
725 1566 890 1604 ostendit
909 1565 1164 1604 differentiam
1184 1566 1348 1616 exempli

268 1622 326 1661 ad
351 1620 595 1672 propositum
619 1620 653 1668 ζ,
683 1619 757 1657 ibi:
785 1620 878 1657 Hae
904 1620 1054 1680 quidem
1083 1620 1188 1668 ipsae
1207 1620 1227 1642 *
1256 1627 1347 1657 etc.-
1339 1649 1348 1666 ‚

268 1675 385 1714 sertio
421 1673 631 1723 respondet
657 1673 793 1711 tacitae
827 1673 1062 1722 quaestioni,
1094 1673 1172 1710 ibi:
1200 1674 1252 1710 Et
1277 1674 1350 1710 hac

271 1728 445 1767 max-erne
462 1729 483 1748 θ
513 1735 580 1765 etc„

268 1803 272 1805 ‡
326 1781 429 1820 Dicit
457 1793 548 1830 ergo
566 1780 694 1830 primo
715 1779 822 1829 quod
850 1779 953 1817 calor
970 1777 1014 1816 'et
1041 1779 1173 1817 lumen
1192 1791 1348 1828 genera-

232 1840 236 1842 “
272 1842 336 1874 tur
353 1847 377 1873 a
395 1834 510 1872 stellis
528 1846 598 1883 per
625 1833 822 1883 quandam
852 1832 1119 1870 contritionem
1147 1833 1230 1871 sive
1258 1845 1349 1870 con-

232 1936 235 1938 .
272 1888 512 1931 fricationem
527 1887 624 1925 aeris
645 1898 691 1924 ex
709 1894 819 1924 motu
835 1898 988 1934 eorum,
1005 1898 1084 1923 non
1098 1894 1256 1936 propter
1273 1887 1349 1924 hoc

272 1942 381 1993 quod
409 1949 497 1979 sunt
521 1942 541 1963 ²⁸¹
569 1940 691 1990 ignea.
720 1940 908 1978 Videmus
946 1939 1050 1977 enim
1083 1940 1190 1988 quod
1219 1947 1347 1977 motus

272 2003 386 2035 natus
401 2003 457 2033 est
474 1995 593 2055 ignire
613 2001 650 2031 et
667 1993 768 2042 ligna
787 2001 824 2030 et
842 1993 987 2042 lapides
1007 2001 1044 2030 et
1062 1993 1224 2031 sermm:
1244 1994 1346 2031 unde

272 2049 396 2087 multo
434 2048 557 2096 magis
594 2046 816 2085 rationabile
856 2054 912 2084 est
946 2047 1052 2095 quod
1089 2058 1158 2096 per
1194 2054 1346 2084 motum

272 2102 393 2155 possit
429 2101 538 2150 igniri
571 2112 712 2150 corpus
748 2100 855 2150 quod
893 2107 950 2137 est
982 2099 1235 2150 propinquius
1271 2100 1347 2149 igni

272 2166 391 2206 quam
419 2154 615 2204 praedicta
644 2166 829 2203 corpora3
858 2153 948 2202 quia
976 2165 1112 2190 eorum
1140 2165 1271 2228 quae*
1260 2161 1348 2190 sunt

234 2226 245 2232 -
273 2208 346 2246 sibi
362 2207 651 2258 propinquiora,
671 2206 818 2244 facilior
837 2213 895 2243 est
912 2206 1176 2244 transmutatio
1196 2206 1271 2244 in*
1291 2207 1346 2244 in-

272 2262 412 2300 vicem.
433 2263 513 2298 Aer
531 2267 660 2298 autern
680 2259 936 2309 propinquius
954 2271 995 2296 se
1014 2259 1132 2296 habet
1149 2259 1226 2297 ad
1218 2271 1346 2308 ignem

274 2327 394 2365 quam
423 2326 587 2364 corpora
605 2313 818 2363 praedicta:
847 2313 952 2350 unde
979 2313 1102 2361 magis
1130 2325 1196 2350 aer
1222 2320 1348 2362 potest

274 2368 383 2418 igniri
411 2380 458 2406 ex
485 2374 596 2405 motu
625 2379 743 2416 quam
761 2365 956 2416 praedicta
976 2378 1151 2415 corpora.
1172 2367 1222 2403 Et
1239 2366 1348 2415 ponit

275 2423 495 2471 exemplum
524 2421 573 2458 de
601 2420 763 2468 sagittis,
794 2431 892 2469 quae
921 2431 1011 2456 cum
1040 2419 1114 2456 sint
1139 2420 1347 2468 plumbeae

274 2482 464 2525 quantum
493 2474 543 2512 ad
570 2473 740 2522 aliquam
767 2473 826 2510 sui
853 2479 1016 2522 partem,
1038 2485 1084 2509 ex
1102 2473 1348 2510 vehementia

274 2535 405 2566 motus
424 2528 477 2566 sic
497 2527 687 2575 calefiunt,
702 2534 745 2564 ut
763 2526 999 2575 quandoque
1018 2525 1202 2574 liquescat
1223 2527 1348 2575 plum-

275 2583 384 2620 bum.
409 2582 460 2619 Et
479 2581 569 2630 quia
596 2580 702 2630 ipsae
722 2582 743 2600 *
762 2579 917 2628 sagittae
946 2579 1139 2628 igniuntur
1158 2591 1203 2616 ex
1227 2587 1348 2627 motu,

275 2647 434 2673 necesse
464 2641 520 2671 est
547 2634 656 2683 quod
683 2634 805 2670 multo
834 2633 956 2681 magis
976 2645 1042 2670 aer
1061 2633 1127 2681 qui
1147 2640 1204 2670 est
1222 2632 1261 2670 in
1281 2633 1349 2670 cir-

227 2706 234 2713 ·
277 2688 380 2726 cuitu
409 2687 628 2736 sagittarum
656 2686 817 2735 igniatur
841 2688 873 2723 *.
903 2687 989 2724 Nec
1021 2686 1096 2723 hoc
1131 2693 1186 2723 est
1217 2686 1350 2723 intelli-

276 2741 448 2791 gendum
467 2740 575 2790 quod
593 2740 615 2762 ⁸
635 2739 830 2777 calefactio
849 2740 1071 2788 sagittarum
1091 2739 1138 2776 sit
1158 2751 1272 2776 causa
1291 2752 1351 2776 ca-

277 2794 488 2832 lefactionis
517 2793 635 2842 aeris,
665 2793 762 2830 sicut
790 2793 1007 2842 Simplicius
1044 2792 1244 2839 intellexit3
1283 2793 1352 2830 sed

277 2848 400 2897 magis
420 2855 477 2886 est
494 2846 780 2895 intelligendum
809 2846 916 2894 quod
937 2845 1129 2883 calefactio
1159 2846 1256 2883 aeris
1282 2858 1353 2895 per

271 2908 431 2939 *motum
460 2901 507 2938 sit
535 2912 651 2938 causa
680 2899 936 2937 calefactionis
965 2899 1197 2948 sagittarum,
1225 2906 1268 2936 ut
1291 2911 1352 2936 ex-

279 2954 409 3004 posuit
435 2955 664 2992 Alexander.
694 2953 917 2991 Aristoteles
946 2952 1050 2990 enim
1078 2953 1160 2990 vult
1187 2953 1352 3002 probare

280 3019 351 3057 per
383 3008 514 3045 locum
542 3019 566 3044 a
593 3006 749 3055 minori,
779 3006 885 3055 quod
914 3006 945 3043 si
973 3006 1128 3054 sagittae
1163 3007 1352 3054 calefiunt,

281 3073 439 3098 necesse
459 3067 516 3098 est
542 3060 648 3109 quod
668 3072 734 3097 aer
753 3060 1004 3097 circumstans
1032 3060 1191 3107 calefiat,
1213 3059 1279 3108 qui
1299 3067 1355 3097 est

248 3137 254 3144 ·
280 3113 536 3164 propinquior
563 3113 639 3162 igni
668 3114 710 3161 ²⁶,
738 3120 780 3150 ut
814 3126 930 3162 supra
964 3113 1075 3150 dixit:
1110 3125 1190 3150 non
1227 3120 1355 3150 autem

281 3180 351 3218 per
369 3168 500 3204 locum
519 3179 542 3204 a
563 3179 688 3215 causa,
709 3173 752 3203 ut
769 3166 947 3204 intellexit
969 3166 1200 3215 Simplicius.

336 3298 362 3333 ὅ)
382 3298 472 3324 dicens
485 3298 566 3331 quod.
577 3312 597 3317 —
610 3298 648 3323 Ita
667 3298 756 3330 codd.;
769 3298 790 3323 P
805 3298 918 3324 dicimus
933 3299 1005 3324 enim
1023 3299 1103 3331 quod.
1116 3298 1306 3331 Adoptavimus
1320 3298 1357 3322 le-

284 3334 396 3360 ctionem
411 3334 494 3364 codd.²
508 3333 578 3367 quia,
592 3339 621 3359 ut
633 3338 705 3366 patet
718 3341 749 3358 ex
761 3334 837 3366 quasi
851 3334 952 3359 litterali
966 3335 1086 3359 cimtione
1099 3339 1193 3364 textus,
1208 3342 1230 3359 s.
1239 3333 1356 3358 Thomas

265 3397 268 3400 Δ
283 3370 372 3403 ipsum
389 3370 559 3395 Aristotelem
574 3369 758 3395 ostendentem
776 3369 922 3400 introducit,
941 3370 1014 3402 quod
1032 3370 1131 3402 optime
1144 3368 1294 3401 exprimitur
1311 3376 1358 3402 per

283 3405 422 3430 lectionem
435 3405 594 3438 adoptatam.
602 3419 622 3424 -
631 3405 695 3430 Post
708 3412 788 3430 unam
801 3405 846 3430 lin.
860 3413 909 3438 pro
923 3405 1001 3438 quasi
1014 3404 1174 3429 rationabile
1187 3404 1231 3434 sit,
1246 3404 1266 3428 P
1279 3403 1357 3436 quasi

256 3465 263 3468 Δ
284 3440 472 3466 irrationabile
489 3440 563 3467 sit.-
574 3440 627 3465 Pro
644 3443 758 3470 constet,
777 3441 904 3466 consistet
922 3440 952 3472 P,
970 3443 1076 3466 constat
1089 3439 1142 3464 CE.
1155 3452 1175 3457 -
1191 3442 1218 3464 et
1231 3443 1290 3463 ante
1309 3445 1357 3463 nos

285 3474 399 3501 dicimus
417 3483 471 3500 om.
484 3476 518 3502 A.

339 3511 362 3544 ε)
381 3510 444 3543 quia
458 3511 608 3543 quidam-
588 3518 700 3544 -quam
718 3511 828 3544 quidam
841 3511 938 3545 BCpE,
952 3513 1068 3542 propter
1085 3516 1165 3542 quam
1184 3508 1294 3541 quidam
1307 3508 1356 3537 sE.

285 3553 339 3579 qua
352 3546 462 3578 quidam
477 3551 557 3572 cen-
569 3546 606 3572 Ibi
618 3547 658 3572 sic
675 3550 909 3580 argumentantes,
924 3546 962 3571 εἰσ
973 3547 1183 3578 argumentatur
1196 3543 1306 3576 pE,qu1'
1318 3543 1358 3568 sic

285 3584 494 3615 argumentatur
512 3581 563 3613 sE3
581 3582 602 3606 P
620 3589 674 3607 om.
692 3582 745 3612 sic,
765 3582 837 3615 quod
855 3590 886 3607 ex
904 3581 980 3606 codd.
998 3580 1158 3605 restituimus
1177 3579 1211 3603 ob
1231 3578 1356 3603 maiorem

286 3617 348 3651 styli
366 3617 612 3643 convenientiamff
625 3617 689 3643 Post
703 3618 748 3644 lin.
761 3618 855 3643 stellae
873 3624 926 3642 om.
941 3615 1094 3648 BDpEFGI.

1395 266 1547 303 LECT.
1577 267 1613 304 X

1455 357 1492 393 7.
1522 345 1672 383 Deinde
1701 358 1789 383 cum
1818 346 1927 383 dicit:
1955 347 2047 383 Hae
2074 347 2224 395 quidem
2253 348 2356 395 ipsae
2383 356 2466 396 etc„

1401 398 1566 446 ostendit
1594 399 1848 436 differentiam
1878 400 2042 448 exempli
2070 399 2212 437 inducti
2246 400 2296 437 ad
2327 407 2469 449 pro'po-

1401 451 1526 488 situm.
1557 453 1607 489 Et
1635 452 1725 489 dicit
1748 452 1854 501 quod
1880 452 1986 501 ipsae
2010 452 2165 501 sagittae
2186 453 2365 490 calefiunt
2382 466 2469 502 pro-

1399 512 1483 552 pter
1509 505 1585 542 hoc
1611 505 1718 554 quod
1745 506 1916 542 feruntur
1942 517 2013 554 per
2040 517 2191 552 aerem;
2220 506 2286 554 qui
2313 506 2470 555 quidem

1400 569 1466 593 aer
1484 557 1622 605 ignitur
1641 570 1686 595 ex
1706 566 1815 596 motu
1835 566 1993 607 propter
2005 559 2180 608 plagam,
2201 558 2298 595 idest
2315 567 2472 608 propter

1400 611 1688 658 percussionem
1718 619 1754 649 et
1782 611 2011 648 divisionem
2048 623 2167 661 quam
2194 611 2334 660 patitur
2361 625 2384 649 a
2413 625 2470 649 sa-

1400 663 1506 710 gitta;
1535 663 1638 700 unde
1678 676 1723 701 ex
1761 672 1938 702 contactu
1974 665 2072 701 aeris
2110 665 2278 702 calefacti
2315 665 2470 713 sagittae

1401 716 1580 752 calefiunt
1591 722 1617 753 ’'.
1637 717 1714 753 Sed
1732 718 1807 754 hoc
1822 730 1902 755 non
1916 717 2051 755 accidit
2065 717 2105 755 in
2123 717 2254 755 stellis:
2271 718 2360 767 quia
2377 730 2470 755 una-

1400 780 1577 816 quaeque
1606 769 1798 806 stellarum
1827 783 1907 808 non
1934 771 2050 808 fertur
2076 782 2147 820 per
2172 782 2314 818 aerem,
2338 771 2405 808 sed
2432 771 2472 808 in

1399 821 1555 870 propria
1569 823 1731 870 sphaera
1759 831 1932 871 separata
1960 824 2009 861 ab
2037 836 2138 861 aere.
2169 824 2219 860 Et
2245 823 2333 861 ideo
2365 824 2471 873 ipsae

1401 875 1530 911 stellae
1555 887 1634 912 non
1654 874 1845 922 igniuntur
1863 889 1934 913 nec
1954 877 2148 914 calefiunt:
2168 885 2252 914 tum
2271 877 2361 926 quia
2386 885 2473 915 sunt

1400 928 1513 976 longe
1533 928 1581 964 ab
1601 939 1700 975 aere,
1722 928 1786 977 qui
1814 929 1950 976 ignitur
1976 942 2046 978 per
2065 938 2232 977 motum;
2253 937 2336 967 tum
2355 930 2470 968 etiam

1401 981 1491 1030 quia
1515 993 1596 1018 non
1621 989 1709 1018 sunt
1736 983 1972 1031 susceptivae
2001 983 2223 1031 peregrinae
2251 983 2472 1033 impressio—

1401 1034 1469 1071 nis.
1492 1034 1570 1072 Sed
1589 1046 1655 1071 aer
1674 1034 1740 1083 qui
1761 1034 1880 1071 existit
1898 1036 1969 1072 sub
1985 1037 2147 1084 sphaera
2167 1037 2338 1086 corporis
2354 1037 2472 1074 circu-

1401 1087 1508 1135 laris,
1539 1099 1696 1125 necesse
1725 1095 1781 1124 est
1809 1088 1915 1136 quod
1947 1088 2148 1126 incalescat
2177 1091 2197 1111 ¹⁸⁸
2225 1102 2295 1139 per
2322 1098 2473 1127 motum

1401 1141 1586 1190 sphaerae
1629 1141 1824 1178 caelestis:
1859 1141 1948 1189 quia
1985 1142 2123 1178 scilicet
2161 1155 2206 1179 ex
2242 1143 2325 1192 ipso
2363 1150 2473 1180 motu

1401 1195 1587 1243 sphaerae
1616 1193 1785 1231 caelestis
1813 1202 1992 1231 movetur
2019 1207 2098 1232 non
2119 1197 2245 1233 solum
2269 1196 2375 1244 ignis,
2405 1195 2473 1234 sed

1403 1247 1517 1284 etiarn
1538 1259 1603 1284 aer
1622 1249 1759 1295 (usque
1780 1247 1918 1284 scilicet
1937 1248 1987 1285 ad
2006 1248 2120 1285 istum
2140 1261 2270 1286 aerem
2291 1249 2357 1298 qui
2376 1249 2471 1286 infra

1402 1307 1554 1337 montes
1569 1300 1807 1347 continetur),
1822 1308 1864 1337 ut
1879 1309 2036 1350 apparet
2051 1314 2096 1338 ex
2110 1310 2218 1339 motu
2234 1310 2473 1339 comatarum

1402 1354 1608 1401 stellarum,
1637 1361 1679 1390 ut
1706 1353 1839 1393 dicitur
1866 1353 1904 1391 in
1934 1356 1947 1391 I
1976 1355 2138 1392 Meteor.
2160 1356 2180 1376 *

1459 1408 1494 1444 8.
1533 1406 1682 1444 Deinde
1721 1419 1809 1444 cum
1848 1407 1956 1444 dicit:
1989 1409 2041 1444 Et
2073 1410 2146 1446 hac
2177 1410 2347 1447 maxime
2381 1417 2472 1455 etc.,

1403 1461 1608 1509 respondet
1635 1460 1769 1497 tacitae
1799 1460 2015 1498 obiectioni.
2047 1461 2087 1498 Si
2113 1462 2215 1500 enim
2234 1475 2304 1512 per
2323 1471 2473 1500 motum

1403 1514 1587 1563 sphaerae
1609 1513 1779 1550 caelestis
1798 1525 1864 1550 aer
1882 1514 2037 1551 inferior
2055 1514 2205 1563 ignitur,
2227 1528 2316 1552 cum
2337 1517 2471 1566 sphae-

1403 1579 1445 1604 ra
1473 1566 1643 1604 caelestis
1671 1567 1849 1603 continue
1868 1574 2084 1615 moveatur,
2103 1568 2256 1606 videtur
2279 1581 2361 1606 esse
2385 1581 2474 1606 con-

1403 1632 1570 1669 sequens
1589 1621 1693 1668 quod
1713 1631 1866 1668 semper
1886 1620 2024 1657 debeat
2038 1621 2058 1642 ²¹²
2079 1633 2161 1658 esse
2183 1622 2350 1670 aequalis
2371 1623 2473 1659 calor

1403 1673 1442 1710 in
1470 1685 1575 1721 aere,
1605 1673 1746 1710 scilicet
1773 1680 1914 1710 aestate
1949 1681 1984 1710 et
2012 1674 2155 1722 hieme,
2185 1682 2298 1712 nocte
2327 1683 2363 1712 et
2391 1675 2472 1722 die3

1403 1727 1510 1764 cuius
1539 1726 1771 1764 contrarium
1790 1726 1981 1763 videmus.
2002 1747 2027 1754 —
2049 1727 2127 1764 Sed
2146 1728 2195 1765 ad
2215 1729 2289 1765 hoc
2307 1728 2388 1778 ipse
2417 1740 2474 1765 re-

1403 1780 1568 1829 spondet
1595 1780 1702 1828 quod
1738 1779 1905 1816 maxime
1934 1791 1999 1816 aer
2017 1781 2037 1801 *
2064 1780 2201 1829 ignitur
2229 1794 2298 1830 per
2325 1789 2475 1819 motum

1402 1833 1500 1870 illius
1528 1834 1714 1882 sphaerae
1743 1833 1802 1870 cui
1831 1833 1888 1870 sol
1918 1840 1973 1870 est
2000 1833 2159 1880 infixus3
2186 1841 2222 1871 et
2246 1835 2332 1872 ideo
2362 1847 2474 1883 gene-

1404 1894 1506 1924 ratur
1526 1887 1629 1923 calor
1646 1894 1803 1936 propter
1823 1887 1844 1907 *²
1862 1886 2187 1935 propinquitatem
2208 1888 2298 1925 solis
2317 1888 2367 1925 ad
2390 1900 2473 1925 nos.

1403 1941 1452 1977 Et
1471 1941 1545 1977 hoc
1566 1939 1778 1989 dupliciter:
1798 1952 1877 1977 uno
1898 1940 2018 1977 modo
2039 1940 2251 1978 secundum
2276 1941 2383 1991 quod
2406 1953 2475 1990 per

1402 2006 1515 2030 suum
1536 2001 1663 2030 ortum
1684 1993 1854 2030 ascendit
1873 1993 1922 2030 ad
1950 2001 2125 2030 nostrum
2149 1994 2476 2043 hemisphaerium

1402 2046 1594 2096 superius;
1624 2046 1696 2083 alio
1717 2046 1837 2083 modo
1867 2046 2095 2095 inquantum
2120 2047 2267 2085 accedit
2295 2048 2343 2085 ad
2372 2059 2475 2084 sum-

1402 2101 1574 2137 mitatem
1595 2100 1761 2149 capitum
1779 2107 2017 2147 nostrorum;
2044 2100 2140 2137 sicut
2159 2100 2261 2137 enim
2281 2108 2337 2137 est
2355 2100 2478 2137 maior

1402 2154 1506 2191 calor
1533 2153 1572 2190 in
1601 2153 1662 2190 die
1681 2165 1799 2202 quam
1819 2153 1857 2190 in
1877 2161 2001 2201 nocte,
2031 2153 2082 2190 ita
2103 2153 2216 2191 etiam
2238 2161 2294 2191 est
2311 2154 2332 2175 *
2354 2153 2478 2190 maior

1402 2207 1506 2244 calor
1533 2205 1573 2243 in
1601 2206 1759 2243 meridie
1789 2218 1907 2254 quam
1935 2206 1974 2243 in
2001 2219 2128 2243 mane.

1455 2259 1599 2297 Ultimo
1619 2266 1748 2296 autem
1777 2259 1969 2296 concludit
1998 2260 2225 2308 epilogando
2249 2267 2395 2297 tantum
2424 2259 2477 2296 di-

1401 2320 1506 2350 ctum
1526 2324 1610 2349 esse
1629 2313 1677 2350 de
1697 2311 1822 2360 stellis,
1843 2313 1949 2362 quod
1969 2325 2094 2361 neque
2114 2313 2219 2362 ipsae
2239 2321 2325 2350 sunt
2343 2313 2476 2362 igneae

1401 2374 1570 2413 naturae,
1595 2377 1722 2414 neque
1746 2365 1860 2403 etiam
1893 2366 2063 2403 feruntur
2095 2366 2133 2403 in
2162 2379 2323 2416 corpore
2352 2366 2475 2414 igneo,

1403 2419 1470 2457 sed
1499 2431 1615 2468 supra
1634 2420 1836 2468 sphaeram
1861 2419 1956 2467 ignis
1975 2419 2014 2456 in
2042 2420 2215 2468 sphaeris
2236 2419 2471 2457 caelestibus.

1457 2485 1494 2521 9.
1511 2472 1580 2509 Est
1593 2479 1724 2509 autem
1739 2472 1800 2509 hic
1814 2472 1940 2521 primo
1957 2473 2134 2510 dubium:
2151 2485 2240 2510 curn
2256 2473 2477 2510 Aristoteles

1402 2532 1596 2575 proponat
1615 2526 1719 2574 quod
1739 2537 1784 2562 ex
1804 2533 1914 2563 motu
1941 2526 2132 2563 stellarum
2151 2534 2352 2574 generetur
2373 2526 2476 2563 calor

1405 2586 1441 2616 et
1470 2580 1613 2626 lumen,
1633 2578 1785 2616 videtur
1813 2579 2084 2616 insufficienter
2106 2579 2182 2616 hoc
2210 2579 2474 2627 manifestare,

1406 2644 1495 2669 curn
1530 2644 1610 2669 non
1638 2632 1854 2669 manifestet
1892 2632 1939 2670 de
1976 2632 2141 2680 lumine,
2178 2633 2246 2670 sed
2274 2633 2399 2670 solum
2429 2632 2477 2670 de

1406 2686 1545 2723 calore.

1460 2739 1510 2775 Et
1524 2738 1574 2775 ad
1592 2739 1668 2775 hoc
1686 2738 1893 2787 respondet
1906 2738 2123 2776 Alexander
2142 2738 2246 2788 quod
2262 2739 2353 2776 illud
2373 2738 2477 2788 quod

1406 2792 1569 2842 pertinet
1605 2791 1655 2829 ad
1691 2792 1842 2839 lumen,
1877 2800 2044 2830 reservat
2071 2793 2119 2830 ad
2149 2792 2478 2830 determinandum

1407 2846 1458 2883 ad
1494 2845 1634 2882 librum
1671 2845 1718 2882 de
1744 2846 1904 2892 Anima,
1942 2845 1981 2882 in
2009 2845 2114 2882 cuius
2143 2845 2313 2882 secundo
2344 2847 2364 2867 *
2393 2845 2514 2882 dicit

1408 2899 1513 2948 quod
1533 2900 1554 2920 *²
1572 2899 1704 2935 lumen
1723 2911 1802 2935 non
1822 2906 1878 2935 est
1895 2898 2093 2948 proprium
2117 2898 2223 2946 ignis,
2245 2898 2312 2935 sed
2332 2905 2387 2934 est
2414 2897 2476 2934 ali-

1409 2952 1501 3001 quid
1521 2963 1728 2989 commune
1749 2951 1817 2988 sibi
1838 2958 1874 2988 et
1892 2963 2073 3000 supremo
2089 2951 2283 2999 corpori.-
2296 2951 2372 2988 Sed
2388 2962 2476 2987 cum

1409 3005 1628 3042 Aristoteles
1655 3004 1717 3042 hic
1750 3005 1848 3041 dicat
1872 3005 1975 3054 quod
2003 3012 2206 3052 utrumque
2227 3015 2362 3040 eorum
2376 3004 2397 3024 ⁸²
2415 3015 2476 3050 ge-

1410 3066 1563 3096 neratur
1592 3070 1637 3094 ex
1666 3057 1888 3094 contritione
1917 3057 2034 3103 aeris,
2061 3056 2195 3093 melius
2224 3063 2280 3092 est
2306 3063 2348 3093 ut
2377 3055 2476 3093 dica-

1411 3124 1497 3149 mus
1535 3111 1641 3161 quod
1678 3118 1883 3159 utrumque
1911 3109 2130 3146 Aristoteles
2163 3109 2223 3146 hic
2251 3109 2476 3156 manifestat,

1410 3178 1480 3214 per
1507 3166 1582 3202 hoc
1601 3164 1707 3212 quod
1735 3163 1897 3200 ostendit
1917 3175 1962 3198 ex
1981 3169 2089 3199 motu
2113 3162 2305 3199 stellarum
2324 3162 2345 3183 *
2372 3161 2478 3210 igniri

2399 268 2470 316 157

1464 3296 1490 3328 ζ)
1509 3296 1627 3327 exempli
1644 3295 1681 3319 ad
1699 3293 1876 3326 propositum.
1895 3306 1914 3311 ·-
1933 3293 1990 3317 Hoc
2008 3292 2129 3317 omittunt
2148 3292 2264 3323 codices;
2289 3291 2321 3316 cf.
2335 3299 2407 3316 num.
2423 3299 2448 3324 7.
2460 3306 2479 3310 -

1412 3332 1475 3356 Post
1489 3331 1554 3356 duas
1568 3331 1649 3355 lineas
1664 3330 1705 3354 PB
1718 3329 1840 3354 omittunt
1853 3328 1958 3360 pr1'mo;
1972 3335 2021 3360 pro
2033 3330 2188 3360 generatur,
2202 3328 2226 3351 A
2237 3330 2416 3360 generantur-,-
2430 3335 2477 3360 pro

1410 3366 1613 3396 contritionem,
1631 3366 1655 3389 A
1674 3369 1794 3396 corrupte
1817 3363 2010 3389 concretionem
2031 3361 2117 3396 (idem
2136 3363 2159 3387 A
2178 3363 2244 3387 circa
2262 3361 2341 3387 finem
2359 3370 2431 3387 num.
2446 3370 2476 3395 9,

1411 3410 1459 3434 pro
1477 3400 1650 3430 contritione,
1670 3397 1861 3432 concretione);
1880 3406 1927 3431 pro
1945 3398 2177 3432 consricationem,
2196 3398 2383 3432 conflationem
2402 3398 2478 3423 codd.

1411 3444 1465 3462 exc.
1485 3436 1554 3460 AsE.

1464 3471 1492 3503 η)
1507 3473 1621 3502 propter
1639 3470 1688 3495 hoe
1705 3469 1808 3502 quod...
1825 3469 1943 3502 sagittae
1961 3469 2125 3502 calefiuntn-
2106 3469 2202 3498 ·-,1sta
2223 3475 2291 3501 quae
2309 3469 2385 3493 solita
2403 3475 2478 3493 occa—

1411 3508 1485 3532 sione
1502 3505 1672 3530 homoteleuti
1691 3505 1869 3529 desiderantur
1887 3505 1913 3528 in
1931 3504 1951 3528 P
1970 3509 1997 3529 et
2014 3504 2090 3529 codd.
2109 3511 2163 3529 exc.
2175 3504 2248 3533 AsE.
2267 3504 2428 3529 restituimus
2447 3511 2478 3528 ex

1410 3542 1450 3567 his
1465 3541 1568 3566 duobus
1583 3540 1666 3571 codd.;
1677 3545 1732 3564 tum
1747 3540 1807 3573 quia
1819 3540 1950 3565 continent
1963 3539 2152 3572 expositionem
2162 3522 2302 3564 verbo'rum
2316 3544 2400 3564 textus
2411 3546 2477 3571 pro-

1406 3580 1471 3609 pter
1485 3576 1510 3601 in
1525 3583 1620 3601 aere...
1627 3576 1664 3609 fit
1677 3575 1762 3608 ignis;
1780 3580 1836 3599 tum
1848 3575 1908 3608 quia
1919 3582 1995 3600 secus
2010 3574 2153 3600 differentia
2164 3575 2282 3607 exempli
2295 3574 2399 3600 inducti
2412 3582 2477 3599 non-

1411 3612 1461 3637 nisi
1479 3611 1634 3644 incomplete
1652 3610 1866 3636 manifestaretur.

2500 1094 2509 1103 ·
2524 1093 2629 1115 calescat
2642 1099 2662 1114 e.

2501 1357 2584 1406 8..<’;Ῑ“εἰ
2593 1363 2647 1406 ἶέἑῖ.
2655 1363 2713 1405 {⁸1²³

2502 1628 2512 1639 “
2527 1627 2594 1649 debet
2605 1633 2627 1649 Α.

2501 1783 2510 1791 ·
2519 1782 2587 1803 calor
2594 1787 2608 1802 P
2615 1785 2637 1803 et
2645 1781 2714 1803 codd.

2502 1808 2685 1836 exc-asoaigm't
2691 1815 2712 1830 Ρ.

2502 1888 2511 1897 ·
2524 1893 2570 1915 per
2585 1887 2653 1909 codd.

2503 2157 2514 2168 ’⁸
2529 2158 2565 2178 est
2579 2161 2626 2177 om.
2640 2162 2663 2177 Α.

2529 2844 2586 2871 Cap.
2601 2849 2643 2869 -ιι,
2659 2849 2716 2868 '1¹23

2504 2870 2530 2892 S.
2537 2850 2583 2892 Th.
2594 2870 2645 2891 le.ct
2655 2875 2694 2890 x1v

2504 2901 2593 2929 'quod
2606 2907 2654 2923 om.
2669 2907 2690 2922 P.

2503 3008 2512 3017 ·
2528 3012 2608 3028 eorum
2626 3012 2674 3027 om.
2681 3014 2703 3028 Α.

2505 3166 2514 3175 ·
2530 3165 2676 3193 superior-um
2695 3171 2717 3186 r.
