2690 4062
1042 267 1154 304 CAP.
1185 268 1254 315 lx,
1285 267 1437 304 LECT.
1467 268 1538 304 ΧΠ

192 350 320 388 partem
344 341 530 386 superficiei
558 342 592 375 in
616 342 820 387 profundum
849 352 882 376 et
906 343 946 377 ad
970 343 1054 377 latus
1083 356 1141 388 per
1164 356 1265 377 unam

193 396 226 421 et
242 385 382 420 eandem
398 387 660 430 percussionem,
677 388 762 420 sicut
778 398 838 428 aes,
856 387 940 421 idest
956 389 1082 432 species
1099 389 1265 433 simplices

193 430 419 472 metallorum,
444 439 482 463 ut
505 439 660 464 stannum
683 431 736 464 vel
759 431 951 476 plumbum,
976 444 1059 477 quae
1083 444 1142 477 per
1165 444 1265 466 unam

193 484 226 509 et
250 474 389 509 eandem
413 476 685 519 percussionem,
717 475 851 520 quando
879 477 1129 520 percutiuntur,
1161 477 1266 522 depri-

193 528 330 553 muntur
353 519 388 552 in
411 517 616 563 profundum
640 520 824 554 secundum
853 530 979 564 partem
1008 521 1210 565 superficiei,
1235 529 1267 554 et

194 564 294 598 etiam
326 563 549 597 extenduntur
579 564 763 598 secundum
796 563 915 598 latera:
947 565 999 598 vel
1032 567 1131 599 etiam
1162 566 1267 610 depri-

193 617 331 642 muntur
354 616 387 641 et
411 607 632 642 extenduntur
655 608 839 642 secundum
862 618 967 642 totam
991 610 1216 654 superficiem,
1240 611 1267 643 si

194 653 452 686 instrumentum
477 653 664 697 percutiens
689 654 731 686 sit
755 652 890 697 aequale
914 653 967 687 vel
990 656 1096 687 maius
1121 655 1191 698 ipsa
1215 666 1267 687 su-

194 696 337 742 perficie.
371 697 469 737 Quae
494 706 605 730 autem
633 708 703 730 non
726 706 869 741 possunt
896 697 935 731 de
961 699 1035 731 rimi
1064 707 1096 731 et
1120 698 1268 739 extendi,

194 743 281 776 sicut
299 741 426 775 dictum
449 750 514 782 est,
544 741 620 774 talia
643 753 713 775 non
744 750 822 775 sunt
845 741 933 775 ducti
949 743 996 783 ia,
1020 743 1105 775 sicut
1127 742 1209 786 lapis
1238 751 1270 776 et

194 785 334 831 lignum.
367 786 478 820 Causa
501 794 612 819 autem
643 797 744 830 quare
767 786 845 819 talia
868 786 989 820 cedunt
1016 788 1212 831 percutienti
1236 788 1270 820 in

194 829 402 876 profundum
417 839 450 863 et
465 830 506 864 ad
521 829 617 871 latus,
634 839 684 863 est
699 830 878 864 humiditas
898 830 980 864 bene
998 832 1176 865 commixta
1192 843 1269 864 cum

195 875 285 910 sicco
309 875 472 916 terrestri,
503 886 588 919 quae
617 874 770 908 calefacta
797 884 830 908 et
853 884 1022 909 commota
1050 888 1109 920 per
1136 887 1269 921 percus-

195 920 330 962 sionem*
356 918 434 953 facit
461 931 576 952 secum
607 918 708 953 fluere
741 919 923 964 aliqualiter
951 921 1077 954 siccum
1109 929 1268 954 terrestre.

195 965 332 1010 thuia
354 963 419 998 tale
442 963 620 997 humidum
643 973 694 998 est
716 963 811 998 valde
835 965 1049 998 constrictum
1073 974 1106 998 et
1132 977 1270 1010 propor-

195 1007 397 1043 tionabiliter
421 1009 641 1042 commixtum
665 1020 742 1042 cum
766 1009 866 1050 sicco,
889 1021 959 1043 non
982 1009 1106 1043 habens
1129 1022 1269 1054 magnos

194 1064 299 1100 poros
322 1053 543 1098 interceptos,
574 1052 650 1087 ideo
679 1052 756 1086 facit
783 1054 908 1087 siccum
939 1053 1041 1088 fluere
1070 1054 1110 1088 ad
1135 1066 1270 1088 omnem

239 1106 334 1132 rtem.
358 1098 408 1132 Ex
424 1109 492 1143 quo
509 1099 668 1143 sequitur,
686 1097 778 1143 quod
793 1097 931 1132 meliora
947 1107 1025 1132 sunt
1039 1098 1171 1132 metalla
1187 1111 1270 1144 quae

195 1109 365 1179 &leuatur
380 1141 559 1187 aequaliter
581 1142 620 1176 ab
645 1143 738 1176 omni
761 1151 868 1187 parte,
889 1155 989 1187 quam
1006 1154 1089 1187 quae
1106 1143 1271 1176 ducuntur

197 1198 238 1222 ex
252 1198 320 1222 una
335 1196 439 1232 parte,
456 1199 496 1220 ex
519 1187 582 1221 alia
601 1195 712 1221 autern
736 1196 871 1239 crepant
886 1187 939 1221 vel
954 1189 1066 1221 minus
1090 1187 1270 1229 ducuntur,

219 1231 647 1284 &finalibus-humidum
663 1240 714 1265 est
727 1231 847 1266 melius
863 1233 1064 1276 permixtum
1081 1243 1158 1265 cum
1171 1233 1269 1266 sicco.

195 1243 290 1313 aicit
312 1285 424 1318 autem
448 1275 540 1322 quod
563 1277 676 1310 omnia
699 1288 783 1321 quae
805 1285 883 1310 sunt
906 1276 1051 1317 ductilia,
1072 1285 1150 1309 sunt
1172 1277 1271 1310 etiam

199 1321 219 1363 ‘¹
244 1320 446 1367 gressibilia,
470 1320 529 1354 sed
549 1327 583 1354 ut
598 1327 640 1354 est
653 1321 746 1355 dicere
762 1321 802 1355 ad
816 1332 913 1362 omne,
938 1321 1024 1355 idest
1046 1321 1273 1355 universaliter

196 1331 388 1412 auendO,
415 1377 486 1399 non
515 1366 718 1399 convertitur
744 1366 999 1410 consequentia,
1030 1364 1122 1410 quod
1149 1365 1272 1399 scilicet

197 1419 301 1450 omne
328 1409 546 1455 impressibile
570 1411 613 1443 sit
636 1409 774 1444 ductile:
803 1411 881 1455 quia
903 1409 1033 1454 lignum
1063 1418 1113 1442 est
1137 1410 1272 1454 impres-

197 1453 304 1496 nihile,
327 1466 398 1488 non
420 1462 533 1488 tamen
553 1463 604 1488 est
622 1453 755 1488 ductile.
781 1454 939 1488 Similiter
962 1453 1152 1500 capibilium
1177 1466 1273 1499 quae-

198 1498 277 1536 dam
294 1508 374 1534 sunt
395 1498 530 1533 ductilia
553 1500 640 1533 sicut
663 1510 754 1540 cera,
778 1498 941 1543 quaedam
964 1510 1044 1532 vero
1069 1510 1160 1540 non,
1190 1500 1275 1532 sicut

198 1554 297 1590 aqua,
312 1555 397 1589 quae
415 1555 486 1578 non
501 1552 552 1577 est
567 1542 699 1578 ductilis
722 1552 859 1588 propter
881 1543 1020 1577 nimiam
1043 1542 1274 1577 humiditatem

199 1589 359 1624 continue
381 1588 551 1622 fluentem.

255 1635 288 1668 6.
311 1633 443 1668 Deinde
466 1644 545 1666 cum
568 1631 666 1666 dicit:
698 1631 776 1666 Sunt
798 1638 899 1666 autem
922 1638 949 1666 et
971 1632 1041 1666 hacc
1083 1632 1182 1666 uidem
1204 1633 1276 1666 scis-

165 1697 174 1705 ·
198 1676 391 1719 sibiliaetc„
407 1676 603 1711 determinat
623 1677 663 1711 de
680 1676 831 1710 scissibili
850 1685 883 1710 et
905 1644 1120 1711 detruncabili
1132 1679 1150 1698 *
1166 1677 1276 1718 simul,

201 1722 279 1769 quia
302 1721 418 1756 ambae
441 1730 519 1756 sunt
542 1722 670 1766 species
693 1721 876 1755 divisionis.
901 1722 943 1755 Et
966 1721 1045 1755 dicit
1059 1721 1150 1766 quod
1169 1722 1276 1755 scissi-

174 1789 175 1794 =
199 1765 279 1802 bilia
301 1775 380 1800 sunt
403 1766 472 1807 illa,
497 1777 581 1812 quae
609 1767 702 1811 prius
729 1765 922 1800 dividuntur
945 1778 1045 1811 quarn
1068 1778 1087 1799 a
1111 1765 1276 1800 dividente

200 1819 388 1856 nugantur,
404 1812 439 1845 in
454 1811 510 1845 illa
533 1810 658 1844 scilicet
681 1819 772 1856 parte
796 1810 980 1844 secundum
1005 1822 1104 1855 quam
1125 1810 1276 1844 dividun-

201 1864 273 1893 ωτι
304 1857 390 1903 sicut
413 1867 538 1890 asseres
561 1867 602 1889 ex
624 1855 741 1896 abiete,
765 1867 850 1900 quae
877 1854 1011 1900 quando
1036 1864 1216 1899 tanguntur
1240 1864 1277 1889 ut

202 1896 392 1937 dividantur
415 1901 450 1934 in
474 1900 634 1944 longum,
665 1900 862 1934 scinduntur
892 1901 1052 1933 remotius
1083 1912 1183 1944 quam
1206 1909 1277 1934 tan-

268 1954 322 1980 tur
345 1957 364 1979 a
387 1944 576 1986 dividente,
606 1945 652 1978 ita
703 1944 772 1979 uod
796 1945 915 1979 divisio
946 1944 1112 1989 praecedit
1142 1953 1277 1978 tactum.

203 2029 206 2032 ‚
241 2001 304 2025 uae
327 1998 439 2024 autern
462 2001 532 2023 non
551 1990 596 2023 ita
615 1989 682 2023 divi
707 1998 818 2030 untur,
842 2001 912 2023 non
935 1998 1014 2023 sunt
1036 1988 1217 2023 scissibilia.
1237 1990 1279 2023 Et

202 2045 246 2071 ex
265 2034 332 2070 hoc
355 2046 440 2080 quae
464 2043 543 2068 sunt
565 2034 679 2068 moHIa
701 2046 772 2068 non
795 2042 874 2067 sunt
896 2033 1085 2074 scissibilia,
1109 2035 1187 2079 quia
1210 2046 1279 2067 non

203 2080 252 2117 sic
272 2079 477 2115 dividuntur.
500 2079 621 2124 Neque
644 2079 744 2112 etiarn
768 2079 881 2112 omnia
900 2078 981 2112 dura
992 2082 1076 2112 'sunt
1098 2078 1279 2120 scissibilia,

362 3710 432 3742 Opp.
447 3710 479 3734 D.
498 3709 613 3734 Tnonmn
631 3708 663 3732 T.
689 3708 729 3732 111.
749 3708 893 3732 Appen-mx.

2242 282 2383 307 CXXXVII

1322 354 1358 378 ut
1383 357 1420 378 ea
1444 357 1527 390 quae
1553 353 1631 378 sunt
1660 344 1936 378 comminuibilia:
1967 345 2024 379 sed
2052 346 2220 380 scissibilia
2247 356 2324 380 sunt
2347 359 2385 381 ea

1322 401 1405 434 quae
1429 398 1506 422 sunt
1529 390 1629 429 sicca,
1653 401 1723 422 non
1746 390 1871 422 ratione
1918 401 1960 422 ua
1983 390 2084 431 sicca,
2108 390 2164 424 sed
2188 392 2384 436 inquantum

1321 433 1442 467 habent
1465 445 1566 478 poros
1591 433 1768 478 dispositos
1792 401 1976 466 secundum
1999 433 2249 478 longitudinem,
2269 435 2384 479 plenos

1322 490 1460 523 corpore
1484 477 1629 523 passibili
1653 486 1686 511 et
1709 477 1830 518 subtili,
1855 486 1887 511 et
1909 478 2046 518 adnatos,
2072 478 2154 511 idest
2179 481 2384 524 propinquos

1322 534 1426 555 unum
1451 522 1552 556 alteri.
1577 522 1723 556 Humida
1746 531 1857 555 autem
1880 521 1933 555 vel
1955 522 2068 555 mollia
2091 534 2159 555 non
2182 523 2384 565 scinduntur,

1344 568 1398 600 uia
1418 576 1527 600 carent
1571 568 1647 608 oris,
1667 567 1751 600 sicut
1770 578 1865 611 aqua,
1881 575 1973 611 pasta
1989 575 2021 599 et
2037 578 2119 607 cera,
2136 575 2168 600 et
2184 566 2383 602 huiusmodi.

1322 579 1551 645 {omminuibi
1566 612 1595 645 ia
1619 620 1729 644 autem
1752 623 1821 644 non
1845 610 2049 651 scinduntur,
2076 611 2151 655 quia
2174 622 2242 644 non
2266 612 2390 645 habent'

1323 667 1424 699 poros
1444 655 1622 700 dispositos
1646 654 1829 689 secundum
1852 654 2104 699 longitudinem,
2124 654 2182 688 sed
2205 656 2386 690 secundum

1324 711 1459 732 omnem
1491 709 1633 743 partem,
1665 700 1750 732 sicut
1772 701 1912 733 vitrum:
1936 699 2118 743 frangibilia
2148 708 2279 739 autem,
2333 701 2386 733 uia

1323 755 1393 776 non
1416 743 1536 777 habent
1551 756 1652 788 poros
1669 743 1804 778 adnatos
1829 755 1933 779 unum
1955 743 2056 777 alteri.
2081 743 2188 777 Multa
2203 745 2291 777 enim
2331 756 2387 778 ura

1324 799 1393 821 non
1417 787 1631 828 scinduntur,
1664 789 1740 833 quia
1769 789 1842 833 pori
1870 789 1904 821 in
1928 789 1974 822 eis
2002 799 2072 821 non
2099 797 2177 822 sunt
2223 787 2289 821 leni
2318 800 2387 822 cor-

1324 843 1405 876 pore
1429 831 1539 865 subtili
1563 841 1595 865 et
1618 832 1773 876 passibili,
1797 832 1854 867 sed
1878 832 1961 866 duro
1978 841 2010 866 et
2026 799 2227 877 impassibili).

1381 876 1624 910 Detruncabilia
1651 886 1760 910 autem
1783 886 1877 918 sunt,
1907 889 1990 928 quae
2019 876 2152 921 quando
2180 876 2388 918 dividuntur,

1324 932 1432 972 neque
1451 920 1570 972 divisio
1587 921 1750 964 praecedit
1765 930 1900 963 tactum,
1915 930 2000 954 sicut
2015 922 2050 954 in
2065 922 2223 956 scissione
2238 920 2264 962 ³¹,
2280 933 2387 998 neque
2415 928 2426 939 “

2350 977 2388 998 u-

1325 974 1424 999 enam
1450 974 1729 1000 comminuuntur.
1755 966 1796 999 Et
1816 965 1891 999 talia
1907 965 1922 982 *
1938 974 2014 999 sunt
2037 966 2120 1010 quae
2137 977 2206 999 non
2229 974 2306 1000 sunt

1325 1010 1413 1043 mida
1438 1011 1578 1043 carentia
1603 1011 1710 1054 poriS,
1738 1010 1795 1043 sed
1815 1011 1918 1053 magis
1942 1009 2062 1043 habent
2085 1021 2186 1054 poros
2210 1009 2388 1054 dispositos

1325 1054 1509 1088 secundum
1532 1054 1754 1095 latitudinem;
1778 1063 1810 1087 et
1827 1055 1902 1098 quia
1926 1054 2034 1099 aliqua
2053 1053 2174 1088 habent
2188 1054 2311 1089 multos
2331 1065 2389 1098 po—

1325 1110 1380 1132 ros
1405 1099 1454 1132 dis
1480 1100 1583 1132 ositos
1615 1098 1797 1132 secundum
1826 1107 1998 1144 utramque
2029 1107 2177 1142 partem,
2208 1097 2284 1132 ideo
2312 1107 2390 1132 sunt

1325 1143 1451 1177 scissibi
1465 1144 1495 1176 ia
1518 1152 1551 1177 et
1574 1142 1816 1177 detruncabilia.

1382 1188 1424 1221 Et
1448 1189 1524 1232 quia
1547 1188 1716 1221 viscositas
1745 1186 1882 1231 impedit
1908 1187 2100 1221 scissionem
2128 1186 2254 1220 ratione
2282 1186 2389 1220 humi-

1327 1231 1446 1272 ditatis,
1463 1232 1538 1266 ideo
1555 1241 1592 1265 ut
1607 1233 1727 1266 sciatur
1750 1231 1920 1276 quomodo
1944 1231 1981 1265 fir
2003 1231 2181 1271 viscosum,
2206 1230 2284 1264 dicit
2299 1231 2390 1276 quod

1326 1277 1505 1318 viscosum,
1529 1276 1620 1321 quod
1642 1288 1711 1309 non
1735 1275 1892 1319 frangitur
1917 1275 1974 1310 sed
1995 1284 2045 1309 est
2065 1273 2224 1315 trahibile,
2240 1275 2324 1308 sicut
2343 1275 2390 1309 di-

1328 1330 1418 1354 ctum
1441 1330 1490 1354 est
1513 1321 1675 1365 superius,
1700 1329 1748 1354 est
1771 1320 1946 1354 humidum
1970 1329 2003 1352 et
2025 1318 2135 1353 molle.
2161 1318 2257 1352 Talia
2281 1328 2390 1352 autem

1327 1365 1411 1405 fiunt
1422 1366 1551 1399 viscosa
1567 1374 1702 1410 propter
1718 1364 2022 1398 concatenationem
2038 1364 2180 1407 partium
2196 1363 2389 1397 adinvicem.

1329 1407 1427 1450 Quae
1459 1409 1626 1454 colligatio
1650 1418 1706 1442 aut
1728 1409 1765 1442 fit
1788 1421 1806 1442 a
1830 1408 1934 1442 calido
1958 1416 2128 1447 movente,
2153 1407 2243 1451 quod
2266 1407 2391 1441 fortiter

1329 1455 1402 1487 unit
1418 1454 1543 1487 siccum
1561 1466 1636 1488 cum
1653 1453 1791 1486 humido
1815 1453 2000 1492 terminato,
2020 1452 2104 1485 sicut
2119 1453 2152 1484 in
2170 1451 2244 1485 oleo
2261 1461 2293 1485 et
2308 1453 2390 1496 pice,

1330 1507 1387 1532 aut
1401 1497 1438 1532 fit
1452 1510 1470 1532 a
1486 1498 1616 1542 frigido,
1636 1497 1726 1542 quod
1744 1497 1870 1531 fortiter
1886 1506 1918 1530 et
1938 1495 2190 1540 inseparabiliter
2205 1497 2392 1540 comprimit

1329 1542 1505 1577 humidum
1529 1555 1606 1576 cum
1634 1543 1732 1575 sicco.
1751 1561 1769 1567 -
1787 1542 1868 1575 Non
1891 1540 2083 1575 determinat
2111 1549 2220 1573 autem
2249 1540 2288 1573 de
2312 1540 2392 1574 divi-

1330 1588 1424 1622 sione
1448 1587 1650 1631 simpliciter,
1669 1598 1752 1631 quae
1772 1595 1821 1619 est
1839 1597 1944 1629 genus
1968 1584 2098 1618 talium:
2124 1586 2199 1629 quia
2223 1583 2340 1618 divisio
2356 1593 2393 1618 ut

1330 1633 1378 1666 sic
1401 1631 1518 1666 accidit
1570 1632 1657 1665 otius
1686 1631 1811 1664 ratione
1835 1631 1986 1663 materiae
2010 1637 2042 1662 et
2065 1629 2269 1673 quantitatis,
2294 1640 2394 1673 quarn

1331 1677 1457 1710 ratione
1482 1688 1546 1721 qua
1561 1677 1676 1709 itatum
1724 1676 1913 1708 assivarum.

1387 1732 1418 1764 7.
1442 1721 1571 1756 Deinde
1595 1732 1671 1754 curn
1718 1720 1788 1753 icit:
1817 1717 2068 1753 commassabilia
2083 1724 2182 1751 autem
2197 1727 2268 1758 etc„
2292 1717 2395 1750 deter-

1331 1767 1436 1799 minat
1459 1765 1498 1799 de
1523 1763 1835 1799 commassabilibus.
1861 1764 1902 1797 Et
1925 1763 2002 1796 dicit
2023 1761 2112 1806 quod
2136 1761 2396 1795 commassabilia

1331 1811 1400 1844 sive
1424 1809 1619 1844 infiltrabilia
1647 1818 1724 1842 sunt
1748 1821 1806 1849 ea,
1831 1820 1914 1853 quae
1943 1815 2019 1840 sunt
2047 1805 2217 1850 capibilia,
2246 1806 2303 1839 sed
2327 1817 2396 1838 non

1331 1855 1453 1888 habent
1475 1866 1510 1889 ca
1531 1862 1634 1889 turam
1656 1854 1847 1893 musivum,
1876 1852 1960 1886 idest
1986 1862 2055 1884 non
2077 1851 2217 1884 retinent
2239 1850 2260 1883 fi
2308 1861 2395 1891 ram,

1332 1911 1433 1944 quam
1463 1899 1506 1933 ha
1529 1908 1585 1932 ent
1616 1898 1749 1943 quando
1775 1898 1966 1942 capiuntur;
1995 1894 2086 1940 quod
2115 1896 2203 1928 enim
2233 1862 2308 1928 taffi
2333 1895 2398 1927 sint

1334 1943 1495 1989 capibilia,
1515 1944 1670 1977 convenit
1693 1943 1739 1976 eis
1758 1943 1884 1975 ratione
1933 1951 2068 1974 ororum
2091 1939 2347 1983 interceptorum
2364 1939 2398 1971 in

1334 1988 1480 2034 partibus
1505 1989 1592 2022 eius:
1618 1987 1709 2032 quod
1733 1995 1843 2020 autem
1866 1997 1900 2019 re
1925 1983 2059 2034 eanttad
2078 1984 2218 2034 primam
2240 1983 2398 2026 figuram,

1334 2033 1491 2067 convenit
1513 2034 1559 2066 eis
1583 2033 1709 2066 ratione
1734 2032 1811 2065 sicci
1842 2029 2130 2074 praedommanus.
2163 2029 2399 2061 Incommassa-

1334 2078 1411 2112 bilia
1434 2087 1546 2112 autem
1569 2076 1723 2111 dicuntur
1746 2084 1880 2120 propter
1904 2083 2017 2108 causas
2041 2073 2222 2117 oppositas.

2176 3688 2230 3713 18*

2442 928 2557 950 incisione
2571 935 2595 950 ι’.

2416 974 2424 983 ·
2439 972 2491 994 alia
2505 979 2526 994 P.
