2782 4134
105 441 115 449 '¹
129 438 199 460 Num.
215 444 237 463 4.

103 865 114 875 ⁵
124 863 161 886 Cf.
170 864 221 885 lect.
228 869 312 891 praec„

103 894 153 912 not.
168 896 191 917 γ.

105 923 112 931 ·
127 921 194 942 huius
209 927 231 941 Ρ.

101 947 192 968 '⁸1bid.
208 953 230 968 n.
246 953 266 973 ς.

104 1556 113 1564 '
128 1554 192 1575 aliae
205 1559 252 1574 om.
268 1559 289 1574 ῡ.
302 1564 312 1568 -

103 1582 232 1608 sequuntur
244 1586 263 1601 ι’.

103 1661 112 1669 ·
128 1665 143 1680 α
158 1665 205 1680 om.
219 1665 240 1680 P.

103 2568 115 2576 ⁸
123 2567 213 2595 plerum
232 2573 260 2588 ue
268 2573 316 2589 om.

104 2600 117 2615 Ρ
133 2597 155 2614 et
163 2593 206 2615 cod
226 2610 231 2615 .
240 2600 316 2615 exea.

105 2626 167 2647 -per
180 2627 201 2641 Α.

344 311 420 346 204

343 378 549 415 obviabant
570 376 776 413 rationibus
796 376 834 413 in
859 376 1091 413 contrarium
1106 383 1123 397 α
1145 375 1318 422 inductis,
1340 375 1408 411 ibi:

347 431 532 474 Quoniam
553 430 651 466 enim
673 441 745 466 non
767 435 822 465 est
839 435 939 466 terra
956 430 976 450 '⁴‘
999 437 1066 466 etc.

397 496 431 521 2.
461 483 560 520 Dicit
588 495 675 530 ergo
705 482 830 530 primo
859 482 984 530 quod,
1020 481 1114 518 sicut
1144 481 1190 517 de
1219 481 1305 516 loco
1339 488 1410 516 ter-

342 549 405 574 rae
434 535 691 574 diversimode
719 536 925 583 loquuntur
952 534 1191 584 philosophi,
1220 533 1271 570 ita
1297 533 1411 576 etiam

343 591 389 627 de
409 597 516 626 motu
543 597 578 625 et
601 589 724 637 quiete
751 588 879 636 ipsius.
912 588 989 624 Sed
1018 587 1251 636 quicumque
1282 586 1411 623 dicunt

342 643 463 692 ipsam
493 655 571 679 non
601 654 681 678 esse
709 641 873 689 positam
911 641 949 677 in
976 640 1105 677 medio
1134 639 1288 687 mundi,
1316 640 1411 677 sicut

342 696 597 744 Pythagorici,
619 695 824 731 attribuunt
843 694 876 730 ei
896 701 1046 730 motum
1077 693 1309 741 circularem,
1331 706 1409 742 quo

342 757 520 785 movetur
549 748 645 784 circa
674 748 857 785 medium.
888 748 972 784 Nec
1002 746 1131 783 dicunt
1159 747 1259 783 hanc
1287 749 1409 784 solam

341 810 479 839 terram
505 801 651 838 moveri
679 801 717 838 in
746 813 820 849 qua
848 813 919 837 nos
947 800 1176 847 habitamus,
1198 800 1266 837 sed
1295 801 1409 837 etiam

343 856 535 904 quandam
560 854 683 901 aliam,
705 866 821 902 quam
846 861 988 891 vocant
1011 853 1252 890 antichthona
1266 854 1297 900 ’ἦ
1315 854 1411 891 idest

343 907 636 956 contrapositam
656 907 745 944 huic
761 907 780 928 ’³‘
796 914 929 954 terrae,
953 906 1048 943 sicut
1074 919 1188 955 supra
1205 908 1247 928 *ss
1265 907 1407 944 dictum

343 969 408 998 est.
426 962 474 997 Et
492 961 566 997 hoc
584 961 779 1009 ponebant
793 968 950 1009 propter
967 960 1240 1009 perfectionem
1266 960 1410 997 denarii

342 1013 507 1060 numeri3
528 1021 568 1050 ut
588 1026 674 1049 cum
696 1014 768 1050 sint
796 1010 891 1050 octo'
913 1026 1074 1062 corpora
1099 1014 1272 1050 caelestia
1293 1013 1410 1050 circu-

341 1067 464 1104 lariter
479 1074 594 1113 mota,
611 1066 749 1103 scilicet
774 1067 935 1116 sphaera
964 1067 1154 1103 stellarum
1181 1067 1344 1103 fixarum
1375 1074 1411 1103 et

343 1128 488 1168 septem
517 1121 705 1168 planetae,
737 1120 937 1169 impleatur
963 1119 981 1148 β
1010 1120 1186 1157 denarius
1214 1132 1408 1167 numerus,

341 1173 472 1222 positis
502 1173 648 1210 duabus
677 1173 782 1210 terris
812 1173 1039 1210 circulariter
1059 1173 1183 1210 motis.

396 1226 563 1273 Quidam
593 1234 720 1263 autem
750 1226 1090 1275 Pythagoricorum
1120 1234 1217 1273 sunt,
1239 1226 1303 1275 qui
1331 1239 1410 1263 non

343 1281 466 1316 solum
484 1288 633 1328 ponunt
661 1280 766 1328 quod
786 1280 857 1316 sint
875 1285 889 1307 ⁷
910 1280 1008 1317 duae
1037 1288 1159 1317 terrae
1184 1280 1411 1317 circulariter

342 1340 488 1379 motae,
520 1333 588 1370 sed
625 1333 729 1382 quod
758 1333 831 1370 sint
858 1334 967 1382 plura
996 1334 1067 1370 alia
1097 1345 1259 1383 corpora
1287 1341 1410 1370 terrea

342 1387 439 1423 circa
476 1386 648 1423 medium
683 1394 800 1423 mota.
838 1387 949 1433 Quae
983 1386 1140 1435 quidem
1178 1394 1264 1424 sunt
1301 1387 1411 1424 nobis

341 1439 595 1476 immanifesta
619 1447 775 1488 propter
802 1441 893 1487 hoe,
915 1440 1021 1489 quod
1039 1441 1134 1477 haec
1153 1448 1252 1477 terra
1277 1440 1315 1477 in
1335 1453 1411 1488 qua

342 1492 574 1541 habitamus,
610 1493 879 1542 superponitur
911 1493 1011 1540 aliis,
1047 1493 1097 1530 ita
1134 1493 1274 1530 scilicet
1306 1494 1410 1542 quod

342 1545 469 1582 aliae*
488 1554 693 1595 sequantur
721 1554 870 1583 motum
898 1546 1035 1595 ipsius:
1067 1553 1102 1583 et
1130 1546 1218 1584 ideo
1247 1547 1412 1596 interpo-

342 1598 426 1636 sitio
446 1599 558 1636 huius
586 1607 704 1636 terrae
734 1599 831 1636 inter
862 1599 967 1636 visus
996 1607 1146 1637 nostros
1171 1607 1206 1636 et
1235 1600 1326 1648 illas,
1349 1612 1411 1636 oc-

343 1653 455 1688 cultat
485 1665 548 1689 eas
577 1665 598 1689 a
626 1653 645 1673 ³2
674 1652 795 1689 nobis.

398 1706 432 1742 3.
453 1705 602 1743 Deinde
623 1718 711 1742 cum
733 1705 835 1743 dicit:
855 1707 1015 1754 Propter
1029 1706 1130 1754 quod
1143 1712 1179 1742 et
1195 1706 1308 1743 lunae
1328 1714 1409 1754 etc.,

342 1758 485 1795 inducit
505 1759 585 1795 eius
614 1759 719 1807 quod
738 1759 871 1795 ultimo
892 1759 1034 1796 dictum
1054 1766 1109 1795 est
1129 1759 1409 1807 probationem,

343 1813 554 1848 secundum
585 1824 661 1848 eos.
684 1812 929 1849 Manifestum
951 1820 1006 1849 est
1035 1812 1135 1849 enim
1170 1812 1287 1861 quod,
1317 1812 1412 1849 sicut

344 1865 490 1914 eclipsis
511 1865 598 1902 solis
620 1865 799 1913 contingit
826 1873 983 1914 propter
1010 1865 1336 1914 interpositionem
1355 1866 1410 1902 lu-

343 1930 416 1955 nae
435 1918 531 1955 inter
550 1931 620 1955 nos
641 1926 677 1955 et
696 1919 829 1965 solem,
851 1919 902 1955 ita
922 1918 1069 1967 eclipsis
1093 1919 1206 1955 lunae
1232 1918 1411 1966 contingit

343 1979 499 2020 propter
526 1971 852 2020 interpositionem
880 1979 1000 2009 terrae
1020 1972 1116 2008 inter
1144 1972 1264 2008 solem
1295 1980 1331 2009 et
1356 1972 1409 2008 lu-

344 2037 447 2061 nam.
465 2024 609 2061 Pluries
625 2032 752 2062 autem
769 2025 968 2074 eclipsatur
983 2026 1073 2062 luna
1084 2037 1199 2073 quam
1211 2025 1279 2062 sol.
1293 2026 1410 2072 Quod

344 2077 501 2126 quidem
522 2078 698 2115 dicebant
717 2078 887 2115 accidere
915 2085 1071 2127 propter
1097 2078 1183 2126 hoe,
1209 2079 1314 2127 quod
1333 2091 1410 2116 una

345 2131 424 2167 sola
444 2131 532 2167 luna
553 2139 608 2168 est
626 2144 723 2180 quae
745 2131 898 2180 eclipsat
918 2132 1051 2179 solem,
1077 2131 1295 2180 interposita
1315 2131 1411 2169 inter

346 2196 417 2220 nos
447 2191 483 2220 et
511 2184 653 2232 ipsum;
679 2186 808 2221 lunam
838 2192 964 2222 autem
994 2197 1071 2222 non
1100 2185 1226 2222 solum
1256 2184 1410 2234 eclipsat

344 2235 413 2273 ista
432 2244 529 2273 terra
548 2237 586 2274 in
607 2250 682 2286 qua
702 2251 772 2274 nos
791 2238 1019 2285 habitamus,
1041 2237 1108 2274 sed
1127 2238 1254 2286 plures
1275 2237 1379 2275 aliae.

399 2290 476 2327 Sed
495 2291 589 2327 haec
609 2291 702 2327 ratio
723 2303 857 2328 eorum
878 2291 980 2328 nulla
1000 2299 1076 2328 est:
1102 2291 1190 2339 quia
1210 2303 1407 2340 nunquam

344 2342 532 2380 invenitur
560 2344 648 2381 luna
678 2344 865 2393 eclipsari,
896 2344 966 2381 nisi
985 2357 1054 2392 per
1082 2344 1407 2393 interpositionem

344 2395 456 2446 huius
480 2405 600 2434 terrae
620 2397 716 2434 inter
735 2398 865 2434 lunam
887 2405 921 2434 et
941 2398 1073 2444 solem,
1095 2398 1250 2445 quando
1271 2398 1410 2435 scilicet

344 2450 433 2486 luna
449 2450 631 2487 subintrat
649 2452 827 2487 umbram
842 2450 953 2487 huius
968 2458 1101 2487 terrae.
1118 2451 1266 2488 Accidit
1281 2458 1409 2487 autem

344 2502 484 2551 pluries
505 2503 674 2552 eclipsari
693 2505 823 2541 lunam
844 2516 960 2553 quam
981 2504 1114 2550 solem,
1144 2503 1234 2552 quia
1262 2503 1410 2552 eclipsis

346 2555 435 2592 solis
463 2556 667 2604 impeditur
694 2557 920 2605 plerumque
939 2557 959 2578 '¹‘
978 2564 1134 2606 propter
1154 2556 1410 2593 diversitatem

347 2616 532 2657 aspectus.

399 2673 436 2708 4.
458 2661 605 2699 Deinde
636 2675 724 2699 cum
760 2661 862 2698 dicit:
897 2662 1085 2703 Quoniam
1115 2662 1213 2699 enim
1252 2675 1326 2699 non
1360 2668 1414 2699 est

347 2720 448 2751 terra
470 2722 551 2762 etc.,
573 2715 736 2752 ostendit
756 2715 954 2763 quomodo
976 2715 1184 2752 obviabant
1204 2715 1411 2752 rationibus

350 2775 480 2804 contra
499 2780 538 2805 se
558 2768 729 2805 inductis.
753 2769 927 2815 Quarum
946 2776 1076 2805 tamen
1095 2768 1300 2817 praecipua
1321 2776 1376 2805 est
1400 2766 1413 2790 ὅ

349 2821 464 2870 quod,
481 2821 551 2858 nisi
567 2829 664 2858 terra
680 2829 777 2858 esset
795 2821 834 2858 in
848 2821 976 2858 medio
992 2822 1138 2870 mundi,
1154 2822 1325 2870 horizon,
1347 2821 1412 2870 qui

402 2978 428 3010 α)
448 2978 474 3002 in
494 2978 697 3003 contrarium.-
710 2981 805 3003 contra
823 2985 851 3003 se
868 2978 900 3008 A,
920 2978 945 3003 in
967 2979 1095 3011 (spatium
1115 2978 1220 3011 album)
1239 2978 1274 3008 F.
1293 2979 1415 3003 omittunt

348 3014 460 3038 ceteri.-
474 3013 595 3045 Sequenti
615 3021 733 3044 numero,
752 3013 785 3037 ibi
805 3013 843 3038 ita
862 3014 941 3038 etiam
962 3014 994 3039 de
1010 3018 1091 3045 motu,
1111 3014 1149 3039 ita
1163 3017 1189 3039 et
1202 3015 1234 3039 de
1249 3017 1321 3039 motu
1336 3014 1363 3043 F,
1378 3014 1415 3038 ita

348 3049 427 3073 etiam
447 3051 472 3073 et
491 3049 523 3073 de
543 3051 614 3073 motu
635 3049 654 3072 Ρ
673 3054 698 3073 et
717 3049 818 3073 codices
837 3049 949 3082 exceptis
969 3050 1062 3074 ABL-
1076 3050 1173 3075 Eadem
1193 3050 1261 3074 linea
1279 3055 1339 3083 post
1359 3049 1415 3082 qui-

347 3091 458 3116 cumque
477 3085 498 3108 A
519 3085 576 3109 add.
591 3084 705 3116 quidem.

403 3118 427 3151 β)
444 3122 473 3144 ut
485 3127 545 3144 cum
559 3119 645 3144 sint...
660 3119 841 3151 impletarum-
855 3120 890 3145 lta
903 3120 976 3146 AsG.
991 3120 1041 3145 Pro
1060 3124 1089 3146 ut
1102 3128 1161 3146 cum
1176 3121 1238 3150 sint,
1249 3124 1278 3146 ut
1291 3121 1345 3146 sint
1354 3120 1416 3153 PpG

349 3159 374 3179 et
393 3155 433 3179 ed.
452 3154 527 3184 1516,
548 3158 637 3179 utrum
661 3155 715 3179 sint
732 3155 864 3188 BCDFpI,
885 3159 915 3180 ut
934 3164 984 3181 non
1004 3156 1059 3181 sint
1078 3157 1117 3186 sl.
1138 3164 1197 3182 cum
1219 3157 1289 3182 enim
1309 3156 1363 3181 sint
1382 3156 1417 3187 E;

349 3195 408 3214 ante
427 3190 569 3222 impleatur
588 3190 646 3222 (pro
666 3198 718 3222 quo
738 3190 900 3222 impleantur
919 3191 959 3224 pl)
981 3192 1078 3216 addunt
1097 3195 1123 3217 et
1141 3192 1179 3217 sic
1194 3192 1257 3224 PpG
1271 3197 1297 3217 et
1312 3192 1352 3216 ed.
1367 3191 1416 3221 cit„

351 3228 379 3249 ut
398 3225 442 3255 sD,
457 3226 504 3250 sed
518 3226 550 3249 sl.
566 3225 621 3250 Lin.
633 3239 652 3244 -
671 3233 726 3258 seq.
740 3226 783 3250 AB
803 3233 973 3259 corrumpunt
992 3227 1071 3252 terris
1089 3227 1114 3252 in
1127 3227 1257 3252 terminis.

403 3260 430 3293 γ)
452 3260 600 3290 Quidam...
611 3264 718 3292 ponunt
736 3261 807 3293 quod
825 3262 886 3286 sint.
900 3275 918 3281 —-
935 3262 1099 3293 Quibusdam
1118 3266 1207 3288 autem
1221 3262 1418 3297 Pythagorico-

351 3302 410 3319 rum
430 3295 536 3320 videtur
553 3297 624 3328 quod
643 3303 693 3320 non
713 3297 797 3321 solum
816 3297 870 3322 sint
885 3298 906 3321 Α
927 3296 972 3331 (cf.
988 3297 1075 3332 text.);
1095 3299 1188 3331 quibus
1207 3302 1295 3324 autem
1317 3301 1419 3330 putant

352 3330 422 3361 quod
437 3338 487 3355 non
507 3331 590 3355 solum
607 3335 713 3362 ponunt
730 3332 800 3364 quod
815 3333 869 3357 sint
882 3333 916 3364 C;
933 3341 980 3365 pro
993 3334 1111 3366 quidam,
1127 3333 1284 3366 quibusdam
1300 3334 1346 3364 sG,
1361 3333 1419 3366 qui-

351 3365 398 3389 bus
413 3370 460 3389 cet.
475 3374 527 3390 exc.
542 3367 578 3395 s13
592 3374 638 3398 pro
652 3370 748 3396 autem,
764 3367 843 3392 etiam
858 3369 900 3399 B1;
915 3377 1007 3394 omnes
1021 3377 1074 3394 om.
1089 3372 1159 3398 sunt,
1174 3377 1222 3402 pro
1237 3377 1289 3402 quo
1304 3369 1416 3402 spatium

353 3400 488 3440 F;·s01um
504 3409 555 3425 om.
567 3402 600 3432 F;
622 3402 667 3433 qui
685 3410 736 3426 om.
758 3403 789 3427 sl.
802 3416 821 3421 -
836 3404 892 3428 Lin.
913 3412 968 3436 seq.
989 3413 1035 3437 pro
1055 3405 1125 3437 quod
1143 3405 1211 3435 sint,
1228 3405 1299 3437 quod
1312 3408 1375 3430 sunt
1389 3405 1416 3433 P.

352 3442 415 3467 quia
433 3439 495 3460 sunt
513 3442 559 3460 cet.
579 3444 631 3460 exc.
647 3438 681 3467 Α;
701 3437 744 3469 qui
765 3439 850 3462 statim
868 3439 961 3463 omittit
979 3440 1042 3464 alia.

406 3468 430 3501 δ)
450 3478 561 3502 quarum
581 3474 667 3496 tamen
689 3473 835 3504 praecipua
855 3477 901 3498 est.
915 3488 934 3492 —
948 3482 1059 3506 quorum
1087 3478 1175 3501 tamen
1196 3475 1360 3508 principium
1379 3479 1419 3501 est

353 3504 487 3534 BCEFGI,
508 3513 617 3537 quorum
640 3507 813 3539 praecipuum
834 3512 872 3533 est
886 3510 916 3537 Α,
931 3517 1043 3542 quorum
1064 3514 1151 3536 tamen
1167 3511 1316 3543 praecipua
1334 3514 1374 3536 est
1387 3512 1417 3536 D.

407 3540 428 3572 ε)
453 3540 527 3565 Unde
542 3541 654 3566 circulus
668 3546 788 3567 noster...
804 3543 829 3567 in
843 3547 942 3569 centro.
957 3559 975 3563 -
991 3545 1024 3570 lta
1039 3546 1070 3570 Α.
1095 3546 1168 3571 Unde
1182 3547 1297 3572 circulus
1311 3546 1418 3572 videtur

354 3575 400 3607 qui
418 3578 456 3599 est
476 3576 501 3600 in
521 3576 657 3608 superficie
676 3580 764 3602 terrae
777 3585 793 3602 a
808 3582 912 3603 centro:
927 3583 1014 3605 tamen
1030 3581 1078 3606 hoc
1093 3589 1145 3606 non
1161 3582 1272 3613 impedit
1285 3582 1348 3614 quin
1363 3582 1418 3607 alia

354 3610 478 3635 accidant
497 3611 573 3635 nobis
588 3618 726 3643 apparere,
739 3613 807 3638 sicut
825 3614 848 3638 si
868 3614 938 3639 visus
958 3619 1047 3639 noster
1061 3620 1128 3641 esset
1143 3617 1168 3641 in
1184 3620 1277 3642 centro
1292 3618 1324 3646 P;
1343 3618 1418 3643 Unde

354 3645 468 3670 circulus
487 3649 577 3670 noster
601 3647 645 3677 qui
663 3647 742 3672 estin
762 3649 899 3681 superficie
918 3652 1006 3674 terrae
1024 3657 1041 3674 a
1060 3654 1167 3676 centro:
1191 3655 1277 3677 tamen
1298 3653 1345 3677 hoc
1365 3660 1416 3677 non

1041 298 1112 334 DE
1143 297 1318 334 CAELO
1349 297 1419 333 ET
1449 296 1645 332 MUNDO
1677 296 1770 333 LIB.
1802 298 1834 333 II

1467 383 1521 411 est
1550 375 1770 423 superficies
1789 376 1974 413 transiens
2002 388 2071 424 per
2093 375 2220 411 visum
2248 382 2433 422 nostrum,
2459 388 2538 413 non

1466 436 1610 464 secaret
1639 441 1791 477 semper
1815 430 2018 478 sphaeram
2038 436 2157 465 totam
2188 435 2223 464 et
2251 428 2439 465 maximos
2469 429 2537 465 cir-

1467 482 1571 518 culos
1593 481 1673 518 eius
1693 481 1730 518 in
1752 482 1828 518 duo
1845 482 1973 519 media
1992 483 2023 529 a,
2041 482 2090 518 ita
2110 482 2250 518 scilicet
2264 481 2369 530 quod
2385 494 2538 531 semper

1466 542 1694 583 apparerent
1714 536 1733 556 ²²·
1763 535 1874 572 nobis
1894 548 1959 572 sex
1979 535 2085 583 signa
2106 547 2221 584 super
2239 543 2395 582 terram,
2418 542 2454 571 et
2473 547 2538 572 sex

1466 587 1571 635 signa
1600 589 1670 624 sub
1700 596 1808 625 terra.
1830 610 1854 616 -
1877 589 1954 625 Sed
1983 589 2031 626 ad
2059 589 2134 625 hoc
2154 587 2224 637 ipsi
2254 588 2539 636 respondebant

1465 641 1571 689 quod
1601 648 1679 678 tota
1706 649 1805 678 terra
1834 654 1912 678 non
1942 650 1997 678 est
2025 649 2215 678 centrum:
2246 641 2335 690 quia
2366 649 2537 678 centrum

1466 702 1521 731 est
1550 694 1775 731 indivisibile
1797 702 1833 731 et
1859 696 2075 743 punctuale,
2097 702 2196 732 terra
2216 702 2345 731 autem
2376 702 2432 731 est
2456 707 2538 731 cor-

1464 760 1537 796 pus
1561 747 1862 796 magnitudinem
1886 749 2043 786 habens.
2075 748 2185 786 Unde
2208 748 2367 784 circulus
2396 755 2536 795 noster,

1465 801 1529 849 qui
1559 809 1614 837 est
1633 801 1671 838 in
1699 801 1900 850 superficie
1923 809 2057 849 terrae,
2086 802 2196 838 distat
2224 814 2293 850 per
2320 809 2444 838 toturn
2472 802 2538 838 he-

1465 853 1741 902 misphaerium
1770 862 1892 891 terrae
1911 867 1934 891 a
1954 863 2103 892 centro:
2135 863 2172 892 et
2200 863 2329 892 tamen
2353 854 2429 892 hoc
2457 866 2536 891 non

1465 907 1624 955 impedit
1644 907 1735 955 quin
1755 907 1886 944 omnia
1906 907 2080 945 accidant
2098 907 2210 945 nobis
2225 920 2422 957 apparere,
2443 907 2539 945 sicut

1465 960 1495 997 si
1524 960 1657 996 oculus
1677 968 1807 997 noster
1835 969 1933 997 esset
1957 961 1996 997 in
2016 968 2146 998 centro
2165 967 2187 998 ‘.
2210 962 2259 998 Et
2281 962 2356 998 hoc
2378 967 2434 998 est
2450 974 2537 1010 pro-

1464 1021 1548 1062 pter
1584 1013 1813 1061 parvitatem
1850 1020 1993 1060 terrae,
2024 1026 2122 1062 quae
2161 1014 2269 1063 quasi
2306 1014 2445 1052 nullius
2483 1021 2539 1051 est

1465 1066 1681 1115 quantitatis
1699 1066 1738 1102 in
1768 1066 2054 1115 comparatione
2074 1067 2123 1104 ad
2151 1074 2275 1104 toturn
2305 1069 2466 1104 caelum.
2489 1068 2539 1104 Et

1465 1119 1634 1157 similiter
1662 1119 1926 1156 existimabant
1943 1121 1964 1140 ³*
1983 1120 2101 1168 quod,
2131 1119 2162 1156 si
2185 1127 2286 1157 terra
2304 1120 2343 1158 in
2363 1133 2439 1170 qua
2467 1133 2538 1158 nos

1465 1173 1680 1210 habitamus
1705 1185 1784 1210 non
1804 1172 1850 1209 sit
1868 1173 1908 1210 in
1936 1173 2079 1219 medio,
2102 1173 2208 1221 quod
2228 1173 2360 1211 omnia
2381 1175 2401 1196 *
2421 1186 2538 1223 appa-

1465 1226 1584 1263 rentia
1595 1225 1767 1263 accidant
1782 1225 1877 1262 sicut
1892 1225 1921 1262 si
1935 1233 2035 1263 terra
2051 1233 2150 1263 esset
2160 1226 2198 1263 in
2213 1226 2343 1263 medio
2359 1227 2495 1264 mundi
2505 1229 2537 1264 't

1465 1280 1553 1329 quia
1573 1279 1686 1316 etiarn
1715 1291 1819 1316 nunc
1843 1291 1922 1316 non
1942 1279 2203 1316 manifestatur
2223 1279 2397 1317 distantia
2417 1292 2439 1316 a
2457 1291 2538 1316 me-

1466 1333 1528 1370 dio
1558 1339 1744 1382 quantum
1782 1332 1831 1369 ad
1869 1332 2131 1382 apparentiam
2161 1333 2201 1380 ²¹³,
2229 1332 2406 1382 quamvis
2432 1332 2539 1370 visus

1465 1394 1594 1423 noster
1623 1386 1733 1423 distet
1761 1398 1783 1422 a
1815 1385 1945 1423 medio
1980 1385 2114 1423 mundi
2146 1397 2216 1435 per
2247 1393 2368 1424 totam
2395 1385 2538 1424 medie-

1465 1447 1582 1477 tatem
1619 1447 1752 1476 terrae.
1774 1460 1798 1466 -
1820 1439 1898 1476 Sed
1925 1439 2001 1476 hoc
2038 1439 2190 1487 intelligi
2223 1446 2354 1488 posset
2382 1439 2413 1476 si
2440 1446 2539 1477 terra

1464 1506 1534 1542 per
1561 1492 1760 1530 modicum
1799 1492 1962 1541 spatium
1998 1492 2150 1529 distaret
2178 1493 2198 1513 *
2227 1505 2249 1529 a
2282 1492 2430 1530 medio:
2459 1505 2539 1530 non

1466 1554 1594 1583 autern
1633 1545 1662 1582 si
1701 1545 1854 1582 distaret
1889 1557 1960 1594 per
1992 1546 2156 1582 multum
2185 1546 2205 1566 *
2233 1546 2409 1595 spatium.
2441 1546 2540 1585 Sunt

1466 1607 1594 1636 autem
1614 1600 1634 1620 '¹‘
1654 1598 1844 1647 quaedam
1874 1598 1947 1635 alia
1975 1598 2208 1648 apparentia,
2231 1610 2329 1647 quae
2358 1611 2438 1636 non
2466 1598 2538 1637 sai-

1465 1660 1647 1690 varentur
1666 1651 1696 1688 si
1723 1659 1822 1688 terra
1856 1664 1935 1688 non
1959 1659 2058 1689 esset
2085 1651 2124 1689 in
2143 1652 2292 1698 medi03
2318 1659 2411 1702 puta
2439 1664 2538 1702 quae

1465 1706 1642 1743 accidunt
1669 1705 1767 1741 circa
1787 1704 1956 1753 eclipsim
1981 1705 2093 1742 lunae
2113 1705 2138 1751 ζ,
2167 1717 2236 1754 per
2255 1705 2437 1743 directam
2469 1717 2538 1756 op-

1466 1759 1697 1808 positionem
1716 1758 1829 1794 lunae
1849 1758 1898 1794 ad
1920 1758 2053 1795 solem.
2075 1758 2159 1795 Nisi
2188 1757 2291 1795 enim
2310 1766 2410 1796 terra
2438 1771 2538 1796 sem-

1465 1824 1534 1861 per
1554 1819 1653 1848 esset
1667 1811 1705 1847 in
1725 1810 1867 1858 medio,
1883 1823 1963 1847 non
1978 1822 2132 1859 semper
2147 1819 2370 1859 sequeretur
2389 1811 2538 1862 eclipsis

1466 1866 1591 1912 lunae,
1613 1864 1767 1913 quando
1789 1871 1844 1900 est
1863 1864 1902 1901 in
1921 1863 2163 1914 oppositione
2180 1864 2343 1901 existens
2362 1864 2400 1901 in
2417 1864 2537 1916 capite

1465 1919 1526 1955 vel
1547 1918 1585 1955 in
1606 1917 1744 1954 cauda:
1768 1925 1804 1954 et
1827 1924 1957 1954 tamen
1985 1917 2023 1954 in
2044 1917 2172 1966 eclipsi
2194 1918 2306 1954 lunae
2326 1917 2418 1955 nihil
2447 1929 2538 1968 ope-

1466 1979 1569 2008 ratur
1593 1978 1767 2020 aspectus
1796 1978 1937 2007 noster.

1523 2025 1555 2062 5.
1586 2023 1735 2061 Deinde
1765 2035 1854 2060 cum
1883 2023 1993 2061 dicit:
2028 2023 2191 2066 Quidam
2219 2029 2346 2061 autem
2374 2029 2412 2061 et
2434 2024 2538 2073 posi-

1465 2084 1542 2115 tam
1560 2085 1641 2124 etc.,
1658 2076 1767 2126 ponit
1781 2077 1991 2114 secundam
2007 2076 2243 2126 opinionem.
2261 2077 2311 2114 Et
2321 2076 2410 2114 dicit
2420 2077 2537 2127 quod,

1465 2131 1551 2168 licet
1570 2130 1727 2180 quidam
1749 2129 1875 2167 dicant
1902 2137 2042 2167 terram
2066 2130 2105 2167 in
2125 2137 2255 2167 centro
2283 2130 2463 2179 positam,
2483 2130 2538 2169 di-

1466 2192 1554 2221 cunt
1573 2191 1703 2221 tamen
1723 2183 1846 2232 ipsam
1865 2183 2014 2221 moveri
2032 2191 2067 2220 et
2087 2182 2234 2220 revolvi
2251 2184 2272 2204 ¹³
2287 2183 2389 2221 circa
2402 2182 2538 2233 polum

1464 2249 1612 2285 semper
1638 2242 1836 2282 statutum,
1866 2236 1964 2274 idest
1992 2236 2091 2273 circa
2120 2247 2231 2273 axem
2264 2236 2399 2274 mundi
2427 2238 2538 2284 (nam

1464 2291 1575 2340 polus
1590 2290 1823 2340 quandoque
1840 2289 1974 2327 dicitur
1989 2290 2150 2336 caelum,
2162 2290 2396 2339 quandoque
2410 2297 2540 2328 autem

1465 2343 1600 2381 dicitur
1619 2343 1710 2391 axis,
1732 2343 1967 2393 quandoque
1986 2355 2080 2379 vero
2107 2342 2242 2380 dicitur
2261 2350 2431 2380 extrema
2448 2355 2538 2392 pars

1466 2397 1556 2443 axis,
1586 2397 1681 2433 sicut
1710 2396 1845 2434 dicitur
1871 2397 1983 2445 polus
2008 2395 2168 2432 arcticus
2188 2402 2226 2432 et
2244 2395 2490 2443 antarcticus)
2508 2401 2535 2434 ²¹.

1468 2451 1517 2486 Et
1542 2450 1617 2486 hoc
1646 2449 1734 2486 dicit
1762 2449 1944 2498 scriptum
1966 2461 2048 2485 esse
2068 2448 2106 2485 in
2131 2449 2298 2485 Timaeo.

1521 2503 1589 2539 Est
1604 2510 1733 2539 autem
1750 2501 1960 2539 notandum
1979 2501 2084 2550 quod
2105 2501 2196 2538 illud
2215 2502 2235 2522 ²²
2250 2501 2356 2549 quod
2370 2501 2432 2538 hic
2446 2501 2535 2540 dici-

1466 2563 1526 2592 tur
1545 2554 1690 2592 revolvi
1701 2555 1763 2592 vel
1782 2554 1960 2599 converti,
1977 2553 2139 2603 sumpsit
2153 2553 2173 2575 *
2188 2553 2410 2592 Aristoteles
2426 2566 2472 2592 ex
2488 2567 2534 2592 eo

1467 2609 1573 2656 quod
1592 2609 1699 2644 Plato
1720 2608 1758 2644 in
1783 2609 1949 2653 Timaeo,
1980 2607 2193 2644 secundum
2222 2607 2390 2655 linguam
2417 2607 2535 2645 Grae-

1467 2674 1550 2698 cam
1565 2661 1665 2707 dixit,
1682 2661 1897 2698 illomenam
1917 2660 2019 2698 circa
2039 2672 2124 2697 eum
2145 2661 2211 2709 qui
2221 2672 2295 2709 per
2309 2673 2421 2698 omne
2435 2661 2534 2699 ordi-

1467 2721 1596 2752 natum
1606 2714 1738 2763 polum
1749 2712 1772 2751 ⁰.
1791 2715 1877 2751 Hoc
1891 2721 2020 2751 autem
2036 2713 2141 2762 quod
2157 2713 2291 2750 dicitur
2305 2713 2535 2762 illomenum,

1467 2767 1497 2804 si
1516 2767 1555 2805 in
1575 2768 1723 2804 Graeco
1744 2767 1927 2804 scribatur
1944 2779 2013 2816 per
2033 2767 2120 2813 iota,
2146 2766 2331 2815 significat
2349 2767 2536 2818 alligatio-

1467 2833 1552 2858 nem
1563 2834 1576 2866 ‚·
1596 2821 1734 2858 sivero
1751 2820 1936 2858 scribatur
1949 2832 2018 2870 per
2037 2819 2330 2870 diphthongum,
2350 2820 2537 2869 significat

1469 2978 1579 3010 impedit
1593 2979 1655 3010 quin
1671 2979 1725 3003 alia
1741 2979 1866 3004 accidant
1881 2979 1954 3004 nobis
1971 2986 2104 3011 apparere
2121 2979 2191 3004 sicut
2208 2979 2233 3004 si
2250 2979 2341 3004 oculus
2361 2982 2452 3004 noster
2470 2982 2539 3005 met

1469 3014 1494 3038 in
1514 3017 1605 3039 centro
1629 3019 1676 3038 cet.
1698 3015 1771 3039 codd.
1792 3015 1864 3040 Patet
1889 3020 1945 3039 tum
1971 3015 2034 3039 istos
2060 3015 2134 3039 codd.
2154 3019 2210 3039 tum
2230 3014 2249 3039 Ρ
2267 3015 2387 3040 omittere
2411 3014 2537 3041 homotet.

1470 3049 1553 3074 distat
1566 3057 1619 3082 per
1638 3053 1722 3074 totum
1748 3050 1969 3082 hemisphaerium
1992 3053 2082 3075 terrae
2087 3059 2096 3080 ‚-
2115 3050 2187 3083 quod
2205 3050 2330 3075 mendum
2343 3055 2372 3075 ut
2389 3049 2537 3083 corrigeret.

1469 3085 1488 3109 P
1508 3093 1555 3117 pro
1574 3085 1688 3110 circulus
1707 3089 1796 3110 noster
1815 3087 1902 3119 posuit
1920 3086 2034 3111 circulus
2054 3086 2168 3111 videtur.
2182 3099 2202 3104 —
2216 3086 2367 3111 immediate
2389 3090 2481 3118 poste·
2497 3089 2539 3112 eet

1469 3128 1523 3145 orn.
1538 3121 1596 3150 AF;
1616 3126 1642 3145 et
1660 3126 1720 3154 post
1739 3121 1783 3146 lin.
1802 3129 1850 3154 pro
1869 3121 2041 3154 quantitatis,
2061 3121 2206 3155 grauitatis
2223 3121 2380 3154 BCpEFGl.
2402 3121 2538 3154 ”adgnitu-

1469 3156 1540 3181 dinis
1559 3156 1660 3181 DsEFl.

1522 3190 1548 3225 ζ)
1559 3195 1629 3223 puta
1644 3199 1710 3224 quae
1728 3192 1854 3217 accidunt
1867 3192 1939 3218 circa
1952 3191 2068 3224 eclipsim
2083 3192 2172 3217 lunae.
2181 3205 2200 3210 —
2214 3192 2250 3217 Ita
2263 3191 2364 3217 codices
2379 3191 2442 3224 (pro
2455 3191 2536 3222 circa,

1469 3230 1565 3252 contra
1583 3227 1634 3259 A);
1654 3235 1721 3260 quae
1739 3228 1864 3253 accidunt
1879 3231 1949 3260 puta
1968 3227 2085 3260 eclipsim
2105 3228 2184 3252 lunae
2202 3227 2231 3252 P.

1523 3261 1551 3296 η)
1572 3263 1665 3287 mundi
1677 3263 1751 3293 (nam
1762 3264 1875 3295 polus...
1893 3263 2079 3295 antarcticus).
2092 3277 2111 3282 -—
2125 3263 2187 3287 Post
2200 3262 2294 3288 mundi
2307 3261 2391 3295 pergit
2403 3262 2440 3287 A:
2452 3268 2536 3295 quan-

1471 3298 1556 3330 doque
1570 3305 1632 3323 vero
1647 3298 1773 3323 dicuntur
1785 3302 1909 3324 extrema
1922 3298 1993 3328 axis,
2009 3299 2078 3324 sicut
2092 3298 2192 3323 diffl'tur
2199 3298 2280 3330 polus
2293 3297 2410 3323 arcticus
2421 3300 2448 3322 et
2456 3297 2537 3329 polus

1470 3334 1642 3363 antarcticus,
1664 3341 1725 3359 nam
1741 3335 1821 3366 polus
1840 3340 1896 3364 etc..
1916 3335 2039 3359 omittens
2057 3334 2150 3358 deinde
2169 3338 2228 3366 post
2247 3333 2346 3358 dicitur
2364 3333 2429 3357 axis
2443 3332 2537 3366 repeti-

1471 3369 1568 3394 tionem
1584 3370 1741 3402 quandoque
1756 3377 1817 3395 vero
1864 3370 2038 3395 antarcticus.
2054 3368 2138 3394 Ceteri
2151 3368 2317 3394 consentiunt
2326 3375 2386 3393 cum
2400 3368 2437 3399 P;
2451 3373 2538 3394 tumen

1471 3405 1502 3429 ad
1521 3405 1601 3430 verba
1615 3413 1682 3437 pars
1701 3406 1765 3430 axis
1783 3406 1852 3430 sicut
1871 3406 1971 3431 dicitur
1990 3406 2070 3437 polus
2087 3404 2217 3435 arcticus,
2241 3412 2294 3429 om.
2311 3411 2379 3436 pars
2398 3403 2537 3435 CDEFGI,

1471 3448 1518 3473 pro
1536 3441 1612 3470 axis,
1632 3441 1702 3465 aeris
1722 3442 1776 3471 le,
1796 3449 1850 3466 om.
1862 3441 1939 3473 polus
1958 3440 2089 3473 CDEGpl.

1524 3474 1549 3508 θ)
1570 3476 1720 3501 illomenam
1740 3477 1812 3502 circa
1831 3484 1889 3501 eum
1909 3476 1955 3509 qui
1972 3483 2024 3508 per
2042 3482 2118 3500 mnne
2138 3475 2293 3500 ordinatum
2310 3474 2413 3507 polum.
2426 3486 2448 3494 -
2460 3473 2539 3499 Pinna

1471 3511 1507 3536 sic
1527 3511 1617 3536 habet:
1638 3512 1788 3536 illomenam
1808 3519 1864 3537 esse
1877 3519 1936 3537 eum
1951 3511 1997 3544 qui
2010 3518 2062 3544 per
2080 3517 2183 3536 omnem
2203 3510 2358 3536 ordinatum
2370 3509 2474 3543 potum.
2488 3509 2539 3534 Le-

1471 3547 1555 3579 gimus
1570 3547 1642 3572 circa
1656 3555 1714 3572 eum
1736 3555 1795 3572 cum
1814 3548 1845 3578 A,
1861 3553 1886 3572 et
1902 3554 1952 3579 per
1971 3553 2048 3572 omne
2066 3554 2126 3571 cum
2145 3545 2232 3575 BFGI,
2247 3550 2325 3578 prout
2343 3545 2420 3578 exigit
2435 3551 2537 3573 tensus.

1471 3588 1496 3607 et
1510 3587 1594 3607 textus
1608 3587 1663 3607 tum
1678 3583 1823 3607 Aristotelis
1843 3588 1897 3607 tum
1912 3582 2036 3607 Platonis.
2050 3596 2068 3601 —
2082 3581 2121 3606 De
2139 3580 2180 3606 his
2199 3588 2267 3613 quae
2286 3588 2315 3606 se
2333 3585 2437 3609 uuntur.
2451 3579 2539 3604 confer

1470 3618 1575 3642 Henrici
1600 3618 1722 3651 Stephani
1742 3618 1907 3643 Thesaurum
1927 3618 2042 3643 Graecae
2063 3617 2186 3650 Linguae.
2205 3616 2284 3642 Didot
2305 3623 2314 3641 ι
2339 3613 2468 3645 31-1865.
2488 3614 2537 3639 sub

1470 3653 1578 3677 vocibus
1598 3651 1659 3677 ε’ἱλω
1679 3659 1703 3677 et
1720 3650 1798 3678 ’ἴλλω-

2566 491 2576 500 *
2587 490 2688 512 membra
2703 497 2724 512 z.

2565 545 2575 554 ·
2582 545 2701 571 apparent
2709 542 2780 566 codd.

2566 1133 2575 1141 ²
2591 1131 2730 1153 existimant
2741 1137 2764 1153 r».

2565 1181 2574 1191 ·
2591 1180 2615 1202 In
2625 1179 2702 1202 medio
2713 1185 2779 1201 mun-

2566 1206 2599 1234 di,
2691 1206 2743 1228 aua
2756 1212 2778 1227 Α.

2566 1234 2575 1244 ·
2589 1233 2672 1255 mundi
2691 1238 2740 1254 om.
2755 1238 2779 1254 Α.

2565 1342 2575 1351 ·
2594 1341 2739 1370 apparentia
2754 1347 2779 1363 Ἀ.

2566 1501 2574 1511 ·
2591 1500 2665 1523 dtetet
2676 1506 2699 1523 ι’.

2565 1552 2575 1561 '
2663 1555 2700 1572 m
2713 1556 2778 1576 Am,

2564 1610 2580 1625 a
2629 1582 2779 1606 cmuoeipn

2564 1631 2576 1642 ⁶
2590 1632 2668 1652 tamen
2681 1637 2704 1652 Α.

2666 1719 2682 1749 ζ

2566 2193 2576 2203 ·
2584 2192 2704 2215 removeri
2709 2192 2779 2215 codd.

2566 2224 2617 2242 exe.
2630 2225 2670 2242 a.

2563 2512 2573 2521 ·
2591 2510 2636 2532 hoe
2649 2509 2720 2532 codd.

2562 2564 2571 2574 ·
2589 2561 2700 2590 “moult
2709 2561 2778 2584 codd.

2563 2594 2613 2611 CXC·
2622 2595 2646 2611 Α.
