2690 4062
32 1156 42 1164 ⁶
51 1154 169 1176 Avicenna
178 1153 240 1179 (can.

30 1181 70 1202 lib.
77 1180 95 1207 1,
101 1181 240 1207 fen1,doctr.

269 211 339 236 CXII

271 277 421 310 omnium
453 274 661 308 metallorum
692 282 741 307 est
771 282 943 317 argentum
966 273 1080 305 vivum
1110 280 1142 304 et
1172 270 1332 314 sulphur,

270 322 355 354 sicut
379 320 503 353 dictum
527 328 593 360 est,
621 330 764 364 quorum
794 327 925 351 naturas
957 315 1093 349 artifices
1117 322 1333 348 transmutare

270 373 410 410 possunt
448 363 706 407 conglutinando
737 371 769 395 et
808 360 1022 405 congelando.
1054 359 1117 392 Vel
1146 360 1245 392 etiam
1269 357 1333 391 alio

269 408 371 442 modo
407 409 596 452 evaporatio
628 416 676 441 est
705 407 839 439 materia
862 404 1121 449 praedictorum:
1154 412 1187 436 et
1210 403 1250 436 de
1274 402 1334 435 hac

271 453 504 487 determinatur
531 453 565 485 in
588 453 651 485 isto
675 451 778 491 libro,
809 459 841 483 et
865 461 904 482 ex
928 448 1141 492 consequenti
1170 448 1230 480 iste
1254 446 1335 479 liber

270 506 320 531 est
342 496 431 530 utilis
455 497 495 530 ad
519 497 688 529 scientiam
712 494 891 528 alchimiae.

327 552 355 584 3.
382 541 477 575 Circa
501 540 805 574 determinationem
821 539 920 581 igitur
937 536 976 570 de
993 535 1202 581 qualitatibus
1218 535 1333 579 primis

271 585 337 619 duo
366 585 451 618 facit.
483 586 595 618 Primo
626 584 761 617 resumit
789 583 848 615 tria
881 582 1031 625 superius
1063 580 1275 613 determinata
1299 580 1333 612 in

271 631 303 663 II
327 629 361 663 de
387 629 580 663 Generatione
603 637 635 661 et
654 629 703 661 III
726 627 825 661 Caeli:
846 637 987 670 quorum
1003 626 1148 668 primum
1172 633 1222 657 est
1265 623 1333 657 uod

271 682 412 718 quatuor
442 682 518 706 sunt
549 684 664 705 causae
695 671 950 710 elementorum,
982 681 1041 713 per
1071 681 1151 713 quas
1183 668 1334 712 inteligit

271 727 413 762 quatuor
435 718 555 761 primas
581 715 761 761 qualitates,
788 714 931 748 calidum
955 723 987 746 et
1009 713 1183 757 frigidum,
1208 714 1332 745 siccum

271 771 303 796 et
324 762 506 795 humidum.
531 761 572 794 Et
595 772 662 793 non
687 768 763 792 sunt
787 770 902 792 causae
926 757 1120 799 materiales,
1137 758 1214 802 quia
1260 768 1333 790 uae-

272 806 346 840 dam
363 814 438 838 sunt
461 805 596 838 actionis
612 802 791 848 principia:
816 814 876 836 nec
901 811 978 835 sunt
994 811 1138 846 agentes,
1158 810 1215 835 aut
1261 813 1331 842 nes,

271 851 346 895 quia
377 849 603 894 praedicantur
638 848 677 881 de
710 849 777 881 suis
810 848 970 887 causatis;
1002 858 1080 890 ergo
1115 846 1331 890 relinquitur,

293 894 360 927 uod
384 902 478 927 erunt
502 904 616 926 causae
648 901 684 925 ut
707 891 869 925 formales.
902 892 944 924 Et
972 891 1090 925 dicitur
1120 899 1272 924 notanter
1294 899 1332 923 ut

283 938 438 978 ormales,
462 949 530 970 non
554 936 700 970 absolute
724 935 895 976 formales,
927 934 967 968 ad
991 934 1216 975 denotandum
1240 934 1330 979 quod

269 994 337 1016 non
353 991 428 1015 sunt
444 981 567 1015 formae
591 980 817 1014 substantiales
840 979 1088 1013 elementorum.
1104 999 1122 1004 -
1140 978 1331 1013 Secundum

270 1026 358 1071 quod
373 1027 519 1066 resumit,
536 1034 585 1058 est
601 1025 690 1070 quod
711 1033 852 1070 quatuor
868 1033 944 1057 sunt
961 1024 1131 1064 elementa,
1147 1023 1330 1057 secundum

270 1080 408 1115 quatuor
425 1069 683 1103 combinationes
707 1068 881 1114 possibiles
898 1068 1015 1102 harum
1033 1068 1236 1113 qualitatum,
1253 1069 1330 1113 quia

268 1116 302 1148 in
318 1113 518 1159 simplicibus
535 1114 709 1147 humidum
732 1125 801 1147 non
817 1122 927 1165 potest
951 1114 1036 1146 uniri
1057 1125 1133 1146 cum
1154 1114 1252 1154 sicco,
1269 1124 1330 1146 nec

268 1159 422 1203 frigidum
445 1170 521 1192 cum
545 1158 660 1192 calido.
692 1158 734 1191 Et
757 1157 797 1191 de
821 1159 892 1191 istis
921 1157 1110 1198 elementis,
1141 1158 1226 1191 sicut
1254 1157 1332 1191 dicit

270 1205 520 1238 Commentator
541 1205 572 1244 *,
595 1202 744 1236 medicus
767 1202 863 1236 debet
887 1201 1017 1236 credere
1036 1202 1185 1243 naturali,
1210 1201 1332 1235 scilicet

954 192 1544 232 METEOROLOGICORUM
1573 192 1668 228 LIB.
1700 191 1752 228 IV

1391 268 1482 314 quod
1501 277 1578 319 sunt
1595 277 1749 312 quatuor,
1766 276 1799 301 et
1816 268 1907 313 quod
1923 279 2060 313 magnas
2076 269 2198 304 habent
2215 272 2468 308 commoditates

1391 322 1423 346 et
1439 321 1648 357 operationes
1662 313 1696 345 in
1709 313 1975 357 mixtoxvquarum
1992 313 2118 358 aliquas
2134 315 2282 349 medicus
2303 317 2336 350 in
2361 318 2468 352 uirere

1391 357 1504 397 debet,
1533 356 1574 390 ad
1597 356 1863 390 conservandum
1895 366 2260 402 contemperamentum
2284 363 2302 382 *
2325 373 2342 395 e
2357 374 2468 396 emen·
2494 374 2506 386 ⁸*

1390 411 1500 434 torum
1518 410 1550 434 et
1566 400 1762 445 qualitatum
1785 401 2027 446 praedictarum
2049 403 2084 436 in
2108 415 2247 448 corpore
2271 405 2431 441 humano.
2447 428 2466 434 -
2495 403 2543 424 ²¹⁰⁸
2556 409 2596 426 ¹²⁰·

1391 446 1546 479 Tertium
1563 454 1622 485 est,
1640 445 1732 490 quod
1755 446 1893 479 istarum
1918 446 2115 491 qualitatum
2137 448 2221 482 duae
2238 459 2316 483 sunt
2332 452 2468 494 activae,

1390 489 1514 523 scilicet
1537 488 1681 522 calidum
1709 498 1741 523 et
1768 489 1944 534 frigidum,
1975 500 2008 525 et
2032 491 2116 526 duae
2144 494 2312 537 passivae,
2343 496 2469 531 scilicet

1390 535 1515 567 siccum
1532 543 1564 567 et
1580 533 1758 567 humidum
1766 547 1776 575 ;
1800 534 1866 568 hoc
1890 545 2000 569 autern
2025 537 2164 581 intelligi
2185 537 2281 572 debet
2305 549 2468 584 quantum

1390 578 1430 612 ad
1446 579 1619 611 victoriam
1642 579 1742 611 unius
1762 590 1861 624 supra
1881 579 2018 614 alteram
2037 582 2071 614 in
2089 593 2228 626 corpore
2244 584 2363 618 mixto:
2389 586 2468 630 quia

1389 622 1573 674 secundum
1590 634 1624 656 se
1642 622 1807 667 quaelibet
1830 633 1908 658 sunt
1931 626 2108 660 activae'et
2125 627 2291 671 quaelibet
2307 630 2467 673 passivae,

1390 679 1466 718 cum
1483 676 1549 700 smt
1565 668 1727 701 contraria
1743 667 1938 703 adinvicem.
1959 670 2001 703 Et
2016 670 2081 704 hoc
2099 671 2325 716 Philosophus
2349 674 2468 718 probat

1389 723 1498 764 pruno
1522 723 1581 756 per
1603 711 1833 747 inductionem
1863 714 1898 747 in
1930 714 2108 757 omnibus,
2133 717 2211 761 quia
2241 717 2276 750 in
2309 719 2467 753 omnibus

1389 756 1530 808 dicimus
1555 755 1699 790 calidum
1723 766 1756 790 et
1778 757 1935 802 frigidum
1959 761 2150 802 terminare,
2178 773 2238 794 coa
2287 761 2354 796 lare
2384 772 2467 805 etc.,

1388 811 1513 834 siccum
1537 812 1617 834 vero
1641 809 1674 834 et
1697 801 1884 836 humidum*
1898 805 2066 838 terminari
2082 814 2115 838 et
2143 817 2248 850 coagu
2263 807 2327 840 ari:
2352 808 2466 842 termi-

1387 857 1464 878 nare
1489 854 1601 897 autern
1626 854 1683 897 est·
1698 857 1813 890 agere,
1836 848 2004 882 terminari
2027 861 2107 883 vero
2132 859 2181 884 est
2204 852 2282 895 pati.
2308 851 2466 887 Secundo

1387 890 1505 934 probat
1520 889 1609 924 idem
1624 898 1763 932 ratlone,
1779 890 1904 925 scilicet
1919 904 1979 936 per
1997 892 2224 929 definitionem
2242 907 2371 938 eorum,
2411 898 2467 931 uia

1388 934 1531 968 calidum
1550 943 1610 975 est,
1628 934 1719 979 quod
1743 944 1802 970 est.
1816 947 1938 981 congre
1963 938 2089 971 ativum
2112 939 2287 982 similium,
2306 940 2346 974 fri
2371 942 2381 975 i
2407 953 2466 976 um

1386 991 1466 1012 vero
1491 988 1540 1013 est
1564 980 1837 1024 congregativum
1861 982 1936 1014 simi
1951 982 2021 1015 ium
2045 991 2079 1016 et
2102 983 2332 1018 dissimilium:
2380 987 2466 1020 umi-

1387 1023 1468 1057 dum
1496 1032 1563 1065 est,
1595 1023 1687 1069 quod
1717 1033 1767 1058 est
1794 1024 1880 1059 male
1905 1026 2111 1061 terminabile
2133 1029 2278 1062 termino
2302 1031 2441 1075 proprio
2453 1057 2472 1073 ‚.

1386 1067 1471 1102 bene
1503 1077 1614 1102 autem
1637 1068 1767 1111 alieno,
1791 1070 1918 1104 siccum
1948 1082 2029 1106 vero
2053 1084 2071 1106 e
2095 1083 2276 1115 converso,
2301 1073 2394 1119 quod
2415 1083 2467 1110 est

1387 1113 1469 1147 bene
1499 1112 1704 1147 terminabile
1735 1115 1878 1149 termino
1911 1117 2049 1161 proprio
2062 1143 2072 1158 ‚
2095 1117 2181 1151 male
2212 1117 2342 1160 alieno;
2367 1119 2467 1165 quod

1386 1167 1497 1191 autem
1521 1167 1570 1192 est
1594 1159 1885 1203 congregativum,
1910 1170 1960 1194 est
1983 1162 2140 1204 activum,
2164 1162 2256 1208 quod
2279 1172 2330 1198 est
2352 1164 2475 1198 tei-mim

1386 1202 1505 1244 nabile,
1522 1212 1572 1237 est
1591 1204 1770 1248 passivum.
2347 1236 2350 1237 γ

2306 1962 2390 2213 ΞἮΜὟ,
