2782 4134
305 244 353 292 76
999 231 1069 268 DE
1100 229 1274 266 CAELO
1304 228 1374 264 ET

302 326 388 359 prout
407 325 449 347 est
469 318 498 346 in
520 315 649 349 materia;
671 314 721 341 sed
743 312 852 341 caelum
874 316 916 338 est
934 306 1232 352 quoddameensibile
1245 306 1356 350 habens

303 370 364 390 esse
384 360 413 387 in
435 356 567 390 materia;
590 363 656 391 ergo
678 360 729 381 etc.
744 361 804 386 —4.
821 349 1017 378 Manifestatur
1038 356 1144 375 maior:
1162 353 1188 374 et
1209 354 1304 382 primo
1325 354 1355 372 in

270 423 274 425 -
302 397 516 431 mathematicis,
537 396 566 423 in
581 402 703 431 quorum
725 391 834 420 ratione
856 398 916 417 non
936 388 1053 424 ponitur
1067 385 1186 414 materia
1200 384 1355 419 sensibilis;

61 1284 70 1293 ‘¹
95 1282 130 1304 Cf.
149 1282 200 1302 lect.
217 1286 268 1306 xv1,

62 1315 124 1331 num.
134 1314 154 1330 2.

62 1598 72 1608 *
86 1597 156 1619 Num.
170 1603 195 1618 ιι.

58 1699 68 1709 '¹
87 1698 148 1719 Lect.
164 1703 211 1725 seq.

61 1760 70 1770 ·
85 1761 120 1781 est
133 1765 180 1780 om.
194 1765 215 1780 P.

60 1864 70 1874 “
85 1863 155 1885 Num.
169 1869 189 1891 3.

60 1916 70 1926 *¹
80 1916 158 1944 primo
172 1921 220 1937 om.
234 1922 255 1937 P.

82 2078 136 2100 Vid.
150 2079 201 2101 lect.
212 2084 266 2100 xxu.

59 2185 69 2194 '¹
80 2183 187 2211 deficiens
198 2185 267 2207 codd.

58 2216 108 2232 exc.
121 2217 142 2232 Α.

61 3290 71 3299 ’
86 3291 110 3310 et
122 3295 169 3311 om.
183 3296 223 3317 εις
239 3290 268 3312 cf.

61 3318 117 3337 text.

302 439 428 468 secundo
449 437 479 465 in
499 435 566 472 ipsis
587 432 769 465 naturalibus,
792 438 915 466 quorum
937 428 1059 472 formae,
1081 427 1147 454 hcet
1167 434 1228 452 non
1242 430 1355 468 possint

302 477 417 515 intelligi
439 476 498 505 sine
519 473 637 502 materia
657 470 781 500 sensibili
802 470 831 497 in
853 477 1015 512 commum,
1031 471 1153 510 possunt
1173 471 1270 492 tamen
1292 472 1353 490 s1ne

303 518 420 547 materia
441 516 557 552 signata,
579 522 652 550 quae
666 518 708 539 est
721 508 953 538 individuationis
974 514 1188 549 principlum3—
1206 504 1230 531 5.
1248 503 1353 547 Quoad

302 558 452 591 minorem,
468 554 647 583 manifestum
669 557 711 579 est
731 550 842 578 caelum
863 556 924 576 esse
946 547 981 591 de
1002 554 1123 573 numero
1146 543 1349 587 singularium,

302 607 375 634 quae
396 597 500 624 habent
521 602 582 621 esse
602 592 631 620 in
653 589 777 618 materia.
792 605 811 609 —
825 589 852 616 6.
869 588 1002 623 Sequitur
1017 594 1084 630 ergo
1099 582 1352 629 ⁰⁰¹3²¹H²S¹⁰an¹Od

301 637 357 666 alia
377 642 419 664 est
439 634 511 663 ratio
533 632 600 661 caeli
621 629 797 667 singulariter
818 626 938 663 sumpti,
962 632 989 653 et
1010 625 1064 653 alia
1086 624 1155 669 caeli
1177 623 1351 659 Simpliciter,

302 677 374 705 idest
403 672 596 703 universaliter
623 668 800 699 considerati.
821 683 840 688 —
862 676 888 703 7.
919 666 999 693 Alter
1019 665 1211 708 syllogismus.
1239 664 1349 707 Eorum

302 725 376 753 quae
397 723 456 742 non
477 719 542 741 sunt
563 711 623 747 ipsa
644 710 750 743 forma,
772 707 822 735 sed
843 707 948 734 habent
969 705 1092 732 formam
1107 710 1280 748 inmateria,
1303 708 1352 730 aut

301 761 367 784 sunt
387 761 436 783 aut
456 761 516 781 esse
539 756 658 788 possunt
686 749 767 785 plura
787 745 934 774 individua
961 744 1047 772 unius
1075 752 1196 787 speciei}
1226 743 1276 787 sed
1298 742 1351 769 hoc

301 795 411 824 caelum
432 791 568 830 significat
588 790 709 818 formam
730 787 759 815 in
781 785 916 820 materia,
944 791 976 812 ut
997 790 1075 821 patet
1097 792 1243 828 eit-priori
1265 781 1349 826 syllo-

299 834 406 872 gism03
427 842 494 869 ergo
515 837 563 859 aut
583 835 649 857 sunt
669 834 717 856 aut
738 836 798 855 esse
821 830 942 862 possunt
962 825 1058 869 plures
1075 823 1188 868 caeln—
1203 823 1230 850 8.
1247 823 1349 856 Ma10r‚

301 874 405 902 scilicet
419 872 497 909 quod
511 879 610 898 eorum
635 876 759 904 quorum
774 865 896 894 essentia
911 871 953 892 est
967 874 996 892 ιη
1011 870 1130 892 materia
1144 868 1263 907 signata,
1279 868 1346 889 sunt

301 920 349 942 aut
369 917 488 949 possunt
509 918 568 938 esse
588 909 669 945 plura
689 907 753 935 solo
774 914 896 933 numero
918 904 1059 938 distincta,
1076 902 1271 947 manifestatur
1287 908 1348 929 tum

299 953 455 981 secundum
476 949 641 986 opinionem
662 946 798 980 Platonis,
820 945 897 973 iuxta
918 953 1005 981 quam
1021 943 1128 980 species
1150 951 1199 970 seu
1221 942 1286 969 idea
1307 950 1350 969 se-

299 998 397 1029 parata
410 990 525 1027 ponitur
545 995 575 1016 ut
596 986 738 1022 exemplar
759 986 813 1021 (ad
837 994 928 1012 unum
950 990 1046 1012 autem
1069 982 1214 1027 exemplar
1228 987 1351 1025 possunt

298 1031 358 1060 fieri
372 1031 452 1068 plura
465 1028 653 1064 exemplata);
675 1032 736 1054 tum
758 1025 917 1053 secundum
939 1023 1107 1060 opinionem
1129 1031 1224 1066 ipsius·
1238 1022 1350 1066 Aristo-

298 1071 367 1106 telis,
386 1070 460 1107 quia,
480 1078 544 1097 cum
565 1065 683 1095 materia
704 1065 813 1102 signata
834 1074 895 1092 non
915 1064 951 1092 sit
972 1064 1007 1091 de
1022 1062 1132 1090 ratione
1149 1070 1263 1098 spec1e1,
1279 1061 1350 1089 haec

426 1167 729 1207 ·›4‡‘·‘⁴,··ostquam
763 1157 1017 1206 Philosophus
1054 1154 1215 1193 ostendit
1243 1154 1347 1204 quod

425 1222 453 1253 '7
510 1213 609 1249 est
635 1224 733 1248 unus
762 1211 862 1248 solus
891 1209 1067 1256 mundus,
1095 1208 1156 1246 hic
1185 1207 1348 1245 ostendit

437 1259 443 1262 i
465 1290 469 1291 4
500 1266 508 1281 ’“
526 1266 539 1314 3
554 1265 657 1314 quod
676 1263 908 1313 impossibile
929 1270 984 1299 est
1004 1275 1084 1299 esse
1104 1263 1230 1311 plures
1246 1261 1277 1298 ³⁴.
1300 1262 1348 1297 Et

374 1333 386 1354 ,-
498 1308 535 1346 ιἰΨ
554 1319 627 1355 hoc
646 1317 899 1354 necessarium
924 1316 992 1353 fuit
1019 1315 1238 1352 ostendere:
1259 1314 1348 1363 quia

294 1373 382 1412 nihil
409 1372 581 1422 prohibet
614 1370 754 1420 aliquid
791 1382 871 1406 esse
900 1369 1055 1415 falsum,
1085 1369 1190 1417 quod
1219 1375 1347 1404 tamen

297 1426 471 1474 contingit
498 1438 578 1462 esse
606 1436 753 1461 verum.
776 1423 885 1460 Circa
903 1423 977 1459 hoe
997 1429 1124 1459 autem
1153 1421 1220 1458 tria
1240 1421 1346 1458 facit:

294 1480 417 1530 primo
444 1478 549 1528 ponit
577 1477 840 1523 obiectionem,
862 1488 906 1513 ex
927 1488 1000 1524 qua
1027 1475 1178 1512 videtur
1199 1474 1347 1512 ostendi

296 1533 399 1582 quod
426 1531 601 1581 possibile
629 1531 674 1568 sit
701 1543 782 1567 esse
810 1530 935 1578 plures
965 1529 1146 1575 mund0s;
1177 1528 1346 1566 secundo

296 1586 406 1624 solvit
421 1598 515 1631 eam,
528 1585 593 1621 ibi:
615 1583 931 1621 Considerandum
947 1588 1070 1619 autem
1088 1583 1221 1619 iterum
1233 1583 1252 1603 '¹‘
1264 1590 1346 1627 etc.;

295 1639 401 1677 tertio
428 1639 562 1688 probat
589 1637 692 1687 quod
720 1636 758 1674 in
777 1635 962 1673 solutione
991 1643 1253 1684 supposuerat,
1275 1635 1346 1672 ibi:

294 1694 383 1730 Hoc
402 1693 518 1741 ipsum
539 1691 653 1740 igitur
671 1695 784 1727 restat
800 1690 988 1726 ostendere
1004 1690 1022 1710 *
1044 1697 1112 1726 etc.
1145 1689 1254 1726 Circa
1274 1689 1348 1738 pri-

295 1758 402 1783 mum
422 1745 497 1782 duo
518 1744 619 1781 facit:
644 1743 768 1793 primo
789 1742 875 1780 dicit
899 1742 946 1780 de
965 1755 1042 1792 quo
1064 1750 1119 1779 est
1140 1744 1159 1764 '¹‘
1178 1742 1345 1789 intentio,

296 1807 331 1836 et
357 1811 433 1847 quo
463 1797 592 1835 ordine
612 1797 656 1834 sit
683 1797 890 1844 agendum3
918 1796 1086 1833 secundo
1115 1796 1244 1845 incipit
1263 1808 1348 1833 exe-

295 1852 359 1901 qui
384 1851 630 1900 propositum,
651 1850 719 1887 ibi:
746 1849 933 1887 Videbitur
964 1850 1062 1886 enim
1093 1850 1216 1898 utique
1237 1851 1255 1871 ³⁵
1276 1858 1345 1887 etc.

348 1917 382 1942 2.
399 1904 496 1942 Dicit
515 1915 601 1951 ergo
621 1903 744 1953 primo
759 1904 778 1924 ‘¹‘
797 1903 900 1953 quod
919 1910 1005 1952 post
1023 1903 1214 1953 praedicta
1235 1911 1348 1941 restat

295 1958 569 1995 ostendendum
598 1956 701 2006 quod
733 1969 810 1994 non
834 1957 956 1994 solum
981 1957 1027 1993 sit
1048 1969 1147 1993 unus
1166 1957 1346 2006 mundus,

294 2011 360 2048 sed
375 2011 478 2060 quod
498 2010 608 2048 etiam
627 2010 856 2059 impossibile
877 2010 922 2047 sit
942 2022 1021 2047 esse
1040 2010 1183 2059 plures:
1205 2018 1241 2048 et
1254 2011 1347 2048 ulte-

292 2064 369 2102 rius
397 2064 499 2113 quod
528 2065 692 2101 mundus
721 2063 766 2100 sit
794 2063 1043 2112 sempiternus
1064 2064 1100 2110 ²³²,
1130 2063 1179 2101 ita
1208 2064 1347 2102 scilicet

293 2117 396 2167 quod
424 2117 468 2154 sit
495 2116 793 2165 incorruptibilis,
814 2125 994 2166 tanquam
1023 2129 1219 2166 nunquam
1249 2117 1346 2155 desi-

292 2183 385 2208 nens
406 2172 425 2192 ⁹⁵
445 2183 537 2217 esse,
559 2178 594 2207 et
613 2170 807 2217 ingenitus,
829 2178 1007 2220 tanquam
1036 2183 1232 2219 nunquam
1263 2184 1346 2208 esse

291 2223 490 2273 incipiens,
528 2223 735 2260 secundum
770 2236 878 2260 suam
916 2223 1146 2272 opinionem.
1187 2225 1236 2262 Et
1270 2225 1346 2262 hoc

292 2277 455 2325 adiungit
487 2276 573 2325 quia
599 2276 748 2314 videtur
778 2276 901 2326 prima
929 2277 1177 2315 consideratio
1203 2277 1344 2327 aliqua-

290 2330 371 2367 liter
390 2330 600 2378 dependere
621 2342 665 2366 ex
680 2330 856 2368 secunda.
879 2330 918 2367 Si
939 2331 1039 2368 enim
1060 2339 1158 2368 esset
1176 2333 1344 2370 mundus

291 2382 509 2431 generabilis
534 2390 570 2420 et
596 2383 842 2432 corruptibilis
866 2396 933 2433 per
962 2384 1279 2434 compositionem
1310 2393 1345 2422 et

292 2436 586 2483 dissolutionem,
616 2437 824 2474 secundum
858 2437 1060 2475 amicitiam
1091 2446 1126 2475 et
1154 2438 1273 2485 litem,
1304 2447 1345 2476 ut

290 2489 542 2538 Empedocles
578 2489 722 2538 posuit,
750 2490 927 2539 possibile
965 2499 1062 2528 esset
1090 2504 1172 2528 esse
1204 2493 1344 2530 multos

291 2542 474 2589 mundos,
512 2542 562 2579 ita
590 2542 726 2580 scilicet
753 2543 875 2592 quod,
905 2556 983 2581 uno
1014 2553 1212 2594 corrupto,
1251 2546 1344 2583 alius

290 2603 422 2643 postea
442 2603 690 2643 generaretur,
711 2595 806 2633 sicut
833 2596 912 2645 ipse
932 2598 1184 2647 Empedocles
1203 2599 1342 2648 posuit.

292 2648 341 2684 Et
368 2647 455 2696 quia
485 2655 574 2685 tunc
599 2661 691 2685 vere
728 2649 964 2697 cognoscitur
990 2651 1148 2699 veritas,
1187 2653 1342 2702 quando

292 2700 540 2738 dubitationes
560 2709 644 2738 sunt
663 2703 816 2750 solutae,
838 2716 935 2752 quae
953 2704 1128 2741 videntur
1148 2718 1229 2742 esse
1255 2719 1343 2743 con-

292 2760 347 2790 tra
373 2754 584 2800 veritatem3
614 2754 699 2792 ideo
728 2755 830 2804 prius
850 2764 998 2805 oportet
1025 2770 1167 2807 ponere
1197 2759 1343 2796 dubita-

291 2805 410 2843 tiones
430 2806 526 2844 circa
543 2807 618 2844 hoc
637 2808 772 2857 ipsum,
793 2821 838 2846 ex
866 2810 1002 2859 quibus
1030 2811 1166 2850 scilicet
1193 2812 1344 2850 videtur

291 2860 394 2908 quod
423 2859 495 2897 sint
520 2861 582 2897 vel
613 2861 757 2910 possint
789 2875 870 2900 esse
899 2863 1024 2912 plures
1052 2865 1201 2911 mundi;
1231 2866 1343 2904 huius

291 2911 391 2949 enim
420 2913 553 2950 solutio
582 2921 637 2950 est
665 2915 901 2952 confirmatio
928 2917 1103 2955 veritatis.

346 2966 378 3002 3.
399 2965 544 3003 Deinde
565 2979 651 3004 cum
671 2968 773 3005 dicit:
801 2969 989 3006 Videbitur
1003 2971 1100 3008 enim
1122 2972 1246 3021 utique
1260 2981 1342 3022 etc.,

290 3017 395 3065 ponit
427 3018 610 3057 rationem
640 3033 683 3058 ex
720 3034 795 3070 qua
831 3022 963 3072 aliquis
991 3031 1114 3072 potest
1151 3025 1341 3074 dubitare,

293 3070 491 3108 aestimans
517 3073 692 3121 possibile
714 3086 795 3112 esse
824 3075 929 3125 quod
957 3076 1029 3113 sint
1052 3078 1179 3126 plures
1198 3080 1341 3118 mundi.

292 3122 400 3159 Unde
428 3125 627 3172 praemittit
663 3128 766 3176 quod
794 3129 847 3165 sic
875 3129 1175 3177 intendentibus,
1206 3133 1343 3171 scilicet

294 3177 499 3233 secundum
519 3179 698 3216 radonem
727 3193 823 3228 quae
844 3182 1023 3230 sequitur,
1043 3183 1233 3222 videbitur
1262 3199 1343 3224 esse

294 3229 521 3276 impossibile
550 3230 685 3280 ipsum,
715 3233 851 3271 scilicet
879 3237 1082 3284 mundum,
1114 3250 1196 3275 esse
1223 3251 1343 3277 unum

296 3286 332 3315 et
357 3281 376 3301 '⁸
403 3282 543 3319 solum:
578 3284 925 3334 subintelligendum
952 3297 1006 3326 est
1039 3302 1088 3326 ex
1120 3293 1341 3330 necessitate.

296 3331 386 3369 Non
405 3334 504 3372 enim
532 3347 692 3385 sequens
711 3339 802 3376 ratio
830 3341 966 3389 probat
985 3343 1089 3391 quod
1117 3356 1271 3382 necesse
1300 3346 1345 3383 sit

351 3470 377 3502 α)
390 3471 447 3496 Νοη
461 3472 528 3497 enim
543 3480 648 3506 sequens
663 3475 764 3500 ratio...
778 3485 857 3502 unum
872 3480 955 3504 solum
970 3482 1106 3507 mundum.
1116 3484 1179 3508 -lta
1190 3485 1282 3514 PAsE;
1298 3490 1345 3509 cet.

297 3505 370 3546 plura
389 3507 480 3546 menda
497 3506 602 3539 habent,
621 3516 730 3541 quorum
755 3512 899 3545 principalia
917 3520 1015 3540 tantum
1039 3523 1173 3549 notamus3
1194 3519 1217 3544 G
1235 3527 1288 3544 om.
1307 3523 1346 3545 est

298 3540 485 3572 impossibile...
491 3543 588 3573 probat
599 3545 669 3575 quod
673 3553 681 3574 ς
695 3545 760 3570 BCD
774 3553 833 3578 post
848 3549 971 3579 possibiIe
985 3554 1024 3576 est
1037 3559 1092 3577 esse
1105 3561 1158 3578 om.
1165 3554 1258 3586 plures
1271 3563 1347 3579 mun-

1404 225 1598 264 MUNDO
1629 225 1723 261 LIB.
1756 226 1770 261 I

1411 304 1607 332 indifferenter
1628 303 1754 331 salvatur
1768 303 1798 331 in
1813 303 1866 332 hac
1881 310 1908 331 et
1922 303 1953 331 in
1967 303 2015 331 illa
2030 303 2150 331 materia
2171 303 2292 340 signata,
2314 310 2342 332 et
2361 304 2400 332 ita
2413 314 2483 341 pos-

1411 350 1478 371 sunt
1499 352 1560 370 esse
1582 343 1665 378 plura
1686 343 1835 372 individua
1856 343 1942 371 unius
1964 342 2078 380 speciei.
2100 359 2120 364 —
2140 352 2167 380 9.
2190 343 2312 371 Infertur
2333 344 2482 373 conclusio

1410 383 1528 417 intenta,
1551 382 1658 410 scilicet
1679 384 1761 420 quod
1781 390 1857 418 sunt,
1879 390 1929 412 aut
1951 383 2092 420 contingit
2113 392 2175 411 esse
2197 383 2294 419 plures
2315 384 2410 412 caelos
2431 394 2483 413 seu

1410 423 1546 451 mundos.
1560 438 1581 442 -
1599 431 1643 450 10.
1666 423 1779 459 Duplex
1799 423 1873 452 ratio
1896 423 2066 452 excludendi
2088 423 2323 451 contrarietatem
2345 433 2420 461 quae
2440 424 2482 452 vi-

1410 463 1494 490 detur
1514 471 1576 490 esse
1591 461 1665 490 inter
1680 460 1832 491 Platonem
1847 470 1875 491 et
1889 463 2085 499 Aristotelem,
2101 472 2134 491 ex
2149 463 2206 491 hoc
2225 463 2306 500 quod
2326 463 2438 500 primus
2453 463 2483 492 in

1415 502 1532 529 Timaeo
1554 511 1587 529 ex
1608 501 1718 530 unitate
1744 503 1915 540 exemplaris
1942 503 2077 540 probavit
2101 503 2243 531 unitatem
2269 503 2388 539 mundi,
2414 513 2482 532 cum

1409 548 1510 570 contra
1523 541 1694 570 Aristoteles
1708 541 1755 570 hic
1771 551 1805 570 ex
1819 543 1928 571 unitate
1949 543 2055 580 speciei
2077 543 2232 571 concludat
2253 552 2316 571 esse
2330 543 2482 580 possibiles

1407 582 1503 618 plures
1526 582 1662 609 mundos.
1677 598 1697 602 -
1715 591 1724 609 1
1736 591 1759 610 1.
1775 582 1902 611 Solvitur
1922 583 2068 619 praedicta
2090 583 2215 611 obiectio
2238 583 2283 619 (cf.
2299 592 2380 611 num.
2394 584 2432 619 3),
2448 592 2483 612 ex

1408 631 1466 658 qua
1480 621 1586 649 scilicet
1599 621 1713 649 videtur
1727 622 1842 650 ostendi
1857 624 1937 660 quod
1952 623 2088 660 possibile
2103 623 2138 651 sit
2153 632 2215 651 esse
2229 623 2326 660 plures
2344 623 2481 652 mundos.

1407 663 1443 689 Et
1458 662 1555 697 quoad
1571 661 1698 697 priorem
1721 661 1932 699 syllogismum,
1948 663 2117 691 conceditur
2131 664 2306 692 antecedens
2321 669 2349 691 et
2363 663 2482 691 conclu-

1407 701 1460 736 sio,
1476 710 1551 737 quae
1573 707 1616 728 est
1637 701 1734 729 minor
1755 702 1884 730 secundi.
1900 703 1958 741 Sed
1976 712 2037 731 non
2051 710 2171 740 propter
2185 704 2242 731 hoc
2256 703 2387 740 sequitur
2401 704 2483 740 quod

1407 741 1463 769 sint
1477 747 1527 768 aut
1541 740 1654 777 possint
1668 749 1731 769 esse
1745 741 1843 778 plures
1856 742 1969 779 mundi,
1985 743 2008 771 si
2022 752 2123 771 verum
2139 750 2182 771 est
2196 744 2277 781 quod
2292 743 2339 772 hic
2354 744 2482 772 mundus

1407 781 1442 809 sit
1456 790 1489 808 ex
1503 787 1566 808 tota
1579 790 1632 808 sua
1647 781 1777 816 materia,
1791 788 1880 818 prout
1893 782 2019 811 lectione
2031 783 2165 820 sequenti
2179 783 2365 820 probabitur:
2388 783 2483 812 maior

1406 820 1482 848 enim
1499 820 1618 849 secundi
1639 821 1799 858 syllogismi
1816 831 1878 850 non
1892 822 1979 851 habet
1992 823 2141 851 veritatem
2155 823 2211 852 nisi
2225 823 2256 852 in
2270 823 2315 852 his
2331 833 2406 860 quae
2419 833 2482 852 non

1405 867 1539 888 constant
1560 870 1594 888 ex
1615 867 1676 889 tota
1697 870 1750 889 sua
1771 862 1901 890 materia.
1915 879 1936 883 —
1954 870 1998 891 12.
2021 863 2221 892 Manifestatur
2242 864 2299 892 hoc
2312 873 2365 900 per
2385 873 2483 892 exem-

1404 901 1462 937 pla.
1477 917 1496 920 -
1516 900 1560 928 13.
1584 900 1725 935 Quamvis
1747 910 1816 938 ergo
1838 901 1874 930 sit
1894 901 1951 931 alia
1971 902 2045 931 ratio
2067 904 2143 931 caeli
2163 910 2192 932 et
2212 904 2299 932 huius
2320 904 2405 939 caeli,
2420 913 2483 933 non

1404 947 1502 968 tamen
1530 946 1626 977 potest
1653 949 1716 969 esse
1742 941 1822 969 aliud
1849 941 1979 978 caelum,
2008 951 2044 971 eo
2071 944 2152 980 quod
2179 950 2242 972 tota
2262 943 2383 972 materia
2411 937 2484 972 caeli

1405 980 1661 1016 comprehenditur
1687 981 1741 1009 sub
1767 981 1824 1010 hoc
1846 982 1936 1010 caelo.
1957 999 1978 1004 —
2003 991 2047 1018 14-
2067 983 2225 1012 Solvuntur
2245 983 2300 1012 tria
2320 983 2377 1012 alia
2397 993 2482 1022 argu-

1404 1026 1503 1048 menta
1524 1020 1560 1048 ab
1583 1020 1645 1049 aliis
1667 1020 1786 1049 inducta
1804 1021 1842 1050 ad
1856 1023 2043 1059 probandum
2064 1023 2145 1060 quod
2166 1022 2280 1060 possint
2300 1032 2363 1052 esse
2384 1024 2482 1062 plures

1404 1059 1516 1088 mundi.

1404 1166 1486 1191 esse
1505 1153 1632 1203 plures
1660 1154 1839 1203 mundos,
1860 1155 1965 1205 quod
1985 1155 2216 1206 aequipollet
2245 1155 2279 1194 ei
2299 1157 2406 1207 quod
2427 1165 2483 1195 est

1403 1207 1639 1256 impossibile
1667 1220 1789 1245 unum
1812 1209 1939 1246 solum
1968 1221 2050 1246 esse
2071 1209 2280 1249 mundum:
2303 1210 2371 1248 sed
2390 1223 2479 1260 pro-

1402 1260 1468 1298 bat
1493 1261 1600 1310 quod
1627 1261 1808 1310 possibile
1830 1269 1886 1299 est
1913 1274 1996 1299 esse
2016 1263 2144 1311 plures
2172 1262 2353 1311 mundos,
2375 1264 2482 1313 quod

1403 1314 1634 1364 aequipollet
1662 1315 1696 1351 ei
1726 1315 1832 1364 quod
1861 1322 1918 1352 est
1945 1327 2024 1352 non
2059 1314 2215 1354 necesse
2244 1328 2327 1354 esse
2355 1328 2480 1355 unum

1403 1368 1528 1404 solum
1557 1368 1748 1406 mundum
1767 1374 1796 1406 α.
1823 1369 1887 1406 Ad
1914 1369 1990 1406 hoc
2028 1377 2158 1408 autem
2196 1370 2480 1408 ostendendum

1402 1420 1546 1458 inducit
1574 1421 1761 1459 rationem
1781 1434 1881 1472 quae
1901 1422 2069 1460 continet
2088 1423 2186 1461 duos
2215 1423 2479 1472 syllogismos:

1403 1487 1570 1523 quorum
1585 1474 1755 1524 primurn
1770 1475 1896 1525 primo
1916 1475 2043 1525 ponit;
2064 1475 2234 1514 secundo
2251 1477 2478 1527 secundum,

1402 1527 1470 1564 ibi:
1505 1528 1677 1570 Quorum
1705 1535 1831 1567 autem
1860 1534 1915 1567 est
1928 1530 2069 1578 forma
2097 1530 2285 1579 quaedam
2304 1531 2325 1552 *
2345 1538 2414 1569 etc.

1456 1581 1609 1619 Primus
1638 1582 1880 1630 syllogismus
1908 1582 1991 1620 talis
2021 1591 2086 1620 est.
2114 1583 2163 1621 In
2185 1583 2366 1621 omnibus
2394 1596 2483 1634 sen-‚

1402 1634 1572 1672 sibilibus
1593 1647 1691 1684 quae
1720 1636 1818 1673 fiunt
1837 1636 1886 1673 ab
1915 1644 1995 1673 arte
2021 1637 2085 1674 vel
2114 1649 2137 1674 a
2165 1645 2310 1685 natura,
2331 1637 2404 1675 alia
2424 1644 2481 1676 est

1403 1687 1657 1726 consideratio
1696 1688 1842 1726 formae
1876 1689 2090 1727 secundum
2125 1702 2166 1728 se
2195 1689 2479 1743 consideratae,

1402 1741 1475 1779 alia
1504 1749 1559 1779 est
1579 1741 1834 1780 consideratio
1855 1742 2138 1792 formaeprout
2157 1751 2214 1781 est
2240 1743 2279 1781 in
2299 1742 2479 1792 materia;

1402 1795 1471 1832 sed
1509 1796 1660 1832 caelum
1699 1803 1755 1833 est
1783 1795 1982 1845 quoddam
2020 1796 2196 1834 sensibile
2225 1797 2373 1835 habens
2404 1797 2480 1836 for-

1403 1861 1508 1886 mam
1537 1848 1575 1886 in
1596 1849 1772 1893 materia;
1803 1861 1894 1898 ergo
1915 1849 1987 1887 alia
2009 1858 2064 1887 est
2093 1849 2347 1888 consideratio
2368 1851 2481 1902 abso7

1402 1902 1480 1939 luta
1508 1902 1655 1939 formae
1685 1902 1815 1951 ipsius,
1835 1910 1950 1953 prout
1970 1903 2233 1941 consideratur
2261 1903 2299 1941 in
2326 1900 2481 1943 univer‘·

1402 1955 1490 2003 sali,
1531 1963 1567 1992 et
1603 1955 1676 1993 alia
1715 1963 1770 1993 est
1807 1956 2061 1994 consideratio
2099 1957 2247 1995 formae
2286 1957 2405 2007 ipsius
2441 1958 2481 1997 in

1402 2008 1572 2057 materia,
1593 2016 1707 2059 prout
1736 2008 1997 2047 consideratur
2025 2009 2064 2048 in
2091 2010 2318 2059 particulari.
2346 2010 2478 2049 Primo

1401 2075 1493 2111 ergo
1512 2062 1621 2112 ponit
1640 2062 1849 2110 maiorem;
1869 2063 2042 2101 secundo
2062 2064 2268 2111 minorem,
2284 2063 2353 2102 ibi:
2374 2065 2478 2108 ‘Quo-

1401 2116 1506 2154 niam
1535 2116 1652 2166 igitur
1679 2122 1733 2153 est
1765 2116 1914 2154 caelum
1945 2118 1964 2138 *⁵
1993 2124 2082 2163 etc.;
2111 2117 2221 2155 tertio
2248 2117 2360 2155 infert
2387 2129 2479 2156 con-

1402 2169 1624 2218 clusionem,
1645 2170 1713 2206 ibi:
1743 2170 1786 2207 Si
1811 2175 1937 2207 autem
1965 2170 2221 2220 singularium
2249 2171 2270 2192 '⁶
2298 2178 2367 2208 etc.
2416 2188 2419 2190 ·
2460 2213 2462 2215 ,

1453 2235 1490 2271 4.
1513 2222 1613 2260 Dicit
1639 2235 1728 2272 ergo
1747 2223 1875 2273 primo
1904 2223 2011 2273 quod
2040 2223 2078 2261 in
2107 2223 2288 2262 omnibus
2317 2220 2478 2262 existen-

1400 2276 1499 2314 tibus
1529 2284 1565 2314 et
1591 2277 1799 2327 generatis,
1829 2276 1927 2314 idest
1955 2276 2081 2325 factis,
2110 2277 2174 2315 vel
2202 2290 2225 2316 a
2252 2285 2388 2316 natura
2411 2278 2476 2316 vel

1399 2331 1448 2368 ab
1478 2338 1569 2378 arte,
1590 2331 1752 2368 alterum
1781 2338 1838 2368 est
1866 2332 2078 2369 secundum
2103 2338 2275 2369 nostram
2303 2331 2477 2371 consida-

1401 2383 1586 2421 rationem
1615 2383 1696 2433 ipsa
1717 2384 1841 2421 forma
1870 2384 2085 2422 secundum
2107 2384 2273 2434 seipsam
2302 2385 2476 2423 conside-

1400 2445 1496 2483 rata;
1519 2444 1555 2474 et
1570 2438 1731 2475 alterum
1747 2444 1804 2474 est
1819 2437 1899 2487 ipsa
1916 2438 2040 2475 forma
2060 2438 2182 2476 mixta
2197 2450 2284 2476 cum
2300 2439 2474 2486 materia,

1399 2490 1525 2528 idest*
1535 2490 1750 2528 secundum
1766 2491 1873 2539 quod
1888 2491 2071 2541 accipitur
2081 2499 2196 2541 prout
2205 2499 2262 2530 est
2273 2491 2476 2530 coniuncta

1400 2556 1488 2582 curn
1514 2544 1684 2582 materia.
1706 2545 1755 2581 Et
1774 2544 1850 2581 hoc
1876 2544 2003 2594 primo
2023 2545 2240 2584 manifestat
2257 2557 2327 2596 per
2347 2558 2475 2585 exem—

1398 2599 1504 2647 plum
1534 2597 1573 2635 in
1602 2597 1899 2646 mathematicis,
1924 2598 1963 2636 in
1991 2598 2131 2648 quibus
2159 2606 2216 2637 est
2242 2599 2364 2648 magis
2391 2612 2474 2638 ma-

1399 2652 1591 2699 nifestum,
1613 2663 1660 2688 eo
1690 2651 1796 2700 quod
1815 2651 1853 2689 in
1883 2651 2028 2690 ratione
2049 2665 2185 2690 eorum
2213 2665 2292 2690 non
2319 2653 2477 2703 ponitur

1399 2705 1557 2743 materia
1590 2704 1787 2742 sensibilis.
1817 2706 1989 2743 Alterum
2027 2713 2084 2743 est
2121 2706 2223 2744 enim
2260 2706 2474 2745 secundum

1399 2758 1745 2796 considerationem
1774 2766 1946 2796 nostram
1975 2759 2058 2809 ipsa
2091 2759 2238 2810 species
2266 2760 2473 2810 sphaerae,

1399 2820 1436 2849 et
1463 2812 1625 2849 alterum
1655 2812 1778 2850 forma
1806 2812 1994 2862 sphaerae
2022 2813 2061 2851 in
2095 2812 2255 2851 materia
2283 2812 2472 2861 sensibili,

1398 2874 1511 2916 prout
1543 2865 1776 2914 significatur
1813 2878 1903 2905 curn
1941 2866 2076 2904 dicitur
2112 2878 2229 2904 aurea
2262 2867 2325 2904 vel
2362 2878 2475 2904 aerea

1399 2920 1575 2968 sphaera:
1607 2927 1652 2957 et
1671 2919 1842 2956 similiter
1869 2919 1971 2957 aliud
1991 2927 2047 2957 est
2074 2919 2157 2969 ipsa
2178 2919 2303 2957 forma
2332 2919 2472 2968 circuli,

1399 2981 1435 3010 et
1464 2973 1565 3011 aliud
1595 2980 1651 3010 est
1679 2972 1784 3022 quod
1814 2972 1950 3010 dicitur
1977 2985 2112 3010 aereus
2138 2980 2204 3011 aut
2230 2973 2386 3022 ligneus-
2406 2972 2475 3011 cir-

1399 3027 1517 3064 culus.
1540 3026 1590 3063 Et
1608 3027 1684 3063 hoc
1703 3025 1918 3064 manifestat
1938 3026 2037 3076 quia,
2069 3038 2158 3064 cum
2184 3026 2346 3064 dicimus
2375 3027 2478 3077 quod

1398 3080 1490 3129 quid
1515 3085 1599 3118 erat
1625 3092 1715 3126 esse,
1735 3079 1833 3117 idest
1861 3079 2099 3118 definitivam
2117 3079 2317 3127 rationem,
2338 3080 2475 3130 sphae-

1399 3146 1462 3171 rae
1492 3141 1557 3171 aut
1585 3133 1724 3180 circuli,
1746 3145 1826 3172 non
1853 3133 2036 3183 ponimus
2064 3133 2103 3171 in
2132 3133 2213 3172 eius
2242 3133 2387 3174 ratione
2406 3146 2473 3171 au-

1399 3199 1507 3224 reum
1527 3194 1591 3224 aut
1611 3188 1631 3208 *³
1655 3199 1830 3231 aereum;
1860 3194 2044 3236 tanquam
2073 3188 2148 3225 hoc
2177 3187 2284 3236 quod
2310 3187 2475 3224 dicimus
2503 3202 2512 3211 ·

2503 3257 2511 3264 ·
2527 3256 2551 3276 ee
2565 3254 2634 3277 codd.

1399 3252 1558 3278 aureum
1575 3241 1668 3278 aut*
1679 3252 1848 3287 aereum,
1860 3253 1939 3278 non
1954 3241 2026 3278 sint
2041 3240 2090 3278 de
2101 3252 2237 3279 eorum
2253 3240 2473 3289 substantia,

1398 3306 1515 3343 quam
1545 3294 1684 3331 scilicet
1711 3293 1898 3342 significat
1926 3294 2109 3332 definitio.

1454 3347 1531 3384 Sed
1551 3347 1702 3385 videtur
1720 3348 1795 3385 hoc
1816 3348 1835 3369 ’¹‘
1856 3347 1978 3396 magis
1999 3360 2082 3386 esse
2102 3346 2263 3385 dubium
2292 3346 2330 3384 in
2360 3347 2474 3385 rebus

1401 3493 1455 3511 esse
1475 3494 1554 3512 unum
1574 3489 1658 3514 solum
1680 3490 1821 3519 mundum,
1842 3490 1908 3514 idest
1927 3490 2037 3522 iungunt
2055 3488 2178 3514 lectiones
2198 3488 2221 3513 Α
2241 3493 2266 3513 et
2285 3488 2315 3519 D,
2336 3488 2475 3514 correctio-

1401 3528 1460 3546 nem
1481 3524 1639 3548 assumendo
1654 3525 1715 3556 quin
1736 3525 1861 3550 mendum
1877 3529 2036 3558 expungant3
2055 3523 2092 3557 pl,
2107 3525 2243 3557 supposita
2256 3523 2366 3549 lectione
2375 3523 2404 3554 F,
2419 3531 2474 3549 om.

1401 3557 1471 3588 quod
1489 3561 1528 3583 est
1547 3558 1742 3590 impossibile...
1756 3561 1917 3592 aequipollet
1935 3560 1972 3591 ei,
1992 3565 2018 3585 et
2036 3559 2203 3585 amanuensis
2222 3560 2288 3585 inter
2306 3559 2474 3585 scribendum

298 3575 378 3601 dos...
393 3583 492 3602 necesse
509 3584 576 3607 επακ
594 3579 654 3611 FpE
673 3579 698 3604 in
717 3579 767 3606 fine
785 3583 879 3608 addunt
903 3585 949 3609 sed
963 3587 1062 3617 probat
1080 3588 1151 3620 quod
1168 3590 1293 3621 possibile
1307 3594 1347 3615 est
1401 3592 1433 3616 ita
1452 3600 1481 3617 se
1500 3594 1603 3626 corrigit
1621 3599 1649 3619 ut
1668 3596 1775 3620 resultet
1795 3596 1870 3621 lectio
1888 3596 1920 3621 D.

2507 1540 2519 1551 ·
2532 1539 2606 1563 Nan.
2619 1546 2642 1569 7.

2507 2127 2518 2138 ·
2532 2126 2604 2151 Nun.
2618 2133 2640 2157 5.

2506 2187 2516 2197 ·
2530 2185 2603 2209 Num.
2617 2186 2641 2209 6.

2503 2507 2513 2518 ⁶
2528 2506 2592 2531 {dent
2605 2513 2654 2531 oa.
2668 2514 2692 2531 ι.

2527 3202 2553 3230 et
2564 3207 2586 3223 r.

2501 3360 2600 3383 'hicn
