2580 4094
307 314 319 335 t
331 309 424 334 durare
433 309 525 334 maiori
537 313 658 342 tempore
671 316 752 342 quam
766 308 893 333 nami-ale.

233 344 263 376 ¹1,
276 352 294 375 1,
309 352 335 379 9.
347 358 369 364 -
380 344 440 370 Non
459 349 500 370 est
517 345 544 369 in
557 344 720 370 voluntariis.
738 344 767 374 11,
780 351 821 373 xv,
838 343 862 369 3.
873 357 893 362 -

237 379 303 406 Vide
319 380 420 411 Morus,
439 379 562 411 Nmm,
580 379 678 404 Vmox.

195 414 298 441 vim-us
314 429 351 435 —
369 415 466 445 Virtus,
479 415 547 440 idest
564 415 687 448 potentia.
711 414 776 439 Vide
790 414 893 439 Pom-

233 450 409 476 m-erua.
421 464 442 470 -
452 449 551 480 Virtus,
565 450 634 476 idest
649 457 753 475 summa
770 449 894 474 velocitas

231 490 330 512 motin.
348 485 377 516 11.
395 493 449 516 vm,
465 485 489 516 3,
507 492 534 517 4,
553 483 579 510 6.
597 499 617 504 -
633 484 733 517 Virtus,
751 485 820 510 idest
837 484 893 510 vio-

232 521 319 547 latia.
338 521 378 551 111.
395 528 441 551 vn,
453 528 480 553 4,
495 520 519 546 5.

196 555 278 583 vim
296 571 330 577 —
349 556 408 582 Non
425 555 456 582 fit
473 560 545 581 extra
562 555 698 581 mittendo.
716 555 750 586 11,
768 562 812 587 xn,
833 554 858 581 5.
874 569 895 574 -

191 587 193 594 ’
234 592 314 618 Color
331 597 373 618 eet
389 591 545 625 principium
563 597 615 624 quo
628 591 746 616 visionis.
760 590 800 622 111,
812 598 857 622 vn,
867 598 893 624 9.

230 641 252 647 -
269 627 321 659 Qui
338 635 462 661 magnam
480 626 651 660 quantitatem
668 626 746 656 videt,
762 633 815 651 non
833 634 894 659 pro-

231 667 290 697 pter
307 662 358 688 hoc
375 667 463 697 potest
481 662 610 688 minorem
627 661 724 693 videre,
738 661 786 687 sed
804 661 893 694 potius

233 706 249 724 e
261 698 404 724 contrario:
423 705 514 732 quare.
527 697 546 729 1,
557 705 616 728 xxv,
630 695 656 729 6,
666 704 693 730 7.
703 710 723 716 -
734 697 773 722 Ex
786 695 894 722 infirmi-

231 738 286 760 tate
296 733 371 760 visus
382 733 466 759 noan-i
479 733 590 766 eiusque
602 732 766 766 elongatione
776 733 896 765 provenit

233 776 362 804 apparens
376 769 576 803 circumgyratio
589 773 616 793 et
629 767 776 793 scintillatio
789 768 854 794 solis
868 772 895 793 et

232 805 377 831 stellarum.
395 804 425 835 11,
436 812 480 836 xn,
493 811 520 837 4.
534 802 561 830 6.
584 803 651 829 Viae
667 803 729 829 Son.

196 840 267 866 Vtra
279 852 313 860 —
328 839 422 866 Vivere
443 839 566 873 importat
583 846 644 864 ease
661 843 689 864 et
705 839 894 873 operationem.

234 875 270 906 11.
287 883 323 907 lv,
343 873 368 901 5.
385 888 406 896 ·-
423 875 569 908 Intelligere
586 879 628 900 eat
646 875 781 908 quoddam
797 874 894 906 vivere,

233 915 261 937 et
277 911 374 937 sentim
392 915 420 937 et
436 910 486 936 alia
502 910 653 936 huiusmodi
671 910 723 942 (11
733 910 767 936 de
784 910 893 940 Anima,

234 946 280 973 Lx
295 946 405 979 sshie.).
422 946 453 977 11,
465 953 500 977 xv,
516 944 541 971 5.
558 953 631 976 xvm.
649 953 690 978 ¹4·
705 946 747 980 eff.
759 946 777 976 1,
789 953 840 971 xxi.
853 953 893 971 10.

231 996 252 1002 -
263 981 298 1008 lin
309 989 378 1016 qma
391 986 454 1008 nmt
468 986 539 1007 ema
550 982 660 1014 ,caelum
673 981 758 1014 (idest
771 981 894 1007 substan—

231 1016 276 1043 fii·
293 1016 439 1053 separatis),
453 1017 599 1043 attribuitur
616 1017 669 1042 vita
685 1017 793 1051 optima,
805 1024 853 1050 per
864 1024 894 1042 ae

994 230 1066 267 DE
1095 229 1272 267 CAELO
1301 230 1374 267 ET
1402 229 1598 267 MUNDO

983 307 1203 334 sufficientissima
1222 313 1247 334 et
1265 309 1291 334 in
1309 313 1364 334 toto
1383 313 1497 334 aeterno.
1516 309 1534 340 1,
1552 317 1602 340 xx1,
1616 309 1641 340 8,

983 351 1044 377 sqq.
1061 358 1082 364 —-
1099 344 1140 369 Ab
1163 344 1214 369 illis
1231 344 1437 369 communicatur
1461 345 1517 370 aliis
1539 345 1642 375 vivere,

982 387 1035 404 non
1054 380 1197 412 aequaliter
1214 385 1302 405 tamen
1323 380 1455 405 omnibus.
1474 380 1492 410 1.
1505 388 1554 410 xxi,
1573 388 1613 406 10.
1624 394 1643 400 -

982 415 1041 439 Vita
1054 415 1226 448 corporalium
1245 423 1297 440 non
1316 420 1356 440 est
1373 416 1479 449 optima.
1495 416 1512 448 Ι,
1526 423 1576 446 m,
1589 415 1614 441 8.
1623 429 1643 435 -

983 449 1111 475 Caelestia
1129 458 1246 483 corpora,
1265 450 1365 476 etiamsi
1384 451 1436 476 sint
1453 451 1572 481 animata,
1589 459 1643 476 non

982 484 1079 511 habent
1092 486 1172 511 vitam
1190 486 1316 518 optimam
1321 494 1329 517 ;
1347 494 1395 511 nec
1407 494 1454 519 per
1467 494 1497 512 se
1513 486 1642 512 sufficien-

982 520 1120 546 tissimam.
1135 521 1199 546 ibid.
1210 535 1230 540 —
1243 521 1386 547 Cuiuslibet
1397 522 1507 547 viventis
1525 522 1642 555 eorporis

984 555 1062 581 debet
1079 563 1149 582 esse.
1157 556 1244 589 aliqua
1262 557 1378 590 operatio
1395 557 1463 583 vitae
1478 557 1505 582 in
1518 557 1577 591 ipso
1595 565 1641 591 ap·

983 598 1087 623 parens.
1106 591 1135 621 11,
1149 599 1219 623 xvm,
1237 599 1278 623 14.

1018 626 1142 651 Mensura
1158 626 1226 652 vitae
1246 627 1382 652 cuiuslibet
1399 627 1436 652 rei
1454 632 1561 653 vocatur
1583 635 1642 654 sae-

982 661 1071 687 culum
1082 662 1125 686 vel
1137 665 1276 687 aeternum
1289 662 1380 695 ipsius.
1394 662 1412 692 1,
1426 670 1475 694 xxx,
1494 670 1533 688 10.
1546 677 1566 682 -
1579 664 1641 689 Per-

982 697 1094 730 petuius
1105 697 1173 722 vitae
1186 697 1278 722 dicitur
1291 698 1480 723 immortalitas.
1494 698 1522 729 11,
1537 706 1555 729 1,
1570 706 1594 724 2.
1606 707 1641 730 iv,

984 731 1010 757 5.
1031 732 1072 766 CJ'.
1092 731 1114 764 1,
1133 740 1189 763 xxx,
1208 740 1234 766 9.
1251 747 1271 752 -
1289 732 1458 758 Conservatio
1481 734 1548 758 vitae
1566 741 1641 766 prae-

983 767 1092 801 -gitur
1109 768 1142 793 ad
1160 767 1353 793 beatitudinem.
1372 768 1401 798 11,
1415 775 1484 798 xvm.
1496 776 1524 800 4.

946 802 1046 828 Vri-mu
1063 816 1100 822 —
1117 803 1168 828 Uni
1186 803 1248 828 vitio
1276 803 1445 829 contrariatur
1468 808 1494 829 et
1517 804 1598 829 virtus
1618 809 1644 829 et

982 838 1074 864 vitium
1085 839 1244 872 oppositum.
1255 839 1430 864 diversimode
1441 839 1608 870 tamen.1,1V,
1615 839 1642 866 8.

947 874 1143 900 Vomnnmmn
1157 889 1191 893 —
1209 874 1274 900 Vide
1291 875 1398 906 Morus,
1418 874 1583 900 onmwu.

947 910 1103 935 Veto-rano
1118 925 1152 929 —
1171 910 1236 936 Vide
1254 910 1484 940 Cmcmtomno,
1502 911 1589 936 Lmu.

948 946 1005 972 Vox
1017 959 1052 967 -
1066 945 1124 971 Vox
1142 950 1168 971 et
1186 946 1317 971 silentium
1335 954 1382 979 per
1400 953 1430 971 se
1448 945 1559 971 invicem
1578 946 1643 971 diiu-

984 981 1101 1007 dicantur
1119 986 1146 1007 et
1167 981 1355 1007 discernuntur.
1370 981 1404 1013 11,
1422 989 1479 1012 xxv,
1498 989 1526 1014 4.
1542 995 1562 1001 —
1578 981 1644 1007 Vide

985 1017 1178 1043 Prmaooium.

2314 227 2392 274 445

2028 321 2064 357 X

1693 413 1872 438 xzuocmras
1891 426 1926 431 —-
1945 412 2009 437 Eius
2028 412 2154 445 expositio
2179 412 2310 437 doen-inae
2334 412 2394 437 Pla·

1729 448 1831 474 tonicae
1848 447 1940 473 mundi
1958 447 2036 481 geniti
2055 453 2081 473 et
2099 447 2312 480 incorruptibilis:
2331 448 2391 473 reii-

1730 484 1796 509 citur
1815 483 1832 514 1,
1846 491 1916 514 xxm,
1934 491 1956 514 1,
1973 490 1996 508 2.
2014 483 2088 517 Cs.1,
2101 490 2166 513 nix.
2183 490 2207 508 2.

1692 519 1876 545 ximorms
1895 519 2084 544 eonornomus
2098 532 2132 537 —
2146 518 2189 543 Ad
2203 518 2390 551 assignandum

1732 562 1838 580 causam
1862 554 1955 587 quietis
1973 558 2070 585 terrae,
2094 553 2155 579 dixit
2170 553 2255 586 ipsam
2273 561 2334 579 esse
2352 553 2392 578 in-

1730 589 1837 650 finitam‘5
1847 590 1967 615 inferius:
1985 589 2193 622 reprehenditur.
2213 589 2241 619 ΙΙ,
2255 596 2315 620 xm,
2327 596 2353 621 4,
2368 588 2392 614 5.

1730 633 1802 657 xxxv,
1839 643 1847 652 .

2025 702 2057 739 Ζ

1696 805 1830 831 Zooucus
1838 819 1874 824 —
1883 806 1999 831 Horizon
2013 805 2103 831 dividit
2114 805 2240 831 circulum
2249 805 2392 831 zodiacum

1733 841 1759 865 in
1773 841 1825 866 duo
1839 841 1936 866 media:
1956 849 2002 866 sex
2015 841 2090 874 signa
2103 845 2230 874 apparent
2247 848 2328 874 super
2340 845 2392 866 ter-

1732 884 1797 906 ram,
1811 881 1865 901 tam
1878 876 1905 901 in
1918 876 2029 910 sphaera
2042 881 2113 902 recta
2131 883 2212 909 quam
2231 877 2258 902 in
2275 876 2392 910 obliqua.

1733 911 1762 942 11,
1774 920 1825 942 xxi,
1841 919 1868 944 4.
1885 919 1951 942 xxvi,
1975 919 2014 937 10.
2031 925 2051 933 -
2069 912 2189 937 circulus
2208 911 2334 945 sphaerae
2352 912 2395 937 lu-

1733 947 1802 972 naris
1823 952 1893 972 secat
1911 947 2052 972 Zodiacum
2070 948 2097 972 in
2116 947 2218 973 duobus
2233 947 2344 980 punctis.
2363 946 2394 976 11,

1733 989 1793 1012 xvn,
1813 981 1837 1008 5.
1861 983 1901 1016 Cf.
1920 983 1996 1008 Nom.
2022 983 2062 1008 De
2081 983 2195 1009 motibus
2213 983 2349 1008 stellarum
2367 982 2395 1007 in

1734 1017 1855 1043 Zodiaco.
1873 1017 1902 1043 IL
1921 1025 1981 1050 xvn,
2002 1025 2026 1049 2,
2045 1026 2072 1052 7.
