<?xml version="1.0" encoding="UTF-8"?>
<!DOCTYPE html PUBLIC "-//W3C//DTD XHTML 1.0 Transitional//EN"
    "http://www.w3.org/TR/xhtml1/DTD/xhtml1-transitional.dtd">
<html xmlns="http://www.w3.org/1999/xhtml" xml:lang="en" lang="en">
 <head>
  <title>
</title>
<meta http-equiv="Content-Type" content="text/html;charset=utf-8" />
  <meta name='ocr-system' content='tesseract 3.04.00' />
  <meta name='ocr-capabilities' content='ocr_page ocr_carea ocr_par ocr_line ocrx_word'/>
</head>
<body>
  <div class='ocr_page' id='page_1' title='image "./operaomniaiussui03thom/operaomniaiussui03thom_0461.png"; bbox 0 0 2782 4134; ppageno 0'>
   <div class='ocr_carea' id='block_1_1' title="bbox 0 108 216 4132">
    <p class='ocr_par' dir='ltr' id='par_1_1' title="bbox 0 108 216 4132">
     <span class='ocr_line' id='line_1_1' title="bbox 0 108 216 4132; baseline 0 0"><span class='ocrx_word' id='word_1_1' title='bbox 0 108 216 4132; x_wconf 95' lang='lat' dir='ltr'> </span> 
     </span>
    </p>
   </div>
   <div class='ocr_carea' id='block_1_2' title="bbox 1089 227 1550 276">
    <p class='ocr_par' dir='ltr' id='par_1_2' title="bbox 1089 227 1550 276">
     <span class='ocr_line' id='line_1_2' title="bbox 1089 227 1550 276; baseline -0.004 -10"><span class='ocrx_word' id='word_1_2' title='bbox 1089 229 1202 266; x_wconf 89' lang='lat' dir='ltr'><strong>CAP.</strong></span> <span class='ocrx_word' id='word_1_3' title='bbox 1230 229 1282 276; x_wconf 89' lang='lat' dir='ltr'>v,</span> <span class='ocrx_word' id='word_1_4' title='bbox 1312 227 1465 265; x_wconf 85' lang='lat' dir='ltr'><strong>LECT.</strong></span> <span class='ocrx_word' id='word_1_5' title='bbox 1496 227 1550 264; x_wconf 86' lang='lat' dir='ltr'>1x</span> 
     </span>
    </p>
   </div>
   <div class='ocr_carea' id='block_1_3' title="bbox 220 307 1294 785">
    <p class='ocr_par' dir='ltr' id='par_1_3' title="bbox 220 307 1294 785">
     <span class='ocr_line' id='line_1_3' title="bbox 221 307 1292 357; baseline -0.004 -9"><span class='ocrx_word' id='word_1_6' title='bbox 221 311 274 349; x_wconf 89' lang='lat' dir='ltr'>Et</span> <span class='ocrx_word' id='word_1_7' title='bbox 299 309 376 347; x_wconf 89' lang='lat' dir='ltr'>hoc</span> <span class='ocrx_word' id='word_1_8' title='bbox 402 308 504 356; x_wconf 91' lang='lat' dir='ltr'>ideo,</span> <span class='ocrx_word' id='word_1_9' title='bbox 525 307 616 357; x_wconf 88' lang='lat' dir='ltr'>quia</span> <span class='ocrx_word' id='word_1_10' title='bbox 643 319 800 346; x_wconf 88' lang='lat' dir='ltr'>necesse</span> <span class='ocrx_word' id='word_1_11' title='bbox 825 313 882 344; x_wconf 92' lang='lat' dir='ltr'>est</span> <span class='ocrx_word' id='word_1_12' title='bbox 908 307 1014 356; x_wconf 92' lang='lat' dir='ltr'>quod</span> <span class='ocrx_word' id='word_1_13' title='bbox 1042 308 1099 344; x_wconf 91' lang='lat' dir='ltr'>sol</span> <span class='ocrx_word' id='word_1_14' title='bbox 1127 307 1292 344; x_wconf 89' lang='lat' dir='ltr'>multum</span> 
     </span>
     <span class='ocr_line' id='line_1_4' title="bbox 223 360 1294 411; baseline -0.005 -9"><span class='ocrx_word' id='word_1_15' title='bbox 223 363 420 411; x_wconf 86' lang='lat' dir='ltr'>elongetur</span> <span class='ocrx_word' id='word_1_16' title='bbox 447 369 484 399; x_wconf 88' lang='lat' dir='ltr'>et</span> <span class='ocrx_word' id='word_1_17' title='bbox 519 361 647 398; x_wconf 86' lang='lat' dir='ltr'>minus</span> <span class='ocrx_word' id='word_1_18' title='bbox 683 360 911 408; x_wconf 83' lang='lat' dir='ltr'>invalescat,</span> <span class='ocrx_word' id='word_1_19' title='bbox 952 367 988 397; x_wconf 91' lang='lat' dir='ltr'>et</span> <span class='ocrx_word' id='word_1_20' title='bbox 1023 372 1103 397; x_wconf 91' lang='lat' dir='ltr'>non</span> <span class='ocrx_word' id='word_1_21' title='bbox 1129 360 1294 398; x_wconf 87' lang='lat' dir='ltr'>totaliter</span> 
     </span>
     <span class='ocr_line' id='line_1_5' title="bbox 222 412 1294 463; baseline -0.004 -9"><span class='ocrx_word' id='word_1_22' title='bbox 222 422 356 455; x_wconf 84' lang='lat' dir='ltr'>exurat</span> <span class='ocrx_word' id='word_1_23' title='bbox 373 414 572 463; x_wconf 88' lang='lat' dir='ltr'>regionem</span> <span class='ocrx_word' id='word_1_24' title='bbox 594 413 697 451; x_wconf 91' lang='lat' dir='ltr'>illam</span> <span class='ocrx_word' id='word_1_25' title='bbox 715 425 763 450; x_wconf 89' lang='lat' dir='ltr'>ex</span> <span class='ocrx_word' id='word_1_26' title='bbox 781 425 859 462; x_wconf 92' lang='lat' dir='ltr'>qua</span> <span class='ocrx_word' id='word_1_27' title='bbox 876 412 897 435; x_wconf 80' lang='lat'>&#39;¹‘</span> <span class='ocrx_word' id='word_1_28' title='bbox 914 413 1010 450; x_wconf 86' lang='lat' dir='ltr'>flant</span> <span class='ocrx_word' id='word_1_29' title='bbox 1026 413 1132 450; x_wconf 90' lang='lat' dir='ltr'>venti</span> <span class='ocrx_word' id='word_1_30' title='bbox 1150 421 1294 450; x_wconf 89' lang='lat' dir='ltr'>austra-</span> 
     </span>
     <span class='ocr_line' id='line_1_6' title="bbox 220 465 1294 518; baseline -0.005 -10"><span class='ocrx_word' id='word_1_31' title='bbox 220 470 288 517; x_wconf 84' lang='lat' dir='ltr'>les,</span> <span class='ocrx_word' id='word_1_32' title='bbox 307 475 350 506; x_wconf 90' lang='lat' dir='ltr'>ut</span> <span class='ocrx_word' id='word_1_33' title='bbox 366 467 515 518; x_wconf 89' lang='lat' dir='ltr'><strong>possint</strong></span> <span class='ocrx_word' id='word_1_34' title='bbox 537 466 686 516; x_wconf 86' lang='lat' dir='ltr'>aliquae</span> <span class='ocrx_word' id='word_1_35' title='bbox 715 465 972 504; x_wconf 85' lang='lat' dir='ltr'>exhalationes</span> <span class='ocrx_word' id='word_1_36' title='bbox 998 466 1143 504; x_wconf 88' lang='lat' dir='ltr'>elevari</span> <span class='ocrx_word' id='word_1_37' title='bbox 1162 466 1212 504; x_wconf 88' lang='lat' dir='ltr'>ad</span> <span class='ocrx_word' id='word_1_38' title='bbox 1230 478 1294 514; x_wconf 86' lang='lat' dir='ltr'>ge-</span> 
     </span>
     <span class='ocr_line' id='line_1_7' title="bbox 221 518 1294 568; baseline -0.006 -7"><span class='ocrx_word' id='word_1_39' title='bbox 221 521 462 561; x_wconf 89' lang='lat' dir='ltr'>nerationem</span> <span class='ocrx_word' id='word_1_40' title='bbox 489 527 708 558; x_wconf 88' lang='lat' dir='ltr'>ventorum.</span> <span class='ocrx_word' id='word_1_41' title='bbox 746 520 797 556; x_wconf 94' lang='lat' dir='ltr'>Et</span> <span class='ocrx_word' id='word_1_42' title='bbox 823 519 920 556; x_wconf 88' lang='lat' dir='ltr'>haec</span> <span class='ocrx_word' id='word_1_43' title='bbox 948 525 1004 556; x_wconf 87' lang='lat' dir='ltr'>est</span> <span class='ocrx_word' id='word_1_44' title='bbox 1040 518 1136 556; x_wconf 86' lang='lat' dir='ltr'>ratio</span> <span class='ocrx_word' id='word_1_45' title='bbox 1173 530 1294 568; x_wconf 83' lang='lat' dir='ltr'>quare</span> 
     </span>
     <span class='ocr_line' id='line_1_8' title="bbox 221 571 1293 622; baseline -0.006 -8"><span class='ocrx_word' id='word_1_46' title='bbox 221 587 304 614; x_wconf 91' lang='lat' dir='ltr'>non</span> <span class='ocrx_word' id='word_1_47' title='bbox 331 574 511 612; x_wconf 85' lang='lat' dir='ltr'>continue</span> <span class='ocrx_word' id='word_1_48' title='bbox 528 573 643 610; x_wconf 85' lang='lat' dir='ltr'>flant:</span> <span class='ocrx_word' id='word_1_49' title='bbox 670 571 760 622; x_wconf 93' lang='lat' dir='ltr'>quia</span> <span class='ocrx_word' id='word_1_50' title='bbox 778 571 971 622; x_wconf 87' lang='lat' dir='ltr'>quaedam</span> <span class='ocrx_word' id='word_1_51' title='bbox 990 571 1235 609; x_wconf 88' lang='lat' dir='ltr'>humiditates</span> <span class='ocrx_word' id='word_1_52' title='bbox 1254 571 1293 608; x_wconf 91' lang='lat' dir='ltr'>in</span> 
     </span>
     <span class='ocr_line' id='line_1_9' title="bbox 221 624 1294 678; baseline -0.005 -12"><span class='ocrx_word' id='word_1_53' title='bbox 221 627 425 678; x_wconf 85' lang='lat' dir='ltr'>superficie</span> <span class='ocrx_word' id='word_1_54' title='bbox 452 635 574 664; x_wconf 84' lang='lat' dir='ltr'>terrae</span> <span class='ocrx_word' id='word_1_55' title='bbox 599 625 800 664; x_wconf 84' lang='lat' dir='ltr'>existentes</span> <span class='ocrx_word' id='word_1_56' title='bbox 821 632 858 662; x_wconf 88' lang='lat' dir='ltr'>et</span> <span class='ocrx_word' id='word_1_57' title='bbox 876 624 1032 672; x_wconf 89' lang='lat' dir='ltr'>debiles,</span> <span class='ocrx_word' id='word_1_58' title='bbox 1053 624 1229 662; x_wconf 86' lang='lat' dir='ltr'>exhalant</span> <span class='ocrx_word' id='word_1_59' title='bbox 1248 637 1294 662; x_wconf 88' lang='lat' dir='ltr'>ex</span> 
     </span>
     <span class='ocr_line' id='line_1_10' title="bbox 221 677 1294 731; baseline -0.005 -12"><span class='ocrx_word' id='word_1_60' title='bbox 221 681 284 719; x_wconf 89' lang='lat' dir='ltr'>illa</span> <span class='ocrx_word' id='word_1_61' title='bbox 302 687 409 731; x_wconf 87' lang='lat' dir='ltr'>parte</span> <span class='ocrx_word' id='word_1_62' title='bbox 432 687 567 728; x_wconf 90' lang='lat' dir='ltr'>terrae,</span> <span class='ocrx_word' id='word_1_63' title='bbox 588 679 670 717; x_wconf 92' lang='lat' dir='ltr'>sole</span> <span class='ocrx_word' id='word_1_64' title='bbox 696 678 750 716; x_wconf 92' lang='lat' dir='ltr'>sic</span> <span class='ocrx_word' id='word_1_65' title='bbox 778 678 969 726; x_wconf 87' lang='lat' dir='ltr'>elongato,</span> <span class='ocrx_word' id='word_1_66' title='bbox 990 689 1037 715; x_wconf 91' lang='lat' dir='ltr'>ex</span> <span class='ocrx_word' id='word_1_67' title='bbox 1055 677 1195 728; x_wconf 88' lang='lat' dir='ltr'>quibus</span> <span class='ocrx_word' id='word_1_68' title='bbox 1214 689 1294 715; x_wconf 91' lang='lat' dir='ltr'>non</span> 
     </span>
     <span class='ocr_line' id='line_1_11' title="bbox 221 730 1294 785; baseline -0.005 -13"><span class='ocrx_word' id='word_1_69' title='bbox 221 741 350 785; x_wconf 90' lang='lat' dir='ltr'>potest</span> <span class='ocrx_word' id='word_1_70' title='bbox 367 732 540 783; x_wconf 87' lang='lat' dir='ltr'>generari</span> <span class='ocrx_word' id='word_1_71' title='bbox 559 732 764 771; x_wconf 87' lang='lat' dir='ltr'>continuus</span> <span class='ocrx_word' id='word_1_72' title='bbox 781 738 939 778; x_wconf 82' lang='lat' dir='ltr'>ventus3</span> <span class='ocrx_word' id='word_1_73' title='bbox 961 730 1057 768; x_wconf 86' lang='lat' dir='ltr'>aliae</span> <span class='ocrx_word' id='word_1_74' title='bbox 1077 737 1205 768; x_wconf 90' lang='lat' dir='ltr'>autem</span> <span class='ocrx_word' id='word_1_75' title='bbox 1223 731 1294 767; x_wconf 91' lang='lat' dir='ltr'>hu-</span> 
     </span>
    </p>
   </div>
   <div class='ocr_carea' id='block_1_4' title="bbox 363 3642 719 3676">
    <p class='ocr_par' dir='ltr' id='par_1_4' title="bbox 363 3642 719 3676">
     <span class='ocr_line' id='line_1_12' title="bbox 363 3642 719 3676; baseline 0 -8"><span class='ocrx_word' id='word_1_76' title='bbox 363 3642 434 3676; x_wconf 86' lang='lat' dir='ltr'>opp.</span> <span class='ocrx_word' id='word_1_77' title='bbox 451 3642 484 3668; x_wconf 88' lang='lat' dir='ltr'>D.</span> <span class='ocrx_word' id='word_1_78' title='bbox 498 3642 613 3668; x_wconf 71' lang='lat' dir='ltr'>Tuom</span> <span class='ocrx_word' id='word_1_79' title='bbox 630 3642 664 3668; x_wconf 91' lang='grc' dir='ltr'>Τ.</span> <span class='ocrx_word' id='word_1_80' title='bbox 677 3643 719 3668; x_wconf 85' lang='grc' dir='ltr'><strong>ΙΙΙ.</strong></span> 
     </span>
    </p>
   </div>
   <div class='ocr_carea' id='block_1_5' title="bbox 2335 239 2414 277">
    <p class='ocr_par' dir='ltr' id='par_1_5' title="bbox 2335 239 2414 277">
     <span class='ocr_line' id='line_1_13' title="bbox 2335 239 2414 277; baseline 0.025 -2"><span class='ocrx_word' id='word_1_81' title='bbox 2335 239 2414 277; x_wconf 87' lang='lat'>417</span> 
     </span>
    </p>
   </div>
   <div class='ocr_carea' id='block_1_6' title="bbox 1347 305 2422 779">
    <p class='ocr_par' dir='ltr' id='par_1_6' title="bbox 1347 305 2422 779">
     <span class='ocr_line' id='line_1_14' title="bbox 1347 305 2422 356; baseline 0.001 -12"><span class='ocrx_word' id='word_1_82' title='bbox 1347 306 1558 355; x_wconf 90' lang='lat' dir='ltr'>miditates‚</span> <span class='ocrx_word' id='word_1_83' title='bbox 1588 318 1688 356; x_wconf 89' lang='lat' dir='ltr'>quae</span> <span class='ocrx_word' id='word_1_84' title='bbox 1717 313 1805 344; x_wconf 90' lang='lat' dir='ltr'>sunt</span> <span class='ocrx_word' id='word_1_85' title='bbox 1833 305 1955 355; x_wconf 88' lang='lat' dir='ltr'>magis</span> <span class='ocrx_word' id='word_1_86' title='bbox 1984 306 2223 355; x_wconf 87' lang='lat' dir='ltr'>congelatae,</span> <span class='ocrx_word' id='word_1_87' title='bbox 2252 306 2422 356; x_wconf 91' lang='lat' dir='ltr'>indigent</span> 
     </span>
     <span class='ocr_line' id='line_1_15' title="bbox 1347 359 2420 408; baseline 0.001 -11"><span class='ocrx_word' id='word_1_88' title='bbox 1347 359 1485 397; x_wconf 89' lang='lat' dir='ltr'>maiori</span> <span class='ocrx_word' id='word_1_89' title='bbox 1524 359 1712 397; x_wconf 88' lang='lat' dir='ltr'>caliditate</span> <span class='ocrx_word' id='word_1_90' title='bbox 1749 359 1800 397; x_wconf 93' lang='lat' dir='ltr'>ad</span> <span class='ocrx_word' id='word_1_91' title='bbox 1836 359 1912 396; x_wconf 90' lang='lat' dir='ltr'>hoc</span> <span class='ocrx_word' id='word_1_92' title='bbox 1949 359 2055 408; x_wconf 94' lang='lat' dir='ltr'>quod</span> <span class='ocrx_word' id='word_1_93' title='bbox 2093 360 2291 407; x_wconf 89' lang='lat' dir='ltr'>exhalent;</span> <span class='ocrx_word' id='word_1_94' title='bbox 2330 373 2420 398; x_wconf 90' lang='lat' dir='ltr'>cum</span> 
     </span>
     <span class='ocr_line' id='line_1_16' title="bbox 1348 412 2419 462; baseline 0.002 -12"><span class='ocrx_word' id='word_1_95' title='bbox 1348 413 1489 450; x_wconf 90' lang='lat' dir='ltr'>scilicet</span> <span class='ocrx_word' id='word_1_96' title='bbox 1508 413 1676 451; x_wconf 90' lang='lat' dir='ltr'>caliditas</span> <span class='ocrx_word' id='word_1_97' title='bbox 1705 425 1825 462; x_wconf 89' lang='lat' dir='ltr'>quam</span> <span class='ocrx_word' id='word_1_98' title='bbox 1853 420 1945 450; x_wconf 88' lang='lat' dir='ltr'>tunc</span> <span class='ocrx_word' id='word_1_99' title='bbox 1963 412 2115 450; x_wconf 86' lang='lat' dir='ltr'>exhibet</span> <span class='ocrx_word' id='word_1_100' title='bbox 2133 413 2201 460; x_wconf 91' lang='lat' dir='ltr'>sol,</span> <span class='ocrx_word' id='word_1_101' title='bbox 2223 413 2269 450; x_wconf 91' lang='lat' dir='ltr'>sit</span> <span class='ocrx_word' id='word_1_102' title='bbox 2286 426 2419 462; x_wconf 81' lang='lat' dir='ltr'>parva,</span> 
     </span>
     <span class='ocr_line' id='line_1_17' title="bbox 1348 465 2420 514; baseline 0.001 -12"><span class='ocrx_word' id='word_1_103' title='bbox 1348 466 1439 514; x_wconf 89' lang='lat' dir='ltr'>quia</span> <span class='ocrx_word' id='word_1_104' title='bbox 1466 467 1525 503; x_wconf 91' lang='lat' dir='ltr'>sol</span> <span class='ocrx_word' id='word_1_105' title='bbox 1554 473 1610 504; x_wconf 90' lang='lat' dir='ltr'>est</span> <span class='ocrx_word' id='word_1_106' title='bbox 1637 465 1791 504; x_wconf 87' lang='lat' dir='ltr'>distans.</span> <span class='ocrx_word' id='word_1_107' title='bbox 1821 466 1871 504; x_wconf 90' lang='lat' dir='ltr'>Et</span> <span class='ocrx_word' id='word_1_108' title='bbox 1897 465 1986 504; x_wconf 89' lang='lat' dir='ltr'>ideo</span> <span class='ocrx_word' id='word_1_109' title='bbox 2014 465 2074 503; x_wconf 88' lang='lat' dir='ltr'>isti</span> <span class='ocrx_word' id='word_1_110' title='bbox 2100 466 2205 503; x_wconf 89' lang='lat' dir='ltr'>venti</span> <span class='ocrx_word' id='word_1_111' title='bbox 2225 478 2306 503; x_wconf 92' lang='lat' dir='ltr'>non</span> <span class='ocrx_word' id='word_1_112' title='bbox 2329 479 2420 503; x_wconf 92' lang='lat' dir='ltr'>con-</span> 
     </span>
     <span class='ocr_line' id='line_1_18' title="bbox 1347 519 2421 569; baseline 0 -13"><span class='ocrx_word' id='word_1_113' title='bbox 1347 519 1474 566; x_wconf 88' lang='lat' dir='ltr'>tinue,</span> <span class='ocrx_word' id='word_1_114' title='bbox 1510 519 1578 557; x_wconf 91' lang='lat' dir='ltr'>sed</span> <span class='ocrx_word' id='word_1_115' title='bbox 1606 519 1830 569; x_wconf 88' lang='lat' dir='ltr'>interpolate</span> <span class='ocrx_word' id='word_1_116' title='bbox 1858 519 1973 568; x_wconf 91' lang='lat' dir='ltr'>flant,</span> <span class='ocrx_word' id='word_1_117' title='bbox 2003 519 2129 557; x_wconf 92' lang='lat' dir='ltr'>donec</span> <span class='ocrx_word' id='word_1_118' title='bbox 2164 519 2301 557; x_wconf 86' lang='lat' dir='ltr'>iterum</span> <span class='ocrx_word' id='word_1_119' title='bbox 2332 526 2421 569; x_wconf 91' lang='lat' dir='ltr'>post</span> 
     </span>
     <span class='ocr_line' id='line_1_19' title="bbox 1347 571 2420 621; baseline 0.002 -13"><span class='ocrx_word' id='word_1_120' title='bbox 1347 572 1546 609; x_wconf 88' lang='lat' dir='ltr'>versiones</span> <span class='ocrx_word' id='word_1_121' title='bbox 1575 572 1738 610; x_wconf 86' lang='lat' dir='ltr'>aestivas</span> <span class='ocrx_word' id='word_1_122' title='bbox 1772 571 1951 610; x_wconf 87' lang='lat' dir='ltr'>flaverint</span> <span class='ocrx_word' id='word_1_123' title='bbox 1988 572 2126 610; x_wconf 88' lang='lat' dir='ltr'>etesiae</span> <span class='ocrx_word' id='word_1_124' title='bbox 2155 585 2201 610; x_wconf 85' lang='lat' dir='ltr'>ex</span> <span class='ocrx_word' id='word_1_125' title='bbox 2226 579 2334 621; x_wconf 87' lang='lat' dir='ltr'>parte</span> <span class='ocrx_word' id='word_1_126' title='bbox 2362 585 2420 610; x_wconf 90' lang='lat' dir='ltr'>se-</span> 
     </span>
     <span class='ocr_line' id='line_1_20' title="bbox 1348 625 2420 674; baseline 0.002 -13"><span class='ocrx_word' id='word_1_127' title='bbox 1348 625 1590 673; x_wconf 89' lang='lat' dir='ltr'>ptentrionis:</span> <span class='ocrx_word' id='word_1_128' title='bbox 1611 625 1833 663; x_wconf 89' lang='lat' dir='ltr'>huiusmodi</span> <span class='ocrx_word' id='word_1_129' title='bbox 1849 625 1952 664; x_wconf 89' lang='lat' dir='ltr'>enim</span> <span class='ocrx_word' id='word_1_130' title='bbox 1965 625 2071 664; x_wconf 83' lang='lat' dir='ltr'>venti</span> <span class='ocrx_word' id='word_1_131' title='bbox 2086 625 2326 674; x_wconf 89' lang='lat' dir='ltr'>aquilonares</span> <span class='ocrx_word' id='word_1_132' title='bbox 2339 638 2420 662; x_wconf 91' lang='lat' dir='ltr'>ma-</span> 
     </span>
     <span class='ocr_line' id='line_1_21' title="bbox 1349 677 2421 729; baseline 0.003 -16"><span class='ocrx_word' id='word_1_133' title='bbox 1349 677 1404 725; x_wconf 89' lang='lat' dir='ltr'>gis</span> <span class='ocrx_word' id='word_1_134' title='bbox 1423 677 1566 715; x_wconf 90' lang='lat' dir='ltr'>habent</span> <span class='ocrx_word' id='word_1_135' title='bbox 1579 684 1599 706; x_wconf 71' lang='lat'>¹⁸</span> <span class='ocrx_word' id='word_1_136' title='bbox 1617 678 1869 727; x_wconf 89' lang='lat' dir='ltr'>aptitudinem</span> <span class='ocrx_word' id='word_1_137' title='bbox 1887 686 1930 717; x_wconf 93' lang='lat' dir='ltr'>ut</span> <span class='ocrx_word' id='word_1_138' title='bbox 1948 679 2126 717; x_wconf 86' lang='lat' dir='ltr'>continue</span> <span class='ocrx_word' id='word_1_139' title='bbox 2145 679 2250 728; x_wconf 89' lang='lat' dir='ltr'>flent,</span> <span class='ocrx_word' id='word_1_140' title='bbox 2264 686 2421 729; x_wconf 89' lang='lat' dir='ltr'>propter</span> 
     </span>
     <span class='ocr_line' id='line_1_22' title="bbox 1350 730 1803 779; baseline 0.004 -12"><span class='ocrx_word' id='word_1_141' title='bbox 1350 730 1607 779; x_wconf 89' lang='lat' dir='ltr'>supradictam</span> <span class='ocrx_word' id='word_1_142' title='bbox 1636 743 1803 769; x_wconf 88' lang='lat' dir='ltr'>causam.</span> 
     </span>
    </p>
   </div>
   <div class='ocr_carea' id='block_1_7' title="bbox 276 887 2026 928">
    <p class='ocr_par' dir='ltr' id='par_1_7' title="bbox 276 887 2026 928">
     <span class='ocr_line' id='line_1_23' title="bbox 276 887 2026 928; baseline -0.001 -11"><span class='ocrx_word' id='word_1_143' title='bbox 276 891 306 928; x_wconf 75' lang='grc' dir='ltr'>μ.)</span> <span class='ocrx_word' id='word_1_144' title='bbox 325 890 415 926; x_wconf 65' lang='lat' dir='ltr'>magis</span> <span class='ocrx_word' id='word_1_145' title='bbox 433 890 532 916; x_wconf 72' lang='lat' dir='ltr'>habent</span> <span class='ocrx_word' id='word_1_146' title='bbox 549 889 767 923; x_wconf 61' lang='lat' dir='ltr'>aptitudinem-</span> <span class='ocrx_word' id='word_1_147' title='bbox 785 890 906 916; x_wconf 77' lang='lat' dir='ltr'>maxime</span> <span class='ocrx_word' id='word_1_148' title='bbox 923 889 1022 916; x_wconf 80' lang='lat' dir='ltr'>habent</span> <span class='ocrx_word' id='word_1_149' title='bbox 1039 889 1219 923; x_wconf 75' lang='lat' dir='ltr'>aptitudinem</span> <span class='ocrx_word' id='word_1_150' title='bbox 1237 888 1270 914; x_wconf 89' lang='lat' dir='ltr'>B.</span> <span class='ocrx_word' id='word_1_151' title='bbox 1286 901 1305 908; x_wconf 86' lang='lat'>·-</span> <span class='ocrx_word' id='word_1_152' title='bbox 1323 888 1352 913; x_wconf 81' lang='lat' dir='ltr'>ln</span> <span class='ocrx_word' id='word_1_153' title='bbox 1370 887 1424 914; x_wconf 85' lang='lat' dir='ltr'>fine</span> <span class='ocrx_word' id='word_1_154' title='bbox 1442 888 1559 914; x_wconf 78' lang='lat' dir='ltr'>lectionis</span> <span class='ocrx_word' id='word_1_155' title='bbox 1577 888 1616 914; x_wconf 83' lang='lat' dir='ltr'>Pa</span> <span class='ocrx_word' id='word_1_156' title='bbox 1635 889 1733 915; x_wconf 77' lang='lat' dir='ltr'>addunt</span> <span class='ocrx_word' id='word_1_157' title='bbox 1751 889 1856 915; x_wconf 82' lang='lat' dir='ltr'>Deinde</span> <span class='ocrx_word' id='word_1_158' title='bbox 1874 897 1934 916; x_wconf 85' lang='lat' dir='ltr'>cum</span> <span class='ocrx_word' id='word_1_159' title='bbox 1952 890 2026 916; x_wconf 78' lang='lat' dir='ltr'>dicit.</span> 
     </span>
    </p>
   </div>
   <div class='ocr_carea' id='block_1_8' title="bbox 910 2011 1738 2318">
    <p class='ocr_par' dir='ltr' id='par_1_8' title="bbox 910 2011 1738 2318">
     <span class='ocr_line' id='line_1_24' title="bbox 910 2011 1738 2318; baseline 0 1816"><span class='ocrx_word' id='word_1_160' title='bbox 910 2011 1738 2318; x_wconf 95' lang='lat' dir='ltr'> </span> 
     </span>
    </p>
   </div>
   <div class='ocr_carea' id='block_1_9' title="bbox 2195 3634 2229 3660">
    <p class='ocr_par' dir='ltr' id='par_1_9' title="bbox 2195 3634 2229 3660">
     <span class='ocr_line' id='line_1_25' title="bbox 2195 3634 2229 3660; baseline 0 0"><span class='ocrx_word' id='word_1_161' title='bbox 2195 3634 2229 3660; x_wconf 84' lang='lat'>53</span> 
     </span>
    </p>
   </div>
  </div>
 </body>
</html>
