2782 4134
1107 277 1219 315 CAP.
1249 278 1317 326 111,
1348 278 1499 315 LECT.
1527 278 1579 315 Vl

1030 484 1330 542 LECTIO
1369 487 1654 544 SEXTA

380 634 438 665 DE
462 633 611 666 CAUSIS
634 634 693 664 ET
717 633 1029 665 GENERATIONE
1053 635 1410 668 DISCURRENTIUM
1433 638 1622 670 SIDERUM
1645 639 1703 670 ET
1726 639 1920 671 SIMILIUM
1943 639 2253 672 METEORORUM
2277 658 2296 664 -

1078 692 1368 724 DIFFERENTIA
1391 695 1524 741 INTER
1546 696 1603 726 EA

244 820 382 855 Τούτων
408 816 447 853 δὲ
469 815 707 865 διωρισμένων,
724 819 889 866 λέγωμεν,
907 815 968 853 διά
993 822 1055 854 τίν’
1078 822 1193 854 αἰτίαν
1220 822 1254 854 αἵ
1273 834 1311 854 τε

314 864 435 911 φλόγες
461 867 496 896 αἱ
519 863 687 908 καόμεναι
711 866 891 907 φαίνονται
917 867 991 910 περὶ
1013 865 1072 898 τὸν
1090 866 1230 920 οὐρανὸν
1253 869 1311 899 καὶ

313 912 344 942 οἱ
368 905 563 946 διαθέοντες
590 907 728 951 ἀστέρες
754 911 811 940 καὶ
838 911 867 941 οἱ
891 909 1095 954 καλούμενοι
1121 910 1188 942 υπό
1212 923 1311 944 τινων

313 949 412 986 δαλοὶ
443 954 503 985 καὶ
534 950 645 999 αἶγες·
673 953 791 985 ταῦτα
820 953 885 999 γάρ
911 954 1013 987 πάντ’
1042 953 1115 987 ἐστὶ
1148 955 1189 986 τὰ
1224 955 1312 988 αὐτό

312 999 372 1030 καὶ
395 992 456 1030 διαὶ
479 997 544 1034 τήν
571 995 683 1034 αὐτὴν
709 997 849 1039 αἰτίαν,
875 994 1024 1043 διαφέρει
1047 993 1086 1030 δὲ
1109 999 1158 1040 τῷ
1182 1000 1312 1044 μᾶλλον

312 1045 371 1075 καὶ
395 1041 518 1078 ἧττον.

240 1086 349 1132 Ἀρχὴ
373 1080 403 1117 δ’
423 1086 498 1119 ἐστὶ
521 1087 581 1117 καὶ
605 1084 740 1118 τούτων
765 1088 822 1118 καὶ
849 1087 982 1118 πολλῶν
1010 1087 1120 1119 ἄλλων
1139 1082 1216 1124 ἥδε·
1243 1086 1312 1133 θερ-

313 1130 517 1176 μαινομένης
540 1129 605 1176 γάρ
631 1129 693 1167 τῆς
718 1130 781 1176 γῆς
807 1131 873 1163 ὑπὸ
896 1131 958 1163 τοῦ
979 1131 1090 1172 ἡλίου,
1109 1131 1174 1168 τήν
1194 1131 1314 1164 ἀναθυ-

313 1178 429 1220 μίασιν
456 1173 523 1207 ἀνα
548 1178 646 1206 καῖον
665 1173 823 1220 ’γίνεσθαι
847 1175 895 1219 μή
918 1176 1046 1216 ἀπλῆν,
1065 1174 1107 1214 ὥς
1124 1187 1211 1213 τινες
1230 1178 1314 1208 οἴον-

314 1232 391 1260 ται,
406 1218 506 1251 ἄλλα
545 1219 664 1259 ιπλῆν,
683 1218 748 1255 τήν
773 1218 833 1263 μὲν
860 1215 1173 1264 ἀτμιδωδεστὲραν,
1193 1220 1258 1256 τήν
1276 1216 1314 1252 δὲ

286 1258 693 1318 ἶπνευματωδεστέρανζ
712 1263 777 1300 τήν
802 1263 862 1308 μὲν
888 1265 951 1296 τοῦ
976 1265 1009 1296 ἐν
1035 1265 1080 1307 τῇ
1105 1265 1150 1310 γῇ
1174 1265 1233 1296 καὶ
1258 1265 1314 1296 ἐπὶ

262 1326 265 1327 ’
313 1309 360 1352 τῇ
384 1308 430 1353 γῇ
457 1309 559 1354 ὑγροῦ
586 1306 732 1351 ἀτμίδα,
758 1307 823 1344 τήν
847 1304 879 1340 δ’
903 1308 1012 1346 αὐτῆς
1038 1310 1100 1346 τῆς
1124 1309 1187 1354 γῆς
1213 1308 1314 1346 οὔσης

312 1353 415 1397 ξηρᾶς
443 1347 627 1392 καπνώδη,
654 1355 711 1385 καὶ
737 1351 870 1384 τούτων
898 1352 961 1390 τήν
993 1352 1052 1396 μὲν
1084 1348 1312 1396 πνευματώδη

314 1396 536 1439 ἐπιπολάζειν
566 1396 626 1429 διά
651 1397 692 1428 τό
717 1394 856 1440 θερμὸν,
884 1396 948 1433 τὴν
973 1392 1002 1428 δ’
1032 1396 1217 1443 ύγροτέραν
1245 1398 1314 1442 ὑφί-

313 1441 465 1475 στασθαι
489 1436 549 1473 διά
573 1440 614 1472 τὰ
639 1440 754 1484 βάρος.
785 1441 850 1472 Καὶ
875 1435 934 1473 διά
959 1442 1076 1474 ταῦτα
1101 1442 1227 1474 τοῦτον
1253 1442 1312 1474 τὸν

313 1486 440 1532 τρόπον
465 1483 678 1530 κεκόσμηται
704 1484 745 1516 τὸ
771 1483 886 1528 πέριξ·
913 1486 1047 1530 πρῶτον
1072 1485 1132 1529 μὲν
1183 1486 1222 1529 οἰρ
1248 1485 1314 1518 died

314 1531 380 1568 τὴν
406 1529 583 1576 ἐγκύκλιον
615 1527 719 1571 φοράν
751 1528 825 1560 ἐστι
849 1528 892 1561 τὸ
916 1528 1033 1574 θερμὸν
1066 1531 1125 1562 καὶ
1169 1530 1269 1574 ηρὸν,
1298 1531 1314 1562 ὃ

312 1575 457 1622 λέγομεν
486 1574 551 1617 πῦρ
578 1572 771 1616 (ἀνώνυμον
799 1573 865 1619 γάρ
897 1573 939 1606 τὸ
969 1574 1081 1606 κοινὸν
1113 1575 1168 1607 ἐπὶ
1201 1574 1312 1612 πάσης

313 1621 378 1658 τῆς
400 1614 601 1655 καπνώδους
627 1611 837 1661 διακρίσεως·
865 1616 952 1661 ὅμως
970 1615 1008 1650 δὲ
1023 1618 1084 1651 διά
1100 1618 1142 1651 τὸ
1158 1618 1314 1674 μάλιστα

313 1661 498 1708 πεφυκέναι
522 1661 564 1694 τὸ
589 1662 749 1694 τοιοῦτον
776 1660 958 1695 ἑκκάεσθαι
983 1663 1050 1695 τῶν
1067 1675 1235 1708 σωματων
1262 1662 1317 1695 οὕ-

313 1721 380 1746 τως
407 1708 596 1752 ἀναγκαῖον
619 1704 767 1751 χρῆσθαι
788 1710 859 1743 τοῖς
878 1707 1072 1751 ὀνόμασιν),
1091 1708 1158 1740 ὐπὸ
1175 1703 1213 1740 δέ
1230 1707 1315 1740 ταύ-

314 1764 376 1790 την
403 1750 467 1788 τὴν
492 1750 587 1795 φύσιν
615 1749 691 1795 ἀήρ.

246 1802 304 1832 Δεῖ
324 1793 363 1830 δὲ
386 1796 509 1832 νοῆσαι
527 1795 596 1826 οἷον
614 1794 818 1838 ὑπέκκαυμα
844 1795 950 1828 τοῦτο
970 1795 986 1827 ὃ
1003 1796 1060 1826 νῦν
1078 1797 1215 1838 εἴπομεν
1234 1797 1313 1841 πῦρ,

314 1838 562 1887 περιτετάσθαι
575 1840 638 1877 τῆς
653 1841 726 1884 περὶ
740 1839 804 1876 τὴν
817 1840 881 1884 γῆν
895 1842 1037 1884 σφαίρας
1052 1839 1215 1885 ἔσχατον,
1227 1840 1314 1873 ὥστε

313 1885 432 1931 μικρᾶς
448 1882 609 1922 κινήσεως
627 1885 732 1929 τυχὸν
749 1882 931 1916 ἑκκάεσθαι
949 1883 1114 1922 πολλάκις
1127 1884 1237 1929 ὥσπερ
1255 1885 1314 1917 τὸν

313 1929 463 1964 καπνόν·
491 1928 647 1974 ἔστιγὰρ
673 1932 693 1966 ἡ
720 1927 803 1973 φλὸξ
820 1928 1016 1973 πνεύματος
1037 1928 1137 1974 ξηροῦ
1162 1929 1263 1973 ζέσις.

312 1975 351 2009 ἀν
378 1972 435 2007 οὖν
459 1971 616 2017 μάλιστα
640 1973 799 2017 εὐκαίρως
826 1973 888 2018 ἔχῃ
914 1974 935 2009 ἡ
961 1970 1110 2010 τοιαύτη
1136 1974 1314 2015 σύστασις,

315 2019 400 2053 ὅταν
420 2017 486 2050 daed
505 2017 568 2055 τῆς
586 2019 765 2062 περιφορᾶς
786 2017 905 2059 κινηθῇ
924 2029 1006 2058 πως,
1027 2018 1222 2050 ἑκκαίεται·
1242 2014 1316 2050 δια-

313 2064 402 2110 φέρει
426 2057 455 2093 δ’
485 2056 551 2098 ἤδη
575 2062 762 2099 κατάτῆν
788 2063 850 2094 τοῦ
877 2061 1143 2106 ὑπεκκαύματος
1169 2062 1273 2104 θέσιν,
1294 2061 1315 2099 ἦ

314 2109 356 2143 τὰ
382 2105 528 2143 πλῆθος·

319 2153 379 2198 μὲν
410 2151 476 2207 γάρ
513 2148 646 2188 πλάτος
681 2150 744 2196 ἔχῃ
779 2152 839 2182 καὶ
869 2151 976 2194 μῆκος
1011 2151 1052 2182 τὸ
1089 2150 1314 2196 ὑπέκκαυμα,

314 2198 480 2233 πολλάκις
513 2195 637 2238 ὁρᾶται
668 2194 830 2239 καιομένη
863 2194 947 2237 φλὸξ
979 2194 1088 2239 ὥσπερ
1122 2196 1155 2228 ἑν
1189 2196 1315 2240 ἀροόρᾳ

312 2240 495 2285 καιομένης
526 2237 702 2282 καλάμης·
732 2239 771 2271 οἲν
802 2234 840 2271 δέ
871 2239 968 2271 κατά
998 2239 1104 2282 μῆκος
1137 2238 1258 2283 μόνον,
1286 2243 1316 2272 οἱ

312 2284 519 2330 καλούμενοι
548 2278 648 2315 δαλοὶ
680 2285 739 2315 καὶ
765 2280 858 2330 αἶγες
890 2286 948 2315 καὶ
976 2283 1126 2328 ἀστέρες.
1165 2286 1232 2316 Καὶ
1258 2285 1316 2317 ἐάν

314 2331 374 2375 μὲν
405 2328 510 2362 πλέον
540 2327 582 2359 τό
617 2326 822 2372 ὑπέκκαυμα
848 2326 869 2370 ᾖ
892 2327 989 2360 κατά
1021 2327 1062 2360 τὸ
1091 2329 1198 2371 μῆκος
1223 2328 1245 2365 ἦ
1274 2329 1316 2361 τὸ

314 2373 466 2413 πλάτος,
494 2371 579 2404 ὅταν
605 2371 665 2414 μὲν
691 2373 760 2404 οἷον
787 2370 1056 2416 ἀποσπινθηρίζῃ
1083 2371 1155 2416 ἅμα
1178 2371 1315 2418 καιόμε-

314 2431 369 2451 νον
389 2418 516 2462 (τοῦτο
534 2411 572 2447 δὲ
592 2418 728 2461 γίνεται
747 2412 807 2449 διά
829 2417 870 2449 τὸ
893 2416 1203 2461 παρεκπυροῦσθαι,
1221 2417 1317 2450 κατα

313 2462 417 2508 μικροὶ
440 2461 520 2506 μὲν,
554 2461 607 2492 ἐπ’
639 2461 745 2506 ἀρχήν
778 2456 852 2503 δέ),
881 2460 937 2502 αἲξ
967 2463 1146 2494 καλεῖται·
1174 2460 1259 2494 ὅταν
1285 2457 1313 2493 δ’

315 2507 392 2540 ἄνευ
409 2505 538 2539 τούτου
552 2507 615 2538 τοῦ
629 2506 771 2546 πάθους,
789 2500 905 2543 δαλός.
927 2505 1009 2538 Ἐάν
1026 2500 1064 2537 δέ
1081 2505 1129 2538 τά
1144 2505 1236 2550 μήκη
1253 2507 1316 2544 τῆς

316 2550 422 2584 ἀναθυ
452 2550 571 2586 ιάσεως
595 2551 691 2583 κατα
715 2550 818 2595 μικροί
835 2562 872 2583 τε
897 2551 956 2582 καὶ
975 2550 1137 2595 πολλαχῇ
1159 2545 1318 2593 διεσπαρ-

312 2596 400 2640 μένα
417 2563 510 2639 -ἷκαὶ
529 2595 546 2626 ὁ
575 2597 650 2633 οίως
663 2594 760 2627 κατά
772 2594 906 2632 πλάτος
921 2597 980 2626 καὶ
999 2593 1115 2635 βάθος,
1134 2596 1164 2626 οἱ
1179 2589 1319 2627 δοκοῦν-

313 2653 370 2678 τες
389 2639 528 2683 ἀστέρες
545 2605 702 2672 διάττειν
718 2641 887 2685 γίνονται.
919 2638 997 2671 'Ore'
1013 2638 1072 2682 μὲν
1091 2636 1148 2671 οὖν
1170 2639 1237 2672 ὑπὸ
1254 2640 1317 2677 τῆς

311 2684 473 2722 κινήσεως
489 2685 510 2720 ἡ
531 2683 752 2728 ἀναθυμίασις
772 2683 974 2727 ἑκκαιομένη
1000 2684 1102 2729 γεννᾷ
1121 2683 1234 2716 αὐτά·
1257 2683 1316 2716 ὁτὲ

313 2724 342 2761 δ’
368 2729 434 2761 ὑπὸ
465 2730 529 2761 τοῦ
553 2725 614 2760 διά
638 2728 702 2765 τήν
733 2727 827 2772 ψύξιν
858 2727 1104 2772 συνισταμένου
1139 2727 1234 2772 ἀέρος
1266 2729 1317 2760 ἑκ-

312 2773 474 2818 κρούεται
489 2775 548 2805 καὶ
572 2771 767 2813 ἐκθλίβεται
791 2771 831 2804 vd
849 2771 988 2814 θερμόν·
1015 2768 1067 2804 διὸ
1087 2773 1146 2804 καὶ
1164 2771 1268 2804 ἔοικεν
1295 2773 1315 2808 ἡ

313 2817 400 2861 <popei
423 2816 507 2862 ῥίψει
532 2818 662 2861 μᾶλλον
689 2817 822 2857 αὐτῶν,
851 2817 923 2848 ἀλλ’
953 2816 1012 2847 οὐκ
1039 2814 1213 2848 έκκαύσει·

240 1976 286 2030 fin

246 2153 288 2188 ’ἂν

299 2915 451 2944 ΞῩΝοΡεις.
469 2931 503 2935 -
525 2924 548 2943 1.
563 2914 777 2952 Argumentum
798 2920 826 2942 et
846 2920 939 2942 textus
966 2913 1093 2950 partitio.
1109 2929 1128 2934 -
1143 2915 1213 2942 Post
1234 2922 1315 2950 prae-

245 2955 336 2985 missa
362 2955 519 2993 dicendum
540 2961 583 2982 est
604 2963 662 2991 qua
685 2954 721 2982 de
748 2963 836 2982 causa
862 2960 1003 2990 apparent
1023 2953 1054 2981 in
1075 2954 1156 2982 caelo
1173 2953 1316 2992 flammae

246 3003 395 3029 accensae,
406 2995 506 3023 sidera
521 2994 726 3028 discurrentia,
739 2994 853 3022 titiones
867 3000 895 3021 et
909 3002 1016 3031 caprae
1020 3003 1031 3028 ,·
1045 3002 1119 3030 quae
1135 2993 1235 3021 omnia
1249 3000 1316 3021 sunt

244 3034 325 3063 idem
346 3034 505 3062 secundum
527 3033 663 3071 speciem,
685 3040 713 3061 et
734 3034 894 3062 seeundum
913 3034 1036 3061 eandem
1058 3042 1175 3061 causam
1197 3033 1278 3061 fiunt.
1297 3050 1316 3054 -

246 3081 276 3102 2.
294 3075 389 3102 Causa
398 3074 631 3112 praedictorum.
647 3073 792 3102 Calefacta
805 3079 881 3101 terra
901 3082 953 3109 per
967 3079 1082 3101 motum
1103 3072 1181 3108 solis,
1197 3072 1317 3100 solvitur

245 3120 276 3142 et
296 3114 423 3142 elevatur
449 3113 555 3150 duplex
576 3113 734 3141 exhalatio:
758 3122 817 3141 una
838 3122 943 3149 nempe
964 3121 1109 3149 vaporosa
1129 3119 1157 3141 et
1185 3112 1314 3147 humida,

246 3163 323 3192 quae
343 3153 466 3182 solvitur
485 3154 522 3181 ab
544 3152 666 3181 humido
688 3161 798 3189 aqueo3
819 3152 877 3181 alia
891 3161 1030 3189 spumosa
1044 3159 1073 3180 et
1087 3152 1172 3187 sicca,
1188 3161 1262 3189 quae
1277 3153 1313 3180 ab

246 3193 310 3230 ipsa
329 3199 410 3225 terra
427 3193 561 3221 elevatur.
583 3194 663 3221 Haec
684 3198 781 3220 autem
797 3192 992 3228 supereminet
1012 3191 1132 3228 primae,
1148 3191 1220 3220 sicut
1242 3191 1315 3228 ignis

247 3232 444 3269 supereminet
464 3232 532 3260 aeri.
548 3233 644 3260 Causa
665 3241 734 3268 ergo
755 3231 968 3268 praedictarum
994 3231 1164 3268 passionum
1186 3231 1316 3259 effectiva

246 3278 290 3301 est
311 3278 409 3300 motus
423 3271 501 3307 solis,
517 3271 672 3300 materialis
687 3277 730 3299 est
748 3271 824 3299 sicca
844 3270 997 3299 exhalatio.
1012 3287 1031 3291 -
1048 3271 1074 3298 3.
1088 3271 1175 3298 Ratio
1187 3280 1315 3309 genera-

248 3312 334 3340 tionis
355 3311 498 3339 dictorum
520 3316 715 3339 meteororum
738 3310 767 3338 in
789 3310 943 3338 communi.
967 3310 1049 3338 Sicca
1069 3310 1211 3338 exhalatio
1233 3310 1315 3338 intel-

247 3351 363 3388 ligenda
384 3357 427 3379 est
440 3350 530 3379 veluti
550 3349 672 3378 materia
687 3350 831 3386 quaedam
852 3349 987 3385 incendii,
1003 3349 1126 3377 existens
1143 3349 1173 3377 in
1194 3349 1315 3386 propin-

381 3472 388 3483 ,,
422 3472 431 3479 Α.
471 3466 485 3484 ,ι
514 3442 618 3479 ositis
655 3442 712 3479 his
750 3454 850 3490 quae
885 3442 935 3478 ad
972 3441 1314 3478 manifestationem

321 3491 341 3511 *¹
374 3489 427 3530 {f
480 3495 755 3544 sequentium
784 3494 1042 3542 Philosophus
1070 3494 1268 3532 induxerat
1281 3493 1312 3541 ²¹²,

458 3549 466 3562 ’“
486 3548 498 3595 ξ
514 3548 643 3596 incipit
657 3548 783 3596 primo
806 3547 1058 3584 determinare
1075 3547 1122 3584 de
1137 3547 1196 3583 his
1216 3559 1313 3596 quae

513 3601 552 3638 in
580 3601 655 3638 alto
686 3613 731 3637 ex
759 3600 916 3637 materia
945 3600 1044 3636 sicca
1071 3607 1313 3648 generantur;

1365 826 1382 845 '¹‘
1398 826 1457 857 His
1480 833 1587 858 autern
1611 830 1840 870 determinatis,
1865 831 2007 862 dicamus
2030 839 2159 873 propter
2181 842 2280 873 quam
2303 842 2431 864 causam
2458 838 2467 848 ·

1434 870 1580 902 flammae
1595 883 1742 905 accensae
1758 884 1910 915 apparent
1929 876 2008 907 circa
2027 877 2162 915 caelum,
2178 883 2209 908 et
2227 876 2430 908 discurrentia

1435 914 1546 954 sidera,
1564 923 1595 947 et
1613 918 1716 949 vocati
1732 929 1750 948 a
1765 919 1956 959 quibusdam
1974 920 2036 951 dali
2060 927 2090 952 et
2113 928 2219 962 aegest
2244 921 2320 952 haec
2344 921 2430 952 enim

1434 959 1544 990 omnia
1560 967 1634 992 sunt
1656 961 1753 1001 idem,
1777 970 1807 994 et
1822 970 1951 1004 propter
1973 965 2106 995 eandem
2127 975 2265 1004 causam,
2286 964 2432 996 differunt

1433 1010 1541 1034 autem
1564 1015 1620 1045 per
1643 1006 1743 1046 magis
1767 1013 1797 1037 et
1820 1007 1934 1038 minus.

1367 1093 1563 1134 Principium
1586 1101 1694 1126 autem
1709 1102 1739 1126 et
1754 1096 1871 1127 horum
1895 1103 1925 1127 et
1943 1097 2121 1128 multorum
2143 1097 2282 1128 aliorum
2295 1097 2358 1128 hoc
2374 1104 2430 1128 est.

1434 1138 1573 1177 Etenim,
1591 1138 1738 1170 calefacta
1755 1147 1834 1170 terra
1850 1151 1868 1170 a
1883 1141 1962 1180 sole,
1975 1141 2205 1172 exhalationem
2221 1141 2431 1172 necessarium

1434 1181 1513 1220 fieri,
1537 1193 1603 1213 non
1628 1183 1815 1224 simplicem,
1833 1192 1868 1215 ut
1891 1185 2022 1226 quidam
2042 1192 2165 1225 putant,
2181 1186 2235 1216 sed
2254 1186 2430 1227 duplicem:

1434 1226 1516 1257 hanc
1546 1226 1676 1267 quidem
1709 1228 1809 1269 magis
1839 1239 2046 1269 vaporosam,
2082 1229 2163 1260 hanc
2195 1236 2302 1260 autem
2331 1230 2432 1271 magis

1435 1278 1641 1310 spumosam3
1665 1271 1746 1303 hanc
1769 1272 1900 1313 quidem
1923 1273 1991 1303 eius
2014 1273 2103 1314 quod
2125 1273 2157 1303 in
2180 1280 2261 1304 terra
2284 1280 2314 1305 et
2337 1284 2432 1315 supra

1436 1321 1550 1345 terram
1565 1315 1689 1346 humidi
1712 1326 1882 1357 vaporem,
1907 1317 1989 1348 hanc
2012 1324 2118 1348 autem
2133 1317 2232 1358 ipsius
2255 1325 2353 1349 terrae
2370 1318 2431 1349 exi-

1435 1359 1543 1390 stentis
1566 1359 1676 1399 siccae,
1694 1360 1872 1399 fumosam;
1896 1368 1927 1392 et
1949 1361 2074 1399 harum,
2091 1371 2278 1402 spumosam
2301 1362 2432 1403 quidem

1434 1403 1667 1444 supereminere
1683 1412 1812 1445 propter
1828 1405 1977 1444 calidum,
1997 1405 2212 1436 humidiorem
2227 1413 2335 1437 autem
2358 1407 2432 1437 sub-

1436 1458 1503 1478 esse
1522 1455 1651 1488 propter
1666 1450 1803 1489 pondus.
1820 1450 1861 1480 Et
1876 1456 2042 1490 propterea
2057 1449 2119 1480 hoc
2134 1450 2233 1480 modo
2250 1450 2432 1481 ordinatum

1437 1498 1483 1523 est
1506 1493 1595 1533 quod
1610 1492 1642 1522 in
1658 1493 1799 1524 circuitu.
1825 1494 1932 1524 Primo
1949 1493 2080 1534 quidem
2104 1493 2189 1524 enim
2213 1495 2271 1524 sub
2291 1494 2432 1525 circulari

1436 1535 1553 1567 latione
1566 1543 1612 1567 est
1627 1537 1715 1577 quod
1728 1537 1866 1568 calidum
1879 1545 1909 1569 et
1923 1537 2053 1576 siccum,
2064 1538 2154 1578 quod
2164 1538 2297 1568 dicimus
2309 1538 2430 1578 ignem:

1435 1580 1674 1611 innominatum
1701 1582 1786 1612 enim
1815 1582 1904 1622 quod
1933 1591 2104 1612 commune
2131 1581 2164 1612 in
2188 1582 2277 1612 omni
2306 1582 2435 1613 fumosa

1437 1624 1684 1665 disgregatione,
1707 1633 1864 1664 attamen,
1888 1626 1964 1666 quia
1995 1626 2132 1657 maxime
2160 1633 2271 1657 natum
2298 1633 2344 1657 est
2372 1627 2432 1658 tale

1437 1669 1523 1700 exuri
1540 1679 1723 1709 corporum,
1736 1670 1780 1700 sic
1795 1670 2007 1701 necessarium
2023 1670 2069 1701 uti
2086 1670 2278 1701 nominibus.
2294 1670 2359 1702 Sub
2375 1671 2434 1702 hac

1436 1720 1544 1744 autem
1567 1719 1679 1744 natura
1703 1721 1748 1744 est
1771 1724 1832 1745 aer.

1370 1801 1507 1841 Oportet
1520 1808 1628 1832 autem
1643 1801 1815 1843 intelligere
1831 1802 1917 1833 velut
1932 1802 2147 1843 hypeccauma
2170 1802 2231 1833 hoc
2246 1803 2335 1843 quod
2350 1812 2435 1834 nunc

1437 1845 1574 1876 diximus
1587 1846 1706 1886 ignem,
1723 1847 1904 1877 ordinatum
1924 1846 2003 1877 circa
2018 1846 2169 1877 ultimum
2185 1846 2334 1887 sphaerae
2352 1856 2434 1887 quae

1438 1890 1519 1920 circa
1542 1896 1666 1928 terram,
1686 1897 1722 1921 ut
1744 1890 1872 1922 modico
1897 1897 1988 1921 motu
2012 1890 2144 1921 sortiens
2164 1898 2310 1922 exuratur
2330 1901 2434 1932 saepe,

1437 1934 1517 1965 sicut
1541 1934 1666 1965 fumus:
1692 1941 1737 1966 est
1760 1935 1845 1965 enim
1869 1934 1997 1965 flamma
2021 1935 2147 1975 spiritus
2171 1935 2243 1966 sicci
2266 1935 2368 1966 ardor.

1371 1978 1583 2018 Quacumque
1599 1978 1693 2019 igitur
1712 1989 1744 2009 se
1759 1978 1871 2010 habeat
1887 1979 2022 2010 maxime
2046 1979 2167 2020 optime
2181 1979 2251 2010 talis
2264 1979 2434 2010 consisten-

1436 2022 1490 2061 tia,
1515 2023 1644 2063 quando
1665 2033 1682 2053 a
1699 2023 1901 2054 circulatione
1924 2031 2012 2054 mota
2036 2023 2129 2054 fuerit
2151 2023 2337 2066 aliqualiter,
2362 2033 2435 2054 exu-

1438 2066 1525 2097 ritur.
1555 2066 1664 2098 Differt
1688 2074 1795 2098 autem
1819 2068 1995 2098 secundum
2023 2067 2280 2109 hypeccaumatis
2303 2067 2436 2108 positio-

1437 2121 1513 2141 nem
1535 2118 1591 2142 aut
1613 2111 1862 2142 multitudinem.

1370 2155 1403 2186 Si
1415 2155 1547 2196 quidem
1562 2155 1648 2186 enim
1660 2155 1861 2186 latitudinem
1879 2156 2014 2187 habeant
2027 2162 2057 2187 et
2071 2156 2305 2196 longitudinem
2320 2156 2435 2197 hypec-

1437 2206 1594 2239 caumata,
1610 2200 1772 2230 multoties
1788 2200 1934 2231 videntur
1950 2210 2078 2231 accensa
2096 2200 2176 2231 sicut
2191 2200 2331 2240 flamma,
2350 2201 2437 2231 velut

1437 2243 1470 2273 in
1493 2253 1564 2274 area
1587 2244 1723 2274 ardentis
1747 2244 1890 2284 stipulae.
1916 2244 1948 2275 Si
1972 2251 2079 2275 autem
2099 2245 2275 2275 secundum
2298 2245 2435 2285 longitu-

1439 2287 1546 2318 dinem
1570 2288 1692 2327 solum,
1718 2288 1822 2319 vocati
1846 2288 1907 2318 dali
1931 2294 1962 2318 et
1991 2298 2081 2328 aeges
2107 2295 2137 2319 et
2163 2289 2273 2320 sidera.
2306 2289 2338 2320 Si
2365 2289 2433 2330 qui-

1438 2331 1512 2362 dem
1538 2332 1610 2372 plus
1634 2332 1849 2373 hypeccauma
1876 2332 1969 2363 fuerit
1999 2333 2176 2363 seeundum
2202 2333 2435 2373 longitudinem

1437 2386 1536 2416 quam
1565 2375 1785 2415 latitudinem,
1815 2377 1944 2417 quando
1977 2377 2108 2417 quidem
2131 2377 2221 2417 quasi
2252 2377 2436 2408 exscintillat

1438 2420 1534 2451 simul
1557 2421 1762 2451 combustum
1781 2419 1857 2463 (hoc
1880 2427 1987 2451 autem
2005 2420 2041 2452 fit
2059 2428 2188 2461 propter
2209 2421 2301 2461 igniri
2324 2432 2435 2453 secun-

1438 2464 1517 2495 dum
1539 2464 1664 2495 modica
1688 2465 1830 2506 quidem,
1845 2465 1885 2495 ad
1909 2465 2101 2506 principium
2125 2464 2257 2508 autem),
2273 2476 2364 2506 aeges
2378 2476 2435 2496 vo-

1439 2515 1545 2547 catur3
1570 2509 1699 2549 quando
1717 2516 1823 2540 autem
1840 2509 1906 2540 sine
1922 2509 1980 2539 hac
1999 2509 2156 2550 passione,
2174 2510 2281 2549 dalus;
2306 2507 2435 2551 quando

1437 2562 1512 2583 vero
1536 2553 1749 2593 longitudines
1772 2553 1977 2584 exhalationis
1996 2563 2052 2594 per
2067 2554 2193 2585 modica
2209 2561 2239 2585 et
2253 2554 2436 2594 multiplici-

1436 2603 1484 2627 ter
1506 2596 1663 2637 dispersae
1684 2597 1811 2636 fuerint,
1828 2604 1858 2628 et
1872 2597 2015 2628 similiter
2037 2599 2213 2628 secundum
2236 2598 2435 2629 latitudinem

1438 2647 1469 2672 et
1491 2641 1753 2681 profunditatem,
1769 2641 1870 2673 sidera
1893 2648 2002 2682 putata
2020 2642 2126 2672 volare
2146 2641 2235 2673 fiunt.
2251 2642 2434 2683 Aliquando

1436 2685 1568 2726 quidem
1595 2685 1691 2726 igitur
1714 2696 1730 2716 a
1755 2693 1846 2717 motu
1871 2686 2026 2717 exhalatio
2053 2693 2161 2717 exusta
2189 2693 2317 2726 generat
2347 2686 2433 2727 ipsa:

1437 2730 1609 2771 aliquando
1625 2737 1743 2768 autem,
1754 2731 1813 2760 sub
1829 2730 1943 2770 frigore
1961 2730 2149 2761 consistente
2167 2741 2248 2768 aere,
2264 2731 2436 2761 extruditur

1438 2781 1468 2804 et
1492 2780 1671 2815 segregatur
1694 2774 1850 2812 calidum;
1874 2782 2004 2815 propter
2027 2775 2115 2815 quod
2139 2781 2169 2806 et
2191 2775 2267 2805 latio
2290 2775 2435 2814 ipsorum

1415 2817 1627 2848 'assimilatur
1648 2818 1747 2858 magis
1775 2818 1974 2858 proiectioni‚
2003 2819 2058 2849 sed
2081 2829 2146 2849 non
2170 2818 2335 2849 exustioni.

1370 2914 1479 2950 quitate
1500 2914 1538 2942 ad
1553 2920 1667 2942 motum
1689 2915 1850 2950 caelestem,
1866 2923 1940 2951 quae
1962 2915 1998 2942 ad
2013 2914 2161 2942 modicum
2175 2920 2288 2942 motum
2304 2913 2433 2950 superio-

1351 2990 1353 2992 ,
1369 2963 1435 2981 rum
1457 2963 1624 2990 corporum,
1640 2954 1758 2982 sortitur
1778 2960 1966 2991 augmentum
1987 2954 2090 2982 caloris
2111 2960 2139 2982 et
2159 2954 2328 2982 incenditur.
2350 2954 2433 2982 Unde

1369 2993 1432 3030 ipsa
1452 2993 1612 3022 flammatio
1634 2993 1698 3022 talis
1720 2994 1855 3022 materiae
1877 3000 1928 3028 est,
1951 2993 2158 3028 communiter,
2180 2993 2326 3030 generatio
2350 3002 2432 3029 prae-

1370 3033 1511 3061 dictarum
1533 3033 1712 3069 passionum.
1735 3050 1754 3054 -
1774 3043 1802 3068 4.
1820 3033 1997 3071 Differentia
2019 3033 2156 3070 ipsorum.
2179 3034 2215 3060 Et
2231 3033 2339 3070 primo,
2354 3033 2432 3060 unde

1369 3072 1432 3101 talis
1454 3072 1615 3101 differentia
1632 3072 1802 3109 accipiatur:
1826 3082 1859 3100 ex
1874 3072 1984 3100 diversa
1999 3072 2104 3100 scilicet
2118 3071 2271 3108 positione,
2287 3078 2315 3100 et
2329 3071 2432 3100 maiori

1369 3113 1414 3140 vel
1427 3112 1534 3140 minori
1549 3112 1708 3148 quantitate
1722 3112 1858 3140 materiae
1872 3111 2096 3140 inflammabilis.
2111 3128 2130 3133 -—
2146 3112 2172 3140 5.
2184 3112 2317 3140 Secundo
2330 3120 2364 3140 ex
2378 3112 2433 3140 hac

1369 3151 1465 3179 radice
1487 3152 1684 3180 manifestatur
1706 3151 1877 3179 differentia:
1899 3153 1927 3186 a)
1942 3151 2016 3179 inter
2035 3151 2106 3179 illud
2120 3157 2282 3179 meteorum
2296 3151 2378 3188 quod
2391 3151 2431 3179 vi-

1370 3192 1454 3219 detur
1468 3200 1529 3219 esse
1544 3191 1663 3219 flamma
1677 3200 1797 3219 accensa
1810 3190 1839 3218 in
1855 3191 1944 3225 caelo,
1960 3197 1987 3218 et
2001 3190 2050 3218 illa
2064 3200 2138 3227 quae
2154 3197 2293 3219 vocantur
2308 3190 2430 3224 titiones,

1369 3239 1476 3268 caprae
1498 3237 1525 3258 et
1546 3231 1645 3258 sidera
1672 3230 1868 3258 discurrentia
1875 3240 1884 3263 ;
1905 3230 1933 3265 b)
1955 3230 2030 3257 inter
2050 3230 2103 3258 tria
2131 3230 2202 3258 haec
2222 3229 2391 3258 adinvicem.
2412 3245 2433 3251 —-

1370 3271 1397 3298 6.
1406 3270 1471 3298 Alia
1485 3279 1571 3298 causa
1580 3269 1773 3306 generationis
1787 3270 1914 3299 siderum
1929 3278 2003 3306 quae
2014 3276 2151 3306 putantur
2160 3270 2265 3298 volare.
2276 3269 2431 3306 Inspissato

1369 3316 1488 3346 propter
1498 3309 1585 3346 frigus
1597 3318 1671 3343 aere,
1683 3309 1752 3336 illud
1763 3309 1887 3337 calidum
1900 3310 1981 3345 quod
1995 3315 2037 3337 est
2050 3309 2100 3344 ibi,
2109 3309 2292 3346 inspissatum
2307 3309 2432 3337 extrudi-

1368 3355 1415 3376 tur
1428 3348 1569 3376 violenter
1582 3348 1715 3383 inferius;
1731 3355 1759 3376 et
1772 3348 1838 3376 ideo
1853 3348 1968 3385 ignitur,
1980 3355 2007 3376 et
2017 3348 2130 3377 videtur
2144 3358 2205 3377 esse
2220 3349 2301 3377 stella
2315 3349 2431 3377 cadens.

1369 3441 1538 3478 secundo
1569 3441 1615 3478 de
1643 3441 1700 3477 his
1729 3454 1827 3490 quae
1850 3436 2076 3489 generantur
2105 3454 2150 3478 ex
2178 3442 2336 3479 materia
2363 3443 2431 3479 hu-

1369 3494 1473 3530 mida
1501 3493 1539 3530 in
1565 3495 1652 3541 alto,
1672 3494 1739 3530 ibi:
1769 3495 1829 3531 De
1857 3494 1938 3531 loco
1966 3500 2091 3531 autem
2114 3495 2333 3543 positione*
2362 3503 2430 3532 etc.

1369 3546 1497 3583 Prima
1517 3546 1695 3584 dividitur
1714 3547 1752 3583 in
1771 3555 1861 3584 tres:
1890 3547 2016 3596 primo
2037 3548 2261 3585 determinat
2281 3548 2327 3586 de
2348 3549 2431 3585 stel-

1369 3599 1410 3636 lis
1439 3598 1674 3648 cadentibus,
1696 3607 1732 3636 et
1750 3600 1842 3637 his*
1861 3613 1958 3649 quae
1985 3600 2147 3638 similem
2175 3602 2316 3639 habent
2345 3614 2432 3639 cau·
2458 3612 2466 3623 ·

2461 3508 2469 3516 ”
2483 3507 2546 3528 Lect.
2555 3512 2601 3527 xrv.

2482 3614 2505 3633 et
2519 3611 2555 3633 his
2569 3618 2617 3633 omi
2632 3618 2654 3633 u.
