2690 4062
1084 274 1195 311 CAP.
1227 277 1296 324 IX,
1327 277 1478 315 LECT.
1509 279 1578 315 XII
2294 295 2411 320 cxxxv

912 481 1213 539 LECTIO
1250 482 1729 564 DUODECIMA

545 609 765 660 SEQUITUR
788 623 845 653 DE
871 623 1098 656 SPECIEBUS
1123 626 1414 663 QUALITATUM
1437 606 1705 663 PASSIVARUM
1729 634 1772 664 IN
1795 635 2086 668 PARTICULARI

217 744 283 775 Καὶ
302 744 351 775 τοὶ
367 744 426 787 μέν
444 742 595 784 θλαστα,
615 744 683 776 οἷον
708 745 837 788 χαλκὸς
862 747 920 776 καὶ
937 746 1050 789 κηρός,
1070 748 1118 778 ταὶ
1136 742 1167 777 δ’
1189 746 1291 779 ἆθλα-

285 799 376 829 στα,
405 788 473 820 οἷον
507 787 652 833 κέραμος
683 791 743 820 καὶ
770 787 836 820 ὕδω
861 814 867 821 .
899 790 999 822 Ἔστι
1023 786 1061 822 δὲ
1086 789 1202 829 θλοίσις
1231 792 1290 836 μὲν

286 827 451 864 ἐπιπέδου
475 833 572 864 κατα
596 831 692 877 μέρος
719 833 764 870 εἰς
790 833 836 873 βοί
858 846 891 872 ος
917 834 1129 878 μετάστασις
1155 835 1246 876 ὤσει,
1269 836 1290 874 ἦ

287 877 420 923 πληγῇ,
447 876 489 908 τό
514 873 544 908 δ’
575 875 652 909 ὅλον
681 878 762 921 ἀφῇ.
798 877 897 911 Ἔστι
922 874 960 912 δὲ
985 881 1033 912 τοὶ
1057 881 1210 913 τοιαῦτα
1233 884 1291 913 καὶ

285 921 475 965 μαλακτοὶ,
502 921 571 953 οἷον
596 923 694 965 κηρός
720 920 881 964 μένοντος
908 924 969 957 τοῦ
997 923 1100 956 α”λλου
1127 922 1290 958 ἐπιπέδου

284 964 382 998 κατὰ
406 964 504 1010 μέρος
529 964 759 1010 μεθίσταται,
794 969 852 999 καὶ
877 969 1026 1012 σκληροὶ,
1054 970 1122 1001 οἷον
1147 971 1289 1014 χαλκός,

284 1012 343 1041 καὶ
364 1007 523 1042 ἄθλαστα
547 1013 605 1042 καὶ
623 1011 765 1055 σκληροὶ,
787 1011 854 1044 οἷον
871 1012 1016 1058 κέραμος
1038 1013 1097 1055 (οὗ
1115 1017 1180 1060 γαὶρ
1199 1015 1293 1047 ὑπεί-

284 1064 335 1085 κει
361 1054 406 1091 εἰς
432 1053 534 1094 βοίθος
553 1056 595 1086 τὸ
617 1051 816 1097 ἐπίπεδον),
842 1060 901 1089 καὶ
921 1059 1020 1104 ύγροὶ,
1041 1058 1110 1090 οἷον
1130 1054 1215 1103 ὕδωρ
1235 1061 1290 1101 (τό

283 1099 349 1144 γαρ
383 1093 469 1143 ὕδωρ
497 1100 626 1131 ύπείκει
658 1101 743 1145 μὲν,
771 1098 846 1132 ἀλλ’
877 1102 915 1134 οὐ
947 1103 1044 1135 κατα
1068 1096 1186 1147 μέρος,
1215 1103 1286 1135 ἀλλ’

288 1144 366 1176 ἀντι
394 1142 609 1187 εθίσταται).

215 1188 288 1220 Τῶν
305 1186 344 1220 δὲ
383 1188 523 1221 λαστῶν
549 1186 613 1222 ὅσα
634 1190 695 1233 μέν
713 1188 804 1234 μένει
821 1189 1016 1224 θλασθέντα
1040 1193 1098 1223 καὶ
1116 1190 1291 1224 εὕθλαστα

266 1254 277 1261 1
326 1233 394 1277 ιρὶς
413 1232 541 1266 Ἰταῦτα
565 1234 626 1277 μέν
653 1234 816 1274 πλαστοί,
844 1237 892 1267 τοὶ
916 1231 948 1267 δ’
977 1234 998 1272 ἦ
1024 1236 1071 1280 μή
1097 1234 1289 1277 εὔθλαστα,

284 1289 396 1321 ωσπερ
421 1275 525 1315 λίθος,
544 1276 565 1314 ἦ
583 1276 698 1319 ξύλον,
718 1277 740 1315 ἦ
758 1278 936 1312 εὔθλαστα
953 1279 1027 1324 μὲν,
1046 1279 1092 1324 μή
1111 1278 1202 1324 μένει
1219 1275 1247 1311 δ’
1269 1282 1290 1317 ἡ

284 1321 414 1362 θλοίσις,
440 1321 553 1366 ὥσπερ
579 1323 681 1367 ἐρίου,
707 1322 729 1360 ἦ
755 1322 924 1370 σπόγγου,
953 1325 990 1356 οὐ
1017 1325 1173 1365 πλαστα,
1202 1325 1292 1358 ἀλλα

284 1366 413 1399 πιεστοί
437 1367 541 1399 ταῦτ’
571 1367 677 1399 ἐστίν.

207 1452 309 1488 Ἔστι
333 1450 371 1487 δὲ
397 1456 526 1488 πιεστοί
550 1454 615 1488 ὅσα
640 1454 818 1499 ὠθούμενα
838 1457 884 1494 εἰς
905 1457 1001 1488 αὐτοὶ
1017 1455 1165 1488 συνιέναι
1189 1452 1291 1490 δύνα-

284 1510 366 1540 ται,
393 1500 439 1537 εἰς
463 1499 567 1540 βοίθος
601 1500 664 1533 τοῦ
692 1495 856 1532 ἐπιπέδου
889 1499 1224 1544 παραλλαττοντος,
1253 1502 1290 1533 οὐ

282 1539 533 1590 διαιρουμένου,
551 1546 610 1576 καὶ
635 1543 886 1588 μεθισταμένου
914 1544 1019 1577 ἄλλου
1046 1545 1135 1587 ἄλλῳ
1161 1548 1289 1591 μορίου,

283 1588 352 1621 οἷον
371 1590 413 1620 τό
432 1582 519 1633 ὕδωρ
538 1592 644 1620 ποιεῖ·
665 1591 772 1620 τοῦτο
789 1590 853 1634 γαὶρ
874 1589 1174 1633 ἀντιμεθίσταται.
1191 1590 1291 1623 Ἐστι

282 1628 314 1665 δ’
333 1631 412 1670 ῶσις
438 1633 459 1669 ἧ
484 1635 612 1670 κίνησις
638 1633 704 1663 ὑπὸ
730 1633 792 1665 τοῦ
817 1634 1004 1675 κινοῦντος,
1025 1634 1046 1671 ἧ
1066 1636 1200 1681 γίνεται
1223 1635 1292 1668 ἀπὸ

282 1678 348 1716 τῆς
374 1675 501 1720 ἅψεως·
529 1676 645 1723 πληγή
669 1671 721 1718 δὲ,
743 1676 829 1710 ὅταν
853 1678 922 1710 ἀπὸ
947 1679 1012 1716 τῆς
1036 1679 1151 1723 φορᾶς.
1179 1679 1291 1723 Πιέζε-

282 1732 343 1754 ται
367 1716 397 1753 δ’
427 1721 492 1753 ὅσα
517 1721 638 1766 πόρους
665 1720 736 1766 ἔχει
759 1721 875 1760 κενούς
900 1724 1082 1770 συγγενοῦς
1106 1724 1287 1767 σώματος,

279 1767 341 1798 καὶ
366 1767 496 1798 πιεστοί
520 1767 640 1799 ταῦτα
659 1764 723 1797 ὅσα
740 1762 891 1799 δύναται
916 1768 962 1804 εἰς
986 1768 1034 1800 τοὶ
1059 1768 1190 1801 ἑαυτῶν
1207 1769 1292 1801 κενοὶ

279 1809 448 1851 συνιέναι,
476 1808 498 1847 ἦ
523 1811 569 1848 εἰς
595 1809 676 1847 τούς
702 1812 833 1843 ἑαυτῶν
859 1811 998 1855 πόρους·
1026 1812 1135 1844 ἐνίοτε
1159 1814 1224 1859 γοὶρ
1251 1814 1289 1845 οὗ

279 1856 370 1887 κενοί
403 1855 485 1886 εἰσιν
518 1855 562 1893 εἰς
590 1854 645 1892 οὓς
674 1855 896 1900 συνέρχεται,
928 1856 998 1888 οἷον
1024 1857 1039 1889 ὁ
1067 1856 1289 1904 βεβρεγμένος

281 1898 432 1946 σπόγγος
461 1898 620 1944 (πλήρεις
642 1900 708 1957 γάρ
735 1899 844 1933 αὐτοῦ
871 1903 900 1932 οἱ
926 1900 1057 1946 πόροι),
1087 1899 1160 1933 ἀλλ’
1181 1901 1224 1933 ὦν
1248 1902 1286 1935 ἄν

280 1946 311 1977 οἱ
337 1943 435 1989 πόροι
460 1943 597 1989 πλήρεις
629 1957 690 1978 ωσι
722 1943 974 1990 μαλακωτέρων
1001 1944 1022 1982 ἢ
1048 1945 1138 1978 αὐτό
1164 1947 1205 1979 τό
1232 1958 1287 1978 πε-

279 1988 381 2033 φυκός
405 1987 553 2021 συνιέναι
578 1989 622 2027 εἰς
649 1989 756 2022 αὐτοί.
783 1989 913 2022 [heard
936 1990 995 2034 μὲν
1019 1987 1075 2022 ούν
1098 1991 1191 2022 ἐστιν
1217 1991 1285 2023 οἷον

279 2031 446 2088 σπόγγος,
463 2033 576 2089 ξηρός,
595 2034 698 2078 σοίρξ·
728 2035 878 2067 ἀπίεστα
902 2029 940 2066 δὲ
966 2034 1014 2066 τοὶ
1037 2034 1084 2077 μή
1106 2034 1285 2078 πεφυκότα

252 2098 255 2100 -
280 2089 429 2110 συνιέναι
454 2089 531 2110 ωσει
556 2079 601 2117 εἰς
627 2078 707 2117 τούς
735 2079 867 2111 ἑαυτῶν
893 2078 1015 2124 πόρους
1042 2074 1103 2111 δια
1126 2079 1167 2112 τὸ
1192 2078 1213 2116 ἦ
1238 2080 1296 2123 μήο

281 2122 387 2168 ἔχειν,
412 2121 433 2160 ἦ
458 2122 690 2168 σκληροτέρων
716 2123 806 2168 ἔχειν
832 2122 990 2165 πλήρεις·
1019 2124 1034 2155 ὁ
1059 2123 1124 2170 γσὶρ
1150 2119 1282 2168 σίδηρος

283 2168 447 2205 ἀπίεστος
472 2169 531 2199 καὶ
553 2168 644 2207 λίθος
668 2170 726 2200 καὶ
752 2163 837 2212 ὕδωρ
862 2170 921 2199 καὶ
947 2169 1016 2200 πᾶν
1042 2167 1153 2214 ὑγρόν.

206 2211 342 2245 Ἔλκτοὶ
363 2206 393 2243 δ’
418 2213 510 2245 ἐστὶν
537 2210 622 2244 ὅσων
647 2207 794 2244 δυνατόν
821 2213 865 2249 εἰς
892 2212 933 2244 τό
957 2211 1103 2259 πλοίγιον
1123 2211 1281 2256 μεθίστα-

279 2256 359 2290 σθαι
383 2257 426 2289 τὸ
453 2252 632 2289 ἐπίπεδον·
661 2257 702 2289 τὸ
727 2257 792 2303 γσίρ
819 2255 973 2288 ἕλκεσθαί
997 2257 1073 2290 ἐστι
1093 2257 1134 2289 τό
1159 2258 1216 2289 ἐπὶ
1241 2257 1283 2290 τὸ

279 2301 393 2334 κινοῦν
419 2300 646 2346 μεθίστασθαι
664 2302 705 2334 τὸ
723 2296 885 2334 ἐπίπεδον
909 2302 1045 2347 συνεχὲς
1064 2302 1110 2334 ὄν.
1131 2301 1230 2333 Ἐστι
1247 2298 1285 2334 δὲ

280 2346 330 2379 τοὶ
380 2347 412 2379 ἐν
439 2347 561 2388 ἐλκτοὶ,
590 2347 657 2379 οἷον
683 2345 767 2390 θρὶῖ,
787 2345 879 2390 ἰμοὶς,
905 2347 961 2378 νεῧ
985 2358 1034 2388 ον,
1060 2348 1173 2387 σταὶς,
1201 2346 1283 2387 ἱξὸς,

279 2391 330 2424 τοὶ
375 2391 382 2402 ’
413 2391 584 2433 ἄνελκτα,
614 2391 681 2423 οἷον
717 2376 804 2435 ὕδωρ
835 2392 894 2422 καὶ
924 2392 956 2422 λί
981 2403 1027 2429 ος.
1066 2390 1119 2423 Tei
1142 2392 1201 2435 μὲν
1229 2389 1284 2423 οὖν

281 2435 401 2469 ταῦτσί
427 2436 519 2468 ἐστιν
546 2436 655 2468 ἑλκτοί
679 2438 736 2468 καὶ
760 2434 900 2475 πιεστοὶ,
920 2435 988 2467 οἷον
1015 2435 1030 2467 ἔ
1052 2446 1113 2476 ιον,
1134 2434 1181 2468 τοὶ
1197 2430 1225 2466 δ’
1248 2436 1286 2468 οὐ

281 2479 414 2521 ταῦτα,
438 2480 506 2512 οἷον
532 2480 667 2526 φλέγμα
693 2478 832 2513 πιεστόν
858 2480 917 2523 μὲν
944 2478 1004 2512 οὐκ
1030 2491 1135 2521 εστιν,
1163 2481 1285 2513 έλκτὸν

280 2520 332 2567 δὲ,
358 2526 418 2557 καὶ
444 2525 460 2556 ὁ
485 2524 639 2571 σπόγγος
664 2524 805 2557 πιεστόν
830 2524 904 2567 μὲν,
933 2525 996 2569 οὐχ
1021 2524 1141 2557 ἑλκτόν
1167 2520 1217 2556 δέ.

199 2615 306 2646 Ἔστι
329 2609 367 2646 δὲ
398 2614 458 2645 καὶ
484 2613 532 2646 τοὶ
555 2614 615 2658 μὲν
641 2612 774 2654 ἑλατοὶ,
803 2612 871 2644 οἷον
896 2613 1047 2657 χαλκὸς,
1075 2613 1123 2645 τοὶ
1146 2607 1176 2644 δ’
1206 2612 1287 2650 ἀνή-

278 2659 389 2698 λατα,
410 2657 478 2689 οἶον
495 2656 586 2695 λίθος
611 2659 670 2689 καὶ
690 2657 803 2698 ξύλον.
834 2656 934 2689 Ἔστι
958 2652 988 2688 δ’
1010 2655 1123 2690 ἐλαταὶ
1144 2657 1203 2701 μὲν
1223 2656 1287 2689 ὅσα

280 2703 326 2745 τῇ
349 2701 442 2744 αὐτῇ
462 2702 580 2748 πληγῇ
597 2696 749 2734 δύναται
771 2700 844 2745 ἅμα
868 2703 927 2733 καὶ
944 2702 989 2739 εἰς
1008 2700 1141 2740 πλάτος
1166 2703 1225 2734 καὶ
1242 2703 1286 2739 εἰς

281 2746 385 2787 βοίθος
403 2746 444 2780 τὰ
463 2742 626 2779 ἐπίπεδον
640 2744 867 2790 μεθίστασθαι
883 2747 981 2777 κατα
997 2745 1108 2789 μέρος,
1125 2746 1287 2782 ἀνήλατα

279 2789 308 2824 δ’
331 2790 395 2823 ὅσα
421 2786 595 2824 ἀδύνατα.
615 2790 716 2823 Ἔστι
733 2789 771 2822 δὲ
790 2791 838 2822 τοὶ
854 2791 913 2834 μὲν
933 2790 1047 2822 ἑλατοὶ
1065 2789 1208 2823 ἅπαντα
1228 2793 1287 2823 καὶ

279 2834 428 2876 θλασταῖ,
449 2837 497 2867 τοὶ
516 2830 555 2868 δὲ
575 2835 713 2868 θλαστοί
730 2835 768 2867 οὗ
793 2834 914 2867 πάντα
932 2832 1056 2875 ἑλατοὶ,
1077 2835 1145 2867 οἷον
1166 2834 1285 2875 ξύλον·

280 2881 322 2918 ὡς
347 2879 465 2924 μέντοι
492 2877 546 2912 ἐπὶ
572 2881 640 2913 πόἰν
659 2881 778 2919 εἰπεῖν,
798 2880 1028 2923 ἀντιστρέφει.
1059 2880 1129 2911 Τῶν
1154 2874 1192 2911 δὲ
1218 2891 1288 2911 πιε·

279 2926 369 2957 στῶν
395 2924 444 2957 τοὶ
467 2926 527 2967 μὲν
553 2923 678 2966 ἐλατοί,
698 2926 746 2958 ταὶ
769 2921 798 2956 δ’
822 2922 873 2965 οὗ,
891 2924 990 2967 κηρὸς
1015 2925 1074 2967 μὲν
1099 2926 1158 2956 καὶ
1180 2924 1286 2962 πηλός

282 2967 407 3010 ἒλατσί,
436 2969 521 3012 ἔριον
547 2967 575 3000 δ’
605 2968 657 3010 οὓ,
687 2964 756 3001 οὐδ’
786 2967 885 3012 ὕδωρ.

201 3101 306 3136 Ἔστι
329 3097 368 3134 δὲ
391 3103 451 3134 καὶ
477 3103 525 3135 τοὶ
541 3104 601 3147 μὲν
618 3103 761 3147 σχιστοὶ,
781 3102 850 3133 οἷον
870 3100 982 3142 ξύλον,
1003 3101 1050 3134 τοὶ
1067 3097 1095 3132 δ’
1119 3101 1285 3147 ἄσχιστα,

281 3147 350 3179 οἷον
374 3146 533 3191 κέραμος.
565 3147 665 3179 Ἔστι
689 3142 727 3179 δὲ
752 3146 894 3192 σχιστὸν
922 3146 963 3176 τό
989 3140 1174 3190 δυνάμενον
1200 3141 1289 3177 διαι-

281 3190 409 3234 ρεῖσθαι
426 3191 482 3223 ἐπὶ
501 3193 617 3223 πλεῖον
635 3191 656 3228 ἦ
675 3193 717 3223 τό
734 3186 904 3235 διαιροῦν·
926 3202 945 3222 σ
974 3191 1086 3233 ίζεται
1101 3191 1181 3236 γαρ,
1201 3189 1286 3223 ὅταν

281 3237 336 3268 ἐπὶ
363 3237 478 3268 πλεῖον
499 3234 678 3280 διαιρῆται
697 3235 718 3273 ἦ
736 3237 778 3268 τό
795 3231 948 3279 διαιροῦν
988 3239 1089 3278 ιαιρεῖ
1111 3237 1168 3267 καὶ
1186 3246 1287 3277 προη-

279 3284 396 3326 γεῖται
414 3281 434 3317 ἡ
452 3275 630 3336 διαίρεσις·
658 3281 691 3313 ἐν
710 3276 748 3313 δέ
767 3281 812 3322 τῇ
832 3279 956 3324 τμήσει
983 3280 1042 3312 οὐκ.
1069 3279 1142 3312 ἔστι
1160 3281 1284 3312 τοῦτο·

283 3326 436 3370 ἅσχιστα
461 3320 489 3356 δ’
519 3337 584 3357 οσα
609 3325 655 3370 μὴ
683 3323 832 3357 δύναται
857 3325 965 3357 τοῦτο
998 3323 1154 3368 ποίσχειν.
1186 3323 1286 3355 Ἐστι

281 3365 310 3401 δ’
333 3369 414 3401 οὔτε
432 3370 589 3413 μαλακὸν
612 3366 709 3402 οὐδέν
734 3368 875 3414 σχιστὸν
902 3369 1011 3415 (λέγω
1028 3363 1066 3400 δὲ
1084 3368 1151 3400 τῶν
1171 3368 1284 3404 οἱπλῶς

280 3414 446 3457 μαλακῶν
476 3416 535 3445 καὶ
560 3414 607 3458 μή
634 3414 716 3459 πρός
748 3415 900 3450 ἄλληλα·
927 3412 1018 3445 οὕτω
1044 3412 1103 3455 μὲν
1127 3413 1192 3457 γοὶρ
1224 3413 1283 3443 καὶ

277 3453 414 3501 σίδηρος
450 3457 549 3490 ἔσται
582 3458 780 3502 μαλακός),
813 3458 892 3491 οὔτε
925 3459 972 3490 τοὶ1
1003 3456 1133 3498 σκληροὶ
1164 3455 1283 3488 ποίντα

282 3503 369 3543 ἐστὶ,
399 3501 470 3535 ἀλλ’
494 3501 558 3534 ὅσα
583 3502 659 3547 μήθ’
682 3502 768 3549 ύγροί
794 3503 880 3543 ἐστι,
907 3501 996 3546 μήτε
1021 3499 1171 3541 θλαστα,
1193 3499 1283 3544 μήτε

282 3545 454 3591 θραυστοί·
481 3548 634 3579 τοιαῦτα
665 3542 696 3579 δ’
725 3548 817 3580 ἐστὶν
851 3545 914 3578 ὅσα
947 3547 1044 3578 κατα
1074 3545 1181 3588 μῆκος
1212 3544 1283 3589 ἔχει

282 3591 362 3629 τούς
387 3590 529 3635 πόρους,
555 3590 630 3623 καθ’
660 3592 715 3629 οὓς
741 3590 952 3636 προσφύεται
984 3589 1164 3629 ἀλλήλοίς,
1194 3588 1285 3620 ἀλλοὶ

277 3635 329 3678 μή
358 3635 455 3669 κατὰ
479 3635 624 3674 πλοίτος.
661 3638 786 3681 Τμητοὲ
809 3631 839 3667 δ’
867 3636 941 3668 ἐστὶ
966 3634 1032 3667 τῶν
1063 3631 1281 3665 συνεστώτων

1343 750 1361 768 θ’
1385 752 1425 782 Et
1446 753 1524 784 haec
1552 755 1683 795 quidem
1710 757 1945 798 impressibilia,
1976 761 2063 792 velut
2086 772 2138 792 aes
2161 769 2192 793 et
2215 770 2300 794 cera:
2319 764 2408 795 'haec
2434 768 2446 778 ⁸

1411 804 1518 829 autem
1535 809 1599 829 non
1616 800 1844 841 impressibilia,
1868 804 1954 835 velut
1966 805 2044 836 later
2067 813 2097 836 et
2112 817 2203 847 aqua.
2228 807 2285 838 Est
2301 815 2408 838 autem

1410 843 1588 883 impressio,
1613 845 1787 884 superficiei
1811 848 1987 879 secundum
2010 857 2131 889 partem
2154 851 2187 881 in
2210 851 2408 892 profundum

1368 915 1371 918 ,
1412 888 1511 918 cessio
1535 888 1681 927 pulsione
1705 897 1759 921 aut
1781 892 1998 931 percussione,
2021 894 2159 925 totaliter
2182 902 2289 926 autem
2312 903 2406 928 tactu.

1411 932 1492 963 Sunt
1511 939 1618 962 autem
1641 943 1721 973 quae
1745 935 1818 965 talia
1842 942 1872 966 et
1888 936 2122 978 mossificabilia,
2145 939 2233 970 velut
2255 950 2325 971 cera
2339 951 2407 971 ma-

1411 983 1505 1007 nente
1522 976 1581 1007 alia
1597 977 1758 1016 superficie
1782 981 1957 1011 secundum
1980 989 2102 1021 partem
2118 990 2360 1023 transmutatur;
2377 992 2408 1016 et

1412 1021 1508 1058 dura,
1531 1021 1619 1052 velut
1647 1029 1714 1059 aes;
1744 1029 1774 1053 et
1801 1033 1867 1054 non
1895 1024 2113 1065 impressibilia
2141 1034 2171 1058 et
2199 1028 2292 1066 dura,
2319 1029 2407 1060 velut

1411 1066 1488 1096 later
1513 1063 1597 1107 (non
1626 1065 1711 1096 enim
1739 1067 1819 1097 cedit
1842 1068 1874 1098 in
1904 1069 2102 1108 profundum
2133 1071 2346 1115 superficies);
2376 1080 2407 1104 et

1411 1110 1555 1148 humida,
1579 1110 1667 1140 velut
1690 1120 1772 1151 aqua
1796 1112 1877 1142 cedit
1900 1113 2043 1153 quidem,
2068 1115 2123 1145 sed
2143 1125 2208 1146 non
2228 1117 2404 1148 secundum

1412 1161 1545 1194 partem,
1570 1154 1624 1184 sed
1649 1165 1665 1185 e
1679 1162 1787 1185 contra
1810 1162 2044 1188 transmutatur.

1345 1196 1608 1238 Impressibilium
1636 1205 1742 1229 autem
1771 1209 1990 1242 quaecumque
2014 1210 2142 1234 manent
2164 1204 2406 1244 impressionem

1412 1253 1504 1282 passa
1520 1249 1551 1273 et
1569 1243 1648 1273 bene
1672 1243 1889 1283 impressibilia
1906 1255 2014 1284 manu,
2038 1245 2114 1277 haec
2135 1247 2264 1288 quidem
2287 1249 2406 1280 forma-

1412 1287 1495 1317 bilia.
1521 1288 1612 1324 Quae
1636 1294 1742 1318 autem
1773 1295 1828 1319 aut
1854 1299 1920 1319 non
1948 1290 2027 1320 bene
2055 1290 2290 1331 impressibilia,
2318 1293 2406 1324 velut

1412 1331 1491 1371 lapis
1515 1339 1570 1362 aut
1592 1331 1726 1371 lignum,
1751 1340 1806 1364 aut
1827 1333 1907 1363 bene
1930 1333 2150 1373 impressibilia
2172 1336 2313 1377 quidem,
2338 1347 2404 1368 non

1412 1382 1519 1406 manet
1543 1383 1649 1406 autem
1671 1376 1849 1416 impressiO,
1872 1377 1959 1408 velut
1978 1377 2067 1408 lanae
2086 1385 2140 1410 aut
2159 1380 2319 1420 spongiae,
2339 1391 2406 1412 non

1413 1419 1600 1458 formabilia,
1625 1420 1679 1450 sed
1702 1421 1846 1460 capibilia
1869 1420 1945 1451 haec
1968 1428 2051 1452 sunt.

1346 1464 1427 1495 Sunt
1448 1471 1554 1495 autem
1571 1463 1712 1504 capibilia
1728 1475 1948 1505 quaecumque
1965 1466 2056 1505 pulsa
2074 1465 2107 1496 in
2123 1467 2223 1506 seipsa
2239 1469 2405 1499 convenire

1413 1515 1565 1549 possunt,
1595 1508 1627 1538 in
1650 1509 1848 1548 profundum
1872 1508 2034 1549 superficie
2062 1519 2150 1541 secus
2174 1518 2311 1551 mutata,
2339 1523 2405 1543 non

1413 1553 1528 1590 divisa,
1553 1559 1583 1583 et
1609 1553 1758 1583 translata
1781 1553 1853 1583 alibi
1877 1553 1936 1583 alia
1963 1560 2065 1593 parte,
2089 1554 2175 1586 velut
2204 1566 2286 1596 aqua
2313 1556 2403 1588 facit:

1412 1597 1489 1627 haec
1506 1597 1591 1627 enim
1608 1607 1624 1627 e
1641 1604 1750 1627 contra
1765 1596 1956 1628 transfertur.
1981 1597 2037 1628 Est
2054 1605 2161 1629 autem
2176 1600 2280 1639 pulsio
2297 1607 2404 1631 motus

1413 1651 1431 1671 a
1454 1648 1617 1679 movente,
1646 1640 1701 1682 qui
1725 1640 1759 1671 fit
1782 1651 1799 1671 a
1829 1647 1934 1671 tactu:
1970 1642 2130 1681 percussio
2160 1650 2267 1674 autem
2290 1654 2364 1675 cum
2387 1655 2405 1675 a

1412 1685 1539 1716 latione.
1558 1685 1737 1725 capiuntur
1752 1692 1859 1716 autem
1875 1695 2094 1727 quaecumque
2110 1697 2206 1727 poros
2222 1688 2338 1719 habent
2352 1699 2405 1719 va-

1413 1740 1491 1761 cuos
1515 1729 1640 1770 cognati
1671 1730 1830 1769 corporis:
1856 1736 1887 1760 et
1910 1729 2052 1770 capibilia
2080 1731 2156 1762 haec
2184 1740 2404 1774 quaecumque

1412 1781 1549 1815 possunt
1571 1774 1604 1804 in
1627 1774 1755 1814 propria
1781 1783 1881 1804 vacua
1910 1774 2093 1813 convenire,
2122 1782 2177 1806 aut
2202 1776 2235 1806 in
2258 1777 2404 1817 proprios

1411 1828 1520 1859 poros,
1544 1818 1632 1848 velut
1650 1818 1824 1848 madefacta
1839 1818 1983 1858 spongia,
2003 1818 2087 1857 pleni
2104 1820 2187 1850 enim
2203 1820 2302 1860 ipsius
2318 1821 2404 1861 pori;

1412 1864 1467 1894 sed
1479 1869 1759 1904 quorumcumque
1776 1862 1846 1902 pori
1861 1862 1946 1902 pleni
1962 1862 2078 1893 fuerint
2093 1864 2291 1895 mollioribus
2307 1875 2405 1906 quam

1410 1908 1519 1948 ipsum
1542 1907 1631 1948 quod
1655 1913 1766 1937 natum
1782 1913 1828 1936 est
1844 1906 2010 1936 convenire
2026 1907 2058 1937 in
2075 1907 2223 1947 seipsum.
2250 1908 2405 1949 Capibilia

1410 1952 1542 1993 quidem
1573 1951 1668 1991 igitur
1696 1957 1783 1988 sunt,
1812 1950 1899 1981 velut
1927 1950 2073 1991 spongia,
2104 1961 2188 1990 cera,
2217 1962 2299 1983 caro.
2330 1954 2405 1984 Non

1411 1996 1556 2037 capibilia
1580 2002 1698 2034 autem,
1723 2004 1804 2036 quae
1828 2005 1894 2025 non
1918 2001 1990 2025 nata
2014 1995 2180 2026 convenire
2203 1997 2349 2036 pulsione
2372 1998 2405 2028 in

1410 2051 1465 2072 eos
1489 2040 1545 2081 qui
1568 2040 1601 2070 in
1623 2040 1699 2080 ipsis
1723 2049 1831 2080 poros,
1853 2046 1908 2069 aut
1923 2039 1998 2080 quia
2021 2049 2087 2069 non
2109 2040 2236 2076 habent,
2253 2048 2308 2072 aut
2330 2042 2405 2082 quia

1408 2085 1588 2116 durioribus
1611 2084 1728 2114 habent
1751 2083 1873 2123 plenos.
1903 2084 2036 2113 Ferrum
2064 2084 2149 2114 enim
2177 2095 2243 2115 non
2259 2086 2401 2126 capibile,

1407 2137 1438 2160 et
1460 2129 1556 2170 lapis,
1585 2135 1616 2159 et
1643 2138 1743 2169 aqua,
1774 2134 1804 2158 et
1827 2137 1923 2157 omne
1947 2127 2126 2159 humidum.

1339 2218 1513 2250 Trahibilia
1528 2224 1635 2248 autem
1647 2223 1731 2254 sunt,
1741 2225 2020 2258 quorumcumque
2037 2223 2142 2256 potest
2157 2216 2196 2246 ad
2209 2217 2289 2248 latus
2305 2224 2402 2248 trans-

1407 2262 1479 2293 ferri
1503 2260 1693 2301 superficies.
1719 2260 1816 2290 Trahi
1841 2260 1926 2290 enim
1949 2267 1995 2291 est
2017 2260 2174 2291 transferri
2202 2261 2242 2291 ad
2269 2271 2401 2292 movens

1406 2307 1538 2348 planum
1563 2305 1752 2336 continuum
1775 2304 1917 2335 existens,
1942 2305 2023 2335 Sunt
2045 2311 2152 2335 autem
2175 2305 2251 2336 haec
2274 2306 2403 2346 quidem

1405 2350 1576 2388 trahibilia,
1601 2350 1687 2380 velut
1710 2349 1812 2389 piluS,
1840 2349 1982 2388 corrigia,
2006 2359 2130 2387 nervus,
2155 2356 2253 2389 pasta,
2276 2350 2400 2390 gluten:

1406 2396 1483 2426 haec
1506 2401 1613 2425 autem
1637 2403 1703 2424 non
1726 2393 1899 2430 trahibilia,
1929 2393 2015 2423 velut
2038 2403 2121 2434 aqua
2144 2400 2174 2424 et
2196 2394 2284 2434 lapis.
2316 2395 2403 2425 Haec

1407 2440 1538 2481 quidem
1561 2438 1656 2479 igitur
1679 2438 1789 2468 eadem
1812 2444 1886 2468 sunt
1908 2437 2063 2468 trahibilia
2086 2444 2116 2468 et
2140 2438 2293 2477 capibilia‚
2316 2439 2404 2469 velut

1406 2485 1492 2515 lana:
1517 2483 1594 2513 haec
1617 2489 1724 2513 autem
1747 2492 1813 2512 non
1837 2482 1967 2519 eadem,
1998 2481 2078 2512 sicut
2101 2481 2248 2522 phlegma
2271 2482 2402 2523 capibile

1408 2528 1540 2569 quidem
1563 2537 1629 2557 non
1652 2533 1714 2564 est,
1738 2526 1880 2556 trahibile
1903 2533 2024 2564 autem;
2049 2533 2079 2556 et
2105 2526 2238 2566 spongia
2264 2526 2403 2567 capibilis

1408 2573 1550 2613 quidem,
1574 2581 1640 2601 non
1664 2570 1814 2601 trahibilis
1838 2576 1955 2600 autem.

1341 2618 1423 2649 Sunt
1446 2623 1553 2647 autem
1577 2622 1607 2646 et
1621 2615 1697 2645 haec
1716 2614 1847 2655 quidem
1866 2614 2005 2651 ductilia,
2020 2614 2106 2644 velut
2121 2622 2182 2652 aes3
2206 2614 2282 2645 haec
2298 2621 2404 2645 autem

1409 2671 1475 2691 non
1491 2659 1630 2696 ductilia,
1654 2659 1741 2689 velut
1762 2658 1842 2699 lapis
1858 2665 1888 2689 et
1903 2658 2036 2698 lignum.
2061 2658 2141 2689 Sunt
2156 2665 2261 2689 autem
2277 2659 2405 2689 ductilia

1404 2705 1536 2746 quidem
1559 2712 1781 2744 quaecumque
1804 2703 1914 2733 eadem
1937 2702 2138 2742 percussione
2161 2709 2295 2742 possunt
2310 2703 2404 2733 simul

1408 2750 1442 2780 in
1457 2750 1539 2779 latus
1559 2755 1590 2779 et
1605 2747 1804 2788 profundum
1828 2747 2004 2777 secundum
2028 2746 2226 2786 superficiem
2249 2747 2404 2778 transferri

1408 2793 1585 2824 secundum
1611 2798 1749 2832 partem:
1779 2801 1845 2821 non
1875 2791 2004 2821 ductilia
2032 2798 2154 2830 autem,
2185 2801 2404 2831 quaecumque

1408 2848 1475 2868 non
1491 2843 1635 2878 possunt.
1660 2836 1740 2866 Sunt
1763 2842 1870 2866 autem
1893 2845 1973 2875 quae
1990 2835 2119 2875 quidem
2141 2835 2277 2873 ductilia,
2296 2835 2404 2865 omnia

1408 2889 1440 2913 et
1453 2881 1691 2922 impressibilia;
1715 2879 1933 2920 impressibilia
1956 2886 2062 2909 autem
2086 2889 2151 2909 non
2175 2879 2283 2909 omnia
2303 2879 2402 2910 ducti-

1407 2927 1460 2965 lia,
1484 2926 1570 2957 velut
1592 2925 1732 2965 lignum:
1757 2931 1793 2955 ut
1816 2931 1921 2954 tamen
1945 2924 1984 2953 ad
2007 2933 2102 2953 omne
2122 2930 2168 2953 est
2192 2923 2304 2961 dicere,
2328 2933 2402 2954 con-

1407 2977 1582 3002 vertuntur.
1604 2969 1798 3009 Capibilium
1814 2975 1919 2998 autem
1935 2968 2011 2998 haec
2026 2967 2156 3008 quidem
2172 2967 2309 3005 ductilia,
2326 2967 2402 2998 haec

1409 3022 1516 3046 autem
1532 3021 1615 3044 non:
1641 3022 1709 3044 cera
1732 3013 1862 3054 quidem
1879 3019 1908 3042 et
1923 3012 2028 3042 lutum
2051 3011 2188 3050 ductilia,
2204 3011 2276 3042 lana
2296 3018 2402 3042 autem

1409 3070 1486 3096 non,
1510 3068 1614 3099 neque
1637 3067 1728 3098 aqua.
2382 3071 2385 3074 -

1341 3105 1423 3136 Sunt
1441 3110 1548 3134 autem
1572 3109 1602 3133 et
1617 3102 1693 3132 haec
1716 3100 1846 3141 quidem
1870 3099 2040 3138 scissibilia,
2064 3099 2150 3130 velut
2165 3099 2301 3139 lignum:
2326 3099 2402 3130 haec

1408 3155 1515 3178 autem
1538 3157 1604 3177 non
1627 3145 1802 3182 scissibilia,
1826 3144 1912 3174 velut
1934 3144 2020 3174 later.
2045 3144 2101 3174 Est
2124 3150 2230 3174 autern
2254 3143 2401 3174 scissibile

1407 3192 1495 3233 quod
1512 3197 1616 3231 potest
1639 3189 1734 3219 dividi
1751 3189 1790 3219 ad
1806 3188 1878 3228 plus
1894 3198 1991 3228 quam
2015 3188 2155 3218 dividens
2172 3187 2289 3218 dividit.
2315 3187 2401 3218 Scin-

1407 3236 1491 3266 ditur
1513 3235 1598 3265 enim
1623 3244 1696 3264 curn
1719 3233 1759 3263 ad
1775 3233 1846 3273 plus
1870 3232 2026 3262 dividatur
2048 3242 2146 3272 quarn
2169 3231 2308 3262 dividens
2325 3232 2400 3262 divi-

1408 3280 1470 3318 dit,
1502 3286 1531 3309 et
1554 3278 1711 3318 praecedit
1734 3277 1855 3307 divisio.
1887 3277 1923 3306 In
1946 3276 2182 3307 detruncatione
2206 3282 2311 3306 autern
2335 3286 2400 3306 non

1407 3331 1453 3354 est
1466 3323 1538 3354 hoc.
1555 3323 1628 3353 Non
1645 3321 1806 3352 scissibilia
1822 3328 1939 3358 autem,
1951 3330 2171 3361 quaecumque
2186 3330 2252 3350 non
2267 3327 2401 3360 possunt

1406 3368 1471 3408 pati
1486 3368 1556 3397 hoc.
1578 3367 1634 3397 Est
1649 3372 1755 3396 autem
1775 3375 1877 3405 neque
1897 3365 1993 3395 molle
2010 3364 2135 3395 nullum
2150 3364 2298 3394 scissibile
2315 3363 2399 3406 (dico

1406 3419 1513 3442 autem
1536 3410 1718 3450 simpliciter
1739 3409 1897 3447 mollium,
1918 3416 1948 3439 et
1970 3419 2035 3439 non
2059 3408 2248 3438 adinvicem:
2265 3408 2309 3438 sic
2329 3408 2399 3448 qui-

1406 3457 1479 3486 dem
1503 3455 1587 3486 enim
1604 3462 1633 3485 et
1648 3454 1766 3484 ferrum
1790 3453 1846 3484 erit
1865 3451 1987 3494 molle),
2002 3462 2106 3493 neque
2121 3453 2198 3482 dura
2213 3452 2332 3489 omnia,
2345 3452 2399 3482 sed

1404 3509 1625 3541 quaecumque
1649 3508 1752 3538 neque
1776 3497 1907 3528 humida
1923 3504 2013 3535 sunt,
2037 3506 2140 3537 neque
2163 3496 2397 3536 impressibilia,

1405 3554 1509 3584 neque
1538 3542 1797 3574 comminuibilia.
1831 3542 1922 3572 Talia
1952 3547 2059 3571 autern
2080 3547 2153 3571 sunt
2178 3549 2397 3581 quaecumque

1405 3588 1581 3619 secundum
1603 3586 1835 3626 longitudinem
1857 3586 1973 3616 habent
1999 3594 2095 3625 poros
2119 3585 2294 3615 secundum
2317 3594 2396 3624 quos

1405 3633 1617 3663 adnascuntur
1645 3631 1796 3669 invicem,
1825 3630 1879 3660 sed
1902 3639 1968 3660 non
1991 3629 2166 3660 secundum
2188 3628 2395 3659 latitudinem.
