2782 4134
1037 246 1149 282 CAP.
1180 246 1229 291 ΙΙ,

0 333 122 356 inda-u.
163 323 305 372 cipium
334 323 436 360 unde
466 324 659 360 derivatur
677 324 882 372 partialiter
899 324 919 346 ’¹‘
943 325 1173 361 elementum
1194 332 1230 360 et

162 375 433 413 commiscetur
465 377 544 413 aliis
580 377 796 423 elementis,
835 384 991 425 propter
1023 377 1228 414 multitudi-

161 441 252 466 nem
268 429 500 466 substantiae
520 430 762 466 elementaris
777 429 817 466 in
835 430 899 466 illo
919 431 1004 466 loco
1026 430 1226 477 existentis,

160 482 212 519 ita
240 489 296 518 est
322 481 361 518 in
389 494 502 530 aqua.
538 481 724 519 Videmus
758 482 860 518 enim
890 483 994 531 quod
1021 480 1227 520 multitudo

160 534 256 583 ignis
277 542 333 571 est
351 535 390 571 in
418 534 605 583 superiori
633 536 719 571 loco
747 535 861 572 huius
879 535 1064 572 inferioris
1083 536 1227 582 mundi,

162 588 227 636 qui
247 595 304 624 est
322 587 501 624 naturalis
530 588 637 624 locus
658 588 754 633 eius3
776 596 811 625 et
831 588 998 625 similiter
1026 589 1227 625 multitudo

161 641 258 678 aeris
279 647 335 677 est
353 641 424 677 sub
444 641 531 677 loco
551 639 658 688 ignis,
675 641 783 689 quasi
803 641 842 678 in
860 641 1016 690 proprio
1037 642 1122 678 loco
1139 654 1228 677 con-

161 701 329 742 gregata;
354 701 391 731 et
409 693 653 731 manifestum
673 701 730 731 est
748 694 855 742 quod
875 707 1013 743 corpus
1032 701 1154 731 terrae
1174 703 1230 731 est

161 746 200 783 in
227 746 378 793 medio,
409 747 508 783 circa
535 747 641 796 quod
680 747 810 784 omnia
849 747 922 784 alia
951 759 1114 796 corpora
1142 755 1230 784 sunt

161 799 335 837 ordinata
361 806 390 836 ⁸.
424 799 536 837 Unde
570 799 816 837 manifestum
850 808 905 837 est
936 801 1041 849 quod
1074 813 1228 837 necesse

162 859 218 890 est
245 853 378 900 etiam,
408 853 622 890 secundum
652 854 815 891 eandem
836 854 1036 900 rationem,
1063 866 1146 890 esse
1166 854 1229 890 ali-

160 917 278 955 quem
306 907 436 943 locum
463 906 530 943 ubi
550 906 596 943 sit
620 915 847 955 congregata
866 907 1069 945 multitudo
1094 919 1228 955 aquae,

103 982 110 988 -
160 958 304 1008 quasi*
322 959 362 996 111
380 960 466 996 1000
481 960 637 1009 proprio
663 967 700 996 et
719 960 890 997 naturali.
912 961 1144 998 Huiusmodi
1164 973 1229 997 au-

160 1019 239 1049 tem
258 1024 338 1050 non
351 1020 478 1061 potest
497 1025 580 1049 esse
600 1013 703 1050 aliud
718 1026 837 1062 quam
858 1027 981 1051 mare:
997 1014 1088 1062 quia
1107 1026 1229 1062 aquae

160 1065 371 1103 fluviorum
399 1078 480 1103 non
507 1074 595 1104 sunt
622 1079 757 1104 omnes
786 1067 901 1104 simul
919 1067 951 1114 *,
982 1079 1070 1104 011111
1099 1074 1229 1103 13111011

161 1126 337 1168 oporteat
363 1119 478 1156 unius
507 1120 683 1173 elementi
714 1132 795 1157 esse
823 1133 946 1158 unum
980 1121 1110 1157 locum
1140 1132 1229 1156 con-

160 1171 331 1214 tinuum.
343 1173 496 1209 lterum
524 1185 625 1221 aqua
652 1173 862 1211 fluviorum
883 1186 962 1210 non
992 1181 1047 1210 est
1075 1173 1228 1220 stabilis,

161 1225 230 1262 sed
250 1225 386 1273 fluens,
408 1238 497 1263 cum
517 1233 646 1263 tamen
665 1234 839 1276 oporteat
857 1239 974 1263 omne
995 1227 1229 1265 elementum

160 1285 260 1316 stare
283 1277 304 1300 *
331 1278 370 1316 in
397 1279 554 1328 proprio
591 1280 700 1316 loco:
737 1279 822 1317 fluit
853 1287 982 1317 autem
1019 1279 1228 1316 fluviorum

161 1343 282 1381 aqua,
311 1339 445 1381 utpote
473 1345 572 1380 quae
607 1332 758 1370 videtur
790 1336 945 1382 semper
972 1332 1162 1381 generari,
1194 1340 1230 1369 et

160 1396 240 1422 non
267 1385 463 1434 quiescere
491 1385 531 1423 in
560 1386 700 1423 eodem
728 1387 827 1423 loco.

214 1439 376 1487 Propter
403 1439 503 1476 hanc
529 1438 640 1486 igitur
672 1438 970 1484 dubitationem,
999 1446 1230 1487 putaverunt

161 1491 269 1540 quod
310 1504 415 1528 mare
459 1499 559 1529 esset
593 1491 823 1540 principium
862 1491 988 1528 omnis
1029 1504 1152 1540 aquae
1195 1499 1231 1528 et

161 1544 337 1582 omnium
366 1545 627 1582 humidorum.
658 1545 708 1582 Et
725 1552 883 1594 propter
905 1545 981 1581 hoc
999 1552 1231 1594 putaverunt

161 1597 269 1648 quod
292 1598 424 1635 omnia
442 1598 602 1635 flumina
620 1610 700 1635 non
728 1599 856 1635 solum
885 1598 1024 1635 intrant
1051 1599 1089 1635 in
1109 1610 1228 1645 mare,

161 1650 230 1688 sed
258 1650 372 1688 etiam
400 1651 524 1688 fluunt
543 1663 566 1687 a
586 1651 700 1688 mari:
730 1651 818 1711 quia
841 1652 950 1689 locus
968 1651 1146 1688 naturalis
1166 1651 1230 1688 ali-

160 1702 268 1741 cuius
287 1704 465 1741 elementi
478 1704 631 1741 videtur
649 1717 732 1741 esse
751 1705 979 1754 principium
995 1713 1032 1742 et
1045 1705 1230 1742 terminus

161 1764 289 1795 motus
308 1757 484 1795 omnium
499 1756 517 1785 β
536 1757 687 1794 illorum
707 1770 807 1806 quae
827 1766 914 1795 sunt
934 1758 980 1795 de
1001 1766 1135 1795 natura
1154 1758 1227 1805 1113,

161 1810 251 1860 quia
279 1811 410 1848 omnia
444 1810 661 1848 naturaliter
697 1812 858 1849 tendunt
894 1811 942 1848 ad
975 1812 1104 1848 locum
1139 1824 1229 1861 pro-

159 1863 297 1913 prium.
318 1885 343 1892 -
363 1865 413 1901 Et
440 1864 654 1901 secundum
683 1864 859 1914 antiquos
879 1872 959 1902 erat
987 1865 1100 1902 etiam
1127 1865 1229 1914 prin-

161 1916 319 1966 cipium.
349 1917 439 1965 quia
465 1918 663 1966 ponebant
689 1918 795 1967 quod
823 1918 1012 1955 elementa
1040 1926 1148 1955 erant
1174 1918 1229 1955 111-

160 1970 390 2019 generabilia
428 1978 464 2007 et
491 1971 789 2030 incorruptibilia
816 1976 852 2018 ⁷,
881 1971 984 2008 unde
1021 1983 1121 2019 aqua
1150 1984 1228 2009 non

160 2023 414 2073 generabatur
433 2024 482 2061 de
501 2036 624 2070 novo;
654 2032 691 2061 et
709 2024 763 2061 sic
782 2025 984 2073 oportebat
1008 2024 1126 2084 quod,
1146 2025 1229 2062 ubi-

160 2088 330 2126 cumque
357 2089 458 2126 aqua
477 2084 581 2114 extra
609 2078 738 2114 locum
757 2078 957 2127 proprium
985 2077 1228 2126 inveniretur,

159 2130 265 2180 quod
293 2130 472 2168 influeret
497 2143 520 2168 a
548 2131 708 2168 naturali
736 2132 821 2169 loco
852 2143 986 2179 aquae.

213 2184 264 2221 Et
282 2183 372 2232 quia
398 2191 530 2233 posset
557 2184 692 2232 aliquis
720 2184 885 2221 obiicere
915 2184 1020 2233 quod
1038 2196 1145 2221 mare
1175 2191 1231 2221 est

160 2236 314 2284 salsum,
337 2244 374 2274 et
401 2249 502 2285 aqua
528 2237 737 2274 fluviorum
768 2245 824 2274 est
852 2237 983 2284 dulcis,
1005 2244 1060 2275 01
1069 2237 1122 2274 510
1150 2249 1230 2274 11011

158 2289 310 2327 videtur
337 2290 461 2327 fluens
489 2303 512 2327 a
530 2290 646 2337 mari3
677 2290 726 2327 ad
753 2291 853 2327 hanc
882 2290 1140 2327 obiectionem
1170 2303 1231 2327 ex-

161 2341 413 2390 eludendam,
443 2343 660 2381 subditur*
688 2345 793 2392 quod
821 2343 913 2381 illud
929 2343 1046 2403 'quod
1077 2351 1132 2380 051
1159 2345 1229 2380 sal-

159 2408 258 2444 sum,
275 2397 430 2445 quando
458 2397 612 2444 colatur,
633 2397 676 2434 fit
696 2397 823 2443 dulce;
853 2405 890 2434 et
909 2396 962 2433 sic
981 2409 1082 2446 aqua
1101 2397 1228 2443 maris,

159 2450 316 2499 quando
346 2451 491 2487 colatur
517 2462 587 2500 per
612 2458 769 2498 terram,
799 2426 961 2487 efficitur
987 2450 1164 2499 potabilis
1192 2450 1230 2487 in

159 2502 299 2541 fluviis.

215 2557 251 2594 3.
280 2556 429 2594 Deinde
463 2568 551 2593 cum
589 2556 696 2594 dicit:
738 2557 947 2605 Opponitur
982 2562 1108 2593 autem
1137 2563 1228 2603 etc.,

159 2614 295 2648 movet
321 2611 508 2659 quasdam
539 2609 794 2647 dubitationes
832 2610 930 2647 circa
958 2610 1230 2658 praedetermi-

159 2671 266 2701 nata:
296 2671 333 2700 et
359 2662 485 2712 primo
505 2676 624 2700 unam
654 2671 786 2700 contra
810 2663 886 2700 hoc
914 2663 1020 2712 quod
1048 2675 1154 2700 mare
1175 2671 1231 2700 est

159 2717 267 2754 locus
295 2716 474 2753 naturalis
502 2729 644 2765 aquae;
665 2716 835 2753 secundo
866 2724 997 2754 contra
1020 2717 1095 2753 hoc
1125 2716 1230 2764 quod

160 2769 304 2808 dictum
327 2777 383 2806 est
410 2770 516 2818 quod
534 2782 640 2806 mare
661 2777 717 2806 est
739 2769 922 2806 terminus
941 2782 1128 2819 aquarum
1148 2782 1229 2806 cur-

160 2823 336 2870 rentium,
367 2823 437 2860 ibi:
472 2824 664 2865 Quaerere
691 2828 817 2860 autem
845 2823 1040 2871 antiquam
1068 2822 1088 2844 *
1117 2830 1185 2859 etc.

214 2876 326 2914 Circa
339 2877 507 2925 primum
522 2876 599 2914 duo
615 2876 712 2913 facit.
729 2876 860 2913 Primo
875 2883 1009 2913 movet
1028 2875 1230 2914 dubitatio-

160 2942 268 2968 nem:
289 2942 387 2979 quae
407 2929 490 2967 talis
510 2937 576 2966 est.
599 2930 639 2966 Si
658 2942 763 2967 mare
781 2937 836 2966 est
854 2929 1082 2979 principium
1102 2928 1228 2980 omnis

159 2995 295 3033 aquae,
312 2983 421 3043 quasi
436 2983 615 3020 naturalis
631 2981 644 3004 δ
658 2984 765 3020 100115
780 2995 902 3032 aquae
920 2983 1093 3029 existens,
1110 2995 1227 3030 quare

160 3049 262 3085 aqua
289 3037 405 3074 maris
434 3049 513 3074 non
538 3044 594 3074 est
614 3037 732 3073 dulcis
753 3044 789 3073 et
807 3036 995 3085 potabilis,
1017 3035 1084 3073 sed
1104 3034 1229 3072 salsa?

161 3090 290 3127 Omne
306 3090 409 3127 enim
426 3089 687 3127 elementum
679 3102 717 3126 111
736 3090 1654 3173 primoffl
878 3091 963 3126 loco
977 3089 1130 3126 videtur
1145 3101 1227 3125 esse

213 3204 241 3237 a)
261 3204 351 3230 omnia
367 3204 423 3229 alia
441 3211 557 3236 corpora
574 3207 638 3228 sunt
655 3204 824 3229 ordinata.-
835 3203 891 3229 alia
908 3210 1024 3235 corpora
1041 3206 1105 3228 sunt
1117 3210 1230 3236 congre-

159 3243 226 3274 gata
244 3240 370 3265 ordinate
387 3240 434 3265 Pa.

215 3274 240 3307 β)
261 3275 444 3307 principium.

160 3311 278 3336 omnium
297 3311 351 3335 AB.

214 3346 241 3379 γ)
257 3345 452 3386 ingenerabilia
464 3348 490 3370 et
500 3344 753 3376 incorruptibilia.—
764 3344 928 3377 generabilia
943 3347 969 3368 et
982 3343 1168 3375 corruptibilia
1182 3343 1229 3368 Pa.

160 3381 200 3406 De
218 3381 267 3405 hac
284 3380 406 3413 opinione
425 3380 590 3412 antiquorum
609 3380 676 3410 vide,
695 3380 760 3404 inter
773 3379 828 3410 alia,
843 3379 863 3403 11
877 3380 910 3404 de
927 3378 1104 3403 Generatione
1116 3381 1143 3402 et
1163 3379 1228 3403 Cor—

161 3416 293 3448 ruptione,
314 3423 388 3448 capp.
401 3423 426 3446 v,
440 3423 466 3439 111
485 3415 643 3447 (Comment.
663 3415 721 3439 lect.
733 3422 759 3439 vx
775 3419 801 3439 et
818 3414 874 3446 vn).
892 3414 951 3438 Mox
970 3418 1029 3438 ante
1047 3414 1229 3446 generabatur

161 3452 263 3476 codices
278 3457 303 3476 et
317 3451 376 3476 editi
395 3450 517 3475 omittunt
535 3457 603 3479 non,·
622 3457 716 3474 sensus
735 3454 822 3474 tamen
841 3449 976 3473 manifeste
994 3448 1070 3480 exigit
1088 3448 1155 3472 hanc
1170 3456 1228 3480 par-

160 3487 278 3518 ticulam,
297 3486 331 3511 ob
351 3486 423 3510 cuius
447 3485 616 3510 omissionem
642 3485 708 3510 forte
727 3485 787 3510 edd.
805 3489 970 3509 mutaverunt
989 3484 1180 3516 ingenerabilia
1199 3491 1228 3508 ac

162 3521 395 3554 incorruptibilia
389 3530 415 3545 111
428 3521 593 3554 generabilia
613 3525 638 3545 et
649 3520 873 3552 corruptibilia.
886 3520 914 3543 In
929 3518 980 3544 fine
994 3519 1094 3543 numeri
1109 3527 1156 3552 pro
1171 3519 1227 3543 loco

159 3564 255 3590 aquae,
275 3558 332 3582 Ioco
351 3564 423 3589 aqua
442 3557 490 3581 Pa.

214 3592 239 3626 ὅ)
259 3593 336 3626 quasi
350 3592 522 3617 naturalis.—
503 3591 612 3623 —quasi
626 3590 773 3616 materialis
787 3591 840 3621 ΑΒ,
853 3597 937 3623 quare
955 3590 1088 3614 naturalis
1102 3589 1147 3619 Pa,
1162 3596 1228 3623 quae

469 3292 475 3300 .
497 3275 624 3300 omnium.
649 3289 668 3294 —
692 3277 719 3299 et
743 3274 873 3299 terminus
899 3277 987 3298 motus
1014 3276 1042 3298 et
1064 3273 1228 3305 principium

1260 245 1411 281 LECT.
1443 246 1474 281 11

2273 249 2342 296 391

1283 322 1628 371 intransmutatum,
1651 331 1686 360 et
1710 325 1926 362 naturaliter
1946 338 1986 361 se
2006 326 2168 363 habens:
2199 326 2348 363 salsedo

1284 383 1413 412 31110111
1442 389 1521 413 11011
1542 384 1596 413 051
1623 378 1800 414 11311113115
1819 378 2031 426 proprietas
2059 391 2193 426 aquae,
2215 380 2283 416 sed
2303 392 2347 416 ex

1284 428 1410 477 aliqua
1437 430 1751 467 transmutatione
1780 431 1814 467 ei
1842 431 1986 468 accidit.

1335 493 1373 528 4.
1396 482 1575 519 Secundo
1595 483 1663 519 ibi:
1698 484 1823 520 Causa
1846 490 1971 520 autem
1989 485 2103 521 simul
2130 492 2212 529 etc.,
2238 485 2349 521 solvit

1284 534 1514 581 praedictam
1535 536 1811 573 dubitationem
1825 536 1856 573 ²¹².
1878 538 1927 573 Et
1946 537 2044 574 circa
2063 538 2138 574 hoc
2156 537 2226 574 tria
2245 537 2346 574 facit:

1283 586 1409 634 primo
1437 588 1643 635 praemittit
1661 589 1872 636 quoddam,
1893 602 2092 627 resumens
2117 602 2162 627 ex
2190 590 2348 638 praede-

1283 639 1525 676 terminatis*
1526 670 1535 687 ,
1555 642 1660 689 quod
1680 650 1735 679 est
1753 643 2010 680 necessarium
2030 644 2080 680 ad
2099 643 2347 689 solutionem;

1284 692 1454 729 secundo
1485 705 1530 729 ex
1563 695 1638 730 hoc
1675 697 1778 754 quod
1802 697 2047 755 ’propositum
2077 704 2147 743 est,
2187 696 2349 733 excludit

1285 744 1478 792 quandam
1507 746 1641 783 falsam
1660 747 1680 769 ’¹‘
1708 748 1941 807 opinionem,
1963 750 2034 786 ibi:
2063 751 2223 798 Propter
2249 750 2351 797 quod

1285 802 1321 832 et
1343 797 1572 834 deridendi*
1593 807 1680 846 etc.;
1709 802 1817 838 tertio
1838 803 1950 840 solvit
1969 803 2257 850 dubitationem,
2278 802 2347 839 ibi:

1284 850 1453 887 Potabile
1479 851 1627 899 quidem
1657 853 1773 902 igztur
1791 854 1810 876 ’¹‘
1831 862 1899 892 etc.

1338 903 1439 940 Dicit
1458 916 1548 951 ergo
1563 905 1688 952 primo
1705 907 1810 955 quod
1825 908 2052 955 assignando
2068 921 2223 945 causam
2239 920 2348 956 prae-

1285 956 1407 992 dictae
1427 957 1682 1005 dubitationis,
1702 971 1781 996 non
1801 961 1925 997 solum
1946 962 2115 998 solvetur
2132 962 2228 998 haec
2241 961 2261 983 ’Β
2281 961 2384 998 du-·

1285 1009 1427 1056 bitatio,
1457 1011 1525 1047 sed
1544 1012 1800 1049 necessarium
1830 1014 1898 1050 erit
1920 1026 1989 1062 per
2007 1015 2082 1051 hoc
2101 1015 2272 1063 accipere
2292 1027 2348 1050 re-

1285 1070 1384 1099 ctam
1403 1062 1424 1084 '¹‘
1452 1063 1675 1111 opinionem
1705 1065 1752 1102 de
1781 1066 1887 1103 mari.
1923 1068 2097 1104 Resumit
2125 1080 2214 1115 ergo
2243 1069 2384 1127 quod

1285 1127 1386 1163 aqua
1406 1123 1461 1153 est
1481 1116 1654 1154 ordinata
1674 1117 1772 1155 circa
1791 1127 1943 1167 terram,
1960 1120 2056 1157 sicu't
2078 1121 2262 1170 sphaera
2253 1120 2348 1169 lgnis

1280 1181 1401 1227 super
1428 1181 1566 1217 3010111,
1588 1178 1624 1206 01
1643 1171 1805 1219 sphaera
1823 1172 1920 1209 aeris
1941 1186 2055 1222 super
2074 1186 2226 1234 aquam.
2248 1173 2347 1221 Ignis

1286 1221 1388 1258 enim
1409 1229 1464 1258 est
1483 1231 1707 1271 supremum
1736 1225 2027 1274 elementorum,
2058 1227 2138 1264 sive
2159 1227 2253 1274 ignis
2273 1226 2348 1263 exi-

1285 1275 1458 1311 stimetur
1486 1287 1568 1312 esse
1597 1289 1735 1326 corpus
1765 1279 1934 1326 caeleste,
1965 1288 2005 1316 ut
2031 1280 2185 1329 plurimi
2206 1280 2346 1327 dicunt,

1285 1327 1365 1365 sive
1387 1328 1433 1365 sit
1452 1330 1648 1389 quoddam
1667 1330 1688 1352 ²¹³
1716 1343 1854 1380 corpus
1874 1332 2088 1369 ordinatum
2109 1334 2178 1370 sub
2199 1309 2383 1370 03010511·

1286 1393 1459 1430 corpore,
1489 1382 1584 1419 sicut
1611 1383 1691 1432 ipse
1721 1396 1835 1433 supra
1863 1385 1952 1422 dixit
1974 1386 2004 1422 ⁹¹⁶.
2037 1387 2136 1423 Cum
2165 1386 2274 1434 igitur
2302 1399 2347 1423 ex

1285 1435 1375 1471 solis
1413 1442 1521 1471 motu
1560 1444 1733 1473 causetur
1769 1439 1960 1485 generatio
1997 1446 2033 1475 et
2065 1439 2277 1488 corruptio,
2313 1447 2348 1476 et

1285 1499 1421 1524 omnes
1448 1490 1748 1536 permutationes
1766 1490 1806 1528 in
1825 1491 1902 1528 istis
1927 1491 2177 1538 inferioribus,
2199 1500 2348 1540 oportet

1285 1542 1390 1589 quod
1409 1541 1501 1578 illud
1524 1543 1629 1590 quod
1649 1550 1704 1579 est
1723 1544 2009 1581 subtilissimum
2031 1553 2066 1581 et
2087 1545 2345 1582 dulcissimum

1284 1593 1323 1630 in
1351 1606 1451 1642 aqua
1478 1595 1681 1643 rarefacta,
1718 1609 1932 1646 evaporans
1969 1598 2146 1635 continue
2169 1604 2181 1619 ‘
2209 1599 2348 1635 feratur

1284 1646 1323 1683 in
1342 1647 1580 1706 superiorem
1599 1649 1744 1695 locum;
1776 1658 1811 1687 01
1835 1650 1886 1687 ibi
1905 1651 2041 1688 iterum
2071 1653 2347 1689 condensatum

1285 1712 1331 1736 ex
1357 1700 1495 1737 virtute
1524 1701 1682 1750 frigoris,
1711 1703 1851 1740 feratur
1873 1704 1893 1726 '¹‘
1922 1704 2102 1741 deorsum
2130 1705 2169 1742 in
2194 1713 2345 1742 terram.

1285 1754 1334 1790 Et
1360 1754 1436 1790 hoc
1463 1767 1617 1804 semper
1644 1756 1687 1793 fit
1705 1757 1918 1794 secundum
1938 1765 2124 1805 naturam,
2145 1766 2186 1795 ut
2204 1759 2310 1807 prius
2328 1758 2348 1780 ’¹‘

1285 1807 1428 1844 dictum
1457 1815 1522 1844 est.

1342 1862 1374 1897 5.
1396 1860 1546 1898 Deinde
1576 1874 1663 1898 cum
1693 1862 1798 1899 dicit:
1823 1864 1982 1912 Propter
2009 1864 2110 1912 quod
2127 1870 2163 1900 et
2179 1865 2347 1901 deriden-

1284 1914 1324 1950 di
1350 1921 1432 1960 etc.,
1455 1915 1617 1952 excludit
1644 1916 1838 1964 quandam
1865 1917 1997 1953 falsam
2031 1917 2252 1966 opinionem
2279 1930 2349 1965 per

1283 1967 1504 2016 praemissa.
1535 1969 1584 2004 Et
1619 1969 1745 2016 primo
1782 1970 1890 2018 ponit
1918 1970 2150 2019 opinionem.
2182 1972 2230 2007 Et
2262 1971 2350 2007 dicit

1285 2021 1390 2080 quod
1417 2033 1487 2080 per
1518 2022 1711 2080 praedicta
1746 2031 1850 2070 patet
1886 2024 1992 2072 quod
2019 2024 2226 2060 deridendi
2263 2031 2350 2060 sunt

1284 2074 1439 2122 antiqui,
1465 2075 1530 2123 qui
1559 2075 1733 2112 dixerunt
1752 2075 1766 2102 ζ
1785 2077 1889 2125 quod
1909 2078 1965 2113 sol
1987 2077 2173 2114 cibaretur
2191 2077 2348 2114 humido

1284 2140 1450 2175 aquoso,
1473 2136 1510 2164 et
1528 2129 1579 2164 ob
1597 2129 1696 2165 hanc
1717 2141 1870 2166 causam
1892 2130 2116 2176 circumiret,
2138 2130 2227 2179 quia
2245 2130 2348 2167 idern

1283 2181 1390 2217 locus
1418 2193 1496 2217 non
1515 2189 1640 2229 potest
1667 2194 1819 2230 semper
1836 2184 2020 2242 praebere
2048 2160 2267 2220 huiusmodi
2287 2183 2349 2220 ali-

1285 2242 1479 2279 mentum;
1510 2236 1615 2282 quod
1650 2242 1704 2271 est
1737 2236 1994 2273 necessarium
2030 2236 2155 2284 ipsum
2188 2237 2346 2283 habere,

1284 2295 1358 2333 aut,
1376 2287 1446 2324 nisi
1466 2263 1590 2336 ipsum
1610 2289 1779 2335 haberet,
1793 2295 2138 2348 corrumperetur'¹.
2160 2290 2349 2326 Putabant

1284 2340 1387 2377 enim
1407 2341 1514 2388 quod
1542 2341 1599 2377 sol
1619 2349 1717 2378 esset
1736 2349 1892 2378 naturae
1921 2343 2070 2390 igneae:
2105 2343 2347 2379 manifestum

1285 2401 1340 2430 est
1368 2402 1496 2430 autem
1522 2394 1627 2443 quod
1647 2395 1844 2443 quandiu
1836 2396 1931 2443 ignis
1950 2396 2124 2432 habuerit
2142 2396 2348 2432 nutrimen-

1284 2455 1384 2494 tum,
1419 2447 1550 2484 tandiu
1579 2448 1708 2494 durat;
1743 2449 1868 2485 solum
1902 2457 2028 2486 autem
2061 2449 2264 2486 humidum
2293 2457 2350 2486 est

1284 2501 1559 2538 nutrimentum
1588 2501 1608 2523 '¹‘
1639 2477 1745 2549 ignis.
1776 2502 1899 2549 Unde,
1930 2511 2158 2551 consumpto
2187 2502 2384 2539 totaliter·

1283 2554 1457 2602 humido,
1488 2554 1714 2602 extinguitur
1741 2555 1848 2602 ignis.

1338 2609 1373 2645 6.
1406 2608 1585 2645 Secundo
1615 2608 1683 2644 ibi:
1718 2609 1916 2656 Tanquam
1941 2609 2136 2658 pertingat
2162 2616 2249 2655 etc.,
2279 2609 2348 2645 1111-

1281 2662 1420 2711 probat
1437 2661 1671 2721 praedictam
1691 2661 1922 2710 positionem
1942 2662 2109 2710 quinque
2129 2662 2347 2699 rationibus.

1284 2716 1459 2762 Quarum
1492 2715 1617 2763 prima
1655 2723 1726 2761 est,
1758 2715 1861 2764 quod
1890 2715 1910 2736 ²¹²
1937 2727 2060 2763 vapor
2096 2715 2159 2763 qui
2197 2728 2347 2752 sursum
2375 2727 2383 2735 ·

1283 2770 1463 2815 elevatur,
1493 2780 1572 2804 non
1602 2768 1771 2805 ascendit
1798 2781 1919 2816 usque
1949 2770 1997 2806 ad
2026 2769 2154 2804 10011111
2183 2768 2282 2814 50115,
2307 2776 2349 2805 111

1283 2821 1417 2858 exinde
1445 2821 1564 2870 possit
1593 2821 1719 2858 cibari.
1750 2822 1799 2858 Et
1825 2823 1900 2858 hoc
1929 2822 2016 2858 satis
2046 2834 2090 2858 ex
2109 2821 2383 2869 praedictis*

1281 2882 1409 2924 potest
1437 2887 1519 2911 esse
1548 2874 1804 2911 manifestum.

1337 2928 1556 2965 Secundam
1576 2927 1762 2964 rationem
1777 2927 1885 2975 ponit
1902 2927 1969 2963 ibi:
1999 2932 2067 2963 aut
2082 2938 2256 2963 ascensus
2276 2934 2344 2962 etc.

1283 2982 1395 3028 Quae
1425 2979 1510 3018 est⁰
1528 2980 1639 3040 quod
1666 2987 1852 3029 ponentes
1876 2981 1952 3016 hoc
1979 2980 2084 3027 quod
2113 2979 2254 3016 dictum
2279 2986 2344 3025 est,

1281 3035 1459 3072 videntur
1479 3034 1692 3071 existimare
1713 3033 1817 3081 quod
1838 3033 1918 3069 talis
1934 3032 1979 3069 sit
1998 3045 2176 3069 ascensus
2191 3032 2345 3080 vaporis

1284 3088 1332 3124 ad
1361 3088 1493 3133 solem,
1524 3086 1645 3134 qualis
1675 3094 1730 3123 est
1748 3098 1926 3122 aseensus
1946 3085 2040 3122 fumi
2061 3085 2108 3122 ad
2127 3085 2344 3131 flammam;

1283 3203 1368 3226 statim
1387 3202 1508 3226 omittunt
1526 3208 1618 3233 quare.
1635 3215 1654 3219 -
1673 3200 1735 3224 Post
1753 3208 1830 3224 unam
1851 3199 1893 3223 lin.
1913 3207 1960 3231 pro
1979 3199 2005 3223 in
2021 3199 2112 3231 primo
2131 3200 2187 3224 loco
2208 3200 2345 3231 legendum

1282 3238 1382 3262 videtur
1402 3237 1428 3261 in
1444 3237 1559 3268 proprio
1578 3237 1644 3260 loco.

1336 3272 1358 3304 ε)
1382 3279 1531 3303 evaporans
1555 3271 1687 3296 continue.
1705 3284 1724 3290 —-
1741 3273 1768 3295 et
1792 3277 1926 3302 vaporans
1951 3269 2070 3301 quotidie
2091 3270 2145 3294 ΑΒ.
2170 3270 2295 3295 Ρ1111101113
2320 3274 2346 3295 et

1282 3312 1342 3333 ante
1361 3314 1495 3339 vaporans
1519 3306 1586 3330 forte
1604 3306 1685 3330 innuit
1704 3313 1751 3338 pro
1770 3306 1905 3339 rarefacta
1930 3306 2070 3337 legendum
2089 3312 2147 3330 esse
2166 3307 2346 3339 rarefactum,-

1282 3343 1313 3367 cf.
1328 3347 1471 3367 1011111111.-
1489 3342 1579 3366 Statim
1598 3342 1642 3365 AB
1661 3349 1714 3365 om.
1733 3341 1828 3366 Iocum.

1335 3377 1359 3410 ζ)
1376 3377 1421 3409 qui
1433 3377 1571 3402 dixerunt.
1584 3379 1738 3408 -putantes
1752 3377 1834 3400 ΑΒ.-
1847 3376 1926 3405 Iidem
1939 3383 1999 3400 mox
2011 3383 2058 3408 pro
2071 3375 2231 3405 circumiret,
2242 3376 2346 3401 circuit.

1335 3413 1361 3444 η)
1381 3415 1437 3441 aut,
1457 3412 1509 3436 nisi
1523 3412 1608 3444 ipsum
1627 3412 1742 3441 haberet,
1757 3414 2014 3443 corrumperetur.—
1994 3411 2064 3436 -Ita
2076 3412 2108 3436 ed
2126 3410 2206 3443 1561;
2225 3415 2274 3436 aut
2286 3419 2346 3437 cor-

1282 3451 1422 3480 rumpetur
1439 3448 1498 3478 AB;
1519 3448 1557 3472 Pa
1576 3455 1623 3479 pro
1642 3447 1757 3476 haberet,
1777 3447 1881 3471 habere.

1335 3481 1359 3515 θ)
1380 3483 1530 3507 Secundam
1550 3482 1707 3507 rationem..
1710 3482 1808 3512 .Quae
1827 3485 1874 3507 est.
1891 3495 1911 3503 υ-
1930 3481 2054 3507 Secunda
2073 3490 2135 3507 nero
2151 3486 2191 3507 est
2205 3483 2257 3508 Ρα.·
2275 3482 2346 3506 sirni-

1282 3519 1338 3543 liter
1356 3518 1421 3543 infra
1440 3519 1528 3550 legunt
1549 3518 1666 3542 Tertiam
1686 3518 1817 3542 rationem
1831 3518 1912 3549 ponit
1931 3517 2027 3547 dicens,
2042 3518 2134 3542 deinde
2155 3518 2259 3548 Quarta
2275 3518 2345 3542 ratio

1281 3556 1321 3578 est
1333 3554 1404 3586 quod
1418 3554 1610 3583 attribuerent;
1625 3554 1671 3577 sed
1688 3552 1719 3578 cf.
1734 3558 1788 3578 not.
1802 3561 1827 3587 μ..
1840 3566 1859 3572 -
1874 3553 1936 3577 Post
1950 3561 2027 3578 unam
2043 3553 2087 3577 lin.
2102 3554 2187 3586 quoad
2206 3553 2248 3578 illa
2267 3553 2345 3578 verba

1280 3596 1404 3614 ascensus
1416 3589 1491 3622 fumi
1507 3589 1544 3614 ad
1556 3589 1708 3623 flammam,
1728 3589 1823 3613 videsis
1842 3588 1885 3613 lib.
1900 3588 1924 3619 1,
1944 3589 2001 3613 lect.
2015 3596 2055 3617 w.
2076 3597 2102 3613 n.
2118 3588 2141 3613 3.

2375 545 2384 554 ·
2399 550 2477 572 aquae
2485 544 2539 566 add.
2548 551 2590 567 An.

2375 654 2529 681 ‘praedictis
2548 660 2587 676 ea.

2376 764 2482 791 'salsam
2493 771 2541 786 om.
2548 771 2587 786 pa.

2374 817 2470 838 “Num.
2486 823 2535 844 seq.

2374 870 2386 880 ⁸
2400 869 2470 891 Num.
2486 876 2507 897 7.

2400 974 2459 995 haec
2473 980 2520 995 om.
2535 980 2573 996 pa.

2399 1085 2479 1101 veram
2493 1086 2531 1101 Pa.

2398 1343 2498 1371 aliquod
2510 1349 2548 1366 ra.

2373 1396 2587 1424 ⁸Cf.1ib.1.lect.m‚

2374 1429 2396 1444 n.
2406 1429 2417 1451 5
2428 1429 2492 1451 sqq.;
2504 1427 2525 1444 et
2534 1424 2585 1445 lect.

2373 1455 2403 1477 xv,
2419 1456 2442 1471 11.
2451 1457 2467 1476 4
2481 1456 2533 1478 sqq.

2476 1614 2487 1629 ε

2374 1717 2479 1745 'serlur
2491 1723 2528 1738 ΑΒ.

2373 1769 2437 1791 Cf.
2457 1769 2514 1790 ibid.
2533 1770 2587 1791 lect.

2374 1802 2421 1823 xlv,
2437 1802 2459 1818 n.
2474 1803 2486 1825 3
2501 1802 2553 1824 sqq.

2399 2514 2532 2536 alimentum
2550 2520 2588 2536 AB.

2399 2728 2423 2747 et
2435 2732 2457 2748 P.

2399 2831 2434 2853 ef.
2447 2832 2486 2853 nb.
2497 2832 2515 2859 1,
2532 2832 2585 2854 ieet.

2373 2864 2418 2879 xw.
