2690 4062
63 340 74 351 ⁸
91 340 162 361 Num.
177 339 200 361 8.

64 470 73 480 ¹
90 469 160 491 Num.
177 475 224 497 seq.

61 554 73 565 ⁴
89 552 160 574 Num.
176 553 197 574 6.

304 265 410 290 LXXIV

303 338 544 369 terraemotum,
561 328 621 361 ibi:
643 328 735 371 Signa
751 333 850 360 autem
867 326 974 359 horum
990 326 1008 344 θ’
1026 333 1086 357 etc.
1109 323 1203 356 Circa
1219 322 1363 372 primum

302 376 362 408 tria
385 374 472 407 facit:
497 374 605 417 primo
621 372 716 416 ponit
732 382 835 403 unum
861 370 993 413 signum
1010 376 1179 417 sumptum
1194 378 1233 399 ex
1243 365 1362 416 'dispo'-

302 420 419 452 sitione
443 419 524 450 aeris
549 418 631 449 circa
654 423 905 454 terraemotum;
930 411 1075 445 secundo
1092 419 1186 460 ponit
1209 409 1297 442 aliud
1322 420 1362 441 Sl-

301 474 403 507 gnum
427 470 596 505 sumptum
621 472 660 493 ex
682 459 777 499 loco,
803 458 864 491 ibi:
889 457 998 490 Adhuc
1020 461 1119 488 autem
1143 464 1221 487 αντα
1243 453 1259 469 *
1283 462 1360 493 etc.;

301 508 396 540 tertio
420 506 514 567 ponit
538 506 669 548 signum
694 511 865 546 sumptum
889 513 928 534 ex
959 509 1127 543 tempore,
1149 497 1209 530 ibi:
1233 498 1273 530 Et
1295 508 1362 531 vere

300 558 399 585 autem
461 559 520 583 etc.
1185 586 1191 592 ¹
1216 586 1222 592 ¹

355 596 467 628 Primo
500 604 577 637 ergo
610 592 704 636 ponit
736 591 879 634 primum
912 588 1065 631 signum,
1098 594 1130 618 et
1161 585 1239 618 dicit
1269 583 1359 628 quod

299 648 432 684 propter
461 638 526 671 hoc
561 636 651 680 quod
681 633 840 667 exhalatio
871 633 955 664 sicca
989 630 1114 663 inclusa
1144 630 1279 662 interius
1311 636 1360 679 est

298 683 496 727 principium
519 687 747 718 terraemotuS,
769 685 939 721 propterea
963 682 1178 708 terraemotus
1194 673 1279 706 fiunt
1295 684 1359 723 exi-

299 736 401 760 stente
433 724 661 769 tranquillitate
692 723 726 755 in
750 733 832 754 aere.
864 721 905 753 Et
935 719 1033 752 huius
1065 719 1148 751 ratio
1180 726 1250 758 est,
1283 728 1358 761 qma

297 770 509 815 tranquillitas
535 776 684 801 causatur
714 778 753 799 ex
777 776 816 798 eo
841 763 931 808 quod
963 772 1031 796 tota
1054 762 1216 796 exhalatio
1247 769 1358 794 manet

296 816 380 848 intra
403 823 519 847 terram
546 821 577 845 et
599 822 668 844 non
691 808 857 854 perturbat
882 819 1005 841 aerem:
1031 806 1121 851 quod
1140 807 1167 839 si
1191 805 1357 849 egredere-

296 869 349 892 tur
371 858 466 898 foras,
483 864 628 889 causaret
648 863 784 887 ventum
810 862 842 885 et
862 860 1087 885 commoveret
1110 861 1217 883 aerem
1243 858 1275 882 et
1294 849 1356 882 tol-

295 904 375 937 leret
397 900 680 945 tranquillitatem;
704 899 792 931 intus
816 908 894 940 ergo
919 895 1074 929 conclusa
1102 895 1257 927 continue
1281 905 1355 926 mo-

295 956 349 980 vet
379 955 495 979 terram
519 955 594 977 cum
626 942 798 982 violentia,
823 949 855 974 et
879 948 990 973 causat
1019 947 1263 972 terraemotum.
1290 937 1355 971 Sed

295 992 370 1036 quia
397 998 509 1034 posset
538 988 654 1032 aliquis
685 986 846 1025 obiicere,
870 984 961 1029 quod
991 982 1166 1028 aliquando
1197 983 1354 1015 existente

294 1042 489 1068 terraemotu
506 1032 589 1065 fiunt
611 1031 700 1064 venti
716 1030 877 1073 superiuS,
895 1028 985 1073 quod
1007 1027 1137 1061 videtur
1153 1038 1223 1059 esse
1241 1035 1354 1059 contra

294 1078 465 1124 praedicta,
481 1075 657 1120 respondet
680 1072 914 1118 Philosophus,
934 1081 966 1106 et
990 1072 1067 1106 dicit
1089 1070 1178 1115 quod
1202 1070 1266 1104 hoc
1284 1081 1353 1103 non

293 1133 342 1157 est
364 1120 599 1155 irrationabile:
646 1119 700 1151 uia
723 1119 808 1151 sicut
839 1117 990 1150 videmus
1014 1116 1055 1149 ad
1085 1126 1237 1155 sensum,
1262 1114 1353 1159 quod

293 1166 467 1211 aliquando
483 1166 517 1198 in
541 1175 612 1197 aere
656 1171 712 1196 ant
734 1162 844 1206 plures
860 1162 959 1201 venti,
977 1173 1016 1194 ex
1039 1171 1079 1193 eo
1097 1159 1187 1204 quod
1211 1168 1280 1192 tota
1297 1171 1351 1192 ex-

293 1211 411 1245 halatio
430 1221 498 1243 non
522 1208 685 1251 colligitur
701 1208 734 1239 in
751 1218 819 1240 uno
843 1205 899 1239 sed
919 1204 1074 1238 dividitur
1093 1205 1127 1237 in
1147 1203 1257 1248 plures
1274 1215 1352 1236 ven-

292 1265 354 1296 tos,
371 1256 414 1288 ita
430 1255 527 1287 etiam
543 1251 706 1297 praedicta
722 1250 882 1284 exhalatio
895 1250 1014 1294 partim
1030 1257 1140 1293 potest
1152 1248 1238 1281 exire
1254 1247 1351 1288 foras,

292 1309 324 1333 et
347 1311 385 1332 ex
408 1310 445 1332 ea
467 1297 536 1330 fieri
559 1297 659 1336 venti,
676 1296 794 1340 partim
812 1305 891 1327 vero
911 1305 1043 1327 manere
1067 1294 1166 1333 intus,
1183 1301 1216 1325 et
1235 1304 1275 1325 ex
1290 1292 1351 1325 hac

290 1344 359 1377 fieri
383 1350 605 1376 terraemotus,
624 1341 658 1374 Si
681 1351 760 1383 ergo
785 1339 953 1382 contingat
983 1337 1116 1371 alteram
1145 1346 1271 1380 partem
1295 1349 1351 1370 ex-

291 1387 461 1421 halationis
485 1385 623 1430 propelli
646 1384 687 1418 ad
710 1393 839 1424 terram,
863 1382 960 1415 altera
983 1390 1171 1415 remanente
1196 1382 1230 1414 in
1259 1392 1350 1422 aere,

290 1442 368 1466 tunc
389 1431 426 1464 fit
448 1439 565 1464 ventus
582 1429 739 1462 existente
762 1435 973 1467 terraemotu3
998 1425 1055 1460 sed
1072 1425 1152 1459 tales
1175 1434 1350 1459 terraemo-

291 1486 342 1510 tus
366 1483 441 1509 sunt
463 1475 607 1507 minores
631 1482 664 1506 et
687 1472 858 1506 debiliores
882 1470 1065 1504 secundum
1087 1471 1254 1510 virtutem,
1274 1471 1350 1515 quia

290 1520 487 1565 principium
503 1527 535 1552 et
551 1529 647 1551 causa
662 1517 822 1561 ipsorum,
839 1515 961 1549 scilicet
977 1514 1150 1555 exhalatio,
1166 1523 1215 1548 est
1229 1514 1348 1548 divisa:

289 1564 347 1598 sed
370 1564 471 1598 divisa
494 1571 526 1596 et
550 1562 717 1595 deminuta
733 1572 840 1601 causa,
857 1571 990 1593 necesse
1014 1568 1062 1593 est
1081 1568 1113 1592 et
1129 1558 1283 1592 effectum
1300 1559 1348 1592 di-

289 1609 364 1642 vidi.
384 1607 488 1648 Quod
511 1615 621 1640 autem
645 1605 754 1649 plures
778 1614 810 1638 et
833 1605 966 1638 maximi
990 1612 1248 1637 terraemotuum
1271 1603 1350 1637 fiant

290 1654 445 1687 existente
478 1650 723 1695 tranquillitate,
747 1658 852 1693 patet,
877 1649 954 1693 quia
976 1649 1110 1682 maximi
1133 1657 1349 1682 terraemotus

288 1697 371 1730 fiunt
395 1696 434 1730 de
457 1704 564 1735 nocte,
582 1703 614 1728 et
637 1694 741 1738 magis
765 1693 864 1726 etiam
887 1694 971 1726 circa
994 1692 1167 1726 meridiem
1191 1704 1290 1737 quam
1315 1693 1349 1726 in

290 1742 359 1774 aliis
383 1739 526 1785 partibus
549 1739 627 1772 diei:
648 1739 724 1783 quia
739 1746 818 1770 tunc
838 1749 892 1771 aer
914 1746 964 1770 est
979 1737 1278 1782 tranquillissimus,
1297 1737 1350 1770 vel

289 1794 422 1830 propter
445 1783 696 1828 praevalentiam
720 1781 798 1815 solis
822 1783 856 1815 in
880 1781 1026 1822 meridie,
1044 1781 1097 1815 vel
1120 1793 1181 1826 pro
1207 1791 1256 1815 ter
1278 1782 1349 1815 eius

290 1830 467 1863 absentiam
483 1829 516 1860 in
535 1835 642 1860 nocte.
661 1827 699 1860 In
723 1835 819 1859 nocte
836 1834 946 1859 autem
962 1825 1165 1877 frequentius
1205 1835 1218 1859 t
1233 1835 1349 1859 terrae-

290 1883 399 1907 motus
422 1874 456 1906 in
480 1870 625 1905 diluculo
647 1880 721 1904 ante
743 1871 942 1914 principium
966 1869 1040 1911 diet,
1058 1871 1134 1915 quia
1150 1880 1229 1904 tunc
1252 1870 1349 1904 exha-

290 1918 367 1951 latio
391 1917 530 1950 maxime
554 1924 628 1948 nata
651 1924 700 1948 est
730 1915 873 1955 moveri,
897 1923 975 1947 tunc
1004 1915 1103 1948 etiam
1134 1924 1269 1960 propter
1293 1915 1348 1948 ad-

289 1971 425 1996 ventum
448 1960 526 1994 solis
550 1971 604 1993 aer
619 1959 733 2003 incipit
756 1958 937 2003 aliqualiter
956 1958 1095 1992 calefieri
1111 1960 1205 2000 circa,
1225 1967 1258 1993 et
1273 1959 1349 1993 ideo

289 2006 443 2050 frigidum
458 2014 560 2038 terrae
575 2015 633 2048 per
649 2004 864 2049 praesentiam
880 2004 1032 2036 contrarii
1049 2002 1270 2044 fortificatum,
1285 2003 1350 2037 for·

290 2050 389 2084 tificat
411 2050 546 2083 ulterius
569 2048 710 2082 calidum
732 2057 835 2081 terrae
855 2048 1009 2081 interius:
1034 2056 1066 2081 et
1084 2047 1147 2081 tale
1166 2057 1216 2082 est
1255 2049 1350 2081 rinci-

289 2096 381 2139 pium
397 2093 629 2138 segregationis
645 2101 677 2126 et
689 2101 799 2125 motus
816 2091 1041 2132 exhalationis,
1054 2101 1190 2137 propter
1237 2093 1349 2144 iquarn

290 2150 420 2172 causam
443 2136 698 2182 propellentem;
722 2137 806 2170 sicut
820 2137 966 2182 Euripus,
987 2135 1071 2169 idest
1093 2137 1226 2181 spiritus
1243 2148 1349 2171 c1rcu-

288 2183 362 2216 laris
375 2209 384 2224 ,
407 2194 467 2226 pro
492 2191 540 2215 ter
567 2180 812 2214 multitudinem
841 2180 1055 2214 exhalationis
1086 2180 1123 2214 fit
1152 2180 1289 2222 fortior,
1317 2191 1350 2215 et

289 2228 445 2260 maiorem
481 2227 544 2259 acit
566 2234 808 2259 terraemotum.

342 2282 370 2314 5.
388 2270 539 2305 Secundo
556 2269 616 2303 ibi:
636 2269 744 2303 Adhuc
759 2275 858 2303 autem
873 2269 951 2303 circa
966 2278 1038 2310 etc.,
1050 2270 1145 2314 ponit
1165 2269 1350 2304 secundum

289 2316 418 2360 signum
442 2323 611 2358 sumptum
629 2325 669 2347 ex
691 2313 776 2347 loco.
795 2314 836 2347 Et
859 2313 936 2347 dicit
960 2313 1051 2358 quod
1072 2313 1179 2348 adhuc
1198 2314 1287 2348 aliud
1307 2314 1350 2348 si—

288 2371 391 2404 gnum
414 2368 472 2400 est,
509 2358 577 2392 uod
600 2357 760 2392 exhalatio
783 2358 868 2391 sicca
892 2358 933 2391 sit
949 2358 1148 2403 principium
1172 2367 1350 2393 terraemo-

289 2413 356 2444 tus,
377 2404 453 2448 quia
476 2415 496 2447 p
510 2414 584 2436 ures
608 2411 640 2436 et
661 2402 940 2436 vehementissimi
964 2411 1181 2436 terraemotus
1205 2403 1289 2436 fiunt
1312 2404 1347 2437 in

288 2448 379 2488 locis,
396 2459 478 2492 quae
497 2446 617 2480 habent
635 2458 723 2480 mare
747 2446 852 2480 fluens
872 2447 1098 2487 coniunctum,
1115 2456 1147 2480 et
1170 2448 1204 2481 in
1228 2447 1348 2492 quibus

288 2502 337 2526 est
359 2501 442 2525 terra
475 2492 654 2536 spongiosa
677 2500 709 2524 et
732 2490 944 2525 subantrosa:
973 2502 1014 2524 eo
1045 2491 1135 2536 quod
1166 2493 1200 2525 in
1229 2491 1348 2526 talibus

288 2536 409 2570 multae
425 2536 626 2580 reperiantur
641 2535 873 2575 exhalationes,
889 2547 972 2579 quae
988 2535 1219 2580 propelluntur
1232 2548 1251 2570 a
1265 2537 1348 2570 mari

288 2589 421 2632 propter
439 2581 508 2613 eius
525 2579 733 2623 frigiditatem
749 2579 789 2613 ad
804 2579 874 2612 illas
894 2581 1112 2613 concavitates
1128 2579 1297 2622 locorum;
1317 2589 1350 2615 et

289 2624 363 2658 ideo
388 2625 470 2657 circa
493 2623 764 2668 Hellespontum,
787 2623 962 2665 Achaiam,
987 2624 1131 2658 Siciliam
1162 2634 1195 2658 et
1224 2625 1348 2658 similes

289 2668 422 2709 insulas,
439 2679 521 2712 quae
544 2679 612 2701 non
635 2667 743 2701 solum
767 2667 887 2701 habent
916 2679 1004 2701 mare
1029 2669 1243 2702 coniunctum
1257 2695 1266 2710 ,
1289 2669 1348 2703 sed

289 2714 386 2746 etiam
409 2723 497 2745 mare
519 2711 648 2745 videtur
671 2711 730 2745 sub
754 2712 800 2745 eis
824 2721 1003 2756 penetrare,
1023 2712 1108 2746 fiunt
1125 2714 1260 2747 maximi
1284 2722 1347 2748 ter-

289 2765 462 2790 raemotus.
480 2756 522 2790 Et
543 2755 640 2789 huius
664 2757 746 2789 ratio
771 2765 830 2796 est,
847 2757 922 2801 quia
941 2757 1021 2790 istae
1045 2766 1077 2790 et
1101 2757 1223 2791 similes
1240 2758 1348 2802 regio-

289 2813 345 2834 nes
369 2809 446 2834 sunt
467 2801 607 2833 nimium
631 2801 823 2833 constrictae
846 2801 930 2834 inter
952 2802 1053 2834 maria
1083 2802 1346 2836 circumstantia:

289 2854 321 2878 et
361 2845 415 2878 uia
438 2845 517 2878 istae
536 2845 686 2888 regiones
710 2853 787 2878 sunt
803 2844 934 2886 calidae,
954 2857 1014 2889 pro
1041 2855 1088 2879 ter
1111 2845 1175 2879 hoc
1192 2847 1348 2880 emittunt

289 2857 406 2922 multas
430 2888 667 2929 exhalationes,
691 2899 773 2933 quae
801 2898 934 2933 propter
965 2901 1021 2923 mu
1036 2890 1211 2924 titudinem
1243 2902 1347 2935 aquae

289 2933 386 2966 maris
410 2941 482 2966 actu
506 2932 657 2977 frigidae,
681 2933 800 2966 iterum
830 2933 1058 2977 propelluntur
1089 2933 1130 2968 ad
1153 2943 1291 2974 terram,
1315 2944 1347 2968 et

313 2986 464 3021 ostquam
487 2977 531 3010 ibi
554 2976 723 3010 calefactae
746 2985 823 3010 sunt
845 2989 864 3010 a
887 2977 1048 3011 caliditate
1078 2979 1240 3022 regioniS,
1265 2990 1348 3012 rare-

289 2989 393 3062 gunt,
424 3029 456 3054 et
478 3032 538 3065 pro
563 3030 611 3054 ter
637 3020 887 3055 strictitudinem
914 3031 1017 3055 terrae
1044 3033 1113 3055 non
1143 3023 1347 3056 invenientes

290 3065 410 3106 locum,
431 3076 491 3109 pro
517 3077 534 3098 e
559 3073 618 3098 unt
641 3074 673 3098 et
696 3074 908 3099 commovent
931 3074 1049 3100 terram
1074 3075 1106 3099 et
1130 3075 1265 3100 causant
1287 3076 1348 3101 ter-

290 3077 573 3153 raemotumlpsa
596 3110 683 3142 enim
707 3109 867 3142 exhalatio
891 3119 966 3143 nata
997 3119 1045 3144 est
1068 3109 1176 3144 efflare
1205 3120 1238 3144 et
1260 3111 1347 3145 exire

290 3152 394 3193 foras,
414 3152 471 3186 sed
494 3152 622 3197 repulsa
645 3165 663 3186 a
686 3152 858 3197 frigiditate
882 3165 1040 3198 aquarum
1070 3166 1139 3188 non
1163 3163 1272 3199 potest
1300 3154 1346 3188 ef-

291 3196 377 3230 flare.
395 3196 492 3230 Unde
509 3196 772 3231 concludendum
784 3206 843 3238 est,
857 3198 946 3242 quod
962 3209 1078 3232 omnes
1093 3199 1245 3243 regiones
1262 3211 1346 3244 quae

291 3240 409 3274 habent
424 3240 538 3274 subtus
555 3242 771 3274 concavitates
787 3242 899 3275 inanes
915 3251 948 3276 et
962 3254 1093 3283 vacuam,
1107 3255 1190 3287 quae
1206 3252 1347 3287 possunt

291 3285 431 3328 recipere
454 3284 590 3318 multam
622 3284 876 3326 exhalationem,
903 3287 1006 3330 magis
1036 3287 1290 3329 concutiuntur,
1315 3296 1347 3321 et

292 3328 430 3360 maiores
453 3327 574 3362 faciunt
597 3337 819 3362 terraemotus.

343 3373 373 3404 6.
391 3371 506 3405 Tertio
521 3371 581 3405 ibi:
601 3373 641 3406 Et
653 3384 720 3406 vere
740 3379 839 3406 autem
854 3382 926 3414 etc.,
943 3374 1037 3417 ponit
1055 3375 1187 3408 tertium
1213 3375 1346 3419 signum

293 3414 382 3459 quod
406 3416 543 3448 sumitur
566 3427 604 3449 ex
618 3425 775 3460 ternpore.
794 3417 834 3450 Et
858 3416 935 3450 dicit
951 3417 1041 3462 quod
1058 3427 1191 3462 propter
1207 3418 1346 3453 eandem

293 3469 434 3498 causam,
450 3459 571 3492 scilicet
593 3460 668 3504 quia
691 3471 787 3493 causa
811 3469 1025 3494 terraemotus
1041 3471 1091 3495 est
1113 3462 1274 3496 exhalatio
1299 3464 1346 3496 in—

293 3501 382 3535 clusa
405 3503 438 3534 in
461 3511 560 3543 terra,
579 3511 791 3537 terraemotus
814 3504 897 3537 fiunt
929 3504 1130 3550 frequentius
1158 3507 1192 3539 in
1215 3518 1290 3540 vere
1314 3516 1347 3540 et

293 3554 451 3579 autumno
474 3555 506 3579 et
529 3547 562 3579 in
585 3546 742 3590 pluviosis
765 3557 798 3581 et
820 3550 979 3582 aestuosis
1003 3549 1221 3594 temporibus,
1245 3562 1344 3595 quam

293 3590 327 3623 in
349 3589 429 3623 aliis.
446 3590 486 3623 Et
501 3589 598 3623 huius
622 3591 703 3624 ratio
719 3600 778 3632 est,
794 3592 869 3636 quia
885 3591 939 3625 illa
955 3601 1103 3637 tempora
1119 3593 1240 3627 habent
1262 3594 1346 3628 mul-

1011 245 1599 285 METEOROLOGICORUM
1627 245 1721 280 LIB.
1754 246 1785 281 II

1419 330 1486 353 tam
1503 320 1700 353 caliditatem
1717 329 1749 353 et
1764 320 1995 353 humiditatem
2012 321 2237 362 coniunctam,
2256 330 2290 355 et
2311 322 2387 356 ideo
2406 323 2491 357 mul-

1418 373 1485 397 tam
1509 363 1679 408 proferunt
1702 364 1954 397 exhalationem.
1985 364 2050 398 Sed
2066 366 2101 398 in
2125 374 2301 399 aestate-et
2322 367 2357 399 in
2380 366 2490 401 hieme

1417 410 1526 441 minus
1550 408 1624 441 fluit
1647 408 1687 442 de
1711 407 1935 441 exhalatione:
1960 409 2038 453 quia
2052 410 2088 442 in
2111 408 2220 443 hieme
2244 410 2407 444 exhalatio
2423 412 2490 445 cito

1417 453 1504 485 extin
1530 453 1619 485 uitur
1642 463 1660 484 a
1676 451 1865 485 vehementi
1888 452 2021 496 frigore,
2039 453 2074 486 in
2089 462 2211 487 aestate
2227 463 2338 488 autem
2355 464 2491 500 propter

1416 496 1505 530 excel
1519 497 1641 529 entiam
1665 495 1761 529 calidi
1785 497 2019 530 exterminatur
2042 506 2075 530 et
2125 497 2298 542 repellitur
2320 500 2355 532 in
2379 511 2490 544 oppo-

1415 542 1534 580 situm;
1550 549 1582 573 et
1606 539 1681 573 ideo
1704 541 1808 573 rarius
1827 541 1862 574 in
1877 540 1928 573 his
1952 542 2094 585 tempori
2117 553 2157 575 us
2173 542 2292 576 accidit
2313 552 2490 578 terraemo-

1415 593 1477 618 tus.
1502 585 1554 618 Fit
1584 585 1683 617 etiam
1706 585 1741 617 in
1772 585 1977 629 temporibus
2007 586 2101 619 siccis
2133 594 2328 631 temperate,
2353 588 2430 632 quia
2453 589 2488 622 in

1414 629 1478 662 illis
1501 627 1707 672 temporibus
1740 639 1795 662 aer
1818 637 1868 662 est
1897 630 2040 663 maxime
2064 641 2266 674 spumosus,
2291 640 2326 664 et
2347 631 2489 666 multam

1414 672 1582 717 proferens
1607 672 1850 706 exhalationem
1874 674 2012 707 siccam:
2037 673 2102 707 hoc
2118 683 2230 708 autem
2253 676 2395 709 maxime
2411 688 2488 710 cau-

1413 726 1462 751 sat
1485 725 1741 757 terraemotum,
1768 717 1903 761 quaudo
1927 719 2033 762 magis
2056 718 2186 752 exhalat
2209 719 2250 753 de
2273 720 2362 754 sicco
2386 732 2487 765 quam

1413 762 1452 795 de
1477 760 1627 794 humido.
1645 761 1684 794 In
1708 761 1870 805 pluviosis
1886 771 1997 796 autern
2021 763 2226 807 temporibus
2249 763 2297 805 fit,
2312 772 2385 798 tum
2408 766 2487 810 quia

1412 815 1490 839 tunc
1514 806 1620 838 maior
1643 804 1814 839 exhibetur
1832 808 1968 840 materia
1990 807 2207 842 exhalationis
2230 817 2263 842 et
2283 807 2360 853 plus
2383 809 2424 843 de
2448 821 2487 843 ea

1411 858 1604 894 generatur,
1628 857 1701 882 tum
1725 850 1817 894 quia,
1841 861 1881 884 ex
1904 862 1945 884 eo
1969 851 2061 896 quod
2084 852 2247 886 exhalatio
2271 864 2355 898 quae
2378 862 2429 887 est
2450 854 2486 888 in

1412 894 1585 938 superficie
1602 902 1716 934 terrae,
1729 894 1898 938 repellitur
1913 896 2002 928 intus
2019 905 2155 940 propter
2169 896 2328 941 pluviam,
2344 909 2382 931 ea
2399 909 2484 943 quae

1409 939 1500 983 prius
1517 946 1586 971 erat
1608 939 1708 978 intus,
1724 939 1757 971 in
1774 939 2033 973 concavitatibus
2052 949 2156 975 terrae
2176 950 2370 985 angustatur
2393 953 2485 976 com-

1409 994 1520 1027 pressa
1545 983 1579 1015 in
1609 993 1713 1026 parvo
1737 982 1830 1023 loco,
1857 991 1891 1016 et
1913 995 1955 1016 an
2003 993 2086 1018 stata
2116 986 2245 1030 quaerit
2272 985 2386 1020 locum
2413 998 2484 1021 ma-

1409 1028 1536 1067 iorem,
1563 1035 1596 1060 et
1619 1026 1712 1071 pellit
1735 1035 1855 1060 terram
1882 1036 1921 1061 ut
1973 1037 2030 1062 uat
2059 1030 2219 1071 exterius,
2245 1039 2279 1064 et
2301 1031 2350 1064 sic
2371 1040 2485 1065 oeusat

1409 1079 1654 1105 terraemotum.

1461 1126 1491 1159 7.
1509 1115 1640 1149 Deinde
1657 1126 1734 1148 cum
1750 1115 1846 1148 dicit:
1861 1115 1992 1161 ⁴Oportet
2007 1117 2086 1151 adm
2101 1117 2265 1162 intelligere
2279 1127 2354 1159 etc.,
2373 1127 2484 1153 osten·

1408 1160 1455 1193 dit
1479 1159 1680 1204 praedictam
1716 1171 1849 1193 causam
1873 1172 1932 1205 per
1967 1161 2134 1206 quandam
2166 1161 2419 1197 similitudinem
2446 1164 2484 1198 in

1408 1204 1602 1249 corporibus
1626 1203 1831 1245 animalium,
1849 1204 1951 1238 simul
1966 1205 2144 1240 ostendens
2159 1206 2300 1241 modum
2322 1215 2357 1241 et
2378 1207 2482 1241 virtu-

1407 1257 1475 1281 tem
1499 1249 1633 1293 spiritus
1657 1249 1692 1282 in
1720 1248 1899 1290 movendo.
1928 1250 1971 1283 Et
1997 1249 2078 1284 dicit
2109 1251 2201 1296 quod
2230 1251 2318 1285 sicut
2345 1252 2489 1297 spirius.

1406 1293 1608 1337 interceptus
1632 1293 1667 1326 in
1691 1293 1886 1337 corporibus
1916 1294 2039 1328 nostris
2070 1294 2245 1340 dupliciter
2267 1305 2481 1331 movetcmt-

1407 1349 1480 1382 pus,
1505 1337 1629 1371 scilicet
1651 1349 1711 1382 per
1741 1336 1877 1382 pulsum
1900 1347 1934 1372 et
1955 1347 2155 1380 tremorem,
2177 1340 2225 1373 sic
2247 1340 2347 1374 etiam
2368 1341 2482 1378 cinti-

1406 1381 1566 1415 mandum
1589 1391 1639 1415 est
1655 1382 1807 1427 spiritum,
1825 1382 1910 1416 idest
1925 1382 2182 1425 exhalationem,
2201 1383 2352 1418 similiter
2362 1383 2481 1421 :faeere

1406 1427 1440 1459 in
1463 1435 1558 1460 terra.
1579 1426 1722 1471 Spiritus
1737 1427 1827 1460 enim
1846 1427 1954 1461 vitalis
1970 1428 2005 1461 in
2021 1439 2160 1472 corpore
2183 1436 2300 1463 nostro
2317 1430 2489 1472 &tunsa

1406 1470 1576 1515 pulsuum,
1595 1471 1794 1516 inquantum
1817 1483 1876 1516 per
1899 1471 2128 1506 ebullitionem
2151 1472 2204 1506 vel
2227 1473 2480 1518 respirationem

1405 1514 1602 1560 propellitur
1624 1515 1666 1549 ad
1689 1516 1847 1557 exterius;
1871 1525 1904 1549 et
1920 1516 2020 1550 etiam
2043 1525 2094 1550 est
2117 1528 2215 1550 causa
2237 1518 2482 1563 tremotiopro-

1405 1569 1478 1604 pter
1501 1559 1548 1593 fre
1572 1569 1708 1595 uentem
1731 1559 1965 1604 pulsationem,
1981 1572 2023 1594 eo
2046 1560 2139 1606 quod
2161 1560 2351 1606 frequenter
2368 1562 2480 1608 nepul-

1405 1616 1461 1637 sus
1486 1616 1564 1648 repe
1577 1604 1624 1637 lit.
1646 1604 1701 1638 sic
1724 1605 1824 1638 etiam
1848 1604 1998 1639 similiter
2021 1605 2092 1650 ipse
2114 1617 2130 1638 s
2156 1606 2249 1640 iritus
2273 1605 2422 1650 indm
2443 1607 2480 1643 in

1405 1658 1490 1682 terra
1517 1648 1696 1693 aliquando
1743 1648 1876 1693 repellit
1904 1658 2025 1683 terram
2051 1649 2094 1684 ad
2149 1658 2252 1684 teram
2275 1659 2424 1695 panant,
2445 1659 2481 1686 et

1404 1693 1617 1727 vehementer
1639 1704 1722 1738 repu
1740 1694 1792 1726 'us
1816 1693 1893 1727 facit
1915 1702 2037 1727 terram
2055 1702 2207 1735 tremere,
2221 1702 2255 1728 et
2278 1703 2392 1730 causat
2406 1704 2479 1734 αι·-

1404 1747 1607 1771 raemotum:
1632 1738 1718 1771 sicut
1736 1738 1838 1771 etiam
1861 1738 1896 1771 in
1911 1737 2008 1771 nobis
2025 1746 2103 1782 post
2124 1738 2348 1784 minationem
2357 1739 2481 1776 aeddi:

1405 1781 1592 1827 frequenter
1608 1790 1733 1815 tremor
1756 1781 1903 1827 quidam,
1919 1791 2055 1826 propter
2070 1781 2137 1816 hoc
2158 1782 2252 1827 quod
2266 1787 2325 1818 a«
2339 1783 2479 1829 frigidus

1405 1826 1593 1870 ingrediens
1622 1827 1779 1860 interiora
1825 1837 1860 1860 er
1890 1827 1960 1860 vias
1983 1827 2120 1867 urinae,
2171 1826 2304 1871 repellit
2320 1828 2478 1880 opham

1405 1872 1505 1911 intus,
1524 1880 1557 1904 et
1581 1870 1776 1915 propellitur
1791 1882 1810 1904 a
1856 1882 1908 1911 eo,
1925 1879 1957 1904 et
1973 1871 2020 1904 sic
2038 1882 2144 1923 prope
2169 1880 2262 1906 entes
2276 1878 2313 1906 se
2335 1872 2480 1917 Μῖκωι

1404 1915 1593 1960 frequenter
1609 1915 1798 1960 percutiunt
1821 1914 1981 1956 membra,
1997 1924 2031 1949 et
2046 1915 2171 1949 faciunt
2189 1927 2228 1950 ea
2250 1924 2400 1952 tremere.
2417 1916 2483 1952 Eo-

1406 1959 1483 1993 dem
1506 1959 1610 1994 modo
1634 1968 1767 2004 oportet
1789 1958 1972 2003 intelligere
1996 1959 2037 1994 de
2061 1959 2225 1994 exhalatio
2290 1970 2388 2008 quat
2472 1990 2482 1994 ,

1429 2003 1500 2037 ulsa
1523 2003 1564 2038 ad
1587 2015 1690 2038 unam
1713 2012 1841 2048 partem
1864 2012 1968 2038 terrae
1991 2003 2160 2048 repellitur
2183 1970 2484 2054 adm-{effi
2498 2027 2502 2031 »

2460 2060 2480 2085 ο

1417 2057 1592 2093 requenter
1615 2047 1830 2092 percutiendo
1854 2057 1962 2092 partes
1993 2051 2112 2090 terrae,
2135 2047 2212 2082 facit
2234 2055 2327 2087 eamr·

1405 2102 1438 2126 et
1460 2101 1573 2126 causat
1595 2101 1842 2126 terraemotum.
1859 2091 2050 2137 Aliquando
2073 2101 2186 2127 autem
2209 2092 2291 2138 spiri
2327 2100 2329 2103 “

1405 2146 1459 2171 tur
1473 2148 1544 2171 non
1559 2137 1601 2171 ad
1612 2136 1709 2178 latus,
1726 2135 1784 2171 sed
1796 2148 1930 2170 sursum
1944 2145 2040 2171 motu
2056 2146 2159 2178 recto,
2169 2137 2264 2182 quasi
2274 2149 2295 2172 e
2444 2149 2478 2180 o,

1405 2191 1438 2215 et
1460 2190 1540 2215 tunc
1563 2180 1657 2226 pellit
1671 2190 1791 2215 terram
1807 2191 1955 2222 sursum,
1974 2190 2007 2215 et
2022 2190 2135 2215 causat
2157 2182 2486 2228 terraemotumiquiz

1404 2225 1582 2271 aliquando
1597 2225 1757 2259 subvertit
1780 2225 1900 2260 domos
1916 2234 1950 2259 et
1971 2234 2077 2260 turres
2095 2226 2102 2233 '
2171 2234 2244 2260 ntes
2262 2235 2296 2260 et
2318 2226 2482 2270 civitam,

1404 2269 1660 2315 transportando
1683 2279 1804 2304 terram
1830 2270 1867 2303 in
1891 2281 1957 2316 qua
1988 2278 2067 2304 sunt
2089 2281 2108 2304 a
2149 2281 2213 2304 oco
2236 2281 2313 2305 suo.
2330 2270 2407 2306 Nec
2427 2279 2485 2316 m·

1403 2314 1592 2348 incredibile
1609 2314 1701 2360 quod
1719 2314 1840 2348 dicitur
1855 2313 1896 2348 de
1912 2323 2008 2348 motu
2027 2314 2172 2359 spiritus,
2189 2315 2268 2360 quia
2285 2315 2390 2350 virtut
2404 2316 2485 2350 eine

1403 2359 1436 2393 in
1461 2358 1630 2393 movendo
1654 2366 1705 2392 est
1731 2359 1885 2392 maxima.
1909 2358 2016 2400 Quod
2039 2359 2067 2392 si
2090 2358 2248 2393 volumus
2274 2358 2486 2404 intelligat&

1403 2412 1537 2448 oportet
1553 2402 1760 2437 considerare
1783 2414 1857 2437 eam
1881 2414 1952 2436 non
1967 2402 2079 2437 solum
2101 2414 2142 2437 ex
2163 2403 2216 2438 his
2235 2402 2483 2449 quaefim'tin:

1404 2459 1488 2488 aere,
1504 2447 1562 2482 ubi
1577 2456 1714 2492 propter
1737 2447 1747 2480 i
1773 2447 1841 2481 sius
1863 2446 2110 2481 vehementiam
2129 2446 2318 2493 &equentef
2333 2447 2478 2485 annun-

1403 2501 1457 2526 tur
1489 2491 1621 2526 arbores
1652 2500 1685 2525 et
1714 2503 1753 2525 su
1777 2500 1951 2525 vertuntur
1979 2491 2145 2526 aedificia:
2174 2491 2240 2526 hoc
2269 2491 2480 2536 enimfitm

1403 2536 1443 2570 de
1459 2535 1546 2570 facili
1563 2535 1706 2570 creditur
1721 2544 1856 2580 propter
1878 2536 1983 2580 ipsius
2005 2535 2288 2580 magnitudinum
2300 2535 2361 2571 sed
2375 2536 2478 2573 etiam

1403 2589 1538 2625 oportet
1559 2579 1650 2614 illam
1671 2580 1831 2614 virtutem
1854 2579 2063 2614 considerare
2076 2580 2112 2613 in
2137 2580 2332 2625 corporibus
2350 2581 2484 2617 trutm->

1403 2625 1496 2666 lium,
1510 2625 1545 2658 in
1569 2623 1690 2676 quibus
1713 2623 1868 2658 accidunt
1882 2624 1976 2658 tetam‘
1998 2625 2165 2670 etspasmi
2186 2633 2322 2676 propter
2343 2633 2484 2661 mom

1402 2669 1507 2713 ipsius
1519 2669 1668 2713 spiritus:
1685 2669 1762 2713 quia
1774 2669 1919 2702 retractis
1935 2667 2104 2713 spiritibus
2120 2668 2332 2704 movennbus
2341 2672 2484 2712 advos„

1402 2713 1612 2747 retrahuntur
1634 2713 1727 2746 nervi
1756 2721 1789 2746 et
1811 2713 2039 2754 exsiccantur,
2067 2713 2120 2746 vel
2143 2712 2312 2758 replentur
2334 2713 2484 2749 humone?

1402 2769 1519 2802 grosso
1543 2756 1693 2791 humido.
1723 2756 1904 2791 Sciendum
1930 2766 1980 2791 est
2001 2766 2125 2798 autem,
2150 2757 2241 2802 qnod
2264 2769 2280 2792 s
2406 2765 2483 2793 *est*

1402 2802 1554 2836 retractio
1577 2812 1757 2835 nervorum
1779 2801 1972 2846 simpliciter
1996 2813 2073 2836 curn
2099 2801 2215 2836 dolore
2237 2814 2279 2836 ve
2367 2805 2371 2810 '
2402 2803 2482 2837 ἀρετ
2503 2810 2514 2821 ·

1402 2853 1520 2880 tetanus
1542 2855 1655 2880 autem
1679 2854 1729 2880 est
1751 2846 1933 2880 contractio
1950 2847 2094 2890 partium
2117 2846 2322 2881 anteriorum
2340 2845 2481 2892 ›velpa-r
2528 2850 2533 2854 ‘

1402 2891 1588 2924 steriorum.
1606 2889 1735 2924 Eodem
1759 2889 1864 2924 modo
1883 2901 1905 2924 o
1931 2898 2018 2924 ortet
2041 2889 2233 2935 intelligere,
2249 2889 2475 2936 comparando

1402 2935 1563 2968 maiorem
1586 2943 1718 2968 motum
1741 2935 1875 2979 spiritus
1923 2943 2034 2968 actum
2056 2935 2092 2968 in
2114 2945 2188 2969 aere
2211 2933 2255 2969 ad
2275 2935 2380 2969 ictum
2400 2939 2482 2980 pare*

1401 2991 1482 3012 vum
1505 2980 1540 3012 in
1564 2990 1703 3024 corpore
1726 2978 1888 3019 animalis,
1907 2978 1999 3024 quod
2015 2978 2150 3023 spiritus
2174 2978 2322 3014 inclusus
2335 2979 2380 3015 in
2402 2989 2476 3025 pn·

1402 3023 1489 3057 tibus
1512 3032 1615 3057 terrae
1628 3050 1638 3065 ,
1664 3022 1741 3057 facit
1764 3022 1889 3057 multos
1919 3022 2132 3057 vehementes
2167 3032 2280 3058 motus
2303 3032 2337 3058 et
2363 3032 2481 3059 aunt

1402 3076 1647 3101 terraemotum.
2460 3095 2461 3100 ,
2471 3095 2482 3103 η,

1454 3112 1484 3145 8.
1501 3111 1632 3146 Deinde
1656 3123 1734 3145 cum
1756 3111 1852 3146 dicit:
1877 3111 1972 3156 Signa
1993 3118 2095 3146 autem
2117 3111 2315 3154 horum-etc.,
2329 3110 2483 3158 regredi,

1401 3164 1455 3189 tur
1478 3155 1519 3189 ad
1544 3155 1771 3190 declarandam
1794 3167 1928 3190 causam
1952 3156 2019 3190 iam
2051 3155 2172 3190 dictam
2196 3167 2256 3201 per
2277 3156 2373 3201 signa
2395 3167 2475 3192 oen-

1402 3200 1573 3244 sequentia
1602 3209 1847 3234 terraemotum.
1873 3201 1915 3234 Et
1943 3201 2028 3234 circa
2057 3200 2123 3235 hoc
2147 3200 2215 3235 duo
2245 3199 2339 3235 facit:
2386 3201 2481 3236 rinno-

1402 3255 1474 3277 eam
1499 3243 1641 3278 declarat
1663 3256 1722 3289 per
1744 3245 1838 3289 signa
1862 3256 1879 3278 a
1904 3245 2052 3296 parenn'a
2066 3245 2102 3279 in
2125 3253 2228 3286 terra;
2251 3256 2354 3280 secun
2377 3255 2483 3298 open

1402 3289 1494 3332 signa
1514 3289 1703 3339 apparentia
1720 3289 1754 3322 in
1771 3288 1848 3330 alto,
1868 3257 1927 3323 igi:
1948 3288 2058 3324 Adhuc
2069 3289 2143 3335 ficri
2156 3289 2346 3324 solem*etc.
2362 3289 2482 3325 Primus
2501 3300 2511 3312 ·

1402 3333 1521 3366 iterum
1537 3344 1571 3366 in
1587 3332 1679 3374 duas,
1703 3332 1887 3367 secundum
1911 3333 1980 3368 duo
2003 3333 2030 3367 si
2120 3345 2205 3378 quae
2228 3333 2334 3378 ponit.
2358 3333 2476 3368 Primo

1402 3377 1490 3409 enim
1514 3378 1609 3421 ponit
1632 3377 1777 3428 primum
1801 3378 1827 3411 si
1876 3389 1950 3419 um,
1973 3386 2006 3411 et
2052 3377 2108 3412 ‘cit
2130 3377 2222 3423 quod
2244 3377 2386 3420 horum,
2407 3377 2482 3413 sci-2

1402 3419 1477 3453 licet
1501 3432 1583 3465 quae
1608 3420 1692 3455 dicta
1717 3430 1804 3462 sunt,
1841 3430 1911 3455 acta
1935 3430 2012 3455 sunt
2035 3422 2128 3466 signa
2151 3421 2324 3456 manifesta
2344 3421 2386 3456 ad
2398 3433 2473 3457 sen,

1402 3475 1476 3497 sum
1493 3473 1656 3498 nostrum.
1674 3465 1832 3506 Quorum
1852 3466 1997 3510 primum
2012 3474 2074 3507 est,
2098 3465 2190 3511 quod
2205 3474 2422 3500 terraemotus
2437 3466 2473 3502 in

1402 3507 1598 3551 quibusdam
1622 3508 1703 3543 locis
1726 3508 1848 3550 factm,
1872 3521 1941 3544 non
1965 3510 2056 3555 prius
2081 3510 2220 3544 cessavit
2247 3521 2348 3555 quam
2375 3509 2472 3544 exha-

1402 3551 1480 3585 latio
1509 3561 1541 3585 et
1571 3553 1704 3604 spiritus
1733 3565 1872 3587 movens
1901 3562 2088 3599 erumperet
2121 3554 2291 3599 superius,
2319 3562 2354 3588 et
2379 3552 2473 3589 fieret

1400 3605 1518 3629 ventus
1541 3605 1661 3630 etesms
1676 3598 1704 3638 ¹⁸⁸,
1729 3597 1786 3642 qui
1802 3597 2008 3642 erumpendo
2027 3610 2068 3632 ex
2085 3607 2168 3633 terra
2187 3597 2342 3644 propellit
2361 3609 2472 3633 aerem
2498 3585 2557 3635 lm.
2607 3591 2609 3594 ⁸
