2782 4134
353 291 429 328 360

1070 277 1660 320 METEOROLOGICORUM
1688 277 1783 313 LIB.
1815 277 1829 312 1

969 531 1265 590 LECTIO
1303 519 1938 587 DECIMATERTIA

835 686 893 717 DE
918 684 1095 716 LACTEO
1119 683 1332 723 CIRCULO,
1356 683 1492 714 IUXTA
1509 679 1758 714 'OPINIONEM
1780 681 2064 713 ARISTOTELIS

353 832 471 878 Ἡμεῖς
496 823 534 860 δὲ
557 826 707 873 λέγωμεν
735 824 969 865 ἀναλαβόντες
991 823 1055 861 τήν
1077 824 1300 867 ὑποκειμένην
1320 822 1427 876 ἀρχὴν
1482 824 1501 842 ‘¹⁶
1523 825 1592 855 Nos
1615 832 1724 856 autem
1740 825 1894 864 dicamus,
1910 833 2107 857 resumentes
2124 826 2330 867 suppositum
2352 827 2445 858 nobis
2467 827 2554 868 prin·

426 874 524 916 ἡμῖν·
550 874 682 916 εἴρηται
706 871 771 924 γάρ
797 869 960 912 πρότερον
987 867 1042 900 ὅτι
1059 867 1101 901 τό
1119 868 1269 913 ἔσχατον
1295 879 1359 900 του
1375 870 1429 899 λε-

427 915 571 963 γομένου
599 915 694 960 ἀέρος
719 911 862 968 δυναμιν
888 914 959 959 ἔχει
984 912 1100 957 πυρὸς,
1119 911 1208 945 ὥστε
1231 912 1276 955 τῇ
1300 911 1430 948 κινήσει

425 959 678 1006 διακρινομένου
704 960 767 992 τοῦ
795 958 905 1004 αέρος,
927 957 1165 1009 ἀποκρίνεσθαι
1184 956 1352 993 τοιαύτην
1373 955 1429 988 σύ-

425 1017 547 1040 στασιν
573 1005 647 1037 οἵαν
672 1007 730 1037 καὶ
751 1003 831 1041 τούς
856 1002 1015 1046 κομήτας
1037 1001 1183 1056 αστέροις
1202 997 1287 1032 εἶναί
1305 1010 1426 1044 φαμεν.

1551 869 1682 910 cipium.
1709 869 1839 909 Dictum
1863 876 1910 900 est
1931 870 2018 901 enim
2041 870 2129 911 prius
2159 871 2251 912 quod
2279 878 2456 911 extremum
2479 872 2554 903 dicti

1551 913 1630 944 aeris
1653 913 1830 954 potentiam
1853 914 1947 945 habet
1969 914 2066 957 ignis;
2091 922 2122 946 et
2143 922 2236 946 motu
2260 915 2438 957 disgregato
2468 926 2554 956 aere,

1551 964 1731 1031 segrefiaiitur
1753 957 1823 988 talis
1847 958 2061 997 consistentia,
2079 959 2208 1001 qualem
2233 967 2264 991 et
2286 968 2426 991 cometas
2450 960 2555 993 stellas

1551 1011 1619 1032 esse
1676 1010 1788 1032 cimus.

359 1052 521 1086 Τοιοῦτον
558 1045 601 1086 δή
627 1044 679 1080 δεῖ
710 1049 834 1086 νοῆσαι
868 1049 909 1081 τό
942 1047 1118 1093 γινόμενον
1152 1046 1314 1100 ὁπερρπ·
1347 1046 1429 1077 ἑκεί-
1484 1045 1564 1076 Tale
1586 1045 1695 1086 itaque
1717 1051 1846 1085 oportet
1876 1045 2049 1087 intelligere
2071 1046 2213 1086 factum,
2237 1048 2328 1090 quod
2359 1049 2492 1090 quidem
2520 1048 2555 1080 in

426 1107 501 1136 νων,
521 1093 615 1126 ὅταν
632 1092 679 1136 μή
706 1092 798 1129 αὐτή
823 1091 899 1124 καθ’
921 1092 1033 1129 αὐτήν
1057 1090 1202 1137 γένηται
1227 1102 1248 1126 η
1280 1089 1429 1127 τοιαύτη

427 1141 586 1183 ἔκκρισις,
615 1137 689 1171 ἀλλ’
720 1137 786 1171 ύπό
812 1148 902 1175 τινος
928 1137 995 1169 τῶν
1023 1136 1173 1180 οἷστρων,
1200 1132 1221 1171 ἦ
1248 1136 1315 1167 τῶν
1341 1130 1431 1168 ἑνδε-

426 1181 594 1228 δεμένων,
622 1182 643 1220 ἦ
669 1183 736 1215 τῶν
762 1180 1009 1237 πλανωμένων·
1037 1180 1126 1223 τότε,
1147 1178 1212 1226 γοὶρ
1232 1178 1335 1212 ὀὗτοι
1356 1181 1431 1225 φαί-

425 1238 545 1261 νονται
575 1227 730 1272 κομῆται
761 1221 822 1258 διαὶ
852 1237 895 1258 το
929 1223 1197 1270 παρακολουθεῖν
1234 1224 1349 1257 αὐτῶν
1383 1224 1429 1267 τῇ

426 1273 524 1318 φορᾷ,
544 1271 653 1316 ὥσπερ
679 1272 727 1313 τῷ
753 1272 848 1311 ἡλίῳ,
875 1270 940 1307 την
966 1267 1345 1314 τοιαύτηνσύγκρισιν,
1371 1269 1425 1312 ἀφ’

427 1318 465 1356 ἧς
492 1316 551 1352 διά
575 1316 639 1353 τήν
671 1315 859 1348 ἀνάκλασιν
893 1314 957 1351 τὴν
989 1314 1060 1346 ἅλω
1091 1313 1270 1356 φαίνεσθαί
1292 1320 1428 1359 ῥφαμεν,

429 1363 513 1396 ὅταν
541 1360 630 1395 οὕτω
655 1359 746 1406 τύχῃ
770 1359 973 1404 κεκραμένος
1001 1359 1017 1390 ὁ
1043 1356 1122 1411 οἱήρ.

352 1409 394 1441 ⁶0
418 1404 461 1445 δή
486 1405 562 1439 καθ’
584 1405 644 1438 ἕνα
668 1406 846 1450 συμβαίνει
871 1415 938 1437 των
966 1403 1132 1448 ἀστερων,
1159 1402 1268 1435 τοῦτο
1292 1397 1345 1434 δεῖ
1366 1404 1429 1434 λα-

428 1453 497 1494 βεῖν
522 1450 696 1498 γινόμενον
723 1450 797 1494 περὶ
823 1447 900 1481 ὅλον
925 1447 986 1480 τὸν
1012 1447 1154 1492 οὐρανὸν
1186 1449 1245 1479 καὶ
1270 1447 1335 1483 την
1362 1446 1429 1479 ἄνω

428 1496 532 1542 φορσὶν
564 1494 723 1527 ἅπασαν·
750 1493 891 1540 εὔλογον
920 1492 1007 1539 γάρ,
1034 1493 1126 1535 εἴπερ
1152 1491 1173 1528 ἡ
1200 1491 1271 1529 ἑνὸς
1304 1491 1430 1535 ἄστρου

427 1545 574 1581 κίνησις,
600 1541 658 1571 καὶ
683 1538 748 1575 τήν
773 1539 840 1571 τῶν
876 1536 1041 1570 ἁπάντων
1076 1539 1184 1581 ποιεῖν
1211 1548 1245 1568 τι
1270 1536 1430 1570 τοιοῦτον

428 1588 486 1618 καὶ
512 1584 704 1628 ἐκριπίζειν,
729 1584 789 1615 καὶ
814 1581 895 1627 πρός
921 1580 1059 1619 τούτοις
1085 1581 1136 1614 ἔτι
1160 1580 1235 1613 καθ’
1261 1580 1295 1613 ὃν
1321 1580 1429 1614 τόπον

429 1629 636 1663 πυκνότατα
668 1628 729 1660 καὶ
758 1629 906 1661 πλεῖστα
937 1627 997 1659 καὶ
1025 1625 1176 1672 μέγιστα
1202 1625 1430 1671 τυγχάνουσιν

430 1675 516 1708 ὄντα
541 1674 608 1706 τῶν
634 1673 779 1718 ἄστρων.
1082 1707 1087 1711 „

359 1723 397 1754 'O
421 1719 480 1765 μὲν
507 1716 564 1751 ούν
590 1718 657 1750 τῶν
682 1716 807 1760 ζῳδίων
831 1714 955 1754 κύκλος
971 1709 1031 1747 διαὶ
1047 1713 1111 1751 τήν
1132 1714 1194 1746 τοῦ
1212 1714 1310 1751 ἡλίου
1327 1714 1431 1759 φοροὶν

430 1765 489 1796 καὶ
514 1763 579 1800 τήν
606 1762 672 1794 τῶν
706 1759 893 1798 πλανήτων
925 1756 1057 1792 διαλύει
1083 1758 1148 1795 τήν
1182 1758 1351 1796 τοιαύτην
1377 1758 1429 1791 σύ-

430 1819 572 1841 στασιν·
598 1805 716 1849 διόπερ
742 1807 771 1837 οἱ
797 1806 918 1838 πολλοὶ
944 1805 1012 1837 τῶν
1036 1800 1195 1847 κομητῶν
1212 1802 1436 1851 ἐκτὸςγίνον-

431 1865 491 1887 ται
517 1853 584 1886 τῶν
614 1851 795 1896 τροπικῶν.
830 1849 909 1882 Ἔτι
932 1843 963 1881 δ’
993 1848 1072 1881 οὔτε
1105 1850 1180 1891 περὶ
1211 1847 1326 1889 ἥλιον,
1354 1848 1434 1882 οὔτε

432 1900 506 1940 περὶ
523 1895 667 1934 σελήνην
687 1897 822 1941 γίνεται
841 1893 947 1939 κόμη·
975 1891 1105 1926 θᾶττον
1123 1893 1188 1939 γάρ
1209 1887 1288 1925 διακ
1310 1895 1434 1926 (νουσιν

431 1941 453 1980 ἥ
470 1941 559 1984 ὥστε
577 1940 747 1978 συστῆναι
767 1938 936 1976 τοιαύτην
954 1937 1138 1984 σύγκρισιν.
1164 1937 1273 1976 Οὗτος
1313 1939 1320 1950 ’
1343 1938 1360 1971 ὀ
1378 1937 1438 1970 κύ·-

431 1988 509 2024 κλος
536 1987 569 2018 ἑν
591 1985 614 2028 ᾤ
632 1985 673 2018 τὸ
724 1985 792 2017 οίλα
816 1986 977 2027 φαίνεται
1003 1986 1075 2020 τοῖς
1094 1982 1225 2027 ὁρῶσιν,
1246 1981 1262 2014 ὅ
1279 1995 1317 2016 τε
1342 1981 1436 2030 μέγι-

434 2043 513 2069 στος
530 2029 574 2062 ὢν
593 2041 758 2076 τυγχανει
781 2030 838 2061 καὶ
866 2029 912 2071 τῇ
933 2026 1022 2060 θέσει
1046 2027 1196 2072 κείμενος
1223 2026 1331 2066 οὕτως
1349 2026 1435 2061 ὥστε

434 2076 523 2108 πολι)
548 2075 626 2113 τούς
652 2073 834 2129 τροπικούς
860 2073 923 2105 ύπε
946 2071 1098 2113 βάλλειν.
1127 2071 1211 2116 Πρὸς
1235 2067 1274 2104 δὲ
1297 2071 1436 2110 τούτοις

436 2120 568 2165 ἄστρων
594 2120 610 2151 ὀ
635 2131 742 2157 τοπος
769 2117 898 2161 πλήρης
925 2119 999 2150 εστὶ
1023 2117 1090 2150 τῶν
1116 2129 1155 2150 τε
1180 2118 1350 2163 μεγίστων
1377 2118 1437 2149 καὶ

432 2163 713 2210 λαμπροτάτων,
742 2165 800 2197 καὶ
831 2162 883 2196 ἔτι
913 2162 980 2194 τῶν
1006 2173 1072 2194 σπο
1097 2157 1191 2194 άδων
1217 2161 1435 2206 καλουμένων

449 2211 556 2243 τοῦτο
573 2204 603 2240 δ’
624 2206 697 2242 ἐστὶ
721 2209 779 2241 καὶ
802 2210 874 2245 τοῖς
896 2207 1043 2251 ὄμμασιν
1059 2171 1142 2239 ἰδεῖν
1159 2206 1329 2251 φανερόν),
1347 2205 1436 2239 ὥστε

433 2210 494 2288 διὰ.
517 2254 636 2288 ταῦτα
660 2253 806 2298 συνεχῶς
829 2253 888 2283 καὶ
916 2251 967 2284 ἀεὶ
993 2250 1128 2289 ταύτην
1150 2251 1265 2284 πᾶσαν
1285 2250 1438 2295 ,ἀθροίζε-

434 2299 512 2332 σθαι
537 2297 602 2334 τῆν
627 2297 810 2344 σύγκρισιν.

369 2347 510 2390 Σημεῖον
534 2338 590 2375 δέ·
616 2345 674 2375 καὶ
699 2341 763 2389 γοὶρ
790 2340 900 2373 αὐτοῦ
927 2341 989 2372 τοῦ
1013 2339 1138 2372 κύκλου
1163 2340 1278 2373 πλεῖον
1304 2338 1347 2373 τὸ
1371 2340 1437 2384 φῶς

435 2390 528 2422 ἐστιν
554 2388 587 2420 ὲν
613 2385 743 2432 θατέρῳ
769 2386 953 2430 ἡμικυκλίῳ
978 2385 1028 2426 τῷ
1053 2386 1095 2418 τό
1119 2381 1282 2429 δίπλωμα
1299 2384 1433 2430 ἔχοντι·

436 2435 469 2467 ἐν
495 2432 610 2472 τούτῳ
634 2432 700 2479 γοίρ
725 2432 829 2464 πλείω
858 2431 917 2462 καὶ
943 2429 1136 2473 πυκνότεροί
1161 2430 1252 2462 ἐστιν
1279 2429 1392 2472 ἄστρα
1416 2427 1438 2466 ἦ

415 2477 470 2511 .ἒν
495 2474 647 2520 θατέρῳ,
673 2478 716 2514 ὠς
744 2473 781 2508 ού
806 2471 843 2508 δι’
873 2474 995 2519 ἑτέραν
1021 2475 1083 2506 τιν’
1114 2474 1232 2506 αἰτίαν
1260 2473 1437 2520 γινομένου

437 2523 500 2556 τοῦ
525 2521 668 2568 φέγγους
693 2519 714 2558 ἦ
740 2515 799 2552 διοὶ
822 2518 886 2556 τήν
913 2519 979 2551 τῶν
1007 2518 1139 2564 ἄστρων
1170 2516 1293 2574 φοράν·
1321 2518 1438 2564 εἰ,γοὶρ

439 2567 472 2600 ἒν
498 2578 536 2599 τε
561 2567 610 2607 τῷ
641 2564 751 2610 κύκλῳ
785 2562 898 2604 τούτῳ
930 2565 1064 2611 γίνεται
1097 2561 1131 2595 ἑν
1157 2575 1180 2604 ῳ
1207 2561 1255 2595 τοὶ
1290 2563 1439 2595 πλεῑστα

437 2615 551 2644 κεῖται
582 2611 648 2642 τῶν
683 2609 835 2654 οἴστρων,
867 2609 927 2639 καί
961 2607 1072 2640 αὐτοῦ
1103 2607 1166 2640 τοῦ
1195 2605 1320 2639 κύκλου
1355 2606 1388 2639 ἐν
1415 2606 1438 2648 ᾦ

439 2657 569 2700 μᾶλλον
595 2655 754 2711 φαίνεται
777 2651 1116 2694 καταπεπυκνῶσθαι
1139 2653 1198 2684 καὶ
1223 2650 1358 2698 μεγέθει
1381 2652 1440 2683 καὶ

440 2699 562 2737 πλήθει
589 2697 761 2742 αστέρων,
788 2696 923 2734 ταύτην
948 2696 1037 2735 εἰκὸς
1061 2696 1248 2736 ὑπολαβεῖν
1273 2694 1443 2729 οἰκειοτά-

442 2757 503 2783 την
530 2745 646 2777 αἰτίαν
671 2740 758 2775 εἶναι
781 2740 1007 2780 τοῦ-πάθους.
1032 2739 1224 2786 Θεωρείσθω
1245 2735 1274 2772 δ’
1296 2739 1312 2774 δ’
1330 2753 1368 2774 τε
1384 2739 1441 2773 κύ-

439 2792 517 2827 κλος
538 2790 596 2821 καὶ
618 2787 666 2821 τοὶ
683 2788 715 2820 ἑν
738 2787 832 2828 αὐτῷ
853 2785 963 2832 ἄστρα
981 2786 1018 2819 ἐκ
1036 2786 1100 2824 τῆς
1118 2786 1330 2832 ὑπογραφῆς.
1345 2785 1442 2823 mode.

440 2830 478 2866 δὲ
504 2829 683 2878 σποράδας
704 2830 933 2875 καλουμένους
959 2829 1049 2863 οὕτω
1074 2829 1134 2875 μὲν
1151 2830 1198 2869 εἰς
1214 2830 1278 2867 τήν
1296 2833 1440 2875 σφαῖραν

444 2879 502 2911 οὐκ
528 2877 602 2911 ἔστι
627 2875 733 2918 τοίξαι
764 2871 824 2908 διά
847 2875 889 2909 τό
914 2869 1082 2921 μηδεμίαν
1102 2869 1172 2907 ’διαὶ
1194 2873 1320 2912 ’τέλους
1351 2875 1366 2907 ἔ
1394 2886 1440 2906 ειν

441 2922 586 2968 φανεροὶν
612 2921 759 2955 ἕκαστον
783 2918 886 2962 θέσιν,
910 2920 955 2958 εἰς
981 2915 1019 2952 δὲ
1042 2919 1103 2953 τόν
1130 2916 1272 2962 οὐρανόν
1299 2920 1364 2952 ἀνα
1389 2918 1445 2951 λέ-

442 2969 559 3000 πουσίν
585 2965 660 3000 ἐστι
684 2962 806 3003 δῆλον·
833 2963 867 2997 ἐν
892 2960 1069 3011 μόνῳγάρ
1091 2964 1206 3006 τούτῳ
1222 2965 1292 2996 τῶν
1312 2964 1442 2996 κύκλων

442 3014 494 3045 τά,
513 3010 646 3056 μεταξύ
679 3009 790 3055 πλήρη
825 3009 993 3043 τοιούτων
1028 3007 1178 3053 ἀστέρων
1209 3009 1320 3044 ἐστίν·
1347 3009 1381 3042 ἄν
1405 3004 1443 3041 δὲ

443 3061 515 3094 τοῖς
541 3056 657 3099 ἄλλοις
680 3051 852 3090 διαλείπει
874 3054 1038 3099 φανερῶς·

376 3101 454 3135 ὥστ’
484 3103 574 3146 εἴπερ
598 3101 658 3133 καὶ
683 3101 756 3144 περὶ
782 3098 844 3132 τοῦ
874 3097 1052 3144 φαίνεσθαι
1083 3096 1242 3142 κομήτας
1274 3093 1442 3142 ἀποδεχό-

443 3145 528 3191 μεθα
553 3145 617 3182 την
644 3145 760 3177 αἰτίαν
779 3145 820 3181 ὥς
839 3143 1013 3188 εἰρημένην
1039 3144 1193 3187 μετρίως,
1211 3144 1269 3174 καὶ
1288 3143 1362 3187 περὶ
1379 3142 1442 3175 τοῦ

443 3190 621 3236 γάλακτος
656 3189 716 3221 τὸν
750 3187 857 3222 αὐτόν
888 3186 1107 3226 ὑποληπτέον
1140 3185 1266 3232 τρόπον
1292 3186 1399 3232 ἔχειν·
1427 3187 1443 3219 ὃ

444 3235 508 3281 γάρ
535 3232 604 3266 ἐκεῖ
628 3236 700 3279 περὶ
727 3232 786 3266 ἐ’να
812 3230 885 3265 ἐστὶ
917 3231 1025 3271 πάθος
1051 3233 1073 3269 ἡ
1096 3231 1207 3277 κόμη,
1235 3231 1342 3264 τοῦτο
1369 3233 1442 3276 περὶ

443 3278 565 3310 κύκλον
592 3278 673 3311 τινοί
697 3278 872 3322 συμβαίνει
903 3275 1056 3324 γίνεσθαι
1081 3277 1123 3309 τό
1150 3276 1259 3317 αὐτὸ,
1285 3278 1343 3308 καὶ
1369 3275 1444 3309 ἔστι

446 3323 487 3354 τὸ
511 3322 618 3368 γάλα,
638 3324 678 3360 ὠς
700 3323 804 3354 εἰπεῖν
830 3322 897 3354 οἷον
925 3320 1131 3367 ὁριζόμενον,
1150 3322 1171 3359 ἤ
1193 3322 1256 3354 τοῦ
1281 3332 1321 3365 με
1347 3323 1444 3354 ίστου

419 3396 424 3400 .
446 3362 505 3399 διοί
521 3366 585 3404 τήν
604 3367 745 3412 ἔκκρισιν
770 3366 895 3398 κύκλου
919 3365 1026 3410 κόμη·
1052 3361 1106 3398 διὸ
1129 3364 1283 3409 καθάπερ
1306 3378 1320 3398 ε
1338 3377 1443 3409 πομεν

447 3410 625 3454 πρότερον,
647 3411 685 3443 οὗ
711 3412 844 3452 πολλοὶ,
865 3405 944 3443 οὐδὲ
968 3409 1134 3449 πολλάκις
1158 3412 1315 3456 γίνονται
1338 3410 1445 3454 κομῆ-

447 3466 521 3495 ται,
539 3450 598 3487 διοί
622 3455 663 3488 τὸ
686 3455 831 3499 συνεχῶς
858 3454 1098 3500 ἀποκεκρίσθαι
1123 3466 1162 3487 τε
1186 3457 1244 3487 καὶ
1272 3453 1446 3497 ἀποκρίνε-

447 3498 525 3530 σθαι
547 3497 621 3530 καθ’
652 3498 800 3536 ἑκάστην
836 3494 989 3543 περίοδον
1022 3500 1066 3538 εἷς
1099 3501 1224 3533 τοῦτον
1251 3498 1311 3532 τᾶν
1336 3498 1444 3532 τόπον

451 3543 502 3575 ἀεὶ
526 3543 590 3579 την
620 3543 787 3580 τοιαύτην
817 3545 995 3577 σύστασιν.

381 3587 456 3631 Περὶ
481 3585 539 3629 μὲν
567 3584 622 3618 οὖν
647 3588 715 3620 τῶν
738 3586 920 3633 γινομένων
939 3586 973 3619 ὲν
999 3588 1047 3628 τῷ
1066 3589 1140 3632 περὶ
1161 3587 1224 3625 τὴν
1242 3587 1306 3633 γῆν
1330 3586 1444 3630 κόσμῳ

451 3633 498 3672 τῷ
512 3634 645 3675 συνεχεῖ
659 3634 735 3668 ταῖς
748 3635 862 3675 φοραῖς
879 3633 1024 3675 εἴρηται,
1038 3634 1111 3675 περί
1125 3643 1163 3664 τε
1181 3632 1244 3669 τῆς
1258 3626 1445 3675 διαδρομῆς

1549 1089 1612 1121 illis
1635 1099 1710 1120 curn
1733 1099 1800 1120 non
1816 1089 1886 1130 ipsa
1907 1099 1964 1130 per
1987 1101 2020 1122 se
2039 1090 2133 1122 fuerit
2155 1091 2226 1123 talis
2242 1093 2427 1133 segregatio,
2444 1094 2500 1124 sed
2514 1094 2554 1124 ab

1552 1134 1662 1175 aliquo
1677 1141 1836 1165 astrorum
1852 1141 1908 1165 aut
1925 1133 2063 1167 fixorum
2079 1142 2135 1167 aut
2150 1136 2333 1171 errantium.
2350 1137 2445 1168 Tunc
2467 1137 2555 1169 enim

1552 1178 1630 1209 haec
1654 1178 1801 1209 videntur
1825 1185 1982 1218 cometae,
2005 1179 2080 1220 quia
2105 1187 2318 1221 assequuntur
2342 1181 2490 1222 ipsorum
2509 1181 2555 1213 la-

1551 1222 1643 1261 tioni,
1660 1222 1937 1263 quemadmodum
1960 1223 2020 1254 soli
2039 1223 2109 1255 talis
2129 1224 2290 1256 concretio
2314 1235 2332 1256 a
2347 1235 2412 1267 qua
2426 1232 2556 1267 propter

1552 1267 1773 1298 refractionem
1787 1267 1862 1298 halo
1878 1277 2029 1308 apparere
2052 1268 2198 1308 dicimus,
2222 1267 2302 1300 cum'
2313 1269 2358 1300 sic
2377 1268 2472 1302 fuerit
2484 1269 2555 1301 'dis-

1552 1318 1677 1352 positus
1699 1321 1762 1342 aer.

1486 1407 1586 1444 Quod
1607 1407 1715 1448 itaque
1739 1407 1917 1438 secundum
1933 1418 2037 1439 unum
2060 1390 2220 1440 astrorum
2235 1408 2358 1449 accidit,
2372 1409 2436 1441 hoc
2458 1418 2556 1451 opor-

1553 1458 1596 1483 tet
1619 1451 1759 1492 accipere
1783 1451 1904 1491 factum
1928 1452 2008 1484 eirca
2031 1460 2138 1485 totum
2157 1453 2282 1485 caelum
2305 1460 2336 1485 et
2358 1453 2557 1495 superiorem

1552 1495 1705 1526 lationem
1730 1505 1872 1527 omnem.
1899 1496 2098 1528 Rationabile
2123 1497 2226 1538 enim,
2252 1498 2279 1529 si
2305 1498 2438 1540 quidem
2461 1497 2558 1530 unius

1553 1540 1626 1571 astri
1649 1546 1768 1579 motus,
1786 1547 1816 1571 et
1839 1550 1915 1572 eum
1930 1541 1986 1583 qui
2009 1541 2159 1573 omnium
2182 1541 2283 1574 facere
2298 1543 2361 1574 tale
2383 1541 2504 1585 aliquid
2527 1549 2559 1574 et

1553 1584 1703 1625 arripere;
1723 1591 1755 1615 et
1770 1594 1845 1615 cum
1859 1585 1908 1616 his
1932 1585 2036 1617 adhuc
2053 1587 2231 1618 secundum
2246 1597 2344 1629 quem
2359 1587 2475 1618 locu‘m'
2492 1586 2558 1618 cr&-

1553 1629 1688 1660 berrima
1710 1636 1742 1660 et
1759 1629 1897 1669 plurima
1914 1637 1954 1661 .et
1972 1630 2111 1662 maxima
2135 1631 2273 1663 existunt
2288 1631 2373 1663 entia
2387 1632 2557 1663 usmitan.

1488 1717 1554 1755 Qui
1577 1717 1708 1759 quidem
1739 1717 1836 1758 igitur
1862 1717 2069 1758 animalium,
2092 1726 2223 1760 propter
2250 1719 2327 1751 solis
2349 1719 2506 1753 lationem
2519 1695 2560 1752 >et
2592 1704 2599 1709 ⁵

1553 1761 1764 1802 planetarum,
1782 1762 1924 1794 dissolvit
1942 1763 2039 1794 talem
2055 1763 2301 1795 consistentiam.
2321 1764 2455 1805 Propter
2468 1764 2560 1806 quod

1555 1805 1649 1836 multi
1671 1806 1803 1847 quidem
1826 1804 2025 1838 cometarum
2051 1814 2136 1838 extra
2163 1807 2303 1849 tropicos
2326 1807 2427 1847 fiunt;
2454 1807 2559 1851 adhuc

1556 1856 1664 1880 autem
1685 1861 1791 1892 neque
1814 1851 1895 1882 circa
1913 1851 2017 1882 solem
2047 1861 2152 1893 neque
2171 1852 2251 1883 circa
2266 1852 2378 1883 lunam
2393 1852 2558 1892 fit'c6m13

1557 1893 1649 1925 citius
1667 1895 1754 1926 enim
1777 1896 1966 1937 disgregant,
1983 1905 2082 1937 quam
2104 1903 2140 1928 ut
2155 1902 2278 1928 constet
2300 1896 2371 1928 talis
2384 1896 2557 1929 concretio.

1557 1939 1618 1970 Iste
1641 1947 1749 1979 autem
1773 1940 1910 1972 circulus
1932 1940 1967 1971 in
1990 1950 2056 1982 quo
2084 1940 2133 1972 lac
2161 1947 2293 1982 apparet
2314 1940 2559 1983 aspicientibus,

1558 1989 1589 2014 et
1611 1984 1769 2015 maximus
1802 1991 1850 2016 est
1872 1984 2026 2023 existens,
2052 1992 2083 2016 et
2104 1985 2229 2026 positus
2262 1985 2325 2017 situ
2348 1985 2397 2024 sic,
2415 1992 2453 2019 ut
2475 1985 2560 2021 mul·
2602 1979 2605 1982 ’

1557 2034 1628 2059 tum
1652 2029 1792 2070 tropicos
1824 2028 1964 2061 excedat.
1989 2028 2106 2061 Adhuc
2129 2036 2237 2063 autem
2262 2030 2353 2062 locus
2376 2029 2491 2072 plenus
2513 2037 2561 2063 eet

1558 2073 1648 2104 astris
1672 2073 1817 2104 maximis
1837 2080 1868 2105 et
1891 2072 2119 2114 fulgidissimis,
2139 2080 2171 2106 et
2188 2074 2297 2116 adhuc
2316 2073 2490 2116 spon-adicis
2502 2084 2561 2106 vo-

1559 2116 1635 2148 catis
1659 2116 1740 2161 (hoc
1763 2125 1871 2149 autem
1893 2125 1941 2149 est
1963 2125 1995 2150 et
2018 2118 2120 2150 oculis
2137 2117 2246 2150 videre
2267 2116 2503 2162 manifestum„
2525 2125 2562 2152 ut

1558 2170 1695 2214 propter·
1707 2162 1769 2194 hoc
1785 2163 1936 2194 continue
1959 2170 1990 2195 et
2012 2172 2138 2204 semper
2153 2163 2231 2195 haec
2249 2163 2356 2196 omnis
2377 2169 2563 2209 aggregetur

1559 2214 1730 2239 concretio.
1966 2230 1968 2232 ,
2408 2228 2409 2231 ,

1493 2340 1627 2382 Signum
1650 2347 1778 2372 autem:
1804 2341 1922 2372 etenim
1945 2340 2045 2382 ipsius
2074 2340 2181 2373 circuli
2202 2335 2350 2382 =amplius
2377 2340 2490 2372 lumen
2516 2345 2565 2372 eet

1558 2385 1592 2416 in
1615 2385 1713 2417 altero
1737 2380 1947 2416 semicirculo
1967 2385 2306 2427 habenteduplatum.
2329 2384 2364 2416 in
2387 2385 2451 2416 hoc
2471 2384 2562 2416 'enim

1559 2430 1651 2471 plura
1674 2436 1706 2460 et
1727 2429 1884 2461 crebriora
1906 2436 1982 2461 sunt
2005 2437 2208 2472 astraquam
2225 2430 2259 2461 in
2283 2430 2394 2468 altero,
2408 2435 2564 2471 unquam

1525 2495 1527 2497 ·
1559 2483 1627 2505 non
1649 2480 1780 2514 propter
1810 2474 1941 2506 alteram
1971 2474 2264 2515 aliquamcausam
2297 2474 2378 2507 facta
2405 2473 2564 2512 claritate,

1560 2527 1659 2559 quam
1682 2525 1813 2560 propter
1842 2525 2003 2556 astrorum
2031 2518 2195 2552 lationem.
2220 2518 2253 2551 Si
2271 2518 2364 2557 fenim
2386 2524 2418 2554 et
2442 2517 2479 2554 in
2500 2516 2564 2558 isto

1561 2562 1679 2593 circulo
1696 2561 1731 2593 fit
1744 2561 1777 2593 in
1793 2572 1861 2604 quo
1882 2569 2047 2604 ponuntur
2068 2562 2207 2604 plurima
2224 2569 2394 2602 astrorum,
2411 2569 2442 2599 et
2461 2561 2562 2605 ipsius

1561 2606 1668 2638 circuli
1691 2606 1724 2637 in
1743 2615 1811 2648 quo
1834 2606 1959 2638 videtur
1978 2606 2080 2649 magis
2101 2604 2202 2649 spissa
2215 2603 2292 2638 'esse
2313 2614 2344 2638 et
2359 2603 2564 2638 multitudine

1562 2658 1592 2682 et
1618 2650 1836 2691 magnitudine
1869 2658 2043 2690 asu-orum,
2074 2651 2156 2683 hanc
2187 2650 2356 2683 verisimile
2386 2650 2564 2683 existimare

1561 2695 1892 2727 convenientissimam
1914 2705 2044 2727 causam
2061 2706 2129 2727 esse
2150 2696 2317 2737 passionis.
2338 2695 2566 2731 Consideretm·

1562 2747 1669 2772 autem
1692 2747 1724 2772 et
1747 2740 1882 2775 circulus
1913 2748 1943 2772 et
1967 2751 2049 2782 quae
2068 2741 2106 2775 in
2128 2740 2199 2782 ipso
2235 2747 2334 2780 astm,
2358 2750 2398 2773 ex
2429 2739 2564 2774 subscri-

1562 2785 1682 2826 ptione.
1701 2785 1872 2826 Sporadica
1887 2792 1996 2820 autem
2011 2793 2123 2820 vocata
2140 2785 2185 2816 sic
2200 2785 2332 2828 quidem
2347 2784 2381 2819 iu
2397 2784 2565 2826 sphaeram

1562 2839 1630 2860 non
1653 2829 1711 2860 erit
1741 2829 1886 2861 ordinare
1901 2853 1910 2868 ‚
1937 2829 2013 2871 quia
2045 2829 2168 2873 nullam¹
2200 2827 2566 2874 determinatam'qhahet

1562 2874 1821 2916 unumquodque
1837 2874 2041 2916 positionem.
2058 2874 2110 2906 Ad
2125 2874 2250 2906 caelum
2273 2879 2383 2914 autem
2396 2871 2564 2915 respicieb-

1562 2919 1647 2950 tibus
1663 2926 1710 2950 est
1725 2919 1849 2960 palam:
1869 2919 1903 2950 in
1921 2919 1992 2950 solo
2013 2918 2099 2950 enim
2114 2918 2177 2950 hoc
2193 2918 2398 2958 circulorum,
2413 2915 2564 2949 interme·-

1563 2963 1614 2994 dia
1636 2964 1730 3004 plena
1754 2964 1869 2995 talibus
1891 2963 1981 2995 astris
2012 2963 2160 3003 sunt32in
2187 2963 2256 2994 aliis
2280 2969 2388 2995 autem
2412 2960 2566 2995 deficiunt

1563 3008 1739 3040 manifeste.
2396 3021 2398 3025 ’
2453 3027 2455 3030 <
2530 3026 2532 3029 ·

1498 3099 1616 3139 Quare,
1630 3098 1655 3130 si
1671 3097 1802 3140 quidem
1818 3103 1849 3129 et
1864 3097 2101 3139 cie-apparendo
2118 3104 2258 3128 cometas
2274 3103 2476 3138 acceptamus
2491 3106 2566 3135 caue

1565 3153 1633 3174 sam
1656 3150 1810 3185 tanquam
1842 3142 1958 3174 dictam
1982 3141 2192 3180 mediocriter,
2216 3149 2247 3173 et
2279 3141 2317 3172 de
2340 3142 2425 3173 lacte
2450 3141 2566 3173 eodem

1564 3187 1664 3218 modo
1688 3187 1932 3219 existimandum
1948 3186 2082 3217 habere:
2097 3187 2186 3228 quod
2202 3182 2289 3218 enim
2303 3185 2347 3216 ibi
2367 3185 2447 3217 circa
2461 3186 2567 3217 unum

1566 3239 1612 3263 est
1635 3232 1740 3273 passio
1765 3242 1877 3270 coma,
1902 3231 1964 3262 hoc
1988 3231 2068 3262 circa
2092 3231 2247 3262 circulum
2269 3230 2431 3272 quendam
2454 3229 2567 3262 accidit

1564 3275 1631 3307 fieri
1654 3277 1798 3308 eandem.
1814 3276 1856 3307 Et
1879 3282 1926 3307 est
1943 3275 2002 3314 lac,
2021 3282 2058 3306 ut
2081 3282 2128 3307 est
2151 3275 2253 3307 dicere
2277 3274 2365 3306 velut
2387 3273 2566 3313 definitum,

1564 3321 1694 3352 maximi
1726 3321 1834 3352 circuli
1865 3327 1995 3362 propter
2023 3319 2273 3361 segregationem
2305 3328 2409 3350 coma.
2434 3319 2568 3360 Propter

1565 3365 1665 3407 quod,
1681 3365 1958 3406 quemadmodum
1981 3364 2069 3405 prius
2092 3364 2241 3404 diximus,
2261 3373 2328 3396 non
2350 3362 2443 3395 multi
2462 3371 2569 3404 neque,

1565 3420 1659 3450 saepe
1681 3409 1763 3441 fiunt
1778 3416 1936 3448 cometae;
1955 3409 2032 3450 quia
2054 3408 2206 3440 continue
2221 3415 2383 3449 segregata
2399 3414 2456 3447 est,
2473 3414 2504 3439 et
2518 3416 2566 3438 se·

1565 3453 1911 3495 gregatur'secundum
1934 3462 2197 3495 unamquamque
2220 3452 2401 3494 periodum,
2424 3452 2458 3483 in
2481 3451 2568 3483 hune

1565 3499 1674 3530 locum
1698 3508 1824 3540 semper
1846 3498 1916 3530 talis
1939 3497 2152 3529 consistentia.

1498 3588 1546 3619 De
1570 3587 1658 3619 factis
1681 3587 1812 3628 quidem
1827 3586 1923 3627 igitur
1938 3586 1970 3617 in
1987 3596 2026 3617 eo
2045 3585 2102 3627 qui
2119 3585 2201 3616 circa
2216 3591 2331 3616 terram
2349 3582 2472 3615 mundo
2492 3591 2567 3613 con-

1566 3632 1656 3663 tinuo
1672 3631 1854 3668 lafionibus,
1875 3630 1995 3661 dictum
2015 3637 2075 3661 est:
2096 3630 2135 3660 de
2155 3629 2298 3660 discursu
2321 3627 2453 3669 quidem
2469 3633 2567 3658 astro·

2581 832 2591 841 ·
2606 831 2662 859 Seq.
2677 836 2730 859 eap-
2742 834 2782 855 v·
