2782 4134
312 293 387 319 222

1016 282 1087 318 DE
1117 279 1292 317 CAELO
1322 278 1393 315 ET
1422 275 1617 314 MUNDO
1647 275 1741 311 LIB.
1772 275 1803 311 II

853 485 1154 542 LECTIO
1193 481 1973 539 VIGESIMASEPTIMA

482 651 606 689 QUOD
629 650 775 681 TERRA
798 648 864 678 SlT
889 644 1158 677 SPHAERICAE
1182 644 1387 682 FIGURAE,
1412 643 1647 675 PROBATUR
1670 644 1727 675 EX
1751 644 1898 675 SPECIE
1921 643 2169 675 NATURALIS
2193 642 2344 674 MOTUS

1252 701 1448 732 PARTlUM
1471 701 1567 732 EIUS
2142 721 2145 723 -

317 851 442 897 Σχῆμα
466 844 494 880 δ’
520 849 607 893 ἔχειν
631 841 836 891 σφαιροειδές
863 845 1050 891 ἀναγκαῖον
1078 843 1207 880 αὑτήν·
1235 842 1380 875 ἕκαστον

383 894 447 940 γάρ
473 894 537 926 τῶν
570 894 689 936 μορίων
722 889 823 932 βάρος
856 890 926 934 ἔχει
957 888 1054 934 μέχρι
1087 888 1167 932 πρὸς
1192 888 1234 920 τό
1264 888 1379 932 μέσον,

382 941 439 970 καὶ
466 937 506 969 τε)
539 937 687 968 ἔλαττον
720 935 786 966 ύπό
820 936 882 966 τοῦ
915 934 1064 976 μείζονος
1097 932 1284 977 ὠθούμενον
1319 933 1382 978 οὐχ

385 981 494 1015 οἷόντε
529 983 723 1025 κυμαίνειν,
762 978 851 1011 ἀλλά
881 978 1125 1023 συμπιέζεσθαι
1157 979 1287 1022 μᾶλλον
1323 980 1381 1009 καὶ

382 1040 420 1059 συ
446 1030 563 1071 χωρεῖν
589 1024 701 1068 ἕτερον
728 1023 842 1068 ἑτέρῳ,
863 1021 921 1061 ἕως
950 1021 988 1055 ἄν
1015 1022 1094 1066 ἔλθῃ
1120 1019 1175 1055 έπὶ
1200 1023 1242 1055 τὸ
1266 1021 1379 1066 μέσον.

316 1075 371 1104 Δεῖ
399 1067 436 1103 δε
465 1071 586 1106 νοῆσαι
617 1070 658 1101 το“
689 1068 872 1115 λεγόμενον
905 1066 1015 1112 ὥσπερ
1050 1067 1088 1100 ἀν
1122 1069 1149 1099 εἰ
1181 1066 1381 1114 γιγνομένης

382 1129 403 1148 τ
427 1114 508 1147 όπον
536 1115 570 1145 ὃν
594 1116 651 1145 καὶ
678 1114 743 1145 τῶν
770 1111 977 1158 φυσιολόγων
1010 1112 1145 1158 λέγουσί
1172 1124 1259 1150 τινες
1291 1111 1383 1158 γενέ-

382 1129 471 1192 σθαι.
509 1158 599 1194 Πλήν
625 1158 744 1189 ἐκεῖνοι
776 1158 835 1200 μέν
868 1157 944 1197 βίαν
979 1158 1161 1191 αἰτιῶνται
1191 1158 1253 1194 τῆς
1285 1156 1382 1189 κάτω

381 1204 481 1248 φορᾶς
494 1215 501 1221 ·
528 1202 662 1243 βέλτιον
685 1198 722 1234 δέ
741 1201 871 1235 τιθέναι
897 1201 1059 1242 τάληθές,
1078 1204 1135 1233 καὶ
1153 1201 1256 1246 φάναι
1274 1202 1382 1234 τοῦτο

381 1249 574 1292 συμβαίνειν
606 1242 666 1279 διά
698 1246 739 1278 τὸ
772 1246 868 1290 φύσιν
903 1245 990 1290 ἔχειν
1023 1245 1181 1291 φέρεσθαι
1213 1247 1253 1278 τό
1281 1246 1382 1291 βάρος

383 1293 458 1338 ἔχον
492 1292 572 1335 προς
606 1291 646 1323 τὸ
679 1290 794 1335 μέσον.
837 1292 891 1323 Ἐν
923 1288 1064 1336 δυνάμει
1098 1289 1155 1323 οὖν
1192 1290 1287 1328 ὄντος
1320 1292 1383 1323 τοῦ

381 1340 552 1383 μίγματος
577 1336 625 1368 τοὶ
649 1330 888 1380 διακρινόμενα
915 1335 1050 1382 ἐφέρετο
1074 1337 1194 1379 ὁμοίως
1212 1334 1383 1368 πάντοθεν

382 1381 461 1425 πρὸς
488 1380 529 1413 τὸ
554 1379 667 1424 μέσον.

314 1466 384 1500 Εἶτ’
407 1464 464 1498 οὖν
491 1466 610 1508 ὁμοίως
639 1463 708 1495 ἀπὸ
735 1464 800 1495 τῶν
827 1463 984 1508 ἐσχάτων
1009 1458 1195 1508 διῃρημένα
1216 1463 1265 1496 τά
1282 1463 1384 1507 μόρια

381 1508 531 1554 συνήχθη
551 1508 630 1552 πρὸς
657 1507 698 1550 τὸ
723 1507 838 1552 μέσον,
865 1509 928 1541 εἴτ’
951 1508 1058 1546 ἄλλως
1085 1509 1227 1553 ἔχοντα,
1247 1508 1384 1546 ποιήσει

383 1553 527 1588 ταύτόν.
561 1552 639 1583 Ὅτι
664 1552 723 1595 μέν
749 1552 805 1584 οὖν
839 1554 958 1598 ὁμοίως
990 1566 1029 1599 γε
1060 1552 1279 1598 πανταχόθεν
1315 1553 1383 1586 ἀπὸ

384 1601 450 1631 τῶν
476 1596 631 1643 ἐσχάτων
657 1597 842 1641 φερομένων
861 1598 941 1640 πρὸς
960 1598 992 1629 ἓν
1011 1597 1052 1630 *ro*
1069 1597 1170 1641 μέσον
1195 1598 1382 1644 ἀναγκαῖον

384 1643 496 1688 ὅμοιον
530 1639 704 1688 γίγνεσθαι
738 1642 854 1685 πάντῃ
880 1643 940 1676 τὸν
977 1642 1097 1688 ὄγκον,
1125 1642 1284 1687 φανερόν·
1310 1645 1383 1674 ἴσου

383 1688 447 1734 γάρ
474 1686 591 1729 πάντῃ
617 1685 879 1731 προστιθεμένου
903 1690 974 1719 ἴσον
1003 1686 1134 1733 ἀνάγκη
1161 1686 1302 1733 ἀπέχειν
1321 1688 1383 1720 τοῦ

383 1732 487 1776 μέσου
522 1731 563 1763 τὸ
598 1729 634 1761 ’έσ
663 1743 767 1764 ατον·
799 1733 908 1763 τοῦτο
943 1727 981 1763 δέ
1014 1733 1056 1764 τὸ
1088 1732 1207 1776 σχῆμα
1239 1734 1382 1775 σφαίρας

385 1777 488 1810 ἐστίν.
516 1770 620 1807 Οὐδὲν
637 1741 685 1810 Χδέ
709 1771 828 1807 διοίσει
853 1776 932 1821 πρός
960 1776 1018 1809 τὸν
1043 1775 1158 1822 λόγον,
1187 1771 1258 1808 οὐδ’
1283 1777 1310 1807 εἱ
1335 1776 1382 1819 μή

384 1820 605 1866 πανταχόθεν
633 1823 751 1866 ὁμοίως
778 1820 904 1852 συνέθει
930 1820 1010 1865 πρὸς
1036 1820 1076 1853 τὸ
1097 1820 1198 1864 μέσον
1218 1821 1265 1854 τοὶ
1282 1820 1382 1865 μόρια

385 1867 507 1902 αὐτῆς.
542 1865 586 1896 Τό
611 1867 676 1912 γάρ
709 1866 824 1896 πλεῖον
856 1866 906 1898 ἀεὶ
934 1866 974 1897 τὸ
1001 1865 1064 1908 πρὸ
1090 1866 1200 1898 αὐτοῦ
1233 1865 1383 1898 ἔλαττον

384 1909 543 1956 προωθεῖν
583 1908 769 1957 ἀναγκαῖον
806 1909 904 1956 μέχρι
937 1910 999 1943 τοῦ
1036 1908 1138 1954 μέσου
1175 1910 1239 1946 τήν
1275 1910 1383 1954 ῥοπήν

384 1956 533 2010 ἑχόντων
569 1954 711 1999 ἀμφοῖν,
742 1955 801 1985 καὶ
835 1956 897 1986 τοῦ
930 1954 1116 1999 βαρυτέρου
1150 1954 1385 1999 προωθοῦντος

384 2011 481 2044 μεχρι
506 1998 634 2032 τούτου
660 1999 700 2032 τὸ
727 1998 874 2031 ἔλαττον
902 1998 1015 2044 βάρος.

308 2045 350 2076 ““Ο
373 2044 437 2092 γάρ
465 2043 504 2076 ἀν
529 2056 580 2081 τις
608 2042 811 2088 ἀπορήσειε,
838 2044 902 2080 τήν
929 2043 1041 2080 αὑτήν
1068 2042 1138 2088 ἔχει
1163 2043 1299 2081 τούτοις
1323 2043 1383 2075 λύ-

383 2101 451 2121 σιν·
478 2089 505 2119 εἱ
529 2088 594 2134 γάρ
620 2087 719 2126 οὔσης
750 2087 805 2119 ἐπὶ
831 2089 894 2120 τοῦ
926 2089 1030 2132 μέσου
1061 2090 1119 2120 καὶ
1152 2084 1383 2132 σφαιροειδοῦς

383 2134 446 2171 τῆς
471 2133 533 2179 γῆς
561 2131 822 2164 πολλαπλάσιον
848 2133 948 2178 βάρος
972 2131 1166 2178 ἐπιγένοιτο
1185 2132 1265 2176 πρὸς
1285 2132 1382 2165 θάτε-

382 2189 436 2222 ρον
462 2179 690 2220 ἡμισφαίριον,
711 2177 771 2209 οὐκ.
796 2177 895 2209 ἔσται
922 2178 963 2210 τὸ
989 2177 1076 2210 αὐτὸ
1097 2176 1198 2219 μέσον
1223 2178 1285 2209 τοῦ
1305 2176 1383 2209 ὅλου

381 2224 439 2254 καὶ
464 2222 505 2255 τὸ
531 2222 593 2259 τῆς
643 2222 699 2259 ἧς·
725 2220 813 2253 ὥστε
839 2220 860 2258 ἦ
887 2222 924 2254 οὗ
950 2226 1043 2263 μενεῖ
1066 2222 1121 2253 ἐπὶ
1144 2222 1207 2254 τοῦ
1226 2221 1342 2266 μέσου,
1362 2221 1383 2258 ἦ

381 2269 490 2310 εἴπερ,
518 2265 678 2310 ἦρεμησει
703 2278 741 2312 γε
765 2267 824 2297 καὶ
849 2266 895 2310 μή
923 2267 963 2298 τὸ
988 2266 1089 2310 μέσον
1116 2266 1256 2311 ἔχουσα,
1284 2266 1304 2309 ᾗ
1326 2266 1384 2299 πέ-

382 2322 460 2355 φυκε
491 2310 654 2343 κινεῖσθαι
689 2312 748 2342 καὶ
780 2311 849 2342 νῦν.
890 2311 934 2343 Τὸ
966 2311 1026 2355 μὲν
1059 2308 1116 2342 οὖν
1151 2311 1382 2356 ἀπορούμενον

382 2356 477 2389 τοῦτ’
506 2356 617 2388 ἐστίν·

314 2395 407 2432 ἰδεῖν·
421 2395 448 2432 δ’
470 2399 508 2432 οὐ
532 2399 684 2446 χαλεπόν
710 2399 824 2443 μικρὸν
851 2399 1106 2439 ἑπιτείναντας,
1123 2400 1183 2431 καὶ
1203 2394 1383 2438 διελόντας

382 2446 450 2483 πῶς
478 2443 634 2487 ἀξιοῦμεν
661 2445 846 2476 ὁποσονοῦν
883 2443 1022 2490 μέγεθος
1048 2443 1205 2488 φέρεσθαι
1234 2445 1315 2488 πρὸς
1342 2445 1383 2477 τὸ

381 2489 501 2534 μέσον,
528 2489 628 2534 βάρος
661 2488 752 2543 ἔχον.
790 2490 898 2525 Δῆλον
930 2489 995 2535 γάρ
1021 2490 1063 2526 ὠς
1090 2489 1164 2533 οὐχὶ
1196 2489 1295 2535 μέχρι
1320 2490 1383 2522 τοῦ

383 2533 533 2590 ἅψασθαι
560 2535 622 2566 τοῦ
647 2545 787 2578 κέντρου
813 2534 854 2566 τὸ
873 2534 1037 2579 ἔσχατον,
1059 2533 1150 2566 ἀλλά
1170 2528 1224 2565 δεῖ
1245 2538 1383 2579 κρατεῖν

381 2591 423 2611 το
449 2579 550 2611 πλέον
577 2577 636 2616 ἕως
664 2577 703 2610 ἂν
726 2577 820 2621 λάβῃ
854 2579 903 2620 τῷ
938 2579 1048 2611 αὐτοῦ
1081 2577 1170 2622 μέσῳ
1195 2578 1237 2611 τὸ
1262 2578 1382 2622 μέσον·

381 2623 477 2677 μέχρι
511 2622 638 2656 τούτου
670 2623 734 2668 γάρ
768 2623 838 2668 ἔχει
871 2623 936 2659 τήν
969 2622 1090 2667 ῥοπήν.
1132 2623 1237 2655 Οὐδὲν
1271 2625 1383 2656 τοίνυν

382 2680 488 2701 τουτο
513 2663 663 2712 διαφέρει
679 2667 790 2714 λέγειν
816 2668 872 2700 ἐπὶ
898 2666 1006 2707 βώλου
1030 2669 1089 2699 καὶ
1141 2669 1229 2711 ορίου
1247 2668 1310 2700 τοῦ
1329 2680 1385 2701 τυ-

380 2713 503 2768 χόντος
529 2712 549 2749 ἦ
576 2714 630 2746 ἐπὶ
657 2711 734 2751 ὅλης
760 2712 823 2750 τῆς
847 2713 929 2758 γῆς·
958 2712 995 2745 οὗ
1020 2712 1084 2758 γάρ
1110 2678 1169 2746 guel
1190 2711 1384 2757 μικρότητα

381 2760 402 2794 ἠ
424 2756 561 2803 μέγεθος
586 2760 720 2801 εἴρηται
746 2757 787 2790 τὸ
809 2757 1007 2801 συμβαῖνον,
1027 2758 1117 2790 ἀλλά
1140 2757 1236 2789 κατά
1253 2757 1384 2795 παντὸς

381 2803 442 2835 τοῦ
467 2802 574 2847 ῥοπήν
601 2803 740 2847 ἔχοντος
767 2803 822 2834 ἐπὶ
840 2802 881 2835 τὸ
899 2801 1019 2846 μέσον·
1045 2801 1134 2836 ὥστε
1153 2804 1222 2835 εἴτε
1246 2800 1305 2839 ὅλη
1324 2814 1384 2834 πο-

381 2845 435 2878 θὲν
458 2847 593 2892 ἐφέρετο
619 2848 688 2879 εἴτε
713 2847 811 2880 κατά
834 2846 945 2890 μέρος,
974 2847 1161 2893 ἀναγκαῖον
1187 2846 1284 2901 μέχρι
1307 2846 1385 2879 τού-

382 2903 444 2924 του
469 2891 623 2936 φέρεσθαι
650 2890 709 2929 ἕως
736 2890 775 2923 ἂν
808 2890 1029 2936 πανταχόθεν
1064 2893 1183 2937 ὁμοίως
1216 2891 1309 2935 λαβῃ
1343 2891 1384 2923 τό

382 2935 495 2980 μέσον,
517 2935 765 2979 ἀνισαζομένων
792 2937 858 2969 τῶν
884 2936 1079 2970 ἐλαττόνων
1104 2937 1170 2970 ὑπὸ
1192 2937 1257 2969 τῶν
1277 2935 1386 2981 μειζό-
1434 2950 1437 2955 ’

382 2992 444 3012 νων
469 2993 514 3023 τῃ
541 2992 683 3025 προωσει
709 2981 771 3019 τῆς
795 2982 914 3026 ῥοπῆς.

316 3022 385 3057 Εἶτ’
417 3024 471 3057 οὖν
498 3025 646 3071 ἐγένετο,
673 3027 798 3059 τοῦτον
826 3024 1013 3071 ἀναγκαῖον
1038 3025 1196 3072 γενέσθαι
1222 3025 1282 3059 τὸν
1308 3023 1385 3069 τρό-

383 3081 459 3111 πον,
478 3069 565 3103 ὥστε
591 3069 731 3114 φανερὸν
758 3069 811 3103 ὅτι
837 3066 1051 3115 σφαιροειδής
1069 3071 1089 3107 γ’)
1106 3069 1234 3116 γένεσις
1259 3067 1382 3111 αὐτῆς,

382 3114 442 3145 εἴτ’
467 3114 632 3161 ἀγένητος
660 3113 712 3148 olet
739 3114 899 3158 μένουσα,
927 3115 988 3148 τᾶν
1015 3115 1121 3149 αὐτὸν
1146 3114 1271 3159 τρόπον
1295 3113 1383 3160 ἔχειν

385 3157 483 3199 ὅνπερ
515 3158 577 3191 κᾶν
603 3159 631 3190 εὶ
655 3160 835 3215 γιγνομένη
869 3160 910 3193 τὸ
935 3160 1070 3204 πρῶτον
1097 3160 1111 3192 ἒ
1139 3160 1246 3192 ε’νετο.
1281 3159 1386 3192 Κατά

385 3202 509 3235 τοῦτόν
536 3215 573 3235 τε
599 3199 640 3240 δή
667 3216 727 3236 τον
751 3204 853 3251 λόγον
881 3202 1068 3251 ἀναγκαῖον
1093 3217 1106 3237 ε
1124 3217 1178 3237 ναι
1204 3203 1245 3237 τὸ
1263 3205 1382 3249 σχῆμα

385 3242 589 3291 σφαιροειδὲς
617 3247 744 3289 αὗτῆς,

373 3340 520 3368 SYNOP51S.
543 3356 580 3362 —
607 3351 630 3369 1.
652 3342 862 3378 Argumentum
885 3350 913 3371 et
934 3343 1036 3372 divisio
1058 3350 1159 3372 textus.
1174 3361 1193 3365 -
1208 3351 1234 3372 2.
1257 3345 1383 3372 Necesse

321 3383 363 3406 est
377 3384 485 3406 terram
501 3381 606 3408 habere
621 3382 802 3418 sphaericam
811 3383 957 3421 figuram.
973 3383 1124 3419 Quaelibet
1143 3383 1220 3412 enim
1236 3393 1302 3420 pars
1322 3384 1383 3412 eius

321 3417 359 3445 ad
380 3418 507 3446 medium
528 3420 633 3455 tendit,
656 3421 761 3449 minori
783 3431 799 3449 a
821 3422 923 3450 maiori
946 3424 1080 3459 depulsa,
1103 3423 1344 3461 inferioribusque
1366 3434 1383 3452 a

322 3457 514 3492 superioribus
534 3459 661 3496 undique
682 3461 838 3497 aequaliter
859 3463 1040 3499 compressis.
1056 3480 1075 3485 -
1092 3462 1117 3492 3.
1135 3465 1214 3492 Haec
1235 3464 1308 3492 ratio
1330 3463 1383 3492 dif-

322 3496 375 3540 fert
395 3505 412 3524 a
433 3497 542 3525 ratione
563 3500 598 3526 ab
620 3499 761 3536 aliquibus
783 3502 959 3530 naturalibus
985 3503 1143 3540 assignata,
1173 3503 1202 3532 in
1225 3505 1280 3532 hoc
1302 3505 1383 3541 quod

323 3536 351 3580 ὴ)
373 3545 491 3580 causam
512 3544 606 3566 motus
627 3539 750 3574 partium
772 3541 808 3568 ad
831 3541 957 3569 medium
980 3550 1093 3578 ponunt
1112 3543 1278 3572 violentiam
1300 3553 1382 3581 gyra-

322 3581 409 3603 tioms
424 3576 503 3620 caeli,
525 3586 578 3604 nos
594 3584 689 3605 autem
711 3579 875 3615 gravitatem
896 3581 986 3617 ipsam
1003 3583 1161 3611 naturalem
1178 3583 1311 3620 partium,
1334 3593 1382 3612 eas

323 3615 360 3642 ad
381 3615 509 3643 medium
530 3615 722 3645 inclinantem.
745 3618 774 3646 Si
795 3628 863 3656 ergo
885 3629 1028 3656 ponamus
1051 3623 1130 3658 quod
1151 3629 1226 3651 terra
1247 3624 1282 3651 sit
1296 3633 1382 3660 gene-

1435 844 1452 862 *
1468 843 1619 884 Figuram
1635 851 1743 874 autem
1760 844 1874 875 habere
1891 845 2087 885 sphaericam
2103 846 2317 877 necessarium
2332 853 2380 877 est
2394 846 2509 887 ipsam.

1504 888 1724 929 Unaquaeque
1739 889 1826 919 enim
1841 890 2067 929 particularum
2083 890 2268 930 gravitatem
2280 891 2375 922 habet
2391 892 2432 921 ad
2444 901 2511 922 me-

1504 933 1612 963 dium:
1637 939 1668 963 et
1685 932 1791 963 minor
1806 943 1824 963 a
1839 933 1954 964 maiori
1973 934 2066 975 pulsa
2081 945 2148 965 non
2163 942 2270 976 potest
2287 935 2510 974 intumescere,

1504 978 1559 1007 sed
1576 977 1745 1017 comprimi
1770 977 1881 1017 magis,
1907 985 1938 1009 et
1960 979 2137 1010 consentire
2161 980 2292 1011 alteram
2313 980 2412 1019 alteri,
2429 990 2510 1022 quo-

1504 1031 1606 1062 usque
1630 1021 1742 1062 u'tique
1766 1022 1894 1052 veniant
1917 1023 1958 1052 ad
1981 1023 2136 1054 medium.
2259 1026 2263 1029 '

1437 1066 1575 1107 Oportet
1603 1073 1710 1096 autem
1742 1066 1916 1106 intelligere
1947 1067 2037 1108 quod
2067 1067 2202 1106 dicitur,
2233 1069 2511 1109 quemadmodum

1505 1111 1615 1152 utique
1639 1110 1664 1141 si
1689 1110 1769 1141 facta
1801 1111 1980 1142 secundum
2009 1112 2146 1142 modum
2169 1122 2268 1153 quem
2292 1120 2325 1143 et
2345 1113 2511 1154 physiolo-

1504 1165 1620 1195 gorum
1641 1155 1752 1186 dicunt
1775 1155 1874 1196 aliqui
1898 1155 2019 1186 factum
2037 1166 2116 1187 esse.
2141 1157 2359 1188 Veruntamen
2379 1158 2424 1188 illi
2440 1158 2511 1199 qui-

1506 1201 1579 1230 dem
1610 1200 1796 1231 violentiam
1834 1210 1963 1230 causam
1991 1207 2119 1241 ponunt
2149 1201 2217 1232 eius
2245 1211 2328 1243 quae
2358 1202 2511 1233 deorsum

1505 1244 1647 1275 lationis:
1672 1245 1786 1275 melius
1814 1251 1923 1275 autem
1954 1255 2073 1285 ponere
2097 1255 2230 1284 verum,
2262 1253 2293 1277 et
2323 1246 2425 1277 dicere
2447 1246 2511 1278 hoc

2537 857 2547 866 ·
2562 856 2617 885 Seq.
2633 862 2684 885 eap.
2702 862 2752 880 xxv.

2538 883 2606 905 Text.
2621 889 2670 911 1⁰4-

1506 1289 1644 1319 accidere
1668 1296 1798 1330 propter
1821 1290 1998 1320 secundum
2027 1296 2173 1320 naturam
2201 1290 2316 1320 habere
2347 1289 2420 1321 ferri
2443 1300 2511 1333 gra·
2560 1286 2561 1290 ¹

1505 1334 1635 1364 vitatem
1659 1334 1777 1364 habens
1794 1335 1834 1364 ad
1850 1333 2003 1364 medium.
2030 1335 2065 1364 In
2089 1334 2231 1374 potentia
2249 1333 2346 1375 igitur
2361 1334 2511 1366 existente

1506 1378 1603 1418 gravi,
1629 1378 1803 1418 disgregata
1827 1378 2007 1409 ferebantur
2031 1379 2173 1410 similiter
2192 1389 2230 1410 ex
2245 1378 2336 1409 omni
2359 1386 2447 1420 parte
2470 1380 2511 1410 ad

1506 1422 1661 1453 medium.

1439 1467 1511 1498 Sive
1534 1468 1629 1508 igitur
1653 1467 1796 1498 similiter
1819 1468 1858 1497 ab
1882 1468 2027 1498 extremis
2051 1468 2169 1499 divisae
2193 1475 2296 1509 partes
2320 1467 2512 1501 conveniant

1506 1512 1545 1542 ad
1565 1511 1719 1550 medium,
1739 1512 1803 1542 sive
1818 1512 1907 1542 aliter
1925 1522 1958 1542 se
1973 1512 2120 1550 habeant,
2137 1512 2251 1544 facient
2265 1512 2362 1544 idem.
2378 1512 2395 1532 *
2411 1513 2518 1551 Quod=

1505 1557 1637 1597 quidem
1664 1556 1759 1596 igitur
1789 1556 1932 1587 similiter
1963 1557 2190 1598 undecumque
2220 1557 2259 1588 ab
2289 1557 2435 1588 extremis
2464 1557 2510 1588 la-

1505 1608 1575 1632 tum
1600 1601 1639 1631 ad
1663 1601 1827 1638 medium,
1859 1601 2071 1631 necessarium
2101 1601 2238 1632 similem
2269 1601 2335 1632 fieri
2367 1601 2511 1643 undique

1505 1646 1642 1683 molem,
1667 1645 1890 1676 manifestum:
1916 1646 2040 1686 aequali
2064 1646 2149 1676 enim
2174 1646 2317 1687 undique
2349 1647 2510 1687 apposito,

1505 1690 1678 1731 aequaliter
1701 1700 1827 1720 necesse
1852 1697 1898 1721 est
1921 1690 2034 1721 distare
2051 1701 2068 1720 a
2085 1691 2192 1721 medio
2216 1698 2409 1729 extremum;
2433 1691 2511 1722 haec

1505 1742 1613 1766 autem
1637 1734 1738 1774 figura
1761 1735 1893 1775 sphaera
1916 1741 1972 1765 est.
1998 1735 2085 1765 Nihil
2108 1743 2216 1766 autem
2239 1735 2342 1766 differt
2361 1736 2401 1766 ad
2415 1735 2510 1766 ratio-

1506 1789 1581 1810 nem
1610 1789 1714 1820 neque
1744 1779 1770 1809 si
1801 1789 1867 1809 non
1898 1789 1934 1809 ex
1959 1779 2048 1809 omni
2072 1786 2160 1820 parte
2190 1779 2332 1810 similiter
2362 1779 2511 1811 conveni-

1505 1831 1574 1854 rent
1596 1824 1636 1853 ad
1662 1823 1804 1854 medium
1826 1830 1929 1864 partes
1950 1823 2065 1864 ipsius:
2089 1825 2162 1864 plus
2178 1824 2264 1854 enim
2281 1834 2406 1864 semper
2421 1825 2512 1866 quod

1505 1878 1579 1908 prae
1603 1868 1674 1908 ipso
1697 1867 1804 1898 minus
1828 1868 2004 1908 propellere
2028 1868 2239 1900 necessarium
2263 1879 2365 1909 usque
2389 1869 2430 1899 ad
2445 1878 2511 1900 me·

1506 1912 1615 1948 diurn,
1640 1912 1880 1943 inclinationem
1904 1913 2092 1943 habentibus
2119 1913 2296 1952 ambobus,
2321 1920 2352 1943 et
2374 1913 2511 1953 graviori

1506 1957 1704 1997 propellente
1729 1967 1831 1998 usque
1856 1957 1895 1987 ad
1919 1957 1981 1988 hoc
2005 1957 2112 1988 minus
2135 1967 2240 1998 grave.

1437 2045 1454 2063 *
1469 2045 1568 2082 Quod
1591 2045 1676 2076 enim
1701 2045 1810 2086 utique
1830 2045 1902 2086 quis
1919 2045 2085 2084 dubitabit,
2102 2047 2236 2077 eandem
2251 2046 2346 2078 habet
2362 2046 2410 2078 his
2425 2046 2511 2078 solu-

1505 2089 1636 2121 tionem.
1662 2089 1694 2121 Si
1719 2090 1820 2127 enim,
1846 2090 1995 2121 existente
2012 2090 2044 2121 in
2061 2091 2168 2122 medio
2186 2098 2217 2122 et
2233 2091 2395 2132 sphaerica
2417 2098 2511 2131 terra,

1506 2135 1610 2164 multo
1628 2134 1731 2164 maior
1747 2134 1882 2175 gravitas
1906 2142 2087 2176 apponatur
2102 2136 2142 2166 ad
2159 2135 2294 2167 alterum
2310 2135 2511 2177 hemisphae-

1506 2179 1612 2216 rium,
1643 2188 1709 2208 non
1733 2179 1819 2209 idem
1843 2180 1900 2210 erit
1924 2180 2067 2210 medium
2091 2180 2191 2211 totius
2215 2187 2246 2211 et
2269 2187 2377 2212 terrae.
2403 2181 2510 2219 Quare

1504 2230 1560 2253 aut
1583 2233 1649 2254 non
1673 2231 1780 2254 manet
1803 2224 1836 2254 in
1859 2224 1978 2261 medio,
1994 2232 2050 2256 aut
2065 2225 2091 2255 si
2107 2225 2237 2266 quidem
2260 2225 2512 2266 quiescentium

1505 2277 1571 2297 non
1588 2267 1732 2299 medium
1747 2268 1877 2306 habens,
1898 2269 1975 2309 [aut]
1991 2276 2064 2300 nata
2076 2277 2123 2300 est
2139 2270 2261 2300 moveri
2276 2280 2372 2301 nunc.
2383 2270 2401 2289 *
2412 2269 2512 2308 Quod

1505 2312 1638 2353 quidem
1660 2312 1756 2353 igitur
1779 2313 1952 2352 dubitatur,
1976 2314 2039 2345 hoc
2063 2322 2119 2345 est.

1437 2402 1553 2434 Videre
1572 2409 1680 2434 autem
1699 2413 1766 2434 non
1783 2410 1831 2434 est
1850 2403 1975 2434 difficile
1998 2403 2166 2434 modicum
2189 2403 2398 2441 intendentes,
2415 2409 2447 2434 et
2465 2403 2511 2434 di·

1505 2447 1647 2478 videntes
1677 2447 1811 2488 qualiter
1835 2447 2056 2487 dignificamus
2087 2456 2327 2489 quamcumque
2351 2447 2510 2488 magnitu-

1505 2491 1615 2522 dinem
1638 2491 1710 2522 ferri
1735 2492 1774 2522 ad
1804 2492 1948 2523 medium
1976 2492 2160 2532 gravitatem
2188 2492 2368 2523 habentem.
2400 2491 2510 2523 Palam

1506 2536 1591 2566 enim
1615 2536 1706 2576 quod
1730 2546 1796 2566 non
1820 2546 1991 2577 usquequo
2014 2543 2123 2576 tangat
2144 2538 2290 2567 centrum
2314 2543 2508 2567 extremum:

1506 2580 1561 2610 sed
1578 2587 1705 2620 oportet
1728 2581 1906 2620 praevalere
1930 2581 2020 2621 quod
2043 2581 2134 2621 plus,
2159 2581 2262 2612 donec
2278 2581 2388 2623 utique
2404 2587 2513 2612 sumat

1506 2624 1555 2655 sui
1579 2625 1679 2664 ipsius
1703 2625 1809 2655 medio
1834 2625 1995 2656 medium:
2026 2635 2128 2666 usque
2157 2626 2197 2656 ad
2221 2625 2283 2656 hoc
2307 2625 2393 2656 enim
2416 2625 2512 2656 habet

1506 2668 1757 2700 inclinationem.
1786 2669 1873 2700 Nihil
1903 2669 1998 2710 igitur
2027 2669 2130 2701 differt
2154 2669 2216 2700 hoc
2250 2669 2351 2700 dicere
2375 2669 2406 2700 in
2431 2670 2510 2700 bolo

1507 2721 1538 2744 et
1554 2721 1641 2754 parte
1658 2714 1872 2754 contingente,
1895 2721 1950 2745 aut
1973 2714 2005 2744 in
2030 2722 2096 2745 tota
2120 2721 2218 2745 terra:
2243 2724 2309 2745 non
2333 2714 2419 2745 enim
2435 2724 2510 2755 pro-

1507 2765 1576 2799 pter
1597 2759 1782 2799 parvitatem
1806 2766 1862 2790 aut
1882 2759 2135 2799 magnitudinem
2153 2759 2274 2790 dictum
2291 2765 2337 2790 est
2353 2758 2510 2797 accidens,

1506 2803 1560 2833 sed
1577 2803 1615 2833 de
1632 2803 1722 2833 omni
1746 2803 1985 2834 inclinationem
2001 2804 2136 2834 habente
2153 2804 2191 2834 ad
2209 2804 2362 2834 medium.
2389 2803 2509 2844 ltaque,

1507 2847 1571 2878 sive
1587 2854 1653 2878 tota
1677 2848 1715 2878 ab
1733 2848 1839 2888 aliqua
1862 2855 1949 2888 parte
1974 2848 2141 2886 ferebatur,
2165 2849 2230 2879 sive
2246 2848 2423 2879 secundum
2440 2857 2510 2888 par-

1506 2899 1589 2929 tem,
1610 2892 1821 2923 necessarium
1853 2902 1955 2934 usque
1985 2893 2024 2923 ad
2053 2893 2115 2924 hoc
2139 2892 2229 2931 ferri,
2263 2893 2365 2923 donec
2397 2891 2510 2934 utique

1507 2937 1734 2978 undecumque
1756 2937 1899 2968 similiter
1922 2944 2028 2967 sumat
2056 2937 2218 2974 medium,
2242 2937 2425 2978 adaequatis
2450 2936 2510 2968 mi-

1506 2981 1637 3012 noribus
1661 2992 1678 3012 a
1702 2981 1876 3012 maioribus
1892 2981 2102 3022 propulsione
2116 2981 2340 3013 inclinationis.

1438 3022 1454 3040 *
1470 3025 1541 3056 Sive
1565 3026 1660 3066 igitur
1684 3026 1764 3056 facta
1788 3033 1850 3063 est,
1874 3026 1937 3056 hoc
1954 3026 2165 3056 necessarium
2190 3026 2304 3057 factam
2326 3036 2393 3057 esse
2409 3026 2510 3057 modo

1505 3068 1618 3112 (quare
1649 3070 1854 3101 manifestum
1884 3070 1959 3113 quia
1991 3070 2152 3110 sphaerica
2180 3070 2341 3111 generatio
2369 3068 2508 3113 ipsius):

1505 3114 1570 3145 sive
1593 3115 1732 3155 ingenita
1755 3125 1880 3155 semper
1899 3125 2042 3152 manens,
2067 3115 2182 3146 eodem
2202 3115 2301 3146 modo
2324 3115 2420 3146 habet
2441 3124 2509 3156 quo

1505 3166 1536 3190 et
1559 3159 1663 3199 genita
1683 3159 1794 3200 utique
1816 3159 1954 3199 primum
1978 3159 2058 3190 facta
2076 3166 2132 3190 est.
2151 3159 2334 3190 Secundum
2355 3159 2436 3191 hanc
2451 3158 2509 3191 ita-

1506 3213 1568 3244 que
1590 3205 1745 3235 rationem
1770 3204 1981 3235 necessarium
2006 3211 2052 3235 est
2071 3214 2137 3234 esse
2154 3203 2289 3245 figuram
2313 3203 2510 3244 sphaericam

1505 3258 1614 3288 ipsms.

1438 3350 1499 3373 rata
1521 3345 1556 3372 de
1571 3353 1658 3379 novo,
1681 3351 1775 3381 partes
1797 3345 1858 3373 eius
1879 3345 2034 3382 dispersae,
2057 3345 2086 3373 in
2107 3351 2173 3373 actu
2194 3353 2304 3382 graves,
2326 3344 2363 3372 ad
2379 3343 2508 3372 medium

1437 3394 1470 3412 ex
1483 3384 1563 3412 omni
1576 3391 1655 3421 parte
1668 3384 1793 3413 ferentur
1804 3384 1942 3420 similiter,
1955 3392 1982 3413 et
1994 3385 2146 3422 sphaeram
2156 3383 2369 3414 constituent.-
2379 3393 2407 3419 4.
2422 3383 2510 3412 Obie-

1437 3424 1493 3452 ctio
1511 3425 1621 3462 prima.
1638 3425 1669 3452 ln
1685 3424 1746 3461 ipsa
1761 3425 1862 3453 mundi
1877 3425 2063 3462 generatione
2081 3424 2248 3462 contingere
2266 3423 2359 3461 potuit
2374 3424 2454 3461 quod
2470 3423 2508 3452 ad

1437 3474 1526 3493 unam
1544 3471 1655 3501 partem
1677 3465 1834 3502 superioris
1856 3465 1912 3494 loci
1931 3465 2064 3494 inventae
2079 3465 2183 3494 fuerint
2198 3465 2293 3502 plures
2307 3470 2402 3501 partes
2416 3470 2508 3492 terrae

1437 3514 1525 3541 quam
1547 3506 1583 3533 ad
1608 3504 1710 3539 aliam;
1737 3512 1764 3533 et
1788 3505 1826 3533 ita
1848 3505 1943 3542 plures
1966 3512 2059 3542 partes
2080 3511 2250 3542 aggregatae
2271 3510 2338 3532 sunt
2359 3504 2397 3532 ad
2418 3511 2507 3531 unam

1437 3551 1547 3581 partem
1559 3551 1659 3579 terrae,
1671 3551 1773 3573 contra
1787 3545 1928 3573 rationem
1941 3546 2114 3582 sphaerae.-
2123 3545 2149 3573 5.
2164 3544 2333 3582 Responsio.
2347 3545 2413 3571 Non
2423 3542 2508 3570 refert

1437 3591 1534 3612 utrum
1550 3594 1640 3613 necne
1656 3592 1751 3621 partes
1766 3585 1844 3621 prius
1859 3585 2037 3622 disgregatae
2048 3583 2221 3613 conveniant
2235 3584 2272 3612 ad
2284 3582 2412 3612 medium
2427 3581 2507 3610 simi-

2535 1517 2546 1528 ·
2561 1515 2631 1539 Text.
2645 1521 2694 1544 ¹05·

2540 2054 2550 2065 ·
2563 2054 2633 2078 Ten.
2646 2054 2701 2078 ωδ.

2539 2279 2553 2289 “
2563 2277 2632 2300 Teu.
2649 2283 2701 2306 ¹⁰7·

2535 3034 2549 3047 ⁸
2562 3033 2631 3056 Tm.
2647 3034 2704 3057 ποῦ-

1437 3624 1500 3652 liter
1514 3631 1541 3652 et
1555 3625 1721 3661 aequaliter.
1743 3624 1773 3653 Si
1789 3625 1906 3662 quidem
1922 3624 2080 3662 aequaliter
2094 3633 2198 3652 omnes
2220 3622 2401 3657 conveniant,
2416 3628 2508 3650 extre·
2556 3629 2559 3631 ·
