2704 4108
33 392 42 401 ⁸
57 392 81 412 el
93 396 140 412 om.
157 395 180 411 Α.

33 873 43 882 α

58 871 83 893 S.
92 870 137 892 Th.
152 870 203 891 lect.
213 876 241 895 x:

33 897 85 919 Did.
93 898 133 919 lib.
141 896 181 923 VI,
190 902 210 918 c.
218 903 240 923 x,

32 931 55 945 n.
70 930 84 952 9
98 930 148 952 sqq.

31 1034 43 1045 ⁸
56 1033 169 1061 simplicia
187 1033 239 1054 add.

32 1067 53 1082 r.

125 1404 141 1429 Υ

27 1452 37 1461 ·
52 1451 123 1472 etiam
137 1457 184 1473 om.
195 1457 236 1472 co-

27 1478 98 1500 dices.

270 264 291 289 2
973 248 1044 285 DE
1075 245 1250 284 CAELO
1281 244 1351 282 ET
1380 241 1575 281 MUNDO
1606 241 1700 278 LIB.
1733 241 1746 276 Ι

270 331 586 381 qualescumque,
617 329 684 367 sed
711 336 837 378 partes
867 340 965 377 quae
1002 334 1088 364 sunt
1121 324 1333 362 secundum

270 384 467 422 materiam
487 392 523 421 et
543 385 562 405 πε
596 396 695 432 quae
719 390 805 420 sunt
827 380 1027 426 individui3
1053 379 1148 416 sicut
1166 377 1331 435 semicir-

272 439 390 486 culus,
402 438 439 475 in
451 437 555 475 cuius
571 436 790 475 definitione
805 435 959 485 ponitur
974 433 1133 470 circulus
1144 433 1215 478 (est
1231 442 1330 467 enim

271 491 528 528 semicirculus
541 490 560 520 β
579 490 701 527 media
714 501 809 538 pars
823 488 980 534 circulz),
1007 493 1042 522 et
1056 492 1187 521 acutus
1212 495 1328 542 angu-

270 545 340 592 lus,
367 545 404 581 in
434 544 539 581 cuius
568 543 788 581 definitione
807 541 960 591 ponitur
987 546 1108 575 rectus
1133 539 1330 595 (est-enim

271 605 402 635 acutus
421 598 579 646 angulus
598 597 723 633 minor
741 597 866 641 recto).
882 592 1029 630 Accidit
1042 598 1171 627 autem
1191 590 1330 626 circulo

271 659 306 688 et
333 659 435 688 recto
464 651 601 699 angulo
630 650 683 686 sic
711 648 842 686 dividi:
873 646 972 683 unde
1000 643 1220 681 huiusmodi
1250 655 1330 680 non

271 711 357 741 sunt
383 711 508 753 partes
537 703 682 752 speciei.
705 699 934 738 Huiusmodi
956 698 1060 735 enim
1088 705 1215 747 partes
1244 703 1332 734 sunt

269 757 414 806 priores
441 757 479 794 in
499 755 796 794 consideratione
825 765 941 802 quam
959 759 1093 799 totum,
1116 759 1153 788 et
1179 762 1329 800 ponun-

269 818 329 847 tur
355 811 392 847 in
422 810 638 847 definitione
667 808 794 854 totius,
825 806 921 843 sicut
949 818 1082 843 carnes
1113 812 1148 842 et
1175 817 1263 841 ossa
1291 804 1330 840 in

271 864 488 901 definitione
509 861 679 908 hominis,
699 868 741 898 ut
769 860 905 897 dicitur
923 859 962 896 in
985 859 1054 896 VII
1074 859 1291 906 Metaphys.
1310 858 1329 878 ’Β

269 917 420 954 Tertius
449 924 573 953 autem
603 914 696 952 ordo
732 921 787 950 est
815 913 1027 950 secundum
1063 911 1168 961 quod
1195 923 1328 960 proce-

270 970 367 1007 ditur
386 982 407 1006 a
426 969 654 1018 simplicibus
670 968 718 1005 ad
739 966 963 1016 composita,
980 966 1205 1014 inquantum
1222 975 1326 1000 corn-

267 1023 389 1073 posita
418 1029 693 1071 cognoscuntur
710 1033 779 1070 per
799 1020 992 1069 simplicia,
1014 1019 1108 1056 sicut
1130 1030 1199 1067 per
1218 1030 1287 1054 sua
1308 1018 1327 1038 *

266 1076 459 1126 principia.
490 1076 537 1112 Et
564 1075 624 1111 hic
652 1076 745 1111 ordo
776 1081 1019 1122 comparatur
1042 1071 1151 1108 tertio
1181 1070 1325 1118 ordini,

268 1142 382 1178 quem
403 1129 562 1166 diximus
581 1127 866 1176 compositionis.
893 1127 1060 1173 Quartus
1080 1132 1208 1162 autem
1229 1124 1326 1161 ordo

268 1191 322 1220 est
354 1182 560 1219 secundum
584 1181 688 1229 quod
707 1180 933 1230 principales
952 1186 1077 1228 partes
1097 1190 1251 1215 necesse
1272 1185 1327 1214 est

265 1236 368 1284 prius
388 1235 636 1282 considerare,
666 1234 761 1271 sicut
790 1246 855 1271 cor
884 1241 919 1270 et
942 1234 1061 1281 hepar
1089 1243 1204 1281 quarn
1231 1239 1325 1268 arte-

266 1289 337 1325 rias
357 1296 392 1325 et
414 1288 646 1336 sanguinem.
673 1288 722 1324 Et
743 1287 804 1324 hic
827 1287 1136 1336 proportionatur
1158 1284 1324 1334 practico

266 1341 406 1388 ordini,
441 1341 651 1378 secundum
685 1341 789 1390 quod
817 1340 1110 1377 fundamentum
1142 1338 1245 1388 prius
1273 1338 1324 1375 ia-

266 1395 357 1437 citur
375 1400 400 1431 ⁷.

318 1449 352 1485 3.
374 1449 422 1484 Et
440 1447 501 1484 hic
519 1447 754 1497 quadruplex
774 1446 869 1484 ordo
890 1446 1150 1483 consideratur
1174 1445 1287 1482 etiam
1304 1445 1323 1466 ³¹³

263 1501 302 1538 in
329 1513 508 1550 processu
542 1501 717 1538 scientiae
755 1500 944 1537 naturalis.
972 1501 1076 1536 Nam
1103 1499 1228 1548 primo
1259 1499 1322 1535 de-

263 1554 511 1591 terminantur
539 1554 758 1591 communia
777 1561 933 1590 naturae
961 1552 999 1590 in
1022 1553 1117 1590 libro
1145 1552 1322 1601 Physico-

264 1620 370 1653 rum,
399 1608 437 1644 in
470 1620 546 1655 quo
576 1608 695 1656 agitur
728 1607 775 1645 de
807 1606 939 1644 mobili
967 1604 981 1627 ὃ
1008 1606 1231 1654 inquantum
1266 1612 1322 1641 est

233 1671 236 1672 ’
264 1661 416 1698 mobile.
446 1661 555 1698 Unde
594 1669 706 1698 restat
733 1661 771 1697 in
804 1660 882 1697 aliis
917 1659 1018 1697 libris
1051 1659 1226 1697 scientiae
1255 1670 1320 1695 na-

21 2304 32 2312 ·
39 2302 73 2324 cf.
84 2303 134 2325 lect.
141 2309 164 2330 n,
173 2309 195 2325 n.
203 2309 232 2325 ι.-

21 2331 147 2357 tanguntur
162 2335 191 2351 cr.

22 2514 32 2523 “
39 2514 111 2541 'patet
125 2520 173 2536 om.
187 2521 230 2537 rac

22 2546 98 2562 urent.

26 2620 35 2629 ·
52 2622 169 2647 corporea
182 2626 195 2641 1>
211 2624 232 2642 et

22 2645 90 2667 codd.
106 2652 155 2668 exc.
169 2653 190 2668 ε.

262 1714 388 1751 turalis
411 1714 631 1751 huiusmodi
651 1713 871 1751 communia
890 1712 1079 1762 applicare
1099 1713 1146 1750 ad
1165 1711 1319 1761 propria

263 1767 440 1804 subiecta.
472 1767 691 1804 Subiectum
719 1775 845 1804 autem
870 1774 996 1802 motus
1017 1774 1071 1802 est
1095 1765 1317 1813 magnitudo

263 1828 299 1856 et
327 1833 479 1869 corpus:
509 1820 597 1869 quia
625 1820 714 1857 nihil
742 1827 918 1856 movetur
944 1819 1014 1856 nisi
1042 1824 1234 1867 quantum.
1275 1819 1317 1855 In

263 1873 484 1922 corporibus
518 1881 644 1910 autem
674 1881 728 1910 est
755 1872 946 1910 attendere
979 1880 1052 1909 tres
1089 1871 1182 1909 alios
1217 1871 1316 1909 ordi-

261 1939 345 1964 nes:
380 1939 457 1963 uno
487 1927 639 1976 quidem
677 1926 794 1964 modo
823 1926 1032 1963 secundum
1061 1925 1164 1974 quod
1192 1932 1314 1962 toturn

261 1979 480 2017 universum
522 1992 749 2029 corporeum
791 1987 846 2016 est
885 1979 988 2028 prius
1025 1978 1062 2016 in
1101 1978 1316 2016 considera-

260 2032 362 2070 tione
400 2045 516 2081 quam
552 2041 676 2082 partes
709 2033 808 2079 eius3
843 2032 915 2070 alio
950 2032 1067 2069 modo
1102 2032 1315 2070 secundum

261 2086 365 2133 quod
384 2086 567 2135 simplicia
586 2099 746 2136 corpora
767 2086 870 2136 prius
894 2086 1179 2123 considerantur
1197 2098 1315 2135 quam

260 2139 389 2185 mixta;
418 2140 525 2177 tertio
550 2140 761 2177 secundum
781 2139 886 2188 quod
914 2139 1008 2177 inter
1031 2139 1214 2188 simplicia
1234 2151 1315 2176 cor-

258 2204 353 2240 pora
379 2193 482 2241 prius
501 2205 654 2230 necesse
684 2201 739 2230 est
767 2193 813 2231 de
832 2193 948 2242 priori
974 2193 1224 2241 considerare,
1245 2193 1315 2230 sci-

258 2245 343 2282 licet
371 2246 418 2283 de
447 2246 595 2284 caelesti
632 2259 810 2296 corpore,
839 2259 908 2296 per
934 2246 1039 2296 quod
1076 2247 1206 2284 omnia
1243 2246 1315 2284 alia

258 2298 467 2337 firmantur.
498 2301 546 2337 Et
571 2301 667 2337 haec
694 2300 762 2337 tria
795 2300 832 2337 in
865 2301 939 2337 hoc
966 2300 1060 2337 libro
1090 2308 1251 2348 aguntur
1273 2301 1312 2347 *,

258 2351 322 2399 qui
349 2353 451 2401 apud
470 2354 637 2391 Graecos
655 2353 857 2391 intitulatur
871 2354 916 2391 de
948 2353 1072 2391 Caelo.
1094 2354 1316 2391 Traduntur

258 2405 358 2442 enim
386 2405 424 2443 in
442 2406 516 2443 hoc
543 2406 638 2444 libro
667 2407 857 2455 quaedam
876 2407 1100 2456 pertinentia
1123 2407 1172 2445 ad
1191 2415 1314 2445 totum

256 2458 488 2507 universum,
509 2460 603 2497 sicut
629 2468 732 2509 patet
759 2460 797 2498 in
825 2460 949 2509 primo
979 2461 1093 2507 libr03
1124 2461 1315 2510 quaedam

257 2512 477 2560 pertinentia
509 2513 558 2550 ad
586 2526 724 2563 corpus
758 2515 934 2561 caeleste,
965 2513 1061 2550 sicut
1098 2522 1200 2563 patet
1229 2515 1248 2535 *
1278 2514 1315 2551 in

259 2565 443 2612 secundm
474 2568 663 2615 quaedam
695 2566 919 2615 pertinentia
951 2567 1000 2604 ad
1029 2567 1100 2604 alia
1133 2567 1315 2617 simplicia

260 2631 418 2668 corpora
433 2619 464 2665 *,
495 2619 589 2656 sicut
615 2627 717 2669 patet
735 2620 774 2657 in
793 2620 899 2658 tertio
929 2628 964 2657 et
983 2628 1129 2669 quartO.
1160 2622 1208 2658 Et
1227 2622 1314 2659 ideo

259 2671 524 2709 rationabiliter
551 2672 612 2709 hic
644 2673 738 2710 liber
766 2673 959 2711 ordinatur
987 2673 1133 2723 primus
1162 2683 1247 2724 post
1275 2675 1314 2712 li-

259 2725 371 2762 brum
388 2726 647 2774 Physicorum.
674 2727 722 2764 Et
739 2734 895 2776 propter
913 2727 987 2764 hoc
1015 2727 1138 2764 statim
1158 2728 1196 2765 in
1214 2728 1314 2778 prin-

260 2777 357 2827 cipio
385 2778 496 2815 huius
524 2778 606 2816 libri
633 2779 752 2827 agitur
781 2781 827 2818 de
857 2793 1040 2829 corpore,
1071 2781 1129 2818 cui
1159 2794 1314 2819 necesse

260 2840 315 2869 est
342 2832 518 2880 applicari
551 2833 680 2870 omnia
718 2846 814 2882 quae
847 2834 982 2871 tradita
1019 2842 1104 2871 sunt
1132 2834 1179 2872 de
1207 2843 1314 2873 motu

258 2884 297 2921 in
324 2884 418 2922 libro
436 2886 695 2934 Physicorum.

313 3043 338 3078 β)
357 3048 397 3069 est
414 3045 482 3070 em'm
499 3045 686 3071 semicirculus.
697 3060 716 3065 —
729 3046 779 3071 Pro
792 3047 869 3077 enim,
883 3050 971 3072 autem
987 3048 1061 3073 codd.
1075 3056 1129 3074 exc.
1143 3050 1180 3079 A;
1199 3050 1316 3076 semicir-

260 3079 333 3104 culus
351 3087 404 3105 om.
417 3081 504 3110 codd.;
523 3083 549 3105 et
567 3086 625 3106 ante
642 3085 736 3107 acutus
753 3089 807 3107 om.
822 3083 862 3107 ed.
880 3081 946 3108 1516
965 3088 990 3108 et
1009 3084 1083 3109 codd.
1097 3092 1150 3109 exc.
1165 3085 1196 3110 Α.

313 3114 340 3148 γ)
361 3115 396 3140 Et
413 3116 480 3141 hic...
494 3116 650 3141 iacitur.—P
665 3116 755 3142 habet:
770 3118 806 3143 Et
820 3118 887 3143 ordo
902 3118 944 3144 hic
957 3120 1185 3152 proportionatur
1195 3121 1317 3152 practico

261 3149 364 3179 ordini,
383 3151 428 3183 qui
439 3151 643 3184 fundamentum
658 3153 736 3184 prius
756 3153 828 3178 iacit.

315 3183 339 3219 ὃ)
359 3185 391 3210 de
410 3186 506 3211 mobili.
518 3200 538 3205 -
550 3187 582 3211 de
599 3194 709 3220 corpore
728 3189 818 3214 mobili
836 3189 869 3219 P;
889 3189 935 3214 sed
954 3198 1002 3223 per
1020 3190 1155 3215 lectionem
1171 3191 1316 3224 adoptatam

264 3227 294 3245 cx
312 3220 385 3245 codd.
404 3221 485 3253 magis
504 3222 619 3247 distincte
636 3223 736 3248 videtur
755 3224 860 3257 exprimi
879 3226 953 3256 ordo,
969 3226 1012 3258 qui
1027 3226 1052 3251 in
1066 3226 1115 3251 hoc
1135 3234 1243 3252 numero
1256 3235 1317 3252 con—

263 3255 388 3295 sideratur
400 3256 425 3280 in
437 3263 561 3288 processu
580 3257 698 3283 scientiae
716 3260 847 3285 naturalis.
861 3261 1009 3286 Secundum
1027 3262 1095 3287 enim
1108 3261 1177 3287 hunc
1191 3263 1316 3292 ordinem.

263 3298 289 3314 in
306 3290 355 3315 hoc
374 3290 438 3331 libro
458 3292 490 3316 de
510 3292 588 3317 Caelo
606 3293 691 3325 incipit
708 3295 858 3320 Aristoteles
877 3297 1004 3329 applicare
1023 3298 1055 3322 ad
1075 3305 1182 3331 corpora
1194 3303 1316 3331 tanquam

263 3326 295 3350 ad
313 3333 415 3358 propriu
433 3326 561 3358 subiecta,
579 3329 665 3353 omnia
689 3336 756 3361 quse
773 3331 947 3358 communiter
966 3333 1038 3358 dicta
1062 3337 1124 3359 sunt
1149 3334 1181 3359 de
1200 3337 1272 3359 motu
1292 3334 1317 3359 in

264 3360 329 3385 libro
348 3361 535 3395 Physicorum;
554 3368 578 3387 et
592 3363 649 3388 ideo
668 3364 753 3389 statim
767 3365 792 3389 in
806 3367 930 3400 principio
944 3367 1019 3393 huius
1035 3368 1091 3393 libri
1105 3369 1198 3403 agitur
1212 3370 1245 3395 de
1258 3377 1317 3395 cor-

259 3396 391 3437 pore-Ex
410 3396 458 3422 hoc
476 3405 537 3438 ergo
551 3403 655 3431 apparet
667 3399 737 3431 quod
751 3400 825 3425 lectio
838 3401 870 3426 de
884 3403 973 3428 mobili
987 3404 1144 3437 simpliciter,
1159 3406 1241 3438 magis
1256 3413 1317 3430 con-

264 3437 331 3463 gruit
343 3439 369 3456 in
382 3438 508 3465 praesenti
527 3434 584 3458 loco
602 3441 682 3466 quam
701 3435 774 3460 lectio
793 3436 825 3461 de
838 3444 949 3469 corpore
967 3439 1064 3465 mobili.
1084 3440 1134 3473 (Cf.
1150 3441 1207 3466 lect.
1220 3449 1237 3471 ι,
1253 3449 1278 3467 n.
1297 3449 1317 3472 ι,

263 3470 290 3491 et
308 3466 317 3491 Ι
337 3466 441 3500 thsic.
461 3468 518 3493 lect.
532 3476 553 3500 1,
572 3477 597 3493 n.
611 3469 647 3501 4.)

316 3501 339 3536 ε)
360 3502 526 3528 determinat.
538 3518 556 3522 —
568 3505 678 3529 assumit
697 3506 770 3531 codd.
786 3514 838 3531 exc.
853 3508 902 3539 sF.;
922 3509 1058 3542 legendum
1071 3511 1172 3536 videtur
1191 3511 1316 3537 determi-

264 3540 324 3567 nat,
345 3545 405 3562 nam
425 3547 438 3560 «
453 3538 522 3571 quod
542 3537 721 3574 (universum)
742 3541 774 3566 sit
791 3540 904 3573 finitum,
924 3545 992 3576 quod
1011 3546 1043 3570 sit
1066 3554 1147 3571 unum
1172 3552 1279 3578 tantum,
1294 3553 1318 3572 et

263 3572 312 3597 alia
331 3572 502 3598 huiusmodi»
523 3582 575 3599 non
592 3579 764 3601 assumuntur
783 3578 807 3601 in
826 3577 875 3602 hoc
893 3578 974 3610 libro,
993 3581 1039 3605 sed
1059 3589 1179 3614 expresse
1198 3583 1317 3608 determi-

264 3612 369 3640 nantur;
389 3608 420 3634 cf.
434 3609 491 3634 lect.
505 3616 537 3640 11,
551 3617 611 3643 sqq.
622 3624 641 3629 -
654 3610 711 3636 Lin.
726 3619 780 3645 seq.
800 3620 847 3645 pro
862 3614 933 3645 quod
947 3615 982 3639 sit
1001 3623 1089 3645 unum,
1105 3621 1130 3642 et
1144 3618 1178 3643 sit
1193 3626 1273 3644 unum
1289 3619 1317 3644 Ρ.

1440 334 1477 369 4.
1500 320 1600 367 Quia
1628 320 1738 367 igitur
1766 317 1918 356 diversa
1946 315 1985 353 in
2013 316 2089 352 hoc
2121 314 2218 352 libro
2251 314 2463 363 traduntur,

1388 374 1549 412 dubium
1578 372 1646 409 fuit
1673 371 1777 421 apud
1805 370 1983 419 antiquos
2013 368 2248 418 expositores
2281 369 2463 406 Aristote-

1387 428 1430 464 lis
1472 427 1519 464 de
1554 426 1725 463 subiecto
1764 424 1877 462 huius
1914 423 2010 460 libri.
2054 422 2274 460 Alexander
2309 423 2411 460 enim
2441 422 2463 443 ²¹⁸

1386 481 1563 530 opinatus
1592 486 1647 517 est
1675 479 1780 528 quod
1808 477 2024 515 subiectum
2060 476 2108 514 de
2137 488 2216 525 quo
2248 475 2464 525 principali-

1385 542 1442 571 ter
1461 534 1498 571 in
1517 534 1592 571 hoc
1610 533 1707 570 libro
1723 532 1856 580 agitur,
1873 531 1919 569 sit
1938 530 2065 580 ipsum
2080 529 2319 567 universum.
2339 529 2461 578 Unde,

1387 600 1475 625 curn
1514 586 1660 624 caelum
1688 585 1880 635 tripliciter
1915 584 2077 632 dicatur,
2110 583 2347 632 quandoque
2380 583 2463 632 ipsa

1385 641 1520 679 ultima
1548 641 1728 690 sphaera,
1759 639 1997 688 quandoque
2025 646 2149 675 totum
2183 649 2324 686 corpus
2354 636 2462 685 quod

1388 694 1616 732 circulariter
1653 701 1853 741 movetur,
1892 692 2127 741 quandoque
2165 699 2295 728 autem
2333 690 2460 739 ipsum

1385 749 1622 795 universum,
1645 747 1777 785 asserit
1795 747 1898 784 hunc
1914 746 2054 783 librum
2074 745 2250 782 intitulari
2267 745 2313 782 de
2332 744 2460 791 Caelo,

1386 802 1495 851 quasi
1514 803 1560 839 de
1593 802 1776 839 Universo
1795 801 1857 838 vel
1876 801 1922 837 de
1949 800 2120 837 Mundo.-
2149 799 2188 836 in
2209 798 2316 836 cuius
2341 810 2461 836 asser-

1385 857 1530 893 tionem
1559 855 1719 892 assumit
1757 854 1863 903 quod
1891 853 2150 903 Philosophus
2187 852 2226 890 in
2259 853 2334 890 hoc
2362 852 2460 890 libro

1386 909 1613 947 determinat
1631 914 1642 929 ⁸
1662 908 1854 958 quaedam
1875 909 1923 945 ad
1943 915 2066 944 totum
2095 906 2322 944 universum
2346 906 2460 955 perti-

1384 963 1526 1010 nentia,
1556 969 1649 1011 puta
1669 961 1775 1010 quod
1795 961 1842 998 sit
1860 961 2023 1009 finitum,
2045 961 2151 1010 quod
2171 960 2217 997 sit
2235 972 2358 997 unum
2378 967 2460 997 tan-

1382 1024 1476 1062 tum,
1508 1023 1544 1052 et
1572 1015 1643 1052 alia
1671 1015 1904 1052 huiusmodi.

1436 1070 1469 1106 E
1490 1068 1679 1105 contrario
1699 1075 1828 1104 autem
1847 1068 1927 1105 aliis
1945 1068 2097 1105 videtur
2115 1066 2222 1116 quod
2241 1065 2458 1103 subiectum

1383 1123 1430 1160 de
1460 1134 1538 1171 quo
1572 1120 1828 1170 principaliter
1855 1120 1894 1157 in
1923 1122 1999 1157 hoc
2026 1121 2123 1158 libro
2154 1120 2372 1167 intenditur,
2403 1126 2459 1157 est

1383 1188 1520 1225 corpus
1541 1175 1701 1212 caeleste
1717 1173 1824 1222 quod
1844 1173 2074 1210 circulariter
2092 1181 2291 1220 movetur;
2313 1181 2350 1210 et
2367 1185 2457 1222 pro-

1379 1237 1463 1279 pter
1482 1230 1557 1266 hoc
1576 1228 1782 1265 intitulatur
1809 1226 1856 1263 de
1889 1227 2014 1263 Caelo.
2038 1227 2097 1263 De
2117 1226 2198 1263 aliis
2218 1235 2348 1264 autem
2374 1239 2457 1264 cor·

1379 1283 1538 1333 poribus
1558 1281 1832 1320 determinatur
1859 1280 1897 1317 in
1924 1280 2000 1316 hoc
2028 1279 2126 1316 libro
2154 1280 2217 1316 vel
2247 1292 2293 1316 ex
2322 1292 2457 1317 conse-

1380 1337 1531 1385 quenti,
1565 1335 1792 1384 inquantum
1826 1333 2068 1382 continentur
2099 1345 2122 1370 a
2156 1333 2263 1370 caelo
2303 1340 2340 1370 et
2373 1332 2456 1371 eius

1378 1389 1616 1427 influentiam
1646 1388 1842 1438 recipiunt,
1872 1387 1968 1424 sicut
1996 1386 2228 1425 lamblichus
2253 1385 2362 1433 dixit;
2391 1387 2456 1424 vel

1377 1456 1446 1493 per
1465 1443 1653 1489 accidens,
1670 1442 1896 1492 inquantum
1917 1440 2080 1478 aliorum
2097 1452 2303 1490 corporum
2323 1439 2456 1478 notitia

1378 1497 1582 1534 assumitur
1601 1496 1650 1533 ad
1670 1494 1992 1532 manifestandum
2018 1507 2064 1531 ea
2083 1506 2183 1543 quae
2208 1493 2386 1532 dicuntur
2405 1494 2453 1532 de

1378 1551 1503 1597 caelo,
1533 1557 1575 1587 ut
1602 1549 1692 1587 dixit
1721 1548 1915 1598 Syrianus.
1937 1569 1961 1576 -
1983 1547 2062 1586 Sed
2090 1548 2165 1585 hoc
2194 1560 2273 1585 non
2301 1547 2455 1586 videtur

1374 1603 1590 1653 probabile:
1612 1603 1700 1652 quia
1719 1611 1925 1652 postquam
1941 1602 2200 1651 Philosophus
2221 1605 2258 1639 in
2278 1601 2451 1640 secundo

1375 1658 1471 1695 libro
1506 1656 1773 1694 determinavit
1801 1656 1848 1693 de
1879 1656 2007 1703 cae10‚
2038 1655 2076 1692 in
2103 1655 2213 1692 tertio
2244 1663 2281 1693 et
2313 1662 2451 1704 quarto

1375 1711 1566 1759 subiungit
1600 1709 1946 1748 considerationem
1983 1709 2032 1747 de
2067 1708 2147 1746 aliis
2175 1708 2413 1759 simplicibus
2431 1709 2452 1730 ⁴*

1374 1764 1619 1813 corporibus,
1649 1763 1758 1813 quasi
1786 1763 2046 1813 principaliter
2074 1763 2122 1800 de
2152 1762 2206 1800 eis
2234 1762 2450 1800 intendens.

1372 1818 1464 1855 Non
1485 1817 1587 1854 enim
1608 1817 1807 1854 consuevit
1822 1817 2082 1866 Philosophus
2096 1815 2350 1866 principalem
2363 1828 2451 1866 par-

1372 1879 1448 1908 tem
1470 1871 1628 1908 alicuius
1657 1871 1835 1908 scientiae
1855 1870 2046 1920 assignare
2066 1870 2126 1908 his
2145 1882 2245 1920 quae
2264 1882 2335 1920 per
2352 1869 2451 1908 acei-

1372 1925 1466 1962 dens
1495 1932 1753 1962 assumuntur.

1426 1979 1476 2015 Et
1503 1978 1592 2015 ideo
1621 1978 1702 2015 aliis
1730 1977 1859 2015 visum
1889 1984 1957 2025 est,
1982 1977 2078 2015 sicut
2098 1976 2316 2027 Simplicius
2345 1976 2449 2026 dixit,

1372 2032 1480 2081 quod
1507 2031 1665 2069 intentio
1695 2031 1919 2081 Philosophi
1950 2031 1988 2068 in
2016 2031 2093 2068 hoc
2114 2030 2212 2069 libro
2242 2038 2299 2068 est
2327 2030 2449 2069 deter-

1371 2085 1519 2123 minare
1536 2085 1583 2123 de
1599 2085 1834 2135 simplicibus
1856 2084 2095 2134 corporibus,
2113 2084 2343 2134 inquantum
2358 2096 2450 2123 con·

1370 2139 1531 2177 veniunt
1558 2138 1597 2176 in
1626 2138 1825 2176 communi
1854 2138 2064 2176 intentione
2099 2137 2282 2188 simplicis
2311 2150 2448 2188 corpo-

1371 2193 1436 2230 ris:
1473 2200 1510 2230 et
1537 2192 1626 2241 quia
1654 2192 1752 2229 inter
1789 2191 1975 2241 simplicia
2006 2203 2170 2241 corpora
2204 2190 2450 2242 principalius

1371 2254 1427 2283 est
1455 2246 1616 2293 caelum,
1637 2258 1661 2282 a
1689 2258 1767 2295 quo
1796 2245 1868 2283 alia
1898 2245 2129 2295 dependent,
2155 2244 2244 2283 ideo
2275 2244 2450 2284 denomi-

1370 2308 1480 2337 natur
1513 2307 1614 2337 totus
1651 2299 1746 2337 liber
1775 2311 1797 2336 a
1826 2299 1933 2336 caelo
1954 2298 1979 2336 ζ.
2010 2300 2071 2348 Et,
2100 2299 2198 2336 sicut
2225 2298 2335 2347 dicit,
2367 2310 2449 2338 non

1371 2354 1495 2391 obstat
1514 2353 1620 2402 quod
1639 2353 1677 2390 in
1705 2354 1781 2391 hoc
1809 2353 1906 2391 libro
1927 2352 2230 2391 determinantur
2253 2351 2448 2402 quaedam

1372 2419 1471 2456 quae
1499 2406 1688 2456 pertinent
1707 2407 1757 2444 ad
1785 2414 1909 2444 totum
1929 2406 2174 2445 universum:
2199 2406 2289 2456 quia
2317 2406 2448 2445 huius·

1371 2460 1478 2498 modi
1499 2460 1736 2498 conditiones
1757 2460 1992 2498 conveniunt
2010 2460 2192 2498 universo
2218 2459 2448 2510 inquantum

1372 2514 1604 2552 conveniunt
1624 2514 1775 2552 caelesti
1804 2514 1970 2564 corpori,
1990 2514 2131 2552 scilicet
2159 2526 2244 2552 esse
2263 2513 2417 2552 finitum
2431 2519 2447 2538 “

1371 2575 1408 2605 et
1435 2568 1723 2617 sempiternum,
1745 2576 1782 2606 et
1810 2567 1883 2605 alia
1907 2568 2141 2606 huiusmodi.
2163 2567 2204 2606 Si
2233 2575 2363 2606 autem
2391 2567 2448 2606 in-

1370 2621 1486 2659 tentio
1514 2622 1731 2672 principalis
1759 2621 1985 2672 Philosophi
2005 2629 2104 2660 esset
2123 2621 2379 2660 determinare
2399 2621 2448 2660 de

1370 2675 1562 2724 universo,
1583 2676 1663 2713 sive
1693 2677 1742 2714 de
1762 2676 1922 2724 mundo,
1945 2683 2140 2726 oporteret
2167 2675 2276 2725 quod
2303 2674 2448 2714 Aristo·

1368 2730 1472 2766 teles'
1490 2729 1837 2767 considerationem
1858 2742 1969 2767 suam
1991 2730 2212 2768 extenderet
2231 2729 2282 2767 ad
2309 2741 2448 2767 omnes

1368 2790 1494 2832 partes
1513 2783 1659 2831 mundi,
1688 2783 1801 2821 etiam
1821 2795 1944 2833 usque
1964 2781 1978 2805 ⁰
2001 2783 2051 2822 ad
2077 2784 2225 2834 plantas
2245 2790 2282 2821 et
2301 2782 2448 2821 anima-

1369 2836 1437 2883 lia,
1468 2836 1562 2874 sicut
1590 2838 1697 2875 Plato
1726 2838 1766 2875 in
1800 2838 1836 2875 T
1832 2838 2008 2875 imaeo.-
2026 2837 2104 2875 Sed
2134 2837 2271 2875 eadem
2300 2835 2447 2874 ratione

1369 2902 1575 2939 possumus
1596 2903 1753 2940 arguere
1785 2898 1917 2929 contra
1946 2890 2204 2941 Simplicium:
2230 2889 2320 2940 quia
2348 2889 2380 2927 si
2407 2889 2447 2927 in

1423 3050 1449 3084 ζ)
1474 3058 1491 3076 a
1513 3052 1594 3077 caelo.
1613 3065 1633 3071 —-
1654 3053 1724 3077 Haec
1743 3052 1820 3077 lectio
1839 3052 1862 3076 Λ
1885 3051 2026 3077 conformis
2046 3056 2086 3076 est
2110 3050 2190 3076 modo
2213 3049 2337 3084 loquendi
2362 3048 2447 3084 ipsius

1371 3086 1506 3119 Simplicii:
1529 3097 1541 3109 α
1559 3087 1667 3112 Intentio
1686 3088 1793 3121 quidem
1811 3088 1889 3121 igitur
1908 3087 1956 3112 ista
1974 3087 2066 3120 utique
2084 3087 2132 3112 erit
2156 3086 2284 3120 propositi
2303 3084 2412 3119 negotii.
2431 3093 2447 3111 ι

1370 3122 1585 3155 principalissimo
1605 3124 1675 3156 quod
1696 3124 1721 3148 in
1741 3123 1814 3157 ipso,
1837 3127 1863 3148 et
1886 3130 1901 3148 ιι
1924 3130 1978 3156 quo
1998 3123 2099 3156 reliqua
2119 3122 2280 3155 dependent.
2300 3120 2447 3182 ίιιιεήεῧοι-

1371 3165 1430 3182 nem
1450 3158 1548 3183 habens
1564 3168 1578 3182 ι
1607 3159 1800 3184 Commentaria
1814 3159 1839 3184 in
1859 3163 1972 3192 quatuor
1991 3158 2071 3183 libros
2091 3158 2125 3184 de
2142 3159 2222 3184 CaeIo
2235 3158 2353 3187 Aristot..
2434 3169 2446 3176 -

1371 3193 1450 3218 lelmo
1464 3194 1581 3219 Morbeto
1609 3195 1641 3220 de
1655 3194 1791 3229 Morbeka)
1806 3195 1954 3227 interprete.
1966 3194 2031 3219 Ven.
2045 3193 2120 3227 ¹540.
2130 3208 2148 3213 -
2163 3191 2307 3228 Prooem.).
2322 3192 2342 3218 Ρ
2356 3196 2382 3218 et
2395 3197 2446 3218 eet.

1371 3229 1445 3254 codd.
1465 3230 1553 3261 legunt
1572 3230 1604 3255 de
1622 3231 1703 3261 caelo,
1723 3231 1799 3264 quasi
1817 3230 1937 3256 videlicet
1955 3238 1971 3256 a
1989 3230 2162 3264 principaliori
2181 3234 2255 3263 perte
2273 3227 2314 3254 eui
2333 3227 2444 3254 subtecti

1371 3264 1468 3289 dicatur
1483 3265 1546 3290 liber
1565 3266 1612 3291 iste
1630 3273 1686 3292 esse
1700 3267 1734 3292 de
1747 3267 1829 3292 caelo.
1849 3266 1900 3291 Sed
1915 3266 1938 3291 si
1951 3274 1973 3291 s.
1986 3265 2037 3292 Th.
2056 3266 2140 3292 voluit
2157 3264 2246 3290 hocin
2261 3263 2341 3289 modo
2360 3262 2445 3297 expri-

1371 3307 1442 3325 mere
1457 3301 1609 3327 sententiam
1625 3309 1709 3333 suam,
1725 3310 1778 3327 non
1792 3307 1899 3335 apparet
1910 3302 1976 3327 ratio
1989 3309 2071 3336 quare
2086 3309 2139 3327 non
2152 3299 2297 3326 adhibuerit
2311 3299 2389 3325 etiarn
2403 3298 2446 3325 hic

1370 3335 1525 3361 vocabulum
1546 3337 1706 3368 intitulatur,
1727 3346 1780 3371 quo
1799 3346 1878 3372 supra
1897 3342 1950 3363 tam
1964 3338 1990 3363 in
2004 3337 2054 3363 hoc
2073 3343 2184 3363 numero
2203 3343 2283 3369 quam
2298 3335 2324 3360 in
2338 3342 2444 3368 praec&

1371 3371 1440 3396 denti
1454 3379 1557 3404 semper
1567 3381 1630 3398 usus
1641 3379 1689 3404 est,
1703 3379 1728 3399 et
1739 3374 1810 3407 quod
1825 3374 1955 3399 videretur
1969 3374 2047 3399 edam
2060 3373 2144 3406 magis
2154 3379 2215 3397 esse
2224 3372 2257 3397 ad
2270 3370 2445 3404 propositum.

1424 3406 1451 3440 η)
1470 3414 1525 3433 esse
1536 3409 1656 3441 finitum.
1674 3423 1693 3429 —
1712 3416 1768 3435 esse
1787 3410 1921 3443 infinitum
1941 3409 1960 3435 Ρ
1974 3414 2000 3434 et
2013 3409 2089 3434 codd.
2105 3415 2160 3434 exc.
2175 3407 2234 3439 Βῆ
2254 3406 2286 3433 cs.
2301 3407 2397 3432 lineam
2413 3405 2444 3432 13

1371 3441 1447 3467 huius
1466 3451 1551 3474 num.‚
1571 3450 1596 3469 et
1615 3445 1727 3475 lect.1x,
1747 3453 1806 3479 sqq.
1826 3445 1921 3471 Posset
1943 3445 2000 3470 sine
2025 3451 2113 3470 errore
2138 3443 2189 3477 legi
2214 3450 2270 3469 esse
2294 3443 2445 3477 infinitum,

1372 3478 1514 3503 dummodo
1538 3480 1693 3513 intelligatur
1712 3481 1744 3506 de
1763 3481 1978 3512 determinatione
1997 3479 2160 3513 dispumtiva,
2180 3487 2232 3504 non
2253 3478 2392 3510 assertivn;
2412 3477 2445 3504 cf.

1371 3514 1474 3539 ultimas
1494 3515 1573 3540 lineas
1593 3516 1650 3541 lect.
1666 3524 1682 3541 1.

1424 3547 1448 3583 Θ)
1473 3550 1552 3575 etiam
1579 3558 1668 3584 usque.
1687 3566 1705 3570 —
1725 3556 1750 3578 et
1774 3560 1855 3585 usque
1875 3553 1935 3583 PG,
1961 3558 2042 3585 usque
2060 3551 2091 3577 Ε.
2110 3564 2129 3571 ·-
2146 3551 2226 3576 Linea
2251 3549 2371 3584 sequenti
2396 3556 2445 3583 pro

1373 3584 1426 3609 Sed
1444 3586 1550 3646 eagem,
1571 3587 1626 3612 Sed
1644 3590 1670 3612 et
1688 3588 1779 3613 eadem
1800 3588 1903 3614 codices
1926 3588 2040 3622 exceptis
2060 3588 2119 3618 ΒΗ;
2139 3595 2187 3621 pro
2202 3593 2360 3620 possumus,
2379 3592 2445 3619 pos-

1371 3627 1458 3646 semus
1497 3638 1504 3646 .

2493 423 2502 432 ·
2517 428 2619 451 namque
2631 429 2654 445 ι’.
