2782 4134
1119 272 1231 309 CAP.
1261 272 1309 319 11,
1340 271 1492 308 LECT.
1521 271 1557 308 v

246 352 332 381 simul
352 351 383 379 in
403 349 550 387 potentia,
571 355 670 386 posset
690 349 778 377 etiam
799 357 860 377 esse
882 349 967 377 simul
980 349 1011 376 in
1032 355 1108 377 actu.
1130 349 1207 384 Quia
1227 359 1310 386 ergo,

246 398 278 420 ut
298 397 448 420 ostensum
470 396 512 418 est
532 389 563 417 in
589 398 684 425 praec.
709 389 772 416 lect.
785 410 792 423 ,
816 397 877 415 non
899 394 941 416 est
961 388 1098 424 possibile
1120 398 1225 425 corpus
1251 398 1313 417 esse

246 430 332 459 simul
353 429 383 458 in
403 435 470 458 actu
491 428 614 458 omnino
635 427 768 462 divisum,
783 427 922 455 inferebat
943 428 1025 464 quod
1040 427 1217 463 impossibile
1239 425 1313 456 esset

246 470 333 500 etiam
354 478 416 498 esse
437 469 524 498 simul
543 467 670 497 totaliter
690 466 831 495 divisibile
852 467 882 494 in
903 467 1040 503 potentia.
1055 468 1099 494 Ex
1114 477 1173 504 quo
1195 469 1313 496 conclu-

246 511 333 539 debat
354 509 435 547 quod
455 509 535 537 nullo
551 508 642 537 modo
657 506 760 535 divisio
781 506 913 542 corporis
933 513 1028 542 potest
1049 507 1205 542 procedere
1226 507 1256 535 in
1270 508 1313 535 in—

247 549 370 584 finitum,
385 549 437 577 sed
457 554 573 585 oportet
593 546 728 576 devenire
753 546 790 574 ad
811 546 909 582 aliqua
938 554 1063 582 corpora
1083 545 1273 574 indivisibilia.
1295 563 1314 567 —

246 599 275 626 4.
290 589 380 624 Quod
400 588 488 617 etiam
509 588 591 617 aliter
611 589 660 624 (et
681 593 723 615 est
743 586 872 614 secunda
901 585 975 613 ratio
1001 585 1182 620 Democriti)
1203 585 1315 613 videtur

247 639 310 659 esse
330 628 534 663 necessarium,
549 636 654 664 nempe
669 626 694 655 si
713 632 860 664 generatio
882 631 910 652 et
924 624 1072 661 corruptio
1094 624 1152 652 sint
1172 633 1223 660 per
1244 634 1314 652 con-

247 668 444 707 gregationem
459 674 487 696 et
501 667 745 705 segregationem;
765 665 839 694 sicut
859 674 968 701 ponere
983 664 1107 692 debebat
1121 664 1314 699 Democritus,

247 708 297 746 qui
318 707 498 736 existimabat
511 707 619 736 formas
647 712 675 734 et
700 711 817 733 naturas
838 713 935 732 rerum
954 703 1111 732 consistere
1126 703 1156 731 in
1170 703 1316 739 positione

246 754 275 776 et
299 747 412 776 ordine.
436 747 514 782 Quia
540 756 609 784 ergo
630 755 692 774 non
719 751 763 773 est
782 744 919 781 possibile
941 743 971 771 in
990 742 1139 780 principiis
1159 744 1316 779 procedere

247 788 278 816 in
291 786 446 822 infinitum,
463 787 530 815 ideo
551 787 680 823 ponebat
700 785 798 822 aliqua
817 783 959 821 principia
979 783 1083 820 prima,
1105 791 1180 820 quae
1201 782 1315 810 dicebat

247 836 309 856 esse
329 836 455 864 corpora
468 825 660 861 indivisibilia,
679 834 714 853 ex
732 824 837 861 quibus
852 830 1064 861 congregantur
1085 830 1112 852 et
1132 822 1163 850 in
1182 831 1257 860 quae
1272 831 1316 850 se—

247 873 400 905 gregantur
427 875 551 903 corpora
577 864 727 893 naturalia.
747 881 766 885 -
789 864 815 892 5.
841 863 967 891 Solvitur
987 863 1082 900 prima
1102 862 1184 891 ratio.
1201 862 1317 890 Funda-

247 913 379 935 mentum
400 915 460 943 quo
482 906 553 934 haec
572 911 635 933 tota
655 904 729 933 ratio
751 903 859 939 nititur,
881 912 987 940 nempe
1015 903 1096 940 quod
1117 901 1210 939 possit
1230 901 1317 930 simul

247 956 310 976 esse
330 946 362 975 in
381 952 448 975 actu
469 945 612 983 quidquid
631 951 675 973 est
695 944 781 972 simul
801 943 832 971 in
859 943 1003 980 potentia,
1019 952 1080 971 non
1101 949 1144 972 est
1164 951 1263 971 verum
1285 941 1316 970 in

248 986 394 1015 omnibus.
414 986 488 1014 Sunt
508 984 587 1013 enim
610 985 764 1022 quaedam,
789 984 826 1011 de
848 992 975 1020 quorum
1005 983 1118 1011 ratione
1139 989 1182 1010 est
1203 991 1265 1010 esse
1286 981 1317 1009 in

246 1025 392 1063 potentia:
413 1026 492 1053 unde
512 1025 660 1053 tolleretur
680 1033 782 1052 eorum
812 1023 886 1051 ratio
908 1029 936 1051 et
963 1029 1083 1058 natura,
1111 1022 1135 1050 si
1159 1027 1317 1059 poneretur

246 1075 309 1094 esse
330 1065 415 1094 simul
436 1065 467 1093 in
487 1070 553 1093 actu
574 1073 662 1092 omne
683 1064 764 1101 quod
779 1063 809 1091 in
828 1063 869 1092 eis
890 1070 933 1091 est
954 1062 1040 1091 simul
1053 1062 1084 1090 in
1098 1060 1237 1099 potentia.
1252 1062 1317 1089 Hoc

243 1112 342 1135 autem
363 1111 405 1134 est
426 1104 611 1133 manifestum
635 1110 664 1132 et
685 1104 715 1132 in
739 1103 907 1132 successivis
930 1109 958 1131 et
978 1102 1008 1130 in
1028 1101 1274 1139 permanentibus.
1297 1117 1317 1121 -

248 1145 337 1181 Quod
367 1151 465 1174 autem
493 1144 530 1172 sit
557 1150 658 1172 contra
685 1143 828 1172 rationem
857 1142 1083 1180 magnitudinis,
1106 1148 1177 1178 puta
1204 1141 1316 1176 lineae,

247 1185 328 1223 quod
349 1184 385 1213 sit
401 1183 527 1213 totaliter
540 1183 632 1212 divisa
647 1183 678 1212 in
692 1190 767 1219 actu,
782 1189 869 1220 patet.
885 1184 960 1211 Nam
975 1181 1078 1210 divisio
1092 1181 1185 1210 lineae
1206 1181 1236 1209 in
1250 1187 1316 1208 actu

247 1233 309 1254 non
329 1230 373 1253 est
393 1224 472 1263 aliud
487 1233 582 1261 ,quam
602 1230 727 1261 punctus
741 1223 771 1251 in
785 1229 867 1252 actu:
889 1231 968 1260 ergo,
990 1221 1014 1250 si
1028 1221 1105 1250 linea
1125 1226 1200 1249 esset
1220 1219 1318 1249 totali-

394 1354 405 1365 .
435 1340 445 1347 ’·
456 1349 461 1355 ·
472 1354 486 1373 ‚-
516 1329 698 1367 raemissa
717 1329 863 1366 ratione
882 1327 1093 1366 Democriti
1106 1334 1136 1373 α,
1151 1327 1213 1364 hic
1226 1339 1315 1376 pro-

470 1384 482 1394 ‘
516 1383 616 1420 cedit
634 1382 683 1420 ad
713 1383 794 1419 eius
823 1381 1053 1419 solutionem
1072 1380 1104 1418 *.
1125 1381 1174 1417 Et
1187 1380 1314 1429 primo

456 1438 468 1482 j·
488 1473 497 1483 Γ
516 1435 670 1485 exponit
702 1436 749 1473 de
787 1447 864 1484 quo
894 1442 950 1472 est
976 1433 1156 1471 intentio:
1187 1433 1317 1470 dicens

0 1520 4 1538 ,Ι
315 1508 336 1519 ι
402 1518 405 1523 «
459 1485 497 1516 Ψ
515 1489 622 1538 quod
649 1488 876 1526 tentandum
905 1495 962 1524 est
989 1488 1139 1524 solvere
1167 1486 1318 1536 praedi-

0 1543 21 1594 ζ·
35 1548 222 1575 Μαι·
250 1550 351 1582 ctam
371 1542 647 1581 dubitationem
666 1541 698 1579 *.
719 1542 769 1578 Et
789 1540 890 1588 ideo,
910 1547 952 1577 ut
971 1540 1108 1578 melius
1136 1541 1316 1587 solvatur,

0 1598 2 1606 '
250 1603 401 1647 oportet
415 1608 438 1633 a
451 1594 636 1645 principio
657 1602 828 1644 repetere
851 1593 1134 1643 quaestionem:
1164 1601 1318 1630 ostenso

0 1637 8 1690 ὲ

108 1707 126 1742 β
249 1701 394 1741 facilius
412 1700 611 1752 apparebit
628 1700 695 1738 ubi
715 1700 853 1738 debeat
880 1700 1052 1738 adhiberi
1080 1700 1216 1737 solutio
1244 1699 1273 1737 Ρ.

303 1755 484 1793 Secundo
514 1754 583 1792 ibi:
617 1754 738 1792 Omne
765 1754 914 1802 quidem
940 1754 1058 1804 igitur
1085 1761 1169 1801 etc.,
1189 1765 1320 1802 prose—

250 1809 378 1860 quitur
405 1808 607 1846 intentum.
628 1808 678 1844 Et
706 1807 831 1856 primo
851 1806 959 1856 ponit
977 1806 997 1829 ’¹⁵
1015 1806 1231 1853 veritatem3
1262 1818 1319 1843 se-

250 1861 378 1900 cundo
406 1860 515 1912 ponit
534 1860 768 1898 obiectiones
796 1860 1007 1897 Democriti
1027 1868 1159 1897 contra
1185 1860 1322 1897 verita-

249 1923 342 1963 tem,
362 1915 432 1952 ibi:
459 1915 554 1952 Esse
580 1919 706 1951 autem
719 1919 902 1962 potestate
928 1913 1041 1951 simul
1058 1913 1079 1935 '¹‘
1098 1921 1187 1960 etc.;
1212 1913 1320 1950 tertio

251 1968 375 2015 solvit,
395 1968 465 2005 ibi:
499 1968 688 2010 Quoniam
715 1973 841 2004 autem
870 1966 958 2004 latet
983 1966 1004 1989 ²¹²
1032 1974 1101 2004 etc.

278 2030 281 2031 ’
307 2033 342 2060 2.
362 2020 461 2058 Dicit
480 2033 569 2070 ergo
589 2020 716 2070 primo
736 2019 842 2070 quod
861 2032 941 2057 non
965 2027 1022 2057 est
1048 2019 1323 2057 inconveniens

251 2074 377 2114 dicere
404 2082 611 2124 utrumque
639 2074 792 2120 horum,
813 2073 954 2110 scilicet
973 2073 1079 2123 quod
1103 2085 1219 2110 omne
1241 2085 1322 2110 cor-

251 2140 324 2180 pus
347 2127 524 2166 sensibile
543 2127 590 2165 sit
609 2126 795 2165 divisibile
815 2126 1027 2164 secundum
1047 2126 1322 2175 quodcumque

21 2192 101 2217 ιοα.
117 2193 224 2222 pneced.
252 2181 403 2231 signum
424 2180 546 2230 (quod
565 2193 681 2230 supra
694 2180 715 2203 ³⁸
730 2180 874 2218 dixerat
892 2181 1046 2217 omnino
1069 2182 1111 2227 ⁷),
1135 2180 1198 2217 vel
1218 2180 1324 2229 quod

107 2229 125 2257 Ὺ
253 2247 333 2273 non
365 2235 412 2272 sit
439 2234 636 2272 divisibile.
670 2234 846 2271 Alterum
880 2233 981 2271 enim
1018 2234 1159 2271 horum
1187 2233 1226 2270 in
1253 2246 1322 2283 po-

15 2294 157 2340 .',—m·mte
175 2303 225 2321 om·
253 2287 370 2326 tentia
390 2295 447 2324 est
470 2299 620 2334 verum,
642 2287 782 2324 scilicet
809 2287 914 2336 quod
943 2299 1082 2335 corpus
1111 2286 1285 2324 sensibile
1303 2286 1324 2308 *

58 2339 80 2349 ’”
253 2341 301 2379 sit
338 2340 522 2379 divisibile
565 2340 778 2377 secundum
820 2340 1093 2390 quodcumque
1139 2340 1289 2388 signum
1313 2352 1321 2376 :

253 2394 414 2432 alterum
441 2406 536 2432 vero
564 2395 706 2431 horum
739 2400 795 2430 est
821 2406 960 2431 verum
984 2394 1197 2430 secundum
1226 2399 1323 2430 ente-

253 2447 425 2494 lechiam,
445 2447 542 2485 idest
561 2447 774 2484 secundum
794 2454 933 2494 actum,
955 2446 1096 2484 scilicet
1114 2446 1220 2495 quod
1242 2459 1324 2483 cor-

252 2513 326 2552 pus
354 2500 530 2538 sensibile
559 2513 639 2537 non
666 2500 712 2537 sit
740 2499 926 2538 divisibile
961 2500 1175 2538 secundum
1204 2499 1325 2549 quod-

255 2566 422 2604 cumque
451 2553 601 2603 signum
631 2553 668 2590 in
698 2561 796 2591 actu.
1151 2599 1156 2605 ‚

311 2609 345 2646 3.
371 2607 521 2644 Deinde
551 2619 639 2644 cum
668 2606 772 2644 dicit:
801 2607 895 2644 Esse
921 2612 1047 2643 autem
1070 2612 1252 2656 potestate
1277 2607 1325 2643 si-

254 2661 335 2698 mul
363 2667 454 2708 etc.,
483 2660 592 2710 ponit
620 2660 715 2697 duas
743 2659 908 2697 rationes
945 2659 1155 2696 Democriti
1194 2667 1325 2697 contra

113 2718 128 2746 ὃ
254 2714 490 2764 praedictam
508 2713 707 2750 veritatem
728 2711 752 2750 ὃ.
771 2713 881 2750 Circa
901 2725 1066 2762 quarum
1085 2713 1251 2762 primam
1273 2713 1325 2750 di-

255 2767 305 2804 cit
329 2767 446 2816 quod,
467 2766 680 2803 secundum
700 2766 956 2803 obiectionem
976 2766 1198 2813 Democriti,
1218 2766 1325 2803 vide—

115 2831 128 2848 ⁸
254 2828 316 2858 tur
341 2819 576 2869 impossibile
605 2820 688 2856 esse
716 2826 727 2840 ¹
755 2819 862 2868 quod
899 2832 1039 2868 corpus
1068 2819 1244 2856 sensibile
1281 2820 1327 2857 sit

256 2873 367 2911 simul
396 2873 582 2910 divisibile
611 2873 649 2909 in
677 2873 847 2922 potentia
874 2873 1040 2919 omnino,
1068 2872 1164 2909 idest
1192 2885 1325 2910 secun-

257 2927 350 2964 dum
379 2927 654 2976 quodcumque
684 2925 853 2974 signum,
883 2925 978 2963 sicut
1005 2926 1162 2975 nuper*
1181 2926 1325 2964 dictum

256 2987 324 3017 est.
359 2979 551 3017 Credebat
587 2978 691 3016 enim
727 2979 972 3016 Democritus
1000 2979 1107 3028 quod
1139 2979 1327 3028 quidquid

112 3033 128 3064 ζ
256 3039 355 3070 esset
382 3032 396 3059 ζ
424 3032 538 3070 simul
571 3032 610 3070 in
643 3033 830 3082 potentia,
859 3040 990 3082 posset
1028 3045 1111 3070 esse
1147 3033 1260 3070 simul
1289 3033 1328 3070 in

5 1818 11 1832 ¹
26 1817 145 1846 pmponit
154 1822 177 1839 Α.

28 1922 106 1947 'Num-
119 1929 142 1953 3.

6 1970 13 1985 “’“
33 1975 106 2000 Num.
119 1982 140 2005 5.

106 2949 112 2958 .
127 2940 204 2964 praec.

310 3202 337 3235 α)
357 3201 510 3227 Ρναεηιίεεα
534 3202 639 3227 ratione
664 3202 821 3228 Democriti.
839 3216 858 3221 -
875 3203 1020 3235 Postquam
1043 3202 1218 3234 Philosophus
1233 3202 1325 3234 posuit

255 3238 388 3263 rationem
414 3237 562 3263 Democriti
581 3237 616 3269 P,
641 3237 702 3270 quia
721 3238 761 3263 ed.
781 3238 795 3263 b
814 3246 868 3263 om.
875 3246 884 3267 ,·
909 3238 941 3263 cf.
960 3238 1060 3262 initium
1080 3238 1138 3262 lect.
1158 3245 1214 3262 vm.
1231 3251 1251 3256 —
1274 3237 1324 3261 Pro

255 3273 383 3306 exponit,
399 3273 482 3305 ponit
498 3273 583 3298 PCab.

309 3307 336 3342 β)
355 3308 400 3334 ubi
417 3308 512 3334 debeat
529 3308 652 3334 adhiberi
669 3309 776 3334 solutio.
789 3323 808 3328 —
821 3308 984 3342 quaestionis
1006 3308 1139 3333 sententia
1153 3308 1173 3332 C
1188 3312 1221 3339 et,
1241 3311 1269 3332 ut
1287 3307 1325 3331 vi-

256 3344 338 3376 detur,
357 3344 399 3369 ed.
417 3351 443 3369 a.

308 3379 335 3413 γ)
355 3379 426 3412 quod
444 3386 528 3412 supra
552 3379 665 3405 dixerat
688 3379 837 3405 omnino.-
855 3380 912 3404 Hoc
929 3386 984 3403 om.
1002 3378 1087 3403 PCab.
1099 3392 1118 3396 -
1130 3378 1180 3402 Pro
1199 3378 1240 3402 uel
1253 3377 1325 3409 quod

256 3422 318 3444 non,
338 3414 404 3439 nihil
421 3415 528 3447 quidem
552 3422 603 3440 non
623 3415 655 3446 A,
679 3415 721 3440 vel
739 3415 812 3447 quod
836 3414 903 3439 nihil
924 3414 987 3438 Cab.
1005 3428 1025 3432 -
1043 3413 1079 3438 lbi
1098 3413 1124 3437 in
1140 3413 1264 3444 potentia
1284 3415 1324 3437 est

256 3457 357 3478 verum,
379 3450 418 3474 Ca
437 3458 492 3475 om.
506 3457 614 3479 ver-unu
629 3455 654 3475 et
674 3450 709 3475 ibi
723 3453 764 3475 est
777 3457 869 3475 verum
887 3449 1032 3474 secundum
1049 3448 1228 3477 entelechiam,
1250 3448 1291 3472 ed.
1305 3454 1323 3471 a

256 3485 318 3518 legit
335 3488 376 3510 est
393 3492 485 3510 verum
504 3485 674 3515 endelichiae,
695 3485 716 3510 C
735 3489 774 3510 est
792 3484 948 3510 endelichia.

309 3519 334 3553 ὃ)
354 3523 449 3546 contra
463 3521 633 3552 praedictam
652 3520 802 3546 veritatem.
816 3520 918 3545 -circa
937 3519 1076 3544 veritatem
1096 3518 1146 3547 Ca,
1167 3520 1262 3543 contra
1281 3524 1324 3542 ve-

246 3556 365 3581 ·ritatem
386 3555 431 3580 Pb.

309 3591 331 3624 ε)
351 3591 510 3623 impossibile
528 3598 592 3616 esse.
605 3605 624 3610 -
637 3598 693 3616 esse
710 3599 764 3616 om.
781 3590 866 3615 PCab.
879 3604 898 3609 -
911 3590 962 3614 Pro
975 3589 1082 3614 omnino
1102 3588 1178 3617 idest,
1192 3588 1260 3613 idest
1283 3588 1323 3612 ed.

256 3633 286 3656 a,
306 3626 405 3652 scilicet
423 3626 457 3656 C,
477 3626 585 3652 omnino
603 3627 702 3652 scilicet
719 3627 749 3651 P.

400 3674 469 3712 Op‘p.
490 3680 520 3704 D.
535 3679 650 3704 Tuosne
669 3679 700 3703 Τ.
721 3680 760 3704 111.

250 1649 353 1688 enim
380 1648 546 1686 breviter
564 1648 603 1685 in
631 1659 709 1696 quo
728 1647 848 1685 virtus
868 1647 1101 1696 quaestionis
1127 1646 1330 1695 consistat,·

2359 274 2429 309 281

1368 356 1412 377 ter
1432 348 1523 377 divisa
1537 349 1567 377 in
1588 354 1665 384 actu,
1681 355 1822 386 punctum
1841 356 1915 377 esset
1935 349 2044 387 ubique
2065 350 2093 378 in
2115 349 2199 385 linea,
2221 359 2281 386 seu,
2297 358 2436 387 punctum

1370 395 1445 417 esset
1466 388 1636 426 contiguum
1657 395 1777 426 puncto.
1794 390 1858 417 Hoc
1880 395 1977 417 autem
1998 399 2059 417 non
2076 396 2171 426 potest
2185 399 2261 418 esse:
2278 390 2354 427 quia,
2370 400 2436 419 cum

1369 435 1477 465 puncta
1498 428 1555 457 sint
1568 428 1760 464 indivisibilia,
1782 438 1874 456 unum
1889 438 1950 457 non
1971 429 2119 457 excederet
2136 429 2224 464 aliud,
2240 437 2267 458 et
2282 430 2320 458 ita
2334 439 2437 458 omnes

1369 468 1468 504 puncti
1483 478 1545 496 non
1559 475 1654 496 essent
1667 468 1723 496 nisi
1733 478 1808 496 unus
1822 475 1955 505 punctus.
1967 470 2021 497 -6.
2037 469 2225 497 Declarantur
2233 471 2321 498 verba
2334 476 2436 498 textus.

1370 507 1400 536 Si
1421 508 1540 544 ponitur
1567 508 1643 537 linea
1663 508 1770 545 ubique
1799 508 1890 537 divisa
1909 508 1940 536 in
1967 515 2043 546 actu,
2065 509 2194 545 sequitur
2214 516 2354 545 punctum
2375 519 2437 538 esse

1370 547 1478 584 ubique
1500 547 1529 575 in
1551 547 1635 583 linea,
1658 557 1709 576 seu
1737 555 1877 585 punctum
1899 557 1961 576 esse
1978 548 2146 586 contiguum
2168 555 2286 585 puncto.
2302 550 2366 578 Hoc
2386 558 2438 577 au-

1370 593 1430 614 tem
1447 596 1508 615 non
1529 594 1625 623 potest
1638 597 1716 616 esse:
1740 587 1809 625 quia
1830 594 1858 616 et
1878 587 1954 616 linea
1981 588 2156 616 divideretur
2176 588 2206 616 in
2226 595 2333 625 puncta
2350 589 2394 616 vel
2408 588 2438 616 in

1371 626 1451 661 nihil,
1466 633 1494 654 et
1508 626 1548 654 ita
1561 634 1636 655 esset
1650 636 1684 655 ex
1698 627 1812 664 punctis
1826 628 1870 656 vel
1882 637 1915 656 ex
1929 627 2034 664 nihilo3
2050 634 2078 656 et
2091 627 2210 665 insuper
2223 637 2326 656 omnes
2340 629 2439 665 puncti

1371 674 1432 693 non
1462 666 1526 702 plus
1557 666 1738 695 continerent
1769 668 1805 695 de
1831 667 1887 695 situ
1918 677 2007 704 quam
2036 668 2156 705 quilibet
2186 677 2305 704 eorum;
2326 667 2418 696 immo
2430 690 2438 703 ,

1372 704 1445 748 sicut
1460 705 1567 733 dictum
1583 712 1625 733 est
1639 716 1719 734 num.
1735 716 1839 743 praec.‚
1850 716 1911 736 non
1926 714 2021 736 essent
2030 707 2085 736 nisi
2099 717 2175 735 unus
2189 714 2322 744 punctus.
2340 709 2439 736 Unum

1372 752 1450 771 emm
1472 751 1610 780 punctum
1626 755 1687 773 non
1701 753 1796 782 potest
1810 756 1871 775 esse
1892 754 1959 783 post
1973 747 2060 782 aliud,
2075 757 2169 784 neque
2190 754 2312 784 possunt
2331 754 2440 784 puncta

1372 789 1488 819 tangere
1503 793 1533 811 se
1552 786 1711 813 secundum
1725 786 1826 814 ultima
1842 793 1968 815 tanturn:
1984 787 2229 824 coniungerentur
2246 797 2314 825 ergo
2337 797 2439 816 secun·
2451 791 2457 803 l

1373 823 1444 866 dum
1455 829 1558 858 totum,
1574 830 1602 851 et
1615 823 1682 852 ideo
1697 825 1796 854 omnia
1806 836 1866 854 non
1877 833 1972 854 essent
1981 827 2035 855 nisi
2046 837 2138 855 unum
2149 833 2299 864 punctum.
2307 843 2327 848 —
2335 837 2362 864 7.
2375 827 2440 855 Sol-

1372 868 1447 889 vrtur
1461 863 1588 907 secunda
1602 863 1684 892 ratio.
1699 865 1736 892 Et
1750 864 1844 901 primo
1859 873 1979 903 negatur
1992 866 2208 904 generationem
2230 866 2391 904 simplicem
2412 873 2440 895 et

1373 908 1588 946 corruptionem
1610 911 1673 931 esse
1693 905 1946 941 congregationem
1974 913 2003 934 et
2029 907 2266 944 segregationem.
2295 908 2327 935 In
2354 907 2440 935 rebus

1373 950 1451 969 enim
1463 942 1650 977 naturalibus,
1666 952 1789 979 quarum
1804 944 1898 973 forma
1911 955 1972 974 non
1987 953 2028 974 est
2039 946 2145 983 positio
2157 953 2186 975 et
2196 948 2280 982 ordo,
2292 946 2440 984 generatio

1373 987 1416 1009 est
1429 990 1481 1017 per
1496 981 1551 1009 hoc
1562 983 1642 1018 quod
1657 982 1688 1010 fit
1702 985 1903 1012 transmutatio
1915 994 1955 1013 ex
1969 991 2026 1014 toto
2041 987 2069 1014 in
2086 992 2185 1015 totum.
2201 988 2346 1014 Intantum
2361 986 2440 1014 enirn

1372 1020 1509 1049 differunt
1523 1021 1670 1058 generatio
1685 1029 1712 1050 et
1726 1022 1866 1059 alteratio,
1882 1026 1970 1060 quod,
1982 1026 2051 1053 dum
2064 1032 2157 1054 totum
2173 1026 2333 1054 subiectum
2347 1033 2440 1054 trans-

1373 1067 1509 1096 mutatur,
1532 1061 1571 1089 ita
1585 1062 1664 1098 quod
1682 1062 1801 1090 materia
1815 1063 1935 1100 accipiat
1949 1074 2055 1093 novam
2070 1066 2194 1094 formam
2208 1066 2439 1100 substantialem,

1373 1106 1416 1128 est
1435 1101 1582 1137 generatio
1597 1101 1763 1137 simpliciter
1784 1102 1859 1130 dicta
1873 1110 1901 1131 et
1921 1105 2084 1141 corruptio:
2100 1106 2169 1133 dum
2185 1112 2282 1134 autem
2303 1106 2335 1134 fit
2348 1111 2440 1134 trans-

1373 1140 1495 1168 mutatio
1517 1141 1677 1169 secundum
1699 1141 1858 1170 accidentia
1879 1149 1999 1179 tantum,
2015 1151 2057 1172 est
2070 1145 2210 1174 alteratio.
2227 1162 2246 1167 —
2261 1146 2288 1174 8.
2304 1146 2440 1174 Secundo

1373 1180 1536 1208 ostenditur
1557 1190 1616 1217 quo
1638 1190 1724 1209 sensu
1746 1181 1802 1209 dici
1823 1182 1914 1218 possit
1934 1184 2149 1220 generationem
2177 1192 2205 1213 et
2226 1185 2442 1222 corruptionem

1371 1228 1434 1248 esse
1455 1220 1712 1257 congregationem
1734 1227 1763 1249 et
1783 1222 2020 1259 segregationem.
2035 1241 2054 1246 -
2075 1224 2214 1262 Epilogus
2235 1231 2262 1253 et
2283 1225 2441 1254 conclusio.

1373 1333 1478 1363 actu:
1509 1333 1545 1362 et
1564 1327 1912 1375 argumentabatur,
1939 1328 2032 1366 sicut
2053 1337 2107 1366 est
2130 1331 2310 1379 possibile
2330 1331 2443 1368 simul

1372 1379 1410 1416 in
1438 1379 1609 1428 potentia
1630 1391 1769 1428 corpus
1798 1381 1973 1418 sensibile
1994 1383 2151 1420 omnino
2181 1383 2310 1431 dividi,
2338 1385 2443 1434 quod

1372 1433 1447 1469 hoc
1467 1432 1578 1469 fieret
1600 1432 1638 1469 in
1658 1440 1760 1479 actu;
1791 1445 1870 1470 non
1889 1434 2047 1482 quidem
2067 1436 2117 1472 ita
2149 1437 2255 1484 quod
2284 1445 2382 1474 esset
2397 1437 2443 1474 si-

1374 1485 1454 1522 mul
1483 1485 1521 1522 in
1549 1485 1720 1534 potentia
1754 1485 1940 1523 divisibile
1970 1496 2005 1524 et
2033 1496 2119 1525 actu
2158 1489 2345 1538 divisum,
2376 1491 2444 1528 sed

1374 1539 1481 1588 quod
1506 1546 1604 1575 esset
1625 1538 1737 1575 simul
1768 1539 1934 1576 divisum
1963 1548 2058 1588 actu,
2080 1543 2294 1580 secundum
2322 1543 2443 1592 quod-

1375 1604 1542 1640 cumque
1572 1592 1733 1640 signum.
1756 1592 1833 1629 Sed
1860 1594 1936 1630 hoc
1964 1595 2189 1632 ostendebat
2215 1596 2236 1617 ’Β
2265 1608 2346 1633 θεεθ
2374 1596 2443 1633 im-

1374 1645 1570 1694 possibile:
1601 1645 1703 1693 quia,
1725 1645 1821 1682 sicut
1849 1658 1895 1683 ex
1924 1659 2038 1696 supra
2062 1647 2083 1669 '¹‘
2112 1648 2218 1685 dictis
2245 1657 2360 1698 patet,
2387 1662 2442 1686 se-

1376 1705 1555 1748 queretur
1579 1698 1684 1747 quod
1713 1698 1803 1735 nihil
1833 1711 2062 1749 corporeum
2081 1706 2095 1724 ⁷¹
2125 1709 2222 1738 esset
2249 1702 2441 1740 residuum

1376 1764 1399 1788 a
1419 1751 1618 1799 divisione,
1641 1759 1678 1788 et
1697 1753 1801 1801 quod
1831 1765 1970 1802 corpus
1999 1763 2306 1804 corrumperetur
2324 1756 2362 1792 in
2390 1756 2444 1793 in-

1377 1817 1629 1854 corporeum,
1665 1813 1702 1842 et
1730 1818 1776 1842 ex
1805 1807 2053 1855 consequenti
2081 1808 2185 1857 quod
2218 1821 2355 1858 corpus
2384 1821 2445 1857 ge-

1377 1865 1571 1895 neraretur
1590 1870 1636 1894 ex
1656 1858 1783 1907 aliquo
1813 1859 2052 1908 incorporeO,
2074 1860 2169 1898 idest
2197 1869 2261 1898 aut
2280 1875 2325 1899 ex
2349 1875 2445 1911 pun-

1378 1912 1446 1948 ctis
1466 1919 1530 1948 aut
1549 1911 1709 1948 omnino
1726 1924 1774 1948 exv
1791 1912 1920 1950 nihilo.
1939 1913 2016 1950 Sed
2035 1914 2110 1950 hoc
2126 1922 2181 1951 est
2199 1914 2443 1963 impossibile.

1378 1966 1470 2002 Non
1500 1977 1589 2013 ergo
1619 1972 1675 2001 est
1707 1965 1888 2014 possibile
1908 1967 2012 2015 quod
2037 1980 2175 2016 corpus
2205 1968 2380 2005 sensibile
2400 1970 2446 2006 sit

1378 2018 1536 2055 omnino
1563 2017 1729 2055 divisum
1758 2018 1882 2056 simul.
1904 2020 2042 2068 Neque
2064 2033 2152 2068 ergo
2181 2021 2331 2058 videtur
2359 2034 2446 2071 pos-

1378 2071 1484 2108 sibile
1513 2071 1619 2121 quod
1657 2071 1704 2108 sit
1741 2072 1901 2109 omnino
1931 2073 2118 2110 divisibile
2155 2074 2194 2110 in
2226 2075 2395 2123 potentia
2421 2073 2444 2111 ⁰.

1379 2125 1458 2162 Sed
1487 2125 1576 2174 quia
1598 2124 1776 2162 videmus
1806 2126 1854 2163 ad
1883 2138 2038 2163 sensum
2063 2127 2167 2176 quod
2197 2140 2335 2176 corpus
2364 2140 2446 2164 sen-

1379 2178 1485 2215 sibile
1515 2177 1694 2215 dividitur
1722 2178 1761 2215 in
1788 2186 1915 2228 partes
1944 2180 2163 2217 abinvicem
2192 2181 2418 2230 separabiles
2439 2188 2447 2201 ¹

1377 2232 1440 2269 vel
1461 2231 1575 2268 etiarn
1592 2231 1630 2268 in
1649 2239 1775 2280 partes
1796 2232 2012 2280 divisibiles,
2030 2241 2065 2270 et
2084 2233 2208 2270 maior
2224 2234 2446 2283 magnitudo

1379 2297 1532 2334 semper
1560 2284 1740 2322 dividitur
1758 2285 1797 2322 in
1816 2286 1985 2323 minores
2014 2287 2305 2335 magnitudines,
2329 2295 2364 2324 et
2391 2295 2448 2324 to-

1378 2346 1461 2375 tum
1491 2338 1737 2375 coniunctum
1768 2338 1945 2376 dividitur
1972 2340 2010 2376 in
2039 2340 2163 2389 aliqua
2192 2348 2385 2389 segregata
2414 2348 2450 2377 et

1379 2399 1552 2440 separata
1570 2391 1609 2438 *3
1629 2391 1873 2429 manifestum
1890 2400 1945 2430 est
1964 2394 2039 2429 hoc
2058 2393 2107 2430 ita
2127 2406 2167 2430 se
2187 2394 2339 2431 habere.
2357 2395 2448 2431 Non

1380 2457 1469 2493 ergo
1499 2452 1555 2482 est
1581 2445 1762 2494 possibile
1791 2458 1916 2495 neque
1946 2446 2051 2495 quod
2079 2447 2145 2483 fiat
2167 2446 2302 2484 divisio
2331 2447 2370 2484 in
2394 2447 2448 2484 in-

1378 2498 1529 2536 finitum
1557 2499 1762 2536 secundum
1784 2505 1952 2548 partem,
1978 2500 2029 2536 ita
2048 2499 2186 2536 scilicet
2205 2507 2218 2521 '‘
2237 2500 2342 2549 quod
2360 2513 2448 2549 pars

1378 2558 1466 2601 post
1492 2559 1641 2601 partem
1669 2564 1691 2589 a
1719 2559 1800 2589 toto
1838 2553 2004 2589 sensibili
2039 2566 2198 2602 corpore
2237 2561 2447 2602 separetur:

1379 2617 1504 2654 neque
1539 2612 1594 2642 est
1629 2605 1810 2654 possibile
1839 2606 1942 2655 quod
1977 2619 2115 2655 corpus
2145 2606 2319 2643 sensibile
2355 2606 2448 2644 divi-

1381 2659 1491 2696 datur
1510 2658 1623 2696 simul
1647 2659 1860 2696 secundum
1881 2659 2153 2708 quodcumque
2174 2659 2322 2708 signum
2343 2663 2448 2707 (neu-

1379 2720 1482 2749 trum
1518 2712 1620 2749 enim
1649 2713 1789 2749 horum
1810 2720 1866 2749 est
1892 2713 2071 2762 possibile
2095 2711 2118 2759 λ,
2140 2713 2229 2762 quia
2247 2714 2448 2762 utrobique

1379 2765 1532 2803 videtur
1551 2765 1658 2814 sequi
1681 2765 1919 2814 praedictum
1934 2766 2239 2812 inconveniens):
2261 2766 2328 2803 sed
2342 2766 2447 2804 vide-

1381 2827 1441 2856 tur
1468 2818 1574 2867 quod
1603 2818 1739 2856 divisio
1770 2819 1940 2867 corporis
1969 2819 2153 2856 sensibilis
2177 2819 2197 2840 ’¹‘
2215 2819 2333 2867 possit
2360 2832 2446 2868 pro-

1382 2872 1518 2909 cedere
1546 2884 1669 2920 usque
1690 2872 1737 2909 ad
1767 2872 1932 2920 aliquem
1957 2872 2172 2908 terminum.
2194 2873 2304 2909 Unde
2325 2873 2448 2920 sequi-

1381 2933 1441 2962 tur
1476 2925 1583 2974 quod
1620 2937 1776 2962 necesse
1805 2925 1851 2961 sit
1880 2925 2023 2973 aliquas
2057 2924 2334 2972 magnitudines
2364 2938 2446 2962 esse

1382 2978 1651 3025 indivisibiles,
1682 2985 1718 3014 et
1746 2978 1871 3026 aliqua
1904 2990 2066 3026 corpora
2093 2977 2355 3025 indivisibilia,
2389 2991 2446 3015 se-

1383 3033 1554 3069 cundum
1582 3031 1860 3068 Democritum.

1433 3200 1458 3233 ζ)
1479 3200 1609 3232 quidquid
1627 3202 1703 3224 esset.
1720 3213 1739 3217 -
1757 3198 1887 3231 quidquid
1905 3201 1945 3223 est
1962 3198 1994 3222 A.
2014 3198 2085 3222 Idem
2104 3205 2150 3229 pro
2166 3201 2258 3229 posset
2275 3205 2339 3228 esse,
2355 3203 2447 3230 posset

1375 3236 1444 3268 poni
1450 3243 1459 3264 ;
1478 3243 1525 3268 pro
1538 3235 1781 3268 argumentabatur
1798 3234 1867 3258 sicut
1885 3236 1924 3258 est
1937 3233 2064 3264 possibile
2082 3233 2175 3262 simul,
2196 3234 2254 3258 ideo
2272 3238 2447 3267 argumenta-

1380 3272 1460 3297 batur
1477 3271 1502 3295 si
1519 3273 1559 3295 est
1577 3270 1657 3294 simul
1663 3277 1672 3298 ,·
1691 3274 1717 3294 et
1734 3277 1782 3302 pro
1801 3269 1849 3293 hoc
1860 3268 1951 3300 fieret,
1971 3268 2020 3293 hoc
2038 3268 2119 3293 etiam
2131 3269 2219 3301 fieret.

1434 3306 1460 3338 η)
1480 3305 1546 3330 nihil
1575 3311 1741 3337 corporeum.
1759 3318 1778 3322 -
1801 3304 1839 3328 nil
1864 3304 2049 3335 incorporeum
2076 3303 2105 3328 P.
2123 3317 2142 3322 —
2160 3304 2283 3336 Sequenti
2307 3305 2374 3330 linea
2398 3313 2446 3337 pro

1381 3342 1407 3366 in
1428 3341 1622 3372 incorporeum,
1643 3340 1668 3364 in
1689 3346 1744 3364 rem
1770 3339 1962 3371 incorpoream,
1978 3344 2003 3363 et
2021 3338 2105 3363 omitt.
2123 3338 2191 3364 idest
2208 3344 2270 3372 post
2288 3339 2444 3372 incorporeo

1380 3376 1466 3401 PCab.

1433 3409 1457 3443 Θ)
1477 3410 1569 3442 Neque
1586 3417 1686 3442 ergo..
1702 3409 1728 3434 in
1743 3409 1984 3441 potentia.—Hanc
2003 3409 2145 3434 illationem
2162 3417 2216 3434 om.
2233 3411 2271 3442 A,
2291 3418 2338 3435 nec
2362 3417 2446 3436 textus

1380 3454 1438 3471 eam
1458 3453 1582 3478 expresse
1600 3445 1685 3477 ponit;
1705 3445 1751 3469 sed
1769 3450 1858 3470 tamen
1877 3444 2033 3477 subintelligi
2053 3444 2137 3469 debet.

1434 3481 1452 3513 ι)
1471 3481 1616 3506 abinvicem
1639 3480 1809 3512 separabiles.
1827 3494 1846 3498 -
1864 3479 2012 3504 adinvicem
2031 3483 2058 3505 et
2079 3481 2241 3512 separabiles
2259 3481 2295 3511 P;
2315 3481 2345 3506 cf.
2362 3487 2421 3507 text.

1432 3516 1458 3548 κ)
1477 3516 1585 3541 scilicet.
1603 3530 1621 3535 -
1639 3516 1696 3540 Hoc
1714 3523 1768 3539 om.
1782 3515 1867 3540 PCab.
1880 3529 1899 3534 —
1912 3515 1970 3540 Lin.
1984 3523 2041 3547 seq.
2054 3523 2103 3548 pro
2121 3516 2237 3541 sensibili
2255 3524 2373 3549 corpore,
2387 3524 2446 3542 sen-

1378 3552 1448 3577 sibili
1465 3552 1497 3576 A.

1431 3585 1459 3619 λ)
1479 3590 1519 3611 est
1531 3586 1666 3618 possibile.
1684 3601 1703 3605 -
1720 3589 1759 3611 est
1772 3586 1891 3618 positum
1910 3586 1999 3615 PCab,
2020 3586 2067 3611 sed
2085 3586 2110 3611 in
2130 3592 2249 3612 contextu
2268 3596 2375 3613 sensum
2394 3596 2446 3612 non

1378 3621 1474 3646 habere
1494 3622 1601 3647 videtur.
1618 3635 1638 3641 -
1656 3622 1706 3646 Pro
1721 3621 1899 3653 praedictum,
1919 3621 1956 3646 ad
1975 3621 2075 3647 dictum
2094 3622 2125 3647 A.

2235 3674 2266 3699 36

2471 1605 2481 1615 “
2496 1604 2631 1626 attendebat
2645 1611 2668 1627 Α.

2472 1659 2479 1668 ·
2492 1658 2554 1679 Lect.
2568 1657 2674 1685 praeced.

2471 1690 2493 1706 n.
2508 1691 2524 1710 4
2538 1690 2589 1744 sqq.

2478 2402 2485 2410 ¹
2492 2402 2515 2422 et
2520 2401 2633 2428 separata
2640 2405 2688 2421 om.

2474 2434 2496 2449 Α.

2577 2508 2592 2524 κ

2572 2715 2589 2740 λ

2476 2826 2484 2833 ·
2501 2824 2616 2846 sensibilis
2638 2830 2686 2845 om.

2476 2851 2541 2872 καί).
