2690 4062
0 0 10 49 -ve

1081 230 1194 268 CAP.
1223 231 1309 280 vn,

1341 233 1492 271 LECT.
1524 235 1576 272 IX
2365 257 2423 282 (ΠΧ

1026 421 1340 514 ἰΕοΤΙο
1379 461 1602 519 ΝοΝΑ

924 611 988 642 DE
1015 612 1299 648 FOSSILIBUS
1327 619 1389 649 ET
1417 619 1720 654 METALLICIS

207 738 298 773 ‘'0⁶oe
321 733 353 771 δ’
374 740 408 772 ἐν
435 740 529 783 αὐτῇ
555 742 601 784 τῇ
627 743 688 788 γῇ,
709 743 1025 791 ὲγκατακλειομένη
1053 753 1125 787 τοῖς
1149 750 1212 789 τῆς
1229 751 1292 796 γῆς

282 783 428 828 μέρεσιν,
457 785 714 832 ἀπεργάζεται,
740 789 901 822 λεκτέον·
930 797 1021 824 ποιεῖ’
1042 795 1107 839 γαρ
1132 788 1193 828 δύο
1219 791 1292 828 δια-

284 829 387 874 φοροίς
412 829 583 874 σωμάτων
609 826 669 864 διαὶ
693 832 734 865 τὸ
758 829 866 872 διπλῆ
893 836 1078 880 πεφυκέναι
1100 840 1159 871 καὶ
1184 840 1290 880 αὐτ-ἠ,

282 872 439 919 καθάπερ
464 876 524 907 καὶ
550 876 584 907 ἑν
612 878 659 918 τῷ
685 879 857 924 μετεώρῳ·
884 874 946 912 δύο
971 882 1030 926 μέν
1056 883 1121 928 γοὶρ
1147 887 1182 917 αἱ
1210 883 1294 918 ἀνα-

281 916 468 962 θυμιάσεις,
490 921 510 957 ἡ
535 917 595 965 μὲν
622 918 834 966 ἀτμιδώδης,
854 924 875 961 ή
894 919 931 957 δέ
956 923 1153 970 καπνώδης,
1172 928 1214 968 ὥς
1230 942 1291 974 φα-

281 973 354 1007 μεν,
381 964 483 996 εἰσίν·
509 959 570 998 δύο
596 961 634 998 δὲ
659 969 717 999 καὶ
743 969 792 1001 τοὶ
816 964 888 1007 εἴδη
914 971 982 1003 τῶν
1009 971 1043 1002 ἐν
1067 973 1113 1014 τῇ
1134 975 1180 1020 γῇ
1202 986 1290 1021 γινο-

315 1006 323 1016 t

266 1018 402 1052 μενων,
429 1009 478 1041 τοὶ
501 1010 560 1054 μὲν
587 1011 729 1054 ὀρυκτά,
757 1014 805 1045 τοὶ
829 1008 1127 1059 δέ,μεταλλευτα.

207 1097 251 1128 Ἥ
268 1097 328 1142 μὲν
347 1095 405 1131 οὖν
424 1098 510 1142 ξηροὶ
528 1098 751 1144 ἀναθυμίασίς
766 1102 859 1134 ἐστιν
878 1102 899 1140 ἥ
918 1115 969 1142 τις
987 1102 1181 1150 ἑκπυροῧσα
1198 1112 1291 1140 ποιεῖ

278 1141 328 1176 τοὶ
351 1143 482 1187 ὀρυκτά
506 1142 648 1186 πάντα,
676 1146 744 1178 οἷον
774 1145 873 1179 λίθων
900 1160 939 1180 τε
964 1149 1044 1195 γένη
1075 1150 1123 1182 τοὶ
1148 1150 1288 1189 ἄτηκτοι

239 1183 583 1232 Αωμὶσεινδαροίκην
607 1192 665 1222 καὶ
683 1190 795 1236 ὤχραν
820 1194 878 1224 καὶ
896 1194 1016 1237 μίλτον
1041 1196 1098 1226 καὶ
1116 1193 1204 1228 θεῖον
1228 1199 1286 1229 καὶ

279 1229 396 1264 τᾶλλα
427 1231 476 1264 τοὶ
505 1234 671 1267 τοιαῦτα.
708 1237 760 1268 Tae
787 1231 825 1268 δὲ
859 1239 1009 1271 πλεῖστα
1040 1239 1108 1272 τῶν
1141 1239 1287 1283 ὀρυκτῶν

277 1275 355 1308 ἐστι
379 1276 427 1309 τοὶ
450 1276 510 1321 μὲν
535 1280 634 1311 κονία.
658 1281 980 1326 κεχρωματισμένη,
1002 1282 1052 1316 τοὶ
1073 1278 1112 1315 δὲ
1135 1284 1225 1323 λίθος
1251 1286 1287 1318 ἐκ

278 1319 448 1359 τοιαύτης
473 1322 620 1368 γεγονώς
644 1324 855 1366 συστάσεως,
883 1326 952 1359 οἷον
979 1326 1019 1359 τό
1044 1328 1239 1373 κιννάβαρι·

209 1365 277 1404 τῆς
299 1360 331 1398 δ’
361 1365 617 1409 ἀναθυμιάσεως
650 1369 714 1407 τῆς
745 1365 961 1413 οἱτμιδώδους
992 1370 1056 1404 ὅσα
1081 1373 1287 1415 μεταλλεύε-

275 1421 353 1463 ται,
378 1413 437 1443 καὶ
462 1412 556 1466 ἐἶστιν
578 1411 600 1449 ἦ
619 1414 726 1459 χυτοὶ,
745 1413 767 1451 ἦ
787 1414 916 1456 aava,
942 1415 1011 1448 οἷον
1037 1412 1183 1459 σίδηρος,
1202 1420 1287 1464 χαλ-

274 1465 347 1495 noe,
373 1467 508 1501 χρυσος.

207 1496 373 1539 Πυιςῐ,δὲ
406 1502 527 1533 ταῦτα
560 1501 680 1536 πάντα
717 1503 739 1539 ἡ
774 1502 998 1547 ἀναθυμίασις
1031 1507 1052 1543 ἡ
1090 1501 1286 1551 ἀτμιὸώδης

277 1543 617 1592 ἓγκατακλειομένη,
643 1548 702 1579 καὶ
759 1546 888 1580 σίλιστα
921 1546 954 1580 ἐν
980 1555 1053 1589 τοῖς
1076 1550 1201 1590 λίθοις,
1228 1549 1287 1584 διαὶ

273 1587 456 1668 Ξηρότητα
481 1589 527 1626 εἰς
553 1589 587 1622 ἓν
612 1559 856 1636 συνθλιξομένη
888 1594 947 1626 καὶ
973 1596 1187 1642 πηγνυμένη,
1215 1598 1283 1630 οἷον

294 1634 408 1680 ρόσος,
434 1633 456 1671 ἦ
481 1631 614 1678 παίχνη,
642 1634 728 1669 ὅταν
755 1636 942 1681 ἀποκριθῇ·
969 1639 1122 1674 ἐνταῦθα
1145 1636 1184 1674 δὲ
1210 1644 1284 1686 πρὶν

274 1678 504 1721 ἀποκριθῆναι
545 1682 689 1714 εννᾶται
714 1683 852 1715 ταῦτα·
879 1678 934 1716 διδ
959 1681 1035 1717 ἔστι
1060 1685 1120 1730 μὲν
1138 1687 1180 1724 ὥς
1199 1682 1285 1731 ὕδωρ

274 1725 408 1766 ταῦτα,
429 1724 504 1757 ἔστι
520 1690 560 1758 ξ’
579 1727 623 1764 ὠς
648 1725 705 1758 οὔ·
731 1724 817 1759 δυνά
846 1739 874 1758 ει
925 1726 958 1760 ὲν
982 1730 1048 1775 γαρ
1074 1731 1095 1767 ἡ
1125 1729 1186 1769 ὕλη
1206 1726 1287 1765 ὕδα-

271 1780 333 1807 τος
359 1766 422 1811 ἦν,
455 1769 530 1804 ἔστι
555 1764 584 1801 δ’
613 1770 750 1813 οὐκέτι,
777 1737 847 1806 οὖς’
877 1739 921 1814 ἐξ.
942 1767 1071 1812 ὕδατος
1101 1775 1284 1822 γενομένου

272 1808 335 1847 διαί
351 1824 388 1846 τι
408 1814 530 1855 ποίθος,
549 1813 660 1870 ὥσπερ
687 1817 717 1848 οἰ
741 1819 862 1862 χυμοί·
889 1817 928 1850 οὗ
952 1817 1017 1863 γὰρ
1037 1818 1128 1853 οὕτω
1147 1822 1283 1867 γίνεται

273 1858 317 1891 τὰ
342 1857 404 1902 μὲν
433 1859 583 1904 χαλκὸς,
610 1855 715 1893 1-0·δέ
740 1864 882 1906 χρυσός,
911 1859 1002 1896 α’λλοί
1027 1865 1103 1909 πρὶν
1127 1864 1284 1911 γενέσθαι

273 1905 441 1950 παγείσης
468 1905 531 1943 τῆς
558 1903 815 1949 ἀναθυμιάσεως
840 1905 977 1940 ἕκαστα
1009 1908 1145 1942 τούτων
1171 1909 1281 1942 ἐστίν·

214 1963 217 1966 ·
270 1941 326 1981 διδ
356 1950 417 1980 καὶ
443 1949 614 1994 ’κυροῦται
645 1952 764 1983 πάντα
794 1953 852 1984 καὶ
882 1952 948 1998 γῆν
974 1952 1064 1998 ἔχει·
1090 1953 1194 1998 ξηράν
1218 1954 1284 2001 γοὶρ

272 1991 288 2024 ἕ
316 2003 345 2024 ει
371 1992 612 2038 ἀναθυμίασιν.
648 1995 685 2026 Ὀ
709 1990 746 2027 δὲ
771 1996 892 2042 χρυσὸς
917 1995 1018 2041 μόνος
1040 1998 1078 2030 οὐ
1100 1999 1282 2042 πυροῦται.

269 2004 378 2080 ἐοινῇ
404 2038 466 2082 μὲν
492 2036 550 2071 οὖν
576 2039 711 2083 εἴρηται
737 2044 811 2085 περὶ
837 2039 978 2074 πάντων
1000 2042 1135 2075 αὐτῶν·
1161 2039 1232 2084 ἰδίᾳ
1250 2039 1279 2075 δ’

271 2081 504 2115 ἐπισκεπτέον
531 2084 839 2129 προχειριζομένοις
865 2087 939 2131 πἐρὶ
965 2084 1112 2120 ἕκαστον
1137 2087 1245 2134 γένος.

270 2238 277 2250 ,
401 2242 407 2248 .
435 2228 446 2242 x
458 2223 613 2259 ostquam
633 2215 860 2260 Philosophus
875 2217 909 2250 in
926 2217 1151 2262 superioribus
1170 2217 1274 2252 deter-

283 2272 286 2278 ·
328 2241 406 2329 „59
416 2259 446 2306 ᾗ,
494 2260 596 2293 inavit
619 2259 659 2293 de
679 2260 730 2293 his
755 2272 839 2306 quae
862 2271 1060 2306 generantur
1083 2274 1123 2296 ex
1146 2263 1275 2297 exhala-

260 2324 280 2350 t«
315 2303 374 2343 1(
403 2302 427 2351 ἡ
436 2305 547 2351 tione
572 2304 708 2339 humida
732 2314 764 2338 et
788 2306 873 2339 sicca
901 2318 960 2350 per
983 2316 1113 2340 motum
1143 2316 1175 2340 et
1198 2308 1275 2341 alte-

250 2344 255 2349 ’
332 2347 409 2393 χχ,
456 2350 630 2390 tationem,
641 2358 698 2383 aut
710 2351 808 2383 etiam
821 2362 880 2394 per
891 2350 1123 2385 refractionem
1139 2351 1274 2386 luminis

456 2405 556 2438 supra
571 2402 702 2435 terram,
721 2403 753 2428 et
769 2396 868 2428 etiam
885 2395 926 2429 de
942 2395 1014 2429 aliis
1032 2408 1116 2441 quae
1140 2408 1275 2430 causan-

199 2443 256 2469 tur
270 2446 330 2480 per
344 2445 476 2470 motum
498 2438 537 2471 ab
555 2438 762 2472 exhalatione
779 2440 864 2473 sicca
888 2441 922 2473 in
939 2441 1010 2484 ipsa
1034 2450 1127 2481 terra,
1152 2441 1276 2475 scilicet

199 2479 243 2515 de
258 2480 436 2524 agitatione
453 2491 485 2516 et
504 2492 599 2516 motu
617 2492 730 2524 terrae,
747 2484 800 2517 hic
818 2484 1034 2518 determinare
1050 2485 1190 2519 intendit
1205 2486 1276 2519 bre-

198 2525 285 2559 viter
307 2525 348 2559 de
371 2525 439 2567 his,
464 2539 548 2572 quae
571 2537 771 2572 generantur
794 2530 827 2562 in
852 2528 1019 2573 profundo
1044 2530 1147 2574 ipsius
1172 2539 1275 2564 terrae

199 2569 424 2621 principaliter
436 2583 495 2616 per
507 2572 744 2607 alterationem.
758 2574 799 2607 Et
812 2574 896 2607 circa
907 2573 971 2607 hoc
982 2574 1050 2608 duo
1062 2574 1148 2608 facit.
1162 2575 1276 2609 Primo

223 2615 380 2648 raemittit
395 2615 642 2651 distinctionem
658 2629 776 2651 eorum
793 2630 876 2663 quae
891 2618 976 2652 fiunt
990 2619 1023 2651 in
1039 2620 1109 2664 ipsa
1126 2628 1220 2661 terra,
1245 2629 1277 2653 et

199 2625 280 2692 {icit
307 2658 398 2703 quod
422 2661 507 2694 sicut
530 2662 564 2694 in
589 2661 672 2702 alto,
703 2662 787 2696 idest
811 2674 911 2707 supra
934 2672 1066 2704 terram,
1083 2673 1132 2697 est
1155 2664 1278 2709 duplex

198 2702 376 2745 exhalatio,
392 2715 459 2738 una
474 2717 650 2750 vaporosa,
666 2706 751 2740 idest
774 2707 920 2748 humida,
937 2719 977 2741 ex
997 2720 1061 2752 qua
1077 2718 1277 2752 generantur

199 2758 239 2781 ea
269 2759 354 2792 quae
377 2758 576 2792 generantur
607 2762 666 2794 per
695 2751 973 2795 ingrossationem
1003 2763 1021 2785 a
1044 2751 1182 2797 frigido,
1214 2753 1276 2786 alia

199 2800 311 2825 autem
330 2791 462 2827 fumosa
483 2803 515 2828 et
534 2795 630 2835 sicca,
647 2807 687 2828 ex
713 2807 778 2840 qua
801 2795 885 2829 fiunt
909 2807 946 2829 ea
971 2808 1054 2841 quae
1077 2806 1276 2841 generantur

198 2847 259 2881 per
282 2836 542 2872 subtiliationem
572 2839 626 2873 vel
648 2839 945 2874 inflammationem
959 2866 967 2882 ,
992 2842 1036 2874 ita
1067 2841 1217 2876 similiter
1240 2843 1274 2876 in

197 2880 346 2926 partibus
370 2890 474 2917 terrae
499 2892 548 2917 est
571 2884 693 2928 duplex
716 2884 896 2926 exhalatio,
921 2897 960 2919 ex
984 2898 1049 2930 qua
1077 2895 1275 2930 generantur

199 2924 268 2959 duo
292 2938 413 2970 genera
430 2939 627 2973 corporum,
651 2941 795 2974 quorum
820 2929 982 2975 quaedam
1002 2930 1157 2964 dicuntur
1180 2931 1274 2965 fossi-

197 2969 292 3012 bilia,
317 2983 359 3005 eo
384 2972 475 3016 quod
498 2972 671 3007 fodiuntur
694 2975 728 3007 in
752 2982 847 3015 terra,
872 2983 904 3008 et
927 2978 1005 3008 sunt
1028 2975 1147 3009 similia
1170 2985 1273 3010 terrae

198 3013 366 3049 defossae:
391 3025 424 3050 et
447 3027 646 3061 generantur
676 3030 716 3052 ex
739 3019 825 3052 sicca
853 3019 1076 3061 exhalatione;
1105 3020 1166 3053 alia
1194 3033 1273 3054 vero

166 3066 170 3068 ·
197 3058 354 3094 dicuntur
375 3061 554 3104 metallica,
579 3075 663 3108 quae
687 3064 792 3107 magis
816 3073 1015 3108 generantur
1038 3076 1097 3109 per
1119 3065 1273 3109 coagula-

196 3111 336 3138 nonem.

255 3158 286 3182 2.
305 3149 460 3184 Secundo
476 3150 539 3185 ibi:
558 3151 641 3186 Sicca
655 3153 775 3197 quidem
791 3161 864 3193 etc.‚
878 3154 1022 3197 assignat
1037 3165 1169 3187 causam
1182 3166 1273 3198 prae-

196 3191 374 3227 dictorum.
392 3195 434 3228 Et
457 3197 566 3240 primo
588 3198 733 3241 assignat
756 3209 888 3230 causam
912 3197 1122 3238 fossibilium,
1139 3207 1172 3231 et
1196 3198 1274 3232 dicit

196 3237 290 3282 quod
306 3238 470 3273 exhalatio
487 3241 573 3274 sicca
589 3252 607 3274 a
623 3241 785 3282 dominio,
798 3242 982 3275 secundum
998 3242 1089 3287 quod
1106 3251 1155 3275 est
1170 3243 1272 3286 ignita

197 3292 217 3315 a
240 3281 363 3324 calido,
387 3293 437 3317 est
459 3285 661 3330 principium
692 3287 844 3319 omnium
873 3285 1087 3319 fossibilium:
1113 3288 1157 3320 ita
1181 3286 1271 3331 quod

197 3326 361 3365 exhalatio
385 3329 427 3362 sit
449 3330 585 3363 materia
604 3342 644 3363 ex
667 3342 732 3374 qua
754 3330 847 3363 fiunt.
869 3330 934 3363 Sed
959 3330 1101 3364 calidum
1125 3332 1271 3374 igniens,

195 3371 382 3406 secundum
402 3373 493 3418 quod
517 3383 804 3408 commensuratur
818 3374 938 3418 frigido
956 3386 973 3407 a
989 3375 1109 3408 virtute
1130 3375 1270 3415 caelesti,

197 3415 363 3450 mediante
387 3419 614 3459 continuitate,
635 3428 684 3452 est
700 3418 951 3464 quodammodo
972 3420 1172 3463 principium
1192 3421 1270 3452 acti-

196 3471 296 3502 vum;
321 3462 364 3494 ita
388 3462 479 3507 quod
522 3464 699 3507 rincipium
724 3465 868 3496 activum
890 3463 1069 3507 principale
1094 3472 1143 3496 est
1166 3464 1270 3496 virtus

198 3503 357 3546 caelestis,
378 3518 462 3551 quae
482 3475 601 3541 dicitur
617 3509 720 3540 virtus
745 3507 924 3540 mineralis:
946 3519 964 3540 a
984 3519 1048 3551 qua
1068 3507 1188 3540 habent
1204 3507 1270 3540 fos-

196 3547 303 3582 sibilia
327 3551 498 3595 quaedam,
516 3561 596 3596 puta
620 3551 744 3596 lapides
762 3552 909 3596 pretiosi,
926 3551 1091 3596 quandam
1115 3552 1271 3584 virtutem

195 3592 372 3628 caelestem
396 3604 428 3629 et
459 3596 643 3636 occultam,
667 3608 726 3640 per
755 3608 854 3640 quam
886 3595 1030 3629 occultas
1062 3597 1270 3640 operationes

1347 754 1364 773 '¹‘
1380 755 1611 798 Quaecumque
1627 766 1734 790 autem
1748 760 1782 791 in
1805 761 1874 802 ipsa
1889 769 1979 801 terra,
2003 763 2124 795 inclusa
2139 771 2238 795 terrae
2261 765 2413 806 partibus,

1414 808 1573 840 operatur,
1598 803 1785 844 dicendum;
1810 806 1883 837 facit
1906 807 1992 838 enim
2021 808 2101 839 duas
2133 808 2320 840 differentias
2344 821 2413 841 cor-

1414 854 1550 884 porum,
1581 854 1747 887 propterea
1777 851 1866 890 quod
1897 851 2015 892 duplex
2049 859 2122 884 nata
2157 860 2219 884 est:
2253 860 2284 885 et
2314 854 2412 895 haec,

1414 890 1690 929 quemadmodum
1712 900 1742 924 et
1764 894 1797 924 in
1821 895 1895 926 alto.
1916 896 2007 927 Duae
2030 897 2161 938 quidem
2178 898 2263 928 enim
2287 899 2412 930 exhala-

1412 933 1526 972 tiones,
1541 934 1618 966 haec
1641 937 1772 977 quidem
1794 949 1961 979 vaporosa,
1984 940 2062 972 haec
2085 948 2192 972 autem
2215 942 2354 983 fumosa,
2377 951 2414 975 ut

1413 978 1562 1017 diximus,
1587 986 1650 1018 est;
1675 981 1754 1012 duae
1790 990 1897 1014 autem
1922 991 1953 1015 et
1975 985 2094 1026 species
2129 996 2242 1017 eorum
2274 997 2356 1027 quae
2379 988 2413 1019 in

1413 1028 1493 1053 terra
1515 1022 1614 1055 fiunt:
1639 1024 1715 1056 haec
1747 1027 1878 1067 quidem
1901 1029 1987 1059 enim
2011 1029 2183 1070 fossibilia,
2202 1030 2280 1062 haec
2303 1039 2411 1064 autem

1412 1067 1578 1099 metallica.

1345 1110 1434 1142 Sicca
1445 1111 1577 1152 quidem
1593 1112 1688 1153 igitur
1707 1114 1860 1146 exhalatio
1876 1123 1922 1148 est
1944 1127 2026 1158 quae
2044 1118 2142 1158 ignita
2165 1119 2238 1151 facit
2260 1120 2412 1152 fossibilia

1412 1156 1538 1186 omnia:
1563 1164 1640 1197 puta
1663 1158 1806 1198 lapidum
1829 1170 1942 1200 genera
1965 1161 2160 1203 illiquabilia,
2181 1170 2212 1195 et
2233 1165 2410 1204 vemicem,

1411 1206 1443 1230 et
1465 1200 1637 1240 oricellam,
1654 1209 1685 1233 et
1707 1203 1854 1243 minium,
1876 1212 1907 1236 et
1929 1206 2074 1246 sulphur,
2095 1214 2126 1239 et
2148 1208 2209 1239 alia
2231 1209 2313 1240 talia.
2337 1209 2411 1240 Plu—

2439 772 2451 783 *
2467 772 2525 800 Cap.
2535 779 2577 795 vn.

1410 1244 1490 1275 rima
1513 1252 1619 1277 autem
1644 1246 1755 1278 talium
1779 1248 1969 1280 fossibilium
1993 1258 2067 1282 sunt
2089 1251 2166 1283 haec
2185 1253 2316 1293 quidem
2338 1254 2424 1294 pul—v

1408 1289 1455 1319 vis
1479 1290 1650 1329 coloratus,
1669 1291 1746 1322 haec
1770 1299 1878 1324 autem
1899 1294 1979 1334 lapis
2003 1305 2040 1326 ex
2062 1296 2116 1327 tali
2140 1297 2342 1328 consistentia
2365 1297 2410 1328 fa-

1410 1340 1489 1371 ctus,
1509 1334 1596 1365 velut
1619 1335 1788 1367 cinnabari.

1340 1377 1556 1409 Exhalationis
1588 1386 1696 1410 autem
1724 1390 1900 1421 vaporosae
1934 1392 2156 1425 quaecumque
2190 1385 2408 1425 metallantur,

1407 1429 1482 1453 sunt
1497 1429 1552 1454 aut
1567 1423 1682 1462 fusilia,
1698 1431 1753 1456 aut
1769 1425 1940 1465 ductibilia,
1963 1434 2040 1467 puta
2056 1428 2185 1468 ferrum,
2202 1440 2327 1469 aurum,
2346 1441 2408 1462 aes,

1342 1510 1430 1542 Facit
1453 1518 1561 1542 autem
1583 1512 1661 1543 haec
1676 1513 1784 1543 omnia
1801 1513 1955 1546 exhalatio
1971 1526 2127 1556 vaporosa
2150 1517 2282 1557 inclusa,
2297 1525 2328 1549 et
2342 1529 2409 1549 ma-

1406 1555 1491 1586 xime
1515 1556 1548 1586 in
1562 1556 1732 1596 lapidibus,
1748 1565 1878 1598 propter
1893 1559 2063 1591 siccitatem
2078 1561 2111 1591 in
2127 1571 2230 1593 unum
2251 1570 2407 1594 coarctata

1408 1606 1440 1631 et
1463 1601 1639 1640 coagulata,
1664 1602 1751 1632 velut
1769 1612 1821 1633 ros
1845 1610 1900 1634 aut
1922 1604 2047 1643 pruina,
2064 1615 2138 1639 cum
2161 1613 2320 1647 segregata
2342 1607 2408 1638 fue—

1407 1644 1456 1676 rit.
1475 1644 1538 1676 Hic
1560 1652 1668 1676 autem
1691 1652 1763 1677 ante
1786 1648 1939 1688 segregari
1953 1656 2141 1688 generantur
2162 1650 2256 1682 haec:
2276 1658 2407 1692 propter

1407 1690 1498 1730 quod
1521 1690 1652 1730 quidem
1675 1697 1750 1721 sunt
1772 1698 1808 1722 ut
1831 1701 1914 1732 aqua
1935 1692 2022 1732 haec,
2043 1701 2116 1725 sunt
2139 1702 2246 1726 autem
2269 1702 2305 1726 ut
2327 1706 2404 1726 non.

1406 1734 1553 1765 Potentia
1580 1734 1711 1775 quidem
1734 1735 1820 1766 enim
1848 1737 1977 1768 materia
2001 1748 2101 1779 aquae
2125 1746 2206 1778 erat,
2230 1746 2277 1770 est
2299 1746 2406 1770 autem

1405 1788 1472 1808 non
1504 1779 1629 1818 adhuc,
1658 1789 1763 1820 neque
1793 1790 1830 1811 ex
1864 1791 1947 1822 aqua
1977 1781 2057 1813 facta
2088 1790 2216 1823 propter
2244 1784 2406 1824 quandam

1406 1822 1599 1863 passionem,
1615 1823 1697 1855 sicut
1719 1824 1880 1857 humores.
1905 1826 2017 1867 Neque
2040 1827 2126 1858 enim
2141 1828 2184 1859 sic
2199 1827 2235 1859 fit
2256 1828 2319 1859 hoc
2333 1828 2405 1869 qui-

1405 1867 1480 1898 dem
1503 1877 1574 1906 aes,
1598 1868 1661 1899 hoc
1684 1875 1791 1900 autem
1815 1878 1947 1908 aurum;
1972 1871 2027 1901 sed
2056 1878 2127 1902 ante
2150 1871 2217 1902 fieri
2241 1873 2405 1912 coagulata

1406 1911 1603 1943 exhalatione
1619 1912 1742 1953 singula
1758 1913 1876 1945 horum
1891 1921 1974 1946 sunt.
1990 1915 2122 1956 Propter
2133 1916 2222 1957 quod
2234 1923 2264 1947 et
2279 1916 2404 1956 igniun-

1406 1963 1457 1987 tur
1489 1956 1620 1996 omnia,
1649 1964 1679 1988 et
1706 1964 1821 1988 terram
1851 1958 1984 1990 habent:
2016 1959 2131 1991 siccam
2166 1960 2250 1991 enim
2289 1960 2405 1992 habent

1406 2000 1655 2032 exhalationem:
1680 2012 1795 2033 aurum
1816 2010 1923 2034 autern
1946 2003 2053 2035 solum
2071 2015 2137 2035 non
2153 2004 2279 2045 ignitur.
2304 2005 2403 2036 Com—

1405 2045 1544 2076 muniter
1571 2046 1702 2086 quidem
1731 2046 1827 2086 igitur
1857 2047 1977 2078 dictum
2007 2055 2053 2079 est
2084 2049 2123 2079 de
2154 2049 2202 2079 his
2236 2049 2401 2080 omnibus:

1405 2089 1586 2129 singillatim
1618 2097 1726 2121 autem
1760 2091 2025 2123 considerandum
2055 2093 2288 2124 intendentibus
2323 2093 2403 2124 circa

1404 2134 1662 2175 unumquodque
1685 2145 1796 2175 genus.

1330 2230 1406 2252 vere
1435 2228 1601 2260 exercent;
1629 2221 1828 2264 principium
1852 2229 1962 2254 autem
1986 2222 2231 2256 instrumentale
2255 2231 2304 2256 est
2326 2223 2400 2257 cali-

1331 2263 1426 2300 ditas,
1443 2275 1526 2308 quae
1551 2263 1726 2298 humidum
1751 2265 1902 2306 desiccat,
1923 2275 1955 2299 et
1977 2276 2110 2310 generat
2133 2268 2244 2300 omnia
2267 2267 2396 2301 fossibi-

1330 2307 1382 2341 lia.
1404 2308 1607 2342 Huiusmodi
1627 2318 1736 2342 autem
1760 2309 1917 2342 fossibilia
1937 2319 2013 2343 sunt
2029 2322 2147 2354 genera
2163 2311 2310 2355 lapidum
2328 2324 2398 2346 non

1330 2352 1352 2385 li
1379 2352 1553 2386 uabilium:
1578 2353 1668 2398 quod
1693 2353 1770 2387 dicit
1794 2354 1834 2387 ad
1858 2354 2073 2388 differentiam
2104 2356 2310 2400 quorundam
2333 2356 2398 2390 fos-

1331 2365 1475 2430 εὶῖἰΙίυΠι
1501 2409 1585 2442 quae
1610 2406 1686 2430 sunt
1709 2398 1889 2443 liquabilia,
1916 2408 1953 2432 ut
1975 2400 2103 2440 vernix,
2127 2400 2257 2433 oricella
2278 2409 2310 2434 et
2332 2401 2397 2434 sul-

1332 2441 1435 2486 phur,
1459 2450 1491 2475 et
1507 2441 1569 2475 alia
1585 2441 1791 2483 huiusmodi3
1809 2454 1891 2487 quae
1916 2444 2027 2476 omnia
2043 2453 2238 2488 generantur
2254 2456 2272 2477 a
2291 2445 2396 2479 calido

1332 2487 1515 2519 exsiccante
1539 2486 1779 2520 exhalationem
1805 2496 1838 2520 et
1862 2498 2076 2522 consumente
2098 2488 2271 2522 humidum
2292 2498 2324 2522 et
2340 2490 2396 2522 ali-

1333 2530 1472 2575 qualiter
1495 2531 1672 2564 colorante.
1695 2532 1736 2565 Et
1759 2531 1879 2564 honum
1911 2532 2106 2566 fossibilium
2131 2533 2291 2577 quaedam
2313 2533 2397 2567 fiunt

1333 2576 1418 2608 sicut
1437 2575 1546 2619 pulvis
1570 2575 1749 2609 coloratus:
1767 2577 1852 2609 sicut
1868 2575 1921 2610 illa
1944 2589 2027 2621 quae
2047 2587 2243 2621 generantur
2258 2590 2276 2611 a
2292 2578 2396 2612 calido

1332 2619 1459 2653 fortiter
1482 2629 1697 2654 consumente
1721 2620 1896 2654 humidum
1919 2630 1951 2654 et
1974 2621 2155 2665 aliqualiter
2171 2622 2337 2664 adurente,
2360 2631 2397 2655 ut

1332 2673 1411 2698 sunt
1427 2665 1540 2697 omnia
1556 2665 1757 2709 supradicta3
1781 2665 1843 2698 alia
1866 2674 1976 2699 autem
2001 2675 2077 2699 sunt
2094 2667 2185 2711 quasi
2202 2666 2325 2711 lapides
2345 2679 2397 2710 ag-

1331 2710 1456 2753 gregati
1473 2721 1532 2753 per
1553 2709 1845 2743 condensationem
1862 2722 1901 2743 ex
1917 2710 2064 2754 pluribus
2081 2711 2237 2754 partibuS,
2253 2720 2286 2744 et
2300 2722 2396 2754 gene-

1331 2762 1445 2787 rantur
1460 2765 1501 2787 ex
1519 2753 1634 2787 eadem
1649 2754 1853 2787 exhalatione
1871 2766 1888 2787 a
1905 2754 2010 2788 calido
2033 2755 2201 2788 exhalante
2221 2755 2394 2788 humidum

1331 2797 1549 2843 superfluum,
1573 2807 1606 2832 et
1629 2798 1754 2832 fortiter
1770 2799 1964 2832 terminante
1987 2799 2162 2832 humidum
2184 2811 2259 2832 cum
2283 2800 2380 2832 sicco.

1390 2853 1418 2886 3.
1437 2842 1592 2876 Secundo
1616 2842 1676 2876 ibi:
1700 2843 1911 2877 Exhalationis
1934 2850 2033 2876 autem
2057 2852 2128 2884 etc„
2145 2843 2338 2876 determinat
2354 2843 2393 2876 de

1330 2887 1382 2920 his
1407 2899 1490 2932 quae
1514 2887 1597 2920 fiunt
1621 2887 1659 2920 ab
1676 2887 1880 2921 exhalatione
1904 2887 2047 2921 humida.
2066 2888 2107 2920 Et
2130 2888 2213 2920 circa
2236 2887 2301 2922 hoc
2325 2887 2392 2920 duo

1329 2931 1422 2965 facit:
1463 2933 1547 2965 rimo
1563 2933 1706 2975 assignat
1722 2943 1853 2965 causam
1866 2932 2084 2976 generationis
2097 2943 2212 2965 eorum
2221 2944 2230 2973 ;
2247 2931 2391 2965 secundo

1330 2985 1425 3009 osten
1450 2977 1475 3009 it
1497 2976 1636 3010 modum
1660 2985 1692 3009 et
1715 2976 1824 3009 locum
1848 2977 2067 3020 generationis
2084 2987 2208 3016 eorum,
2226 2975 2286 3009 ibi:
2306 2976 2393 3010 Facit

1329 3027 1430 3054 autem
1453 3021 1468 3038 *
1492 3030 1552 3054 etc.
1570 3021 1660 3054 Dicit
1683 3032 1760 3064 ergo
1785 3021 1907 3065 primo,
1935 3020 2024 3064 quod
2047 3019 2102 3053 illa
2125 3032 2207 3064 quae
2231 3020 2391 3053 metallan-

1331 3072 1392 3106 tur,
1410 3065 1494 3098 idest
1517 3065 1637 3098 habent
1660 3064 1799 3098 formam
1823 3064 1955 3105 metalli,
1995 3073 2167 3097 enerantur
2186 3064 2392 3097 materialiter

1330 3122 1369 3143 ex
1391 3121 1554 3153 vaporosa
1570 3108 1785 3150 exhalatione,
1803 3118 1835 3142 et
1858 3121 1875 3142 a
1891 3076 2010 3152 frigido
2027 3117 2292 3142 commensurate
2317 3120 2392 3141 coa-

1329 3154 1462 3198 gulante
1478 3153 1625 3186 effective
1641 3153 1943 3186 instrumentaliter:
1967 3152 2145 3197 principale
2165 3162 2275 3186 autem
2291 3164 2390 3196 agens

1328 3207 1377 3231 est
1398 3199 1501 3231 virtus
1519 3197 1664 3230 caelestis
1681 3197 1855 3238 mineralis,
1873 3198 1957 3230 sicut
1970 3209 2068 3241 supra
2084 3197 2234 3230 diximus.
2252 3197 2294 3230 Et
2309 3198 2389 3230 isto-

1327 3254 1400 3275 rum
1426 3241 1587 3286 quaedam
1611 3250 1687 3274 sunt
1719 3241 1870 3282 fusibilia,
1887 3250 1919 3274 et
1948 3241 2108 3286 quaedam
2133 3241 2315 3274 ductibilia:
2340 3241 2389 3274 fu-

1327 3286 1432 3319 sibilia
1455 3298 1513 3319 seu
1534 3285 1700 3330 liquabilia
1716 3295 1803 3326 sunt,
1820 3297 1902 3330 quae
1919 3285 1993 3329 plus
2010 3285 2169 3319 accedunt
2185 3285 2224 3319 ad
2240 3294 2389 3319 naturam

1327 3330 1454 3363 humidi
1485 3342 1584 3374 quam
1616 3330 1715 3371 sicci,
1738 3331 1822 3363 sicut
1849 3339 2004 3363 stannum
2031 3339 2087 3363 aut
2114 3329 2307 3374 plumbum;
2331 3330 2388 3363 sed

1327 3374 1493 3408 ductibilia
1517 3383 1603 3415 sunt,
1626 3386 1709 3419 quae
1733 3374 1853 3407 habent
1881 3374 2056 3407 humidum
2088 3385 2141 3406 ma
2166 3375 2192 3407 is
2216 3374 2389 3407 reductum

1326 3419 1366 3452 ad
1390 3418 1536 3452 medium
1561 3430 1619 3463 per
1642 3419 1777 3459 siccum,
1801 3427 1838 3451 ut
1861 3427 1937 3452 sunt
1961 3430 1998 3451 ea
2027 3419 2062 3451 in
2089 3419 2144 3463 qui
2167 3430 2207 3451 us
2231 3427 2280 3452 est
2302 3418 2389 3451 bona

1326 3464 1512 3496 terminatio
1529 3464 1606 3496 sicci
1623 3472 1656 3496 et
1678 3462 1816 3504 humidi,
1833 3463 1917 3496 sicut
1940 3463 1973 3495 in
1997 3474 2077 3496 auro
2099 3471 2172 3503 etc.,
2189 3471 2245 3496 aut
2267 3463 2301 3495 in
2319 3464 2389 3507 qui-

1325 3507 1386 3540 bus
1411 3516 1460 3540 est
1475 3507 1651 3540 humidum
1673 3508 1841 3540 viscosum
1857 3518 1926 3540 non
1949 3507 2031 3540 bene
2056 3506 2233 3551 separabile
2253 3519 2270 3540 a
2290 3507 2388 3547 sicco,

1326 3552 1410 3584 sicut
1422 3551 1554 3592 ferrum,
1568 3551 1658 3596 quod
1671 3551 1860 3584 calefactum
1873 3552 1939 3584 ictu
1953 3551 2061 3584 mallei
2074 3551 2267 3584 extenditur.
2280 3551 2388 3584 Scien-

1326 3595 1407 3629 dum
1430 3604 1479 3629 est
1495 3604 1615 3637 autem,
1633 3595 1723 3640 quod
1740 3607 1878 3640 corpora
1894 3607 1977 3640 quae
1997 3595 2049 3629 hic
2066 3595 2219 3629 dicuntur
2235 3594 2386 3636 fusibilia,

2418 3026 2430 3037 ⁴*
2444 3026 2515 3048 Num.
2529 3032 2579 3054 seq.
