2782 4134
378 253 457 300 408

447 326 469 364 ἦ
494 328 638 371 μετρίοις
662 323 832 377 χρωμένης
858 319 991 362 ὕδασιν,
1018 319 1039 357 ἦ
1063 322 1121 352 καὶ
1150 319 1279 361 μᾶλλον
1306 318 1375 361 αὐχ
1402 315 1443 347 ώ-

446 383 517 412 σης,
538 369 570 402 ἕν
593 381 626 402 τι
651 380 765 413 μοριον
787 365 912 404 ὕδατος
940 365 1080 410 ἄφθονον
1104 362 1272 407 λαμβάνει
1298 362 1367 397 πλῆ
1394 372 1438 398 ος.

446 416 559 448 Αἴτιον
585 409 615 445 δ’
637 412 690 445 ὅτι
715 414 756 450 ὠς
782 414 840 456 μέν
867 411 915 444 τοὶ
939 408 1065 449 πολλοὶ,
1085 407 1126 440 τὸ
1153 404 1241 439 αὐτὸ
1260 403 1367 443 ποίθος
1386 405 1439 436 ἐπὶ

449 461 551 491 πλείω
583 453 710 494 διήκειν
744 457 829 495 εἰκὸς
862 454 994 501 χώραν,
1028 449 1087 483 διαὶ
1117 451 1158 483 τὸ
1193 450 1438 493 παραπλησίως

446 502 576 535 κεῖσθαι
601 501 681 544 πρὸς
707 501 766 534 τὸν
791 501 885 539 ἥλιον
903 498 950 530 τοὶ
966 496 1141 548 σύνεγγυς,
1160 494 1218 526 ἒάν
1236 493 1284 538 μή
1308 496 1342 548 τι
1366 488 1442 524 δια-

447 547 549 592 φοροὶν
576 545 692 591 ἔχωσιν
717 541 821 577 ἴδιον·
849 544 886 576 οὗ
911 541 976 586 μην
1004 541 1076 572 ἀλλ’
1106 540 1213 571 ενίοτε
1243 549 1341 570 κατα
1364 532 1439 570 τοδὶ

447 592 505 636 μέν
536 590 578 623 τὸ
608 589 704 634 μέρος
729 591 749 626 ἡ
775 589 860 632 ξηροὶ
891 584 1109 628 ἀναθυμίασις
1137 582 1274 628 ἐγένετο
1300 583 1437 620 πλείων,

446 635 542 668 κατά
565 629 602 665 δέ
628 634 668 665 τό
696 633 779 665 ἄλλο
805 635 824 670 ἡ
853 626 1062 674 ἀτμιδοίδης,
1084 627 1143 660 ὁτὲ
1168 623 1206 659 δὲ
1223 626 1438 660 τούναντίον.

446 681 511 711 Καὶ
538 678 647 711 αὐτοῦ
672 672 709 709 δὲ
734 677 859 710 τούτου
892 676 1003 706 αἴτιον
1030 673 1069 705 τὸ
1101 670 1267 716 ἑκατέραν
1293 671 1441 714 μεταπί-

447 735 543 757 πτειν
568 723 612 760 εἱς
637 721 700 758 τήν
717 723 778 767 γῆς
799 718 956 765 ἐχομένης
982 717 1094 763 χώρας
1113 715 1351 768 ἀναθυμίασιν,
1371 715 1439 746 οἷον

448 769 469 805 ἡ
494 768 552 811 μὲν
578 765 662 810 ξηροὶ
685 766 780 798 κατοί
804 765 866 801 τήν
892 763 1017 794 οἰκείαν
1042 763 1092 807 ῥεῖ
1113 760 1239 806 χώραν,
1262 761 1283 797 ἡ
1304 760 1333 791 ὀ’
1355 758 1442 806 ὑγροὶ

448 811 527 856 πρὸς
553 812 615 848 τήν
665 810 854 850 ειτνιῶσαν,
874 806 895 844 ’ἢ
911 809 969 839 καὶ
995 807 1040 844 εἰς
1065 806 1133 838 τῶν
1159 804 1205 837 πό
1226 817 1269 850 ρω
1288 804 1368 836 τινα
1384 802 1441 836 τό·

447 867 508 888 πον
529 822 683 891 ἀπεώσθη
704 853 769 886 ὑπὸ
788 851 1010 895 πνευμάτων·
1039 850 1098 882 tire*
1115 844 1143 881 δ’
1167 850 1257 887 αὐτη
1276 849 1336 893 μέν
1355 848 1440 892 ἔμει-

446 912 518 940 νεν,
545 900 565 935 ἣ
590 895 619 930 δ’
649 900 788 931 ἐναντία
813 896 945 929 ταύτὸν
972 896 1141 932 ἐποίησεν.
1175 896 1240 926 Καὶ
1265 892 1441 937 συμβαίνει

446 945 551 977 τοῦτο
573 942 749 983 πολλάκις,
769 940 880 985 ὥσπερ
903 941 957 973 ἐπὶ
982 940 1044 973 τοῦ
1063 938 1234 983 σώματος,
1254 938 1312 970 ἑοὶν
1332 937 1352 974 ’ἦ
1373 937 1440 969 ἄνω

444 989 556 1019 κοιλία
581 986 666 1032 ξηροὶ
691 984 726 1030 ᾗ,
754 986 818 1023 τήν
843 985 940 1018 κσίτω
967 985 1127 1021 ἐναντίως
1152 978 1356 1023 διακεῗσθαι,
1381 983 1439 1013 καὶ

445 1031 577 1069 ταύτης
602 1030 702 1076 ξηρᾶς
735 1031 852 1072 οὔσης,
880 1029 985 1076 ὖγροὶν
1010 1025 1096 1060 εἶναι
1121 1027 1184 1064 τήν
1213 1027 1279 1060 α”νω
1302 1027 1362 1058 καὶ
1386 1025 1442 1070 ψυ-

444 1076 541 1121 χροὶν,
565 1074 653 1108 οὕτω
678 1077 736 1107 καὶ
762 1077 836 1117 περὶ
862 1075 941 1112 τούς
968 1072 1095 1115 τόπους
1123 1070 1441 1117 ἀντιπεριίστασθαι

443 1121 502 1152 καὶ
526 1118 756 1164 μεταβάλλειν
782 1119 845 1158 τοὶς
872 1116 1123 1173 ἀναθυμιάσεις.

371 1170 446 1201 Ἔτι
471 1159 508 1196 δὲ
532 1163 622 1209 μετοί
639 1177 677 1198 τε
699 1163 779 1202 τούς
797 1163 938 1208 ὄμβρους
964 1173 1084 1205 ανεμος
1109 1161 1151 1198 ὥς
1178 1160 1226 1193 ‘roi
1248 1159 1373 1200 πολλοὶ,
1393 1161 1442 1204 γί-

444 1220 540 1241 νεται
565 1209 597 1240 ἐν
625 1207 761 1246 ἐκείνοις
786 1212 855 1246 τοῖς
882 1207 1002 1244 τόποις
1027 1205 1103 1237 καθ’
1134 1205 1188 1243 οὓς
1216 1203 1254 1237 ἂν
1284 1203 1440 1248 συμπέσῃ

443 1252 594 1298 γίνεσθαι
619 1253 698 1291 τούς
729 1253 891 1296 ὄμβρους,
916 1253 975 1283 καὶ
999 1251 1048 1283 τοὶ
1073 1249 1257 1293 πνεύματα
1290 1248 1442 1282 παύεται

445 1292 571 1335 ὕδατος
603 1296 802 1343 γενομένου·
833 1297 952 1329 ταῦτα
980 1295 1044 1340 γοίρ
1081 1293 1212 1341 ἀνάγκη
1245 1294 1440 1336 συμβαίνειν

444 1337 503 1373 8ιοὶ
526 1341 589 1378 τοὶς
614 1341 788 1386 εἰρημένας
812 1340 935 1386 ἀρχοίς·
964 1338 1108 1375 ὕσαντός
1131 1351 1169 1372 τε
1186 1338 1265 1384 γὰρ,
1286 1339 1306 1375 ’ἡ
1324 1338 1368 1384 γῆ
1386 1338 1443 1379 ξη-

443 1386 620 1430 ραινομένη
648 1385 715 1418 ύπό
740 1399 778 1420 τε
805 1387 867 1418 τοῦ
893 1386 926 1417 ἑν
953 1381 1046 1426 αὐτῇ
1073 1381 1193 1428 θερμοῦ
1217 1384 1277 1414 καὶ
1296 1381 1362 1414 ὑπὸ
1381 1383 1443 1415 τοῦ

446 1430 568 1462 ἀνωθεν
592 1429 696 1463 ἀναθυ
725 1431 837 1472 ιόἶται,
857 1430 962 1463 τοῦτο
981 1424 1011 1459 ’δ’
1033 1424 1073 1465 ’ἦν
1093 1427 1218 1472 ἀνέμου
1238 1427 1350 1472 σῶμα.
1377 1428 1442 1458 Καὶ

446 1474 530 1507 ὅταν
555 1476 576 1511 ἡ
602 1486 750 1513 τοιαυτη
777 1474 951 1520 ἀπόκρισις
978 1471 1000 1516 ᾗ
1023 1472 1083 1504 καὶ
1110 1471 1226 1516 ἄνεμοι
1254 1471 1442 1517 κατέχωσι,

446 1517 644 1563 παυομένων
669 1515 728 1552 8ιά
752 1521 793 1553 vd
820 1515 1060 1564 ἀποκρίνεσθαι
1089 1517 1131 1550 τὸ
1156 1516 1274 1562 Θερμόν
1302 1517 1353 1549 ἀεὶ
1384 1518 1443 1548 καί

448 1562 672 1608 ἀναφέρεσθαι
697 1565 741 1602 εἰς
767 1564 826 1597 τὸν
854 1564 921 1596 ἄνω
947 1561 1054 1595 τόπον
1075 1564 1281 1594 συνίσταται
1302 1561 1323 1598 ἡ
1343 1558 1444 1605 ἀτμὶς

445 1607 614 1653 ψυχομένη
647 1611 704 1640 καὶ
736 1611 870 1655 γίνεται
903 1602 1008 1650 ὕδωρ,
1039 1609 1099 1639 καὶ
1131 1605 1216 1639 ὅταν
1242 1606 1286 1643 εἰς
1313 1604 1444 1638 ταύτὸν

445 1650 634 1685 συνωσθῶσι
659 1654 707 1686 τοὶ
730 1653 809 1697 νέφη
835 1653 893 1685 καὶ
915 1652 1141 1694 ἀντιπεριστῇ
1167 1651 1211 1688 εἰς
1238 1650 1332 1682 αὐτοὶ
1349 1651 1370 1687 ἡ
1388 1648 1445 1725 tgu-

446 1697 511 1739 ξις,
538 1692 623 1740 ὕδωρ
649 1700 783 1744 γίνεται
807 1698 866 1730 καὶ
889 1694 1029 1740 καταψό
1058 1708 1086 1728 ει
1111 1695 1174 1733 τήν
1200 1695 1303 1750 ξηράν
1325 1695 1390 1728 ἀνα
1412 1706 1445 1726 υ-

446 1745 572 1787 μίασιν.
613 1741 761 1774 Παόουσί
794 1742 825 1774 τ’
854 1740 910 1774 οὖν
945 1741 992 1774 τά
1025 1707 1141 1774 &aaron
1171 1750 1334 1787 γινομενα
1366 1738 1446 1776 τούς

449 1785 609 1828 ἀνέμους,
635 1788 694 1819 καὶ
719 1785 918 1831 παυομένων
951 1785 1047 1818 αὐτοὶ
1070 1787 1203 1832 γίνεται
1228 1781 1287 1817 ’διαὶ
1309 1783 1446 1821 ταύτας

447 1831 510 1868 τοὶς
537 1830 666 1869 αἰτίας.

373 1877 450 1910 Ἔτι
475 1871 512 1907 δὲ
538 1875 600 1906 τοῦ
625 1874 777 1922 γίνεσθαι
801 1873 954 1919 μάλιστα
980 1872 1165 1917 πνεύματα
1191 1873 1249 1906 ἀπ’
1272 1869 1382 1909 αὐτῆς
1407 1884 1446 1905 τε

447 1920 510 1957 τῆς
538 1918 661 1961 ἄρκτου
693 1921 751 1951 καὶ
776 1919 982 1964 μεσημβρίας
1010 1919 1050 1951 τὸ
1078 1919 1166 1951 αὐτὸ
1194 1920 1324 1951 αἴτιον”
1353 1917 1446 1948 πλεῖ·

448 1975 525 1997 στοι
546 1963 614 2019 ’γάρ
638 1963 755 2009 βορέαι
778 1965 836 1995 καὶ
861 1962 955 1996 νότοι
980 1965 1136 2009 γίνονται
1161 1963 1228 1996 τῶν
1252 1961 1402 2005 ἀνέμων·
1431 1962 1446 1993 ὀ

447 2009 512 2055 γοὶρ
538 2009 631 2046 ηλιος
663 2008 806 2045 τούτους
834 2007 956 2062 μόνους
983 2008 1042 2039 οὐκ
1074 2006 1259 2052 ἐπέρχεται
1285 2005 1364 2043 τούς
1391 2004 1449 2038 τό-

449 2065 543 2092 πους,
564 2052 654 2085 ἀλλά
674 2053 754 2094 πρὸς
779 2064 924 2090 τουτους
948 2053 1006 2083 καὶ
1034 2052 1102 2085 ἀπὸ
1127 2051 1275 2092 τούτων,
1296 2049 1349 2083 ἐπὶ
1370 2045 1446 2082 δυσ-

449 2098 513 2142 μοίς
538 2092 577 2129 δὲ
599 2098 656 2129 καὶ
683 2096 733 2130 ἐπ’
764 2094 936 2134 ἀνατολάς
964 2095 1015 2128 ἀεὶ
1041 2096 1196 2141 φέρεται·
1223 2095 1275 2128 διό
1301 2095 1349 2128 τοὶ
1364 2094 1444 2139 νέφη

448 2144 653 2174 συνίσταται
670 2142 704 2173 ἑν
729 2145 800 2179 τοῖς
819 2142 990 2188 πλαγίοις,
1008 2143 1066 2173 καὶ
1090 2144 1224 2188 γίνεται
1246 2138 1445 2184 προσιόντος

447 2186 506 2230 μὲν
532 2186 552 2222 ἡ
581 2185 801 2230 ἀναθυμίασις
824 2187 885 2218 τοῦ
907 2186 1022 2232 ὑγροῦ,
1044 2185 1207 2223 ἀπιόντος
1231 2180 1270 2216 δὲ
1287 2184 1367 2229 πρὸς
1386 2183 1446 2217 τὸν

449 2230 601 2263 ἐναντίον
633 2230 742 2262 τόπον
774 2225 889 2263 ὕδατα
920 2230 978 2262 καὶ
1010 2230 1181 2276 χειμῶνες.
1216 2228 1279 2261 Διοὶ
1301 2229 1361 2273 μὲν
1389 2227 1444 2261 οὖν

448 2275 512 2312 τήν
536 2275 639 2318 φοράν
663 2275 727 2311 τήν
754 2275 807 2308 ἐπὶ
840 2274 969 2320 τροπάς
1002 2276 1060 2307 καὶ
1095 2275 1164 2308 ἀπὸ
1194 2275 1328 2306 τοοπῶν
1353 2271 1444 2318 θέρος

448 2332 485 2353 τε
502 2320 635 2367 γίνεται
654 2321 711 2351 καὶ
731 2319 872 2373 χειμών,
891 2321 948 2351 καὶ
968 2318 1138 2366 ἀνοίγεταί
1156 2319 1186 2352 τ’
1210 2306 1277 2351 ἀνω
1297 2317 1338 2351 τὸ
1357 2314 1443 2363 ὕδωρ

446 2366 503 2397 καὶ
554 2366 663 2396 ίνεται
688 2365 810 2396 παλιν·
838 2364 911 2396 ἐπεὶ
936 2358 973 2396 δέ
999 2365 1160 2397 πλεῖστον
1186 2363 1245 2408 μὲν
1270 2363 1446 2405 καταβαί-

448 2420 494 2441 νει
521 2422 538 2440 υ
562 2421 605 2452 ωρ
637 2408 669 2441 ἐν
695 2407 832 2446 τούτοις
864 2412 935 2446 τοῖς
967 2407 1086 2446 τόποις
1112 2408 1160 2452 ἐφ’
1190 2408 1245 2446 οὓς
1278 2406 1445 2453 τρέπεται

446 2455 504 2486 καὶ
531 2454 583 2499 ἀφ’
608 2452 665 2494 ὢν,
685 2452 780 2486 οὗτοι
804 2448 835 2485 δ’
859 2453 939 2485 εἰσὶν
959 2452 975 2485 ὅ
992 2465 1031 2485 τε
1058 2453 1138 2498 πρός
1161 2452 1284 2497 ἄρκτον
1309 2455 1367 2485 καὶ
1392 2465 1447 2498 με-

447 2498 632 2543 σημβρίαν,
667 2496 750 2530 ὅπου
782 2493 820 2530 δὲ
852 2499 1012 2530 πλεῖστον
1046 2494 1131 2542 ὕδωρ
1162 2498 1183 2534 ἡ
1209 2497 1254 2544 γῆ
1287 2493 1445 2542 δέχεται,

450 2542 600 2575 ἐνταῦθα
631 2543 794 2580 πλείστην
829 2542 1016 2589 ἀναγκαῖον
1048 2540 1198 2588 γίνεσθαι
1230 2541 1294 2578 τήν
1326 2541 1447 2575 ἀναθυ-

449 2588 576 2629 μίασιν,
596 2587 839 2629 παραπλησίως
862 2587 928 2619 οἷον
951 2587 987 2619 ἐκ
1011 2587 1148 2631 χλωρῶν
1167 2584 1275 2627 ξύλων
1299 2587 1445 2627 καπνὸν,

450 2632 470 2668 ἡ
496 2627 524 2663 δ’
555 2631 774 2675 ἀναθυμίασις
809 2629 897 2669 αὕτη
935 2631 1055 2674 ἄνεμός
1089 2629 1202 2672 ἐστιν,
1234 2628 1381 2678 εὐλόγως
1409 2631 1447 2663 οἶν

451 2673 506 2708 οὖν
529 2675 678 2710 ἐντεῦθεν
699 2678 827 2721 γίνοιτο
845 2676 894 2708 τοὶ
910 2677 1058 2708 πλεῖστα
1082 2677 1139 2708 καὶ
1159 2675 1360 2720 κυριώτατα
1380 2676 1447 2708 τῶν

451 2719 664 2765 πνευμάτων.
702 2721 900 2752 Καλοῦνται
924 2715 954 2752 δ’
986 2722 1014 2752 οἱ
1044 2719 1103 2764 μὲν
1132 2720 1201 2753 ἀπὸ
1233 2720 1296 2758 τῆς
1323 2720 1448 2764 ἄρκτου

451 2764 579 2809 βορέαι,
607 2767 635 2798 οἰ
660 2760 690 2796 δ’
721 2765 789 2798 ἀπὸ
815 2765 877 2802 τῆς
902 2764 1110 2810 μεσημβρίας
1136 2764 1243 2798 νότοι.

445 2862 583 2890 SYNOPSIS
600 2878 634 2883 —
655 2871 678 2890 ι.
690 2863 901 2899 Argumentum
917 2868 945 2891 et
959 2861 1063 2891 divisio
1077 2867 1180 2890 textus.
1190 2878 1211 2883 -
1225 2869 1252 2890 2.
1270 2861 1450 2900 Principium

386 2901 535 2930 materiale
551 2907 710 2930 ventorum.
733 2903 823 2937 Duae,
845 2908 877 2929 ut
891 2901 997 2939 pluries
1015 2902 1124 2930 dictum
1146 2908 1197 2938 est,
1213 2908 1280 2930 sunt
1294 2901 1451 2930 exhalatio-

386 2950 451 2969 nes:
474 2941 601 2975 humida,
616 2950 690 2978 quae
704 2948 823 2970 vocatur
837 2951 946 2978 vapor;
961 2948 989 2970 et
1003 2942 1088 2976 sicca,
1106 2950 1189 2979 quae,
1205 2941 1274 2979 quia
1288 2951 1349 2970 non
1365 2943 1451 2970 habet

386 2990 494 3009 nomen
508 2990 672 3016 commune,
687 2982 722 3009 ab
737 2981 834 3018 aliqua
849 2981 892 3009 sui
907 2988 987 3018 parte
1002 2987 1122 3010 vocatur
1127 2983 1243 3020 sumus.
1257 2997 1277 3002 -
1294 2982 1319 3010 3.
1336 2982 1450 3010 Princi-

383 3021 464 3058 pium
489 3021 620 3059 efficiens
645 3027 804 3049 ventorum.
835 3022 894 3049 Suo
923 3022 1017 3050 calore
1046 3022 1089 3050 sol
1111 3031 1171 3050 non
1193 3021 1289 3050 solum
1311 3022 1402 3050 elevat
1423 3029 1451 3050 et

387 3060 502 3088 attrahit
515 3070 566 3097 per
580 3060 815 3097 evaporationem
837 3061 989 3089 humidum
1011 3070 1044 3090 ex
1065 3061 1156 3098 aquis,
1178 3062 1227 3089 sed
1243 3061 1329 3089 etiam
1343 3068 1451 3090 terram

389 3100 523 3135 desiccat;
539 3107 566 3128 et
580 3100 619 3129 ita
633 3101 718 3129 simul
731 3107 830 3129 causat
843 3101 1050 3130 resolutionem
1068 3100 1257 3130 exhalationis
1277 3101 1418 3130 fumosae.
1432 3118 1452 3123 -

388 3149 417 3174 4.
430 3140 586 3168 Gener-atio
601 3146 760 3168 ventorum.
777 3142 906 3169 Duarum
920 3141 1134 3170 exhalationurn
1146 3150 1221 3178 quae
1236 3150 1269 3169 ex
1285 3148 1367 3170 motu
1381 3141 1451 3170 solis

389 3186 549 3216 causantur,
564 3180 612 3208 illa
632 3189 707 3217 quae
727 3180 791 3217 plus
810 3181 895 3209 habet
909 3181 944 3209 de
959 3181 1091 3215 humido,
1106 3187 1149 3210 est
1169 3180 1343 3218 principium
1357 3190 1451 3219 aquae

389 3219 513 3255 pluviae:
529 3219 603 3248 sicca
616 3229 684 3248 vero
700 3219 841 3249 exhalatio
856 3227 898 3249 est
912 3220 1086 3258 principium
1100 3227 1262 3250 ventorum.
1274 3237 1293 3242 -
1305 3221 1330 3249 5.
1343 3222 1451 3250 Textus

390 3258 555 3287 subdivisio.
569 3275 588 3280 -
602 3259 797 3288 Manifestatur
811 3269 862 3297 per
875 3260 1017 3289 rationem
1033 3261 1112 3298 quod
1127 3261 1236 3289 dictum
1258 3267 1300 3289 est
1313 3261 1350 3289 de
1363 3270 1450 3299 gene-

391 3297 501 3326 ratione
515 3305 675 3327 ventorum.
690 3315 708 3320 -
724 3300 751 3328 6.
766 3300 974 3328 Excluduneur
989 3309 1028 3328 ex
1042 3300 1126 3329 dictis
1133 3301 1235 3340 salsae
1249 3301 1400 3338 opiniones
1414 3302 1450 3329 de

391 3338 490 3365 ventis.
507 3339 542 3366 Et
552 3339 650 3376 primo
665 3338 822 3367 excluditur
836 3339 936 3376 opinio
956 3349 1059 3368 eorum
1081 3340 1130 3377 qui
1152 3347 1312 3377 posuerunt
1326 3341 1449 3369 eandem

391 3385 452 3404 esse
473 3383 604 3405 naturam
618 3378 731 3415 pluviae
752 3386 779 3407 et
800 3379 885 3413 venti,
901 3379 1027 3408 dicentes
1042 3381 1122 3417 quod
1144 3380 1221 3408 idem
1235 3390 1285 3409 aer
1299 3381 1369 3409 dum
1386 3390 1449 3409 mo-

391 3422 472 3444 vetur
493 3422 535 3444 est
554 3423 669 3453 ventus,
698 3419 767 3446 dum
793 3420 988 3447 condensatur
1013 3426 1056 3447 est
1076 3429 1161 3457 aqua.
1184 3421 1242 3448 Sed
1269 3420 1449 3448 diversorum

392 3462 459 3483 sunt
479 3456 581 3484 diversi
602 3457 733 3492 effectu33
755 3458 948 3487 exhalationes
969 3465 1066 3487 autem
1095 3469 1169 3496 quae
1189 3466 1255 3488 sunt
1275 3460 1449 3497 principium

392 3495 504 3532 pluviae
526 3502 552 3524 et
566 3496 651 3532 venti,
673 3497 808 3526 differunt
827 3499 987 3527 secundum
1004 3498 1156 3527 humidum
1173 3506 1201 3528 et
1215 3499 1331 3528 siccum.
1349 3516 1370 3522 -·
1382 3501 1449 3535 Aer,

1084 237 1672 281 METEOROLOGICORUM
1700 236 1795 272 LIB.
1826 237 1858 272 II

1564 323 1671 347 utente
1687 315 1789 357 aquis,
1813 322 1868 346 aut
1882 322 1912 346 et
1928 315 2035 356 magis
2051 314 2143 353 sicca,
2163 323 2228 345 una
2243 312 2351 353 aliqua
2373 321 2446 352 pars
2469 322 2571 354 aquae

1563 361 1729 401 copiosam
1752 359 1865 400 accipit
1894 359 2144 390 multitudinem.
2177 358 2283 390 Causa
2305 364 2414 389 autem
2436 357 2512 399 quia
2534 364 2572 388 ut

1564 405 1741 435 secundum
1754 404 1930 445 plurimum
1944 404 2087 445 quidem,
2101 403 2234 433 eandem
2250 402 2433 443 passionem
2448 403 2488 432 ad
2502 402 2572 443 plu-

1562 449 1677 479 rimam
1694 448 1870 489 pertingere
1886 448 2055 478 verisimile
2071 447 2233 488 regionem
2243 470 2251 485 ,
2269 446 2345 487 quia
2360 446 2503 477 similiter
2514 456 2571 487 po·-

1563 499 1685 524 nuntur
1706 493 1747 523 ad
1768 493 1870 524 solem
1893 502 1974 534 quae
1991 500 2113 532 prope·,
2135 491 2195 522 nisi
2212 491 2333 532 aliquid
2356 490 2500 521 differens
2516 490 2571 521 ha-

1562 537 1657 568 beant
1672 537 1850 578 proprium.
1876 536 2066 574 Quinimmo
2092 536 2264 577 aliquando
2289 535 2466 566 secundum
2489 534 2572 566 hanc

1563 582 1695 622 quidem
1719 588 1840 622 partem
1864 581 1945 612 sicca
1976 580 2132 611 exhalatio
2159 580 2241 611 facta
2264 586 2311 610 est
2341 579 2498 620 amplior,
2522 589 2571 610 se-

1563 626 1707 658 cundum
1731 626 1825 656 aliam
1849 632 1957 656 autem
1971 633 2148 666 vaporosa:
2174 624 2347 666 aliquando
2363 630 2472 654 autem
2495 633 2570 654 con-

1563 669 1704 701 trarium.
1738 670 1780 701 Et
1802 669 1903 711 ipsius
1927 676 2035 700 autem
2067 669 2163 700 huius
2190 679 2307 707 causa,
2335 667 2410 710 quia
2436 675 2572 709 utraque

1563 714 1755 746 transcendit
1776 714 1809 744 in
1833 713 1957 745 habitae
1974 713 2112 754 regionis
2129 712 2378 744 exhalationem:
2396 719 2475 753 puta
2490 711 2573 743 sicca

1563 759 1695 800 quidem
1710 759 1889 789 secundum
1911 758 2074 799 propriam
2090 758 2254 798 regionem
2270 757 2350 796 fluit,
2367 767 2450 798 quae
2463 763 2573 788 autem

1562 803 1706 842 humida,
1721 803 1762 833 ad
1776 802 1925 842 vicinam,
1945 809 2000 833 aut
2017 809 2048 833 et
2062 802 2094 833 in
2111 802 2252 844 aliquem
2270 808 2471 832 remotorum
2485 801 2573 833 loco-

1556 858 1636 883 ¹rum
1655 847 1809 888 propulsa
1837 853 1884 878 est
1906 857 1925 877 a
1948 847 2132 887 spiritibus;
2157 846 2330 888 aliquando
2360 853 2468 877 autem
2494 845 2573 877 haec

1562 891 1694 933 quidem
1716 891 1848 930 mansit,
1872 891 2029 922 contraria
2051 898 2159 922 autem
2181 891 2269 922 idem
2291 890 2374 922 fecit.
2397 891 2438 922 Et
2460 890 2574 922 accidit

1562 936 1625 966 hoc
1641 945 1745 976 saepe,
1769 935 1852 966 sicut
1873 935 1906 966 in
1923 945 2056 976 corpore
2080 935 2269 966 animalium
2292 935 2318 966 si
2339 934 2484 976 superior
2497 944 2572 965 ven-

1562 987 1614 1011 tus
1638 979 1738 1011 siccus
1762 979 1877 1018 fuerit,
1901 979 2032 1010 inferior
2055 986 2164 1010 autem
2187 979 2342 1011 contrarie
2372 979 2572 1020 disponatur,

1563 1032 1594 1056 et
1609 1024 1672 1055 hoc
1686 1024 1770 1055 sicco
1787 1024 1949 1062 existente,
1964 1023 2138 1055 humidum
2161 1034 2229 1055 esse
2252 1023 2450 1066 superiorem
2473 1029 2504 1055 et
2518 1023 2572 1054 fri-

1563 1069 1686 1110 gidum,
1701 1068 1746 1100 sic
1762 1075 1792 1100 et
1808 1068 1889 1100 circa
1903 1067 1976 1099 loca
1992 1068 2237 1109 antiperistasim
2259 1067 2325 1109 pati
2348 1074 2380 1108 et
2399 1067 2574 1108 permutari

1564 1113 1787 1145 exhalationes.

1496 1158 1612 1190 Adhuc
1636 1165 1743 1189 autem
1766 1164 1840 1198 post
1858 1157 1975 1188 imbres
1997 1163 2123 1196 ventus,
2147 1163 2184 1189 ut
2199 1157 2378 1188 secundum
2401 1156 2513 1196 multa,
2536 1155 2577 1198 fit

1563 1203 1597 1234 in
1620 1202 1681 1233 illis
1697 1202 1776 1233 locis
1791 1201 1969 1232 secundum
1988 1211 2071 1242 quae
2087 1201 2252 1242 contigerit
2271 1200 2368 1232 fuisse
2382 1200 2518 1233 imbres:
2543 1204 2575 1232 et

1565 1247 1691 1288 spiritus
1716 1253 1847 1285 cessant,
1864 1255 1948 1288 aqua
1971 1245 2061 1277 facta.
2087 1246 2160 1277 Hoc
2182 1245 2269 1276 enim
2292 1255 2418 1277 necesse
2434 1245 2575 1288 accidere

1564 1298 1694 1333 propter
1708 1291 1790 1322 dicta
1801 1289 1965 1332 principia.
1982 1290 2069 1321 Cum
2085 1290 2172 1321 enim
2183 1289 2309 1332 pluerit,
2325 1297 2407 1321 terra
2421 1289 2576 1323 desiccata

1564 1337 1604 1367 ab
1628 1345 1666 1367 eo
1691 1335 1780 1377 quod
1803 1335 1836 1366 in
1859 1335 1928 1376 ipsa
1958 1334 2060 1366 calido
2093 1342 2123 1366 et
2152 1335 2192 1366 ab
2223 1344 2262 1366 eo
2295 1334 2386 1376 quod
2415 1334 2574 1376 desuper,

1566 1380 1707 1419 exhalat3
1731 1380 1794 1410 hoc
1817 1386 1925 1410 autem
1948 1386 2014 1410 erat
2035 1379 2122 1410 venti
2141 1389 2268 1420 corpus.
2291 1379 2334 1411 Et
2349 1388 2426 1410 cum
2440 1377 2511 1413 talis
2525 1389 2575 1411 se-

1564 1424 1704 1466 gregatio
1728 1424 1832 1462 fuerit,
1857 1430 1888 1455 et
1909 1424 1995 1455 venti
2018 1424 2192 1463 obtineant,
2216 1423 2476 1466 cessantibusque
2498 1422 2576 1469 quia

1566 1475 1746 1510 segregatur
1765 1468 1904 1500 calidum
1920 1478 2045 1509 semper
2069 1475 2099 1500 et
2114 1478 2242 1499 sursum
2257 1467 2356 1500 fertur
2375 1468 2408 1499 in
2431 1467 2576 1511 superio-

1566 1524 1634 1546 rem
1657 1514 1777 1552 locum,
1803 1519 1926 1544 constat
1947 1523 2048 1553 vapor
2070 1512 2284 1555 infrigidatus,
2309 1519 2340 1544 et
2361 1512 2398 1544 fit
2420 1520 2513 1556 aqua.
2533 1512 2577 1544 Et

1567 1569 1641 1590 cum
1664 1558 1697 1588 in
1721 1557 1807 1588 idem
1823 1557 2056 1597 compellantur
2078 1558 2190 1596 nubes,
2207 1563 2238 1588 et
2261 1564 2370 1589 contra
2393 1557 2575 1590 circumste-

1566 1603 1638 1634 terit
1652 1603 1692 1633 ad
1706 1602 1790 1643 ipsas
1806 1601 1969 1642 frigiditas,
1981 1601 2017 1633 fit
2037 1611 2121 1643 aqua
2132 1608 2164 1633 et
2178 1601 2338 1642 infrigidat
2352 1601 2470 1633 siccam
2484 1599 2578 1635 exha-

1566 1647 1729 1678 lationem.
1763 1646 1893 1678 Cessare
1915 1645 2011 1688 igitur
2041 1645 2162 1678 faciunt
2191 1645 2290 1678 factae
2321 1656 2423 1688 aquae
2450 1653 2525 1679 vent

1569 1699 1600 1723 et
1623 1691 1826 1731 cessantibus,
1850 1690 1937 1733 ipsae
1959 1689 2052 1730 fiunt,
2074 1698 2205 1732 propter
2227 1690 2284 1722 has
2307 1701 2428 1723 causas.
2571 1688 2582 1703 ·’

1502 1876 1617 1908 Adhuc
1640 1882 1747 1906 autem
1770 1874 1866 1906 fiendi
1889 1874 2026 1906 maxime
2059 1873 2187 1915 spiritus
2210 1875 2249 1905 ab
2272 1874 2354 1906 Ursa
2377 1881 2408 1906 et
2430 1873 2578 1914 meridie,

1569 1920 1679 1951 eadem
1700 1927 1808 1951 causa:
1826 1919 1956 1961 plurimi
1971 1919 2057 1950 enim
2073 1919 2188 1950 boreae
2212 1925 2243 1950 et
2256 1918 2354 1950 austri
2372 1917 2455 1951 fiunt
2466 1925 2585 1958 ventae.

1567 1975 1650 1996 rum.
1670 1964 1726 1996 Sol
1742 1963 1828 1995 enim
1843 1964 1911 1994 sola
1926 1963 2004 1995 haec
2019 1964 2090 1994 loca
2113 1973 2180 1994 non
2195 1963 2443 2004 supergreditur,
2466 1962 2524 2002 sed
2537 1959 2579 1995 ad

1568 2010 1661 2041 haec:
1685 2016 1715 2040 et
1739 2009 1777 2040 ab
1801 2008 1850 2039 his
1874 2018 1969 2050 super
1991 2018 2123 2039 occasus
2145 2013 2254 2039 autem
2277 2015 2309 2039 et
2330 2005 2579 2049 superorientea

1569 2063 1694 2095 semper
1717 2053 1825 2084 fertur.
1852 2053 1986 2094 Propter
2008 2052 2097 2094 quod
2121 2052 2222 2084 nubes
2246 2052 2425 2085 consistunt
2446 2051 2481 2084 in
2502 2051 2579 2085 late—

1568 2099 1704 2137 ralibus;
1727 2105 1759 2129 et
1773 2097 1819 2136 fit,
1836 2097 2002 2128 accedente
2026 2097 2168 2139 quidem,
2193 2096 2348 2128 exhalatio
2371 2095 2508 2139 humidi,
2523 2097 2580 2129 ab·

1569 2144 1715 2174 scedente
1730 2149 1838 2173 autem
1854 2142 1895 2172 ad
1914 2142 2110 2173 contrarium
2131 2142 2253 2182 locum,
2268 2151 2370 2184 aquae
2393 2148 2425 2174 et
2443 2141 2591 2179 hiemes,

1568 2188 1702 2229 Propter
1723 2187 1876 2218 lationem
1902 2186 2033 2228 quidem
2056 2186 2152 2227 igitur
2173 2196 2255 2228 quae
2279 2187 2319 2217 ad
2342 2186 2483 2228 tropicos
2506 2193 2539 2219 et
2560 2194 2581 2218 a

1569 2232 1710 2273 tropicis,
1734 2238 1833 2262 aestas
1856 2230 1892 2262 fit
1920 2237 1951 2262 et
1974 2230 2087 2270 hiems,
2111 2237 2143 2263 et
2166 2230 2305 2262 elevatur
2333 2240 2461 2263 sursum
2484 2240 2580 2274 aqua,

1570 2283 1601 2308 et
1623 2275 1658 2307 fit
1678 2275 1805 2307 iterum.
1829 2275 1996 2314 Quoniam
2019 2282 2127 2306 autem
2149 2275 2288 2316 plurima
2311 2275 2580 2318 descendit'aqua

1569 2321 1701 2362 quidem
1724 2320 1757 2351 in
1773 2319 1822 2357 his
1837 2319 1917 2351 locis
1939 2319 1973 2350 in
1992 2319 2109 2362 quibus
2124 2319 2254 2351 vertitur
2269 2326 2300 2351 et
2316 2330 2334 2351 a
2350 2320 2485 2363 quibusg
2499 2315 2581 2352 haec

1569 2372 1678 2396 autem
1701 2371 1776 2396 sunt
1806 2374 1888 2406 quae
1912 2365 1952 2395 ad
1975 2371 2098 2396 arctum
2122 2370 2153 2396 et
2176 2364 2361 2404 meridiem;
2390 2363 2446 2396 ubi
2469 2370 2579 2397 autem

1570 2409 1742 2451 plurimam
1765 2419 1883 2450 aquam
1907 2415 1987 2440 terra
2010 2408 2152 2450 suscipit,
2176 2408 2228 2440 hic
2246 2409 2420 2450 plurimam
2439 2416 2581 2441 necessa-

1569 2454 1654 2485 rium
1666 2453 1732 2484 fieri
1744 2453 1986 2492 exhalationem,
1998 2453 2093 2484 simili
2109 2453 2209 2484 modo
2222 2460 2258 2485 ut
2270 2463 2307 2484 ex
2322 2453 2476 2485 viridibus
2553 2452 2561 2460 ⁰

1570 2498 1717 2536 fumum;
1741 2497 1896 2529 exhalatio
1913 2504 2020 2528 autem
2044 2498 2121 2529 haec
2143 2504 2258 2529 ventus
2273 2504 2333 2529 est:
2353 2497 2506 2529 rationab'
2522 2497 2581 2529 ‘ter

1571 2543 1682 2584 utique
1706 2542 1779 2573 hinc
1803 2541 1880 2573 fient
1902 2541 2032 2582 plurimi
2057 2548 2088 2573 et
2110 2541 2364 2583 principalissimi
2395 2541 2579 2584 spirituum.

1570 2588 1735 2619 Vocantur
1751 2593 1859 2617 autem
1871 2586 1927 2628 qui
1939 2586 2072 2628 quidem
2087 2587 2126 2617 ab
2139 2593 2237 2626 arcto,
2252 2586 2384 2618 boreae:
2402 2586 2458 2629 qui
2471 2582 2580 2618 autem

1572 2642 1590 2662 a
1612 2631 1753 2670 meridie,
1777 2629 1884 2662 austri.

1505 2861 1556 2900 qui
1570 2868 1614 2891 est
1628 2861 1738 2891 calidus
1752 2867 1780 2890 et
1790 2860 1938 2897 humidus,
1949 2861 2036 2890 habet
2049 2860 2159 2899 aliquid
2170 2861 2207 2890 de
2221 2867 2343 2899 utraque
2357 2859 2548 2890 exhalatione.
2559 2876 2580 2883 -

1507 2911 1533 2939 7.
1557 2902 1690 2930 Secundo
1711 2901 1872 2930 excluditur
1893 2900 1994 2939 opinio
2016 2902 2098 2940 quod
2111 2906 2213 2930 ventus
2235 2900 2308 2929 nihil
2328 2900 2407 2929 aliud
2428 2899 2465 2930 sit
2487 2908 2578 2941 quarn

1505 2951 1555 2971 aer
1569 2948 1676 2970 motus.
1699 2941 1778 2970 Sicut
1799 2941 1905 2970 fluvius
1919 2950 1981 2970 non
1996 2948 2038 2970 est
2052 2950 2129 2979 aqua
2143 2940 2393 2979 qualitercumque
2406 2940 2511 2976 fluens,
2525 2940 2579 2970 sed

1506 2982 1601 3010 solum
1623 2982 1743 3019 quando
1763 2981 1827 3010 fluit
1847 2982 1884 3010 ab
1906 2980 2004 3019 aliquo
2033 2981 2226 3010 determinato
2251 2980 2412 3018 principio,
2434 2980 2516 3018 quod
2535 2986 2580 3010 eet

1506 3022 1570 3050 fons
1586 3031 1619 3050 ex
1633 3028 1710 3050 terra
1723 3021 1898 3057 scaturiens;
1921 3021 1960 3050 ita
1974 3030 2035 3050 non
2050 3028 2094 3050 est
2106 3027 2210 3050 ventus
2224 3020 2247 3049 si
2261 3029 2312 3050 aer
2325 3020 2577 3058 qualitercumque

1506 3067 1665 3097 moveatur,
1687 3061 1742 3090 nisi
1757 3062 1862 3090 habeat
1882 3061 2056 3098 principium
2078 3062 2115 3090 ab
2129 3060 2312 3090 exhalatione
2332 3060 2408 3090 sicca
2425 3060 2544 3090 elevem.
2558 3062 2592 3085 ἔν’»

1506 3102 1533 3130 8.
1555 3102 1636 3136 Quae
1657 3102 1734 3130 dicta
1755 3107 1822 3130 sunt
1842 3101 1879 3130 de
1895 3102 2088 3140 generatione
2104 3106 2267 3136 ventorum,
2283 3101 2510 3139 manifestantur
2518 3109 2581 3139 per·

1506 3141 1564 3170 tria
1578 3141 1674 3180 signa.
1697 3142 1733 3170 Et
1750 3141 1850 3179 primo
1875 3150 1910 3170 ex
1931 3141 1975 3170 his
1996 3150 2072 3178 quae
2093 3140 2167 3170 fiunt
2187 3141 2263 3170 circa
2283 3147 2387 3170 ventos
2407 3146 2436 3169 et
2456 3139 2577 3178 pluvias.

1506 3182 1584 3210 Haec
1605 3181 1683 3211 enim
1705 3187 1876 3210 attestantur
1895 3180 1929 3210 iis
1951 3190 2025 3219 quae
2047 3181 2124 3210 dicta
2144 3187 2212 3210 sunt
2233 3181 2271 3210 de
2291 3179 2478 3219 generatione
2498 3178 2579 3218 ipso-

1505 3230 1580 3250 rum,
1601 3237 1620 3242 -
1643 3230 1669 3258 9.
1693 3221 1882 3253 Secundoex
1903 3221 1960 3250 hoc
1981 3221 2062 3258 quod
2083 3221 2190 3258 pluries
2208 3221 2240 3250 fit
2256 3227 2359 3250 ventus
2379 3226 2447 3258 post
2466 3219 2579 3258 pluvias

1505 3267 1533 3289 et
1547 3270 1563 3289 e
1573 3270 1725 3297 converso,
1737 3267 1765 3290 et
1779 3260 1856 3289 venti
1871 3267 1983 3289 cessant
1997 3270 2074 3298 aqua
2088 3261 2215 3298 pluente.
2232 3262 2298 3290 Hoc
2311 3260 2390 3289 enim
2405 3266 2450 3289 est
2461 3259 2578 3298 signum

1505 3301 1585 3338 quod
1606 3300 1703 3337 pluvia
1724 3307 1751 3329 et
1771 3300 1848 3329 venti
1870 3300 1943 3330 fiunt
1964 3310 1998 3329 ex
2015 3301 2108 3330 causis
2129 3300 2290 3336 contrariis,
2313 3309 2388 3338 quae
2409 3305 2477 3330 sunt
2490 3299 2578 3328 exha-

1504 3340 1626 3369 lationes
1647 3340 1785 3369 humidae
1802 3347 1831 3369 et
1845 3340 2041 3370 exhalationes
2056 3340 2158 3370 siccae.
2172 3356 2192 3362 -
2211 3350 2254 3370 io.
2275 3340 2383 3375 Tertio,
2399 3339 2481 3378 quod
2498 3338 2578 3368 venti

1504 3386 1678 3418 generantur
1699 3381 1734 3409 ab
1757 3380 1939 3409 exhalatione
1960 3381 2044 3415 sicca,
2064 3380 2264 3410 manifestatur
2283 3389 2318 3409 ex
2339 3389 2376 3409 eo
2397 3379 2479 3418 quod
2498 3378 2578 3408 venti

1505 3420 1628 3449 maxime
1649 3420 1818 3449 exoriuntur
1837 3430 1856 3449 a
1876 3420 2073 3457 septentrione
2090 3427 2120 3449 et
2139 3429 2157 3449 a
2179 3420 2309 3449 meridie.
2332 3421 2370 3448 Et
2389 3419 2475 3449 huius
2489 3427 2578 3448 causa

1504 3466 1555 3495 est,
1578 3461 1658 3497 quod
1672 3460 1702 3488 in
1716 3460 1760 3489 his
1782 3460 1854 3489 locis
1875 3461 2003 3489 elevatur
2022 3460 2148 3498 plurima
2168 3460 2320 3495 exhalatio,
2337 3468 2413 3498 quae
2433 3466 2477 3489 est
2496 3458 2578 3497 prin—

1504 3500 1612 3537 cipium
1633 3506 1796 3529 ventorum.
1816 3517 1837 3521 -
1858 3501 2026 3529 Notandum
2047 3500 2125 3530 circa
2145 3506 2272 3530 mentem
2293 3499 2465 3530 Aristotelis.
