2782 4134
0 194 4 222 Ξ

0 231 5 255 l

0 263 3 315 i

8 384 11 388 ,
94 364 196 381 σπι-σο·
226 347 440 386 secundum
462 359 562 396 quos
581 346 851 396 specificantur
870 356 1008 380 eorum
1030 344 1051 364 *
1071 351 1219 381 motus:
1240 357 1306 381 aer

49 401 55 407 ’
68 412 117 434 itur
130 418 151 434 r.

0 442 5 471 t

0 476 9 530 ὲ

1101 212 1214 248 CAP.
1246 213 1298 261 ΙΙ,
1328 214 1482 251 LECT.
1513 215 1565 252 1V
2395 221 2437 257 15

224 295 288 332 v‘el
305 294 412 342 ‘ignis
442 300 479 330 et
506 292 626 330 aeris:
656 292 748 342 quia
774 303 855 328 non
887 297 976 327 sunt
1003 289 1107 327 idem
1135 290 1304 339 termini,

226 402 330 440 enim
358 409 470 438 natus
499 407 555 438 est
582 398 735 437 moveri
762 397 814 435 ad
835 398 967 442 locum
996 397 1061 446 qui
1089 397 1260 435 subsidet
1284 398 1304 420 ²²

225 454 313 505 igni,
334 467 435 504 aqua
454 461 585 491 autem
600 453 651 490 ad
663 453 795 490 locum
810 451 876 500 qui
891 451 1152 500 supereminet
1166 459 1302 489 terrae.

282 510 317 546 3.
340 510 437 545 Item
463 507 619 545 videtur
644 505 751 554 quod
778 516 859 541 non
886 505 933 541 sit
961 504 1240 552 necessarium,
1271 505 1302 542 si

226 562 400 612 corporis
427 560 609 610 simplicis
637 566 695 596 est
720 570 822 596 unus
841 566 971 595 motus
1000 558 1174 607 simplex,
1197 559 1303 607 quod

223 623 383 666 propter
418 615 495 652 hoc
521 611 657 661 aliquis
699 618 829 648 motus
861 611 1024 660 simplex
1061 611 1109 648 sit
1146 610 1303 648 alicuius

226 669 398 719 corporis
425 666 628 716 simplicis:
657 665 754 703 sicut
782 664 896 702 etiam
926 677 1006 702 non
1044 672 1101 701 est
1128 676 1303 701 necessa-

226 723 326 760 rium
355 721 462 771 quod
488 727 546 757 tot
563 719 637 756 sint
662 730 828 767 corpora
853 718 1069 767 composita
1102 725 1198 766 quot
1215 726 1304 755 sunt

225 783 355 815 motus
370 773 586 823 compositi,
601 772 668 822 qui
683 771 990 810 diversificantur
1003 771 1043 809 in
1057 771 1262 808 infinitum.
1279 792 1304 799 -

226 829 305 868 Sed
333 827 542 866 dicendum
571 834 628 863 est
646 826 765 875 quod,
794 827 892 864 sicut
910 833 1039 863 motus
1068 825 1230 874 simplex
1247 826 1303 862 lo-

225 882 316 921 oelis
343 893 424 920 non
443 879 651 930 respondet
678 880 832 929 corpori
855 879 1018 928 simplici
1045 887 1234 927 quantum
1253 879 1303 916 ad

225 936 393 975 calidum
409 942 447 972 et
459 933 651 983 frigidum,
667 933 872 971 humidum
889 940 927 970 et
944 933 1102 980 siccum,
1119 932 1170 969 ita
1185 932 1300 970 etiam

224 1002 352 1040 neque
371 996 500 1027 motus
521 987 760 1036 compositus
778 987 987 1036 respondet
1007 987 1159 1035 corpori
1183 986 1302 1023 mixto

224 1043 441 1082 secundum
469 1041 610 1091 gradus
637 1041 830 1079 mixtionis
864 1040 1148 1090 praedictarum
1183 1040 1302 1089 quali-

223 1104 368 1146 tatum,
398 1095 468 1134 sed
496 1094 710 1132 secundum
749 1094 1075 1144 compositionem
1111 1094 1238 1142 gravis
1267 1101 1303 1130 et

187 1198 190 1199 ⁷
223 1145 583 1198 lfflmmdum
609 1148 716 1186 cuius
736 1148 996 1186 diversitatem
1025 1147 1304 1185 diversificatur

225 1203 437 1254 obliquatio
466 1202 638 1252 corporis
665 1202 772 1239 mixti
801 1215 824 1239 a
851 1201 1012 1251 simplici
1037 1208 1148 1238 motu
1175 1200 1302 1248 gravis

223 1258 289 1296 vei
315 1257 423 1296 levis.
443 1257 614 1306 Utraque
638 1263 769 1293 autem
789 1255 987 1293 diversitas
1015 1266 1096 1292 non
1123 1253 1244 1291 tendit
1261 1253 1300 1290 in

224 1311 418 1350 itffinitum
444 1309 661 1348 secundum
689 1309 859 1359 speciem
874 1309 906 1356 ζ,
933 1308 1003 1346 sed
1021 1309 1148 1345 solum
1168 1319 1302 1344 secun-

227 1365 323 1404 dum
350 1375 571 1403 numerum.

241 1432 245 1434 ·
279 1430 319 1468 4.
335 1419 432 1456 Item
445 1417 600 1455 videtur
612 1416 720 1466 quod
734 1415 949 1454 secundum
970 1415 1046 1452 hoc
1065 1414 1138 1452 sint
1153 1415 1273 1452 multa
1286 1419 1301 1438 ²³

226 1484 392 1523 corpora
427 1470 631 1520 simplicia:
660 1470 752 1519 quia
785 1469 883 1507 sicut
919 1476 1048 1506 motus
1082 1480 1237 1506 sursum
1267 1476 1303 1505 et

226 1525 410 1565 dvorsmn
429 1524 610 1562 videntur
629 1535 712 1562 esse
732 1531 861 1561 motus
880 1522 1084 1572 simplices,
1105 1523 1156 1560 ita
1174 1530 1302 1559 motus

225 1579 292 1630 qui
307 1587 364 1617 est
376 1579 625 1617 *dextrorsum
637 1578 701 1615 vel
717 1577 989 1620 sinistrorsum,
1011 1582 1048 1614 et
1062 1576 1127 1625 qui
1143 1584 1200 1614 est
1214 1583 1302 1613 ante

225 1634 274 1672 et?
291 1640 404 1671 retro.
423 1653 448 1661 -
468 1633 519 1670 Et
547 1631 755 1669 dicendum
784 1639 840 1669 est
867 1630 990 1680 quod,
1021 1642 1111 1668 cum
1140 1642 1303 1679 corpora

226 1686 414 1737 simplicia
450 1685 524 1723 sint
558 1685 777 1723 essentiales
806 1693 844 1723 et
878 1684 1026 1734 primae
1064 1690 1191 1734 partes
1220 1683 1302 1721 uni-

225 1740 340 1789 versi,
361 1747 513 1790 oportet
531 1740 639 1789 quod
665 1747 796 1777 motus
815 1738 1020 1788 simplices,
1040 1738 1107 1788 qui
1130 1745 1217 1775 sunt
1236 1750 1303 1775 na-

224 1795 368 1834 turales
387 1793 614 1844 corporibus
632 1793 880 1843 simplicibus,
901 1792 1146 1830 attendantur
1168 1804 1303 1829 secun-

227 1848 323 1888 dum
342 1847 604 1886 conditionem
632 1847 814 1885 universi.
835 1846 955 1894 Quod
974 1858 1064 1883 cum
1093 1845 1140 1883 sit
1167 1846 1304 1894 sphae-

192 1928 200 1936 ·
226 1902 362 1950 ticum,
381 1910 426 1939 ut
453 1901 550 1939 infra
567 1902 587 1923 *
606 1901 843 1951 probabitur,
865 1907 1018 1950 oportet
1040 1899 1147 1949 quod
1176 1907 1305 1936 motus

227 1956 310 1995 eius
337 1955 555 1994 attendatur
581 1967 652 2004 per
679 1955 1011 2004 comparationem
1036 1953 1087 1991 ad
1115 1953 1303 2000 medium,

226 2009 334 2060 quod
363 2017 420 2048 est
445 2009 664 2047 immobile:
694 2009 784 2059 quia
813 2007 942 2046 omnis
967 2014 1097 2045 motus
1126 2007 1307 2044 fundatur

51 2066 53 2074 ⁴
109 2078 124 2092 ⁴·
227 2076 344 2115 supra
381 2060 553 2113 aliquod*
575 2063 796 2109 immobile,
825 2070 868 2100 ut
895 2061 1031 2100 dicitur
1066 2061 1105 2098 in
1133 2060 1231 2098 libro
1260 2060 1307 2098 de

232 2118 360 2156 Causa
377 2117 511 2155 Motus
529 2116 766 2154 Animalium
787 2117 820 2153 *.
846 2116 896 2153 Et
924 2115 1011 2153 ideo
1041 2122 1194 2164 oportet
1222 2126 1305 2152 esse

166 2165 200 2173 ”
228 2172 358 2210 solum
384 2178 460 2208 tres
488 2178 618 2208 motus
649 2169 862 2219 simplices,
892 2169 1108 2206 secundum
1136 2168 1306 2206 diversas

227 2225 472 2264 habitudines
509 2224 559 2262 ad
595 2223 769 2262 medium
796 2221 825 2261 ⁰:
856 2222 995 2260 scilicet
1031 2234 1123 2259 eum
1156 2221 1222 2270 qui
1251 2229 1307 2259 est

228 2291 252 2318 a
279 2278 432 2326 medio,
469 2285 506 2315 et
533 2290 624 2316 eum
652 2277 719 2328 qui
747 2285 803 2315 est
835 2277 885 2314 ad
919 2276 1109 2323 medium,
1144 2283 1182 2312 et
1213 2287 1305 2313 eum

227 2333 294 2383 qui
322 2339 378 2370 est
411 2332 511 2370 circa
546 2331 733 2370 medium.
771 2332 959 2368 Dextrum
997 2337 1126 2367 autem
1155 2337 1192 2366 et
1219 2329 1307 2366 sini-

227 2393 362 2434 strum,
379 2387 401 2408 ¹⁸
415 2393 503 2424 ante
519 2393 557 2423 et
571 2393 684 2433 retro,
701 2385 992 2423 considerantur
1005 2384 1045 2421 in
1059 2383 1302 2430 animalibus,

228 2447 268 2479 et
303 2452 384 2478 non
416 2439 455 2478 in
488 2447 570 2477 toto
603 2439 808 2487 universo,
842 2438 915 2476 nisi
948 2437 1165 2475 secundum
1200 2438 1307 2487 quod

227 2502 425 2546 ponuntur
443 2493 483 2531 in
503 2494 622 2541 caelo,
641 2501 684 2531 ut
711 2493 750 2530 in
769 2491 941 2530 secundo
962 2492 983 2513 *⁸
1009 2491 1171 2528 dicetur:
1193 2499 1230 2528 et
1249 2503 1306 2528 se-

229 2547 403 2587 mudum
422 2548 499 2585 hoc
525 2555 655 2585 motus
674 2546 862 2584 circularis
892 2545 985 2583 caeli
1009 2551 1066 2583 est
1090 2545 1305 2583 secundum

229 2601 407 2640 dextrum
436 2609 474 2639 et
501 2601 706 2650 sinistrum,
736 2608 824 2638 ante
854 2607 891 2637 et
918 2607 1032 2637 retro.

240 2678 246 2682 -
287 2656 321 2693 5.
352 2657 448 2693 ltem
467 2655 488 2676 ⁸*
508 2655 660 2693 videtur
686 2654 793 2705 quod
821 2661 951 2692 motus
979 2661 1104 2691 rectus
1131 2661 1169 2690 et
1187 2652 1306 2690 circu-

194 2705 201 2712 '
228 2709 317 2747 laris
345 2721 425 2747 non
449 2708 522 2747 sint
549 2708 723 2746 eiusdem
751 2708 919 2746 rationis.
949 2709 1018 2745 Est
1047 2707 1151 2744 enim
1179 2714 1307 2743 motus

229 2769 355 2802 rectus
374 2763 545 2812 corporis
564 2762 742 2800 nondum
770 2762 946 2799 habentis
975 2762 1306 2810 complementum

83 2810 92 2819 ’
129 2811 196 2830 ·=
225 2823 327 2873 &aa
350 2817 504 2866 speciei,
533 2824 576 2854 ut
603 2816 642 2854 in
669 2823 807 2866 quarto
829 2817 849 2837 *
870 2815 1026 2863 dicem&
1048 2823 1085 2852 εἴ
1114 2814 1306 2852 ‘³³³⁵‘enfis

233 2866 337 2910 &m
363 2870 563 2920 proprium
601 2871 751 2907 locum:
788 2877 917 2908 motus
951 2877 1082 2906 autem
1116 2867 1307 2906 circularis

286 2989 312 3024 ζ)
331 2997 384 3016 non
404 2989 491 3018 tendit
507 2993 536 3019 in
555 2994 689 3028 infinitum
707 2995 853 3020 secundum
869 2994 992 3027 speciem.
1005 3008 1026 3014 -
1037 3001 1089 3019 non
1102 2993 1254 3019 attenditur
1267 3000 1307 3018 se-

185 3050 187 3052 .
234 3025 352 3052 cundum
369 3027 481 3059 speciem
499 3028 626 3055 An-Pro
639 3037 781 3055 numerum
800 3035 922 3064 corrupte
940 3033 1068 3055 naturam
1088 3029 1177 3061 codd.;
1197 3029 1236 3054 sG
1251 3037 1308 3054 cor-

233 3062 292 3095 rigit
310 3061 336 3086 in
355 3062 507 3088 materian.

287 3098 315 3130 η)
335 3098 429 3122 multa.
440 3109 461 3117 —-
473 3097 558 3124 multo
570 3099 655 3131 plura
671 3100 736 3133 A=1;
754 3101 869 3134 intellige
887 3109 966 3134 quam
987 3102 1115 3135 quinque,
1135 3106 1162 3126 et
1180 3106 1221 3126 est
1239 3101 1308 3126 bona

234 3133 320 3159 lectio.
332 3133 401 3158 -Ibi
419 3133 466 3166 qui
483 3136 524 3158 est
541 3133 750 3161 dextrorsum...
762 3137 808 3170 qui
825 3140 867 3162 est
883 3140 955 3167 ante,
975 3138 994 3162 P
1013 3138 1054 3162 bis
1073 3145 1128 3162 om.
1141 3141 1190 3162 est.

287 3167 313 3204 Θ)
330 3169 476 3194 secundum
496 3168 617 3194 diversas
634 3169 804 3197 habitudines
820 3172 859 3198 ad
875 3173 1001 3198 medium.
1012 3187 1032 3192 -
1044 3174 1116 3198 Haec
1133 3173 1221 3204 verba,
1239 3180 1308 3206 quae

233 3205 318 3230 omitt.
332 3212 347 3229 a
366 3205 423 3229 cod.
438 3205 469 3234 A,
483 3204 523 3229 bis
537 3205 658 3237 leguntur
671 3205 697 3230 in
710 3206 750 3237 1¹3
769 3215 820 3232 una
837 3208 894 3233 vice
912 3209 979 3234 inter
996 3209 1040 3234 illa
1053 3209 1133 3234 verba
1148 3212 1190 3234 est
1202 3209 1240 3234 ad
1254 3216 1308 3234 me-

234 3241 308 3266 dium
328 3247 358 3265 ac
375 3240 456 3265 verba
474 3243 502 3265 et
519 3247 587 3270 eum,
601 3245 627 3265 et
638 3240 689 3266 hoc
707 3241 766 3266 loco
778 3242 880 3268 additur
891 3244 1018 3276 particula
1030 3244 1131 3270 scilicet
1143 3245 1170 3269 in
1182 3245 1308 3277 principio

233 3283 282 3302 seu
301 3281 360 3301 ante
377 3276 539 3306 secundunn
552 3277 607 3301 valia
624 3277 680 3301 vice
699 3275 848 3303 immediate
865 3283 926 3311 post
943 3279 1024 3304 verba
1041 3280 1115 3305 circa
1132 3280 1259 3305 medium.
1279 3281 1307 3305 ln

232 3311 304 3337 hunc
321 3311 433 3337 alterum
458 3312 545 3336 locum
563 3312 722 3337 transferunt
741 3312 818 3338 etiam
843 3313 884 3338 alii
903 3314 980 3339 codd.
998 3315 1128 3347 praedicta
1148 3316 1243 3346 verba,
1262 3316 1308 3340 ad-

234 3348 326 3372 dentes
345 3352 371 3372 et
388 3348 438 3380 ipsi
457 3347 610 3380 particulam
628 3348 735 3373 scilicet.
755 3348 804 3373 Ed.
819 3347 888 3373 1516
906 3349 968 3382 legit
986 3357 1047 3374 cum
1066 3351 1151 3381 codd„
1165 3351 1215 3376 nisi
1235 3351 1308 3384 quod

234 3391 288 3408 om.
303 3383 411 3409 scilicet.
430 3383 547 3416 Utraque
560 3383 636 3408 lectio
649 3388 674 3408 et
688 3383 708 3408 P
723 3388 749 3408 et
763 3384 838 3409 codd.
853 3385 979 3417 acceptari
1001 3390 1101 3418 potest:
1121 3393 1182 3411 nam
1194 3386 1308 3419 praefata

233 3419 322 3450 verba,
332 3419 428 3452 quibus
441 3419 586 3444 continetur
595 3419 660 3444 ratio
670 3418 842 3452 specificativa
854 3419 1012 3453 simplicium
1021 3425 1151 3451 motuum,
1160 3422 1187 3446 in
1195 3426 1308 3455 utroque

234 3455 294 3479 loco
303 3462 356 3480 non
369 3454 512 3487 incongrue
523 3455 585 3488 poni
595 3460 715 3487 possunt.
725 3456 846 3480 Attamen
860 3455 962 3480 videtur
976 3455 1054 3481 nobis
1066 3456 1142 3481 lectio
1155 3461 1307 3489 nostrorum

234 3490 311 3515 codd.
318 3490 406 3517 minus
416 3491 532 3523 expedita
544 3491 571 3516 in
583 3491 776 3523 comparatione
790 3491 822 3516 ad
834 3491 941 3516 Pianam
956 3491 1103 3516 lectionem.
1118 3492 1200 3517 Paulo
1210 3492 1275 3518 infra
1283 3494 1307 3517 A

234 3533 289 3551 om.
299 3529 326 3551 et
334 3533 395 3551 eum
407 3526 455 3559 qui
465 3529 506 3551 est
514 3526 588 3552 circa
597 3527 713 3552 medium
719 3534 728 3555 ;
741 3527 788 3551 sed
797 3526 832 3551 ibi
844 3527 882 3551 ad
895 3527 1019 3557 medium,
1030 3527 1135 3560 corrigit
1143 3527 1180 3552 ad
1189 3527 1216 3552 in
1225 3528 1308 3553 circa.

290 3561 308 3594 ι)
328 3561 384 3587 Sed
401 3562 578 3588 dicendum...
591 3563 784 3595 complemento
802 3563 905 3595 speciei.
916 3563 976 3587 —In
995 3562 1044 3587 hac
1067 3563 1195 3588 sententia
1213 3571 1307 3588 omnes

233 3597 337 3622 codices
357 3598 440 3631 logica
458 3603 586 3624 structura
605 3603 701 3624 carent.
724 3598 851 3623 Notamus
870 3598 999 3623 variantes
1018 3598 1150 3623 recitando
1169 3598 1307 3624 lectionem

1363 301 1418 330 est
1434 294 1605 343 corporis
1625 295 1800 332 habentis
1821 297 2150 345 complementum
2170 309 2264 334 suae
2284 298 2437 347 speciei,

1363 354 1399 384 et
1426 347 1465 384 in
1494 349 1580 385 loco
1609 349 1767 398 proprio
1797 349 1999 387 existentis.
2037 350 2149 388 Unde
2179 363 2258 388 non
2285 351 2439 389 videtur

1362 401 1468 449 quod
1503 402 1717 439 secundum
1754 403 1917 440 eandem
1956 403 2145 441 rationem
2183 412 2312 442 motus
2347 405 2437 442 sim-

1360 455 1478 503 plices
1507 457 1725 504 corporales
1753 456 1827 494 sint
1854 457 2084 506 simplicium
2114 469 2339 507 corporum;
2369 459 2438 496 sed

1360 509 1467 557 quod
1487 509 1547 545 alii
1565 517 1693 547 motus
1722 510 1796 547 sint
1815 522 2022 560 corporum
2042 518 2156 560 prout
2175 519 2263 548 sunt
2281 511 2319 548 in
2338 513 2435 560 fieri,

1361 561 1552 599 circularis
1572 571 1700 600 autem
1720 571 1837 612 prout
1851 572 1940 601 sunt
1958 564 1996 601 in
2015 565 2115 601 facto
2136 577 2267 601 esse.-
2285 565 2362 603 Sed
2383 565 2436 603 di-

1361 616 1528 652 cendum
1558 617 1674 664 quod,
1696 617 1785 665 quia
1813 625 1942 654 motus
1970 618 2284 667 proportionatur
2302 619 2435 656 mobili

1360 675 1545 716 tanquam
1565 671 1670 706 actus
1697 670 1789 718 eius,
1811 671 2046 708 conveniens
2075 678 2132 708 est
2159 673 2263 720 quod
2285 673 2435 721 corpori

1360 722 1467 769 quod
1486 729 1542 758 est
1557 731 1775 771 separatum
1791 736 1813 760 a
1828 725 2074 772 generatione
2089 731 2126 761 et
2140 737 2163 762 a
2178 725 2434 774 corruptione,

1360 783 1397 811 et
1411 787 1490 812 non
1505 783 1631 824 potest
1647 788 1717 824 per
1730 776 1953 815 violentiam
1974 778 2109 827 expelli
2124 791 2147 815 a
2161 778 2318 827 proprio
2335 779 2433 826 loco,

1360 828 1546 866 debeatur
1573 837 1702 866 motus
1732 830 1932 878 circularis,
1954 831 2018 881 qui
2039 839 2095 869 est
2114 832 2286 881 corporis
2305 832 2344 869 in
2364 845 2434 869 suo

1359 882 1446 918 loco
1467 882 1676 919 existentis:
1707 884 1932 932 corporibus
1952 893 2081 922 autern
2109 885 2191 922 aliis
2210 885 2434 933 generabili-

1359 935 1431 973 bus
1461 943 1498 973 et
1526 936 1833 985 corruptibilibus
1867 938 2028 976 debetur
2055 947 2186 976 motus
2215 947 2319 976 extra
2346 951 2434 988 pro-

1358 989 1485 1038 prium
1514 990 1662 1037 locum,
1687 990 1753 1038 qui
1775 999 1830 1027 est
1858 992 2004 1041 absque
2033 993 2320 1042 complemento
2349 1005 2434 1042 spe-

1359 1043 1429 1080 ciei
1448 1050 1468 1080 ¹.
1498 1044 1591 1080 Non
1610 1051 1741 1080 tamen
1765 1044 1816 1080 ita
1845 1045 1950 1093 quod
1971 1058 2110 1094 corpus
2129 1046 2235 1095 quod
2254 1054 2435 1083 movetur

1359 1096 1578 1133 naturaliter
1596 1105 1705 1134 motu
1724 1105 1840 1145 recto,
1861 1111 1940 1136 non
1962 1099 2102 1136 habeat
2127 1099 2298 1148 primum
2329 1112 2434 1137 com-

1357 1151 1596 1199 plementum
1626 1163 1717 1188 suae
1752 1151 1914 1200 speciei,
1945 1153 2049 1200 quod
2079 1160 2134 1190 est
2162 1154 2305 1200 forma3
2334 1154 2435 1190 hanc

1359 1203 1462 1240 enim
1492 1204 1662 1253 sequitur
1689 1204 1772 1242 talis
1810 1212 1958 1242 motus:
1989 1206 2057 1243 sed
2090 1206 2178 1255 quia
2207 1219 2286 1244 non
2318 1207 2435 1244 habet

1358 1257 1536 1294 ultimum
1555 1258 1894 1307 complementum,
1911 1259 2016 1308 quod
2032 1267 2088 1297 est
2106 1260 2147 1298 in
2163 1260 2432 1298 consecutione

1359 1311 1464 1358 finis,
1495 1311 1559 1360 qui
1590 1319 1645 1348 est
1672 1312 1780 1349 locus
1809 1313 2043 1350 conveniens
2073 1321 2109 1350 et
2132 1326 2378 1351 conservans.

1413 1366 1449 1402 6.
1479 1363 1698 1402 Secundam
1731 1365 1919 1403 rationem
1957 1366 2066 1415 ponit
2092 1367 2143 1404 ibi
2171 1373 2206 1404 ¹²:
2235 1367 2371 1404 Adhuc
2402 1367 2437 1404 si

1358 1419 1425 1467 qui
1445 1424 1602 1468 praeter
1629 1425 1807 1456 naturam
1841 1427 1934 1457 etc.:
1970 1420 2010 1457 in
2045 1432 2122 1468 qua
2158 1421 2435 1470 praesupponit

1359 1473 1437 1509 duo
1470 1472 1666 1522 principia.
1705 1473 1884 1519 Quorum
1917 1485 2040 1510 unum
2075 1481 2131 1510 est
2167 1474 2272 1522 quod
2306 1482 2435 1511 motus

1359 1526 1423 1576 qui
1456 1534 1513 1563 est
1534 1531 1690 1575 praeter
1717 1532 1908 1573 naturam,
1938 1526 2035 1564 idest
2058 1526 2261 1575 violentus,
2288 1535 2435 1565 contra-

1359 1579 1474 1617 rietur
1502 1579 1623 1616 motui
1652 1579 1834 1626 naturali3
1864 1580 1960 1617 sicut
1986 1587 2086 1617 terra
2114 1588 2295 1618 movetur
2324 1581 2434 1618 deor-

1359 1646 1447 1671 sum
1476 1633 1690 1671 secundum
1720 1641 1915 1681 naturam,
1953 1646 2104 1671 sursum
2139 1642 2268 1672 autem
2304 1641 2433 1672 contra

1359 1695 1547 1725 naturam.
1583 1687 1804 1724 Secundum
1834 1687 2064 1736 principium
2093 1695 2150 1724 est
2177 1687 2284 1736 quod
2311 1700 2435 1725 unum

1358 1741 1424 1779 uni
1445 1748 1503 1778 est
1521 1740 1770 1787 contrarium,
1800 1748 1842 1778 ut
1869 1741 2075 1790 probatum
2105 1748 2161 1778 est
2188 1741 2228 1778 in
2255 1742 2291 1778 X
2309 1742 2435 1799 Meta-

1353 1795 1499 1845 phys.*
1519 1794 1682 1844 Oportet
1702 1802 1831 1832 autem
1853 1802 1889 1831 et
1907 1794 2060 1832 tertium
2081 1807 2312 1844 supponere,
2329 1795 2436 1844 quod

1360 1861 1475 1886 sensu
1488 1848 1642 1885 videtur
1654 1846 1679 1894 λ,
1696 1847 1836 1885 scilicet
1851 1860 1934 1885 esse
1949 1846 2107 1898 aliquod
2121 1861 2261 1898 corpus
2281 1849 2435 1885 circula-

1352 1902 1449 1940 'riter
1468 1909 1632 1939 motum.
1653 1902 1703 1938 Et
1717 1901 1748 1938 si
1763 1901 1920 1950 quidem
1937 1901 1998 1939 ille
2013 1910 2142 1939 motus
2157 1902 2204 1939 sit
2217 1901 2267 1939 illi
2285 1901 2437 1952 corpori

1361 1955 1562 2000 naturalis,
1591 1955 1782 1992 habemus
1810 1955 2053 2004 propositum
2082 1956 2296 1993 secundum
2326 1968 2435 2005 prae-

1361 2010 1519 2047 missam
1534 2009 1554 2030 *
1575 2009 1775 2056 rationem,
1797 2009 1902 2058 quod
1931 2009 2072 2046 scilicet
2099 2009 2192 2047 illud
2212 2021 2352 2058 corpus
2371 2021 2437 2046 na-

1361 2063 1529 2101 turaliter
1555 2070 1705 2100 motum
1727 2063 1868 2100 circulo
1891 2064 1923 2110 *‚
1945 2063 1991 2100 sit
2010 2063 2113 2100 aliud
2128 2075 2151 2100 a
2170 2070 2335 2112 quatuor
2354 2075 2436 2100 cor-

1359 2117 1518 2167 poribus
1538 2116 1785 2166 simplicibus.
1804 2116 1844 2154 Si
1859 2129 1954 2154 vero
1973 2125 2102 2154 motus
2121 2116 2343 2154 huiusmodi
2357 2129 2438 2154 non

1361 2171 1408 2208 sit
1427 2171 1462 2208 ei
1477 2170 1668 2218 naturalis,
1685 2177 1837 2220 oportet
1855 2170 1961 2220 quod
1981 2170 2027 2207 sit
2047 2170 2080 2207 ei
2101 2178 2232 2208 contra
2247 2178 2436 2208 naturam.

1416 2226 1587 2261 Ponatur
1624 2236 1714 2272 ergo
1743 2224 1880 2273 -primo
1918 2223 2023 2273 quod
2062 2224 2155 2262 illud
2193 2236 2332 2273 corpus
2369 2224 2438 2261 cir-

1361 2277 1537 2316 culariter
1564 2285 1715 2314 motum
1745 2278 1792 2315 sit
1819 2277 1936 2326 ignis,
1965 2285 2007 2315 ut
2034 2277 2192 2326 quidam
2214 2277 2356 2325 dicunt,
2374 2278 2439 2315 vel

1362 2331 1636 2381 quodcumque
1665 2331 1769 2368 aliud
1798 2339 1963 2380 quatuor
1989 2332 2277 2369 elementorum.
2309 2331 2437 2380 Opor-

1361 2385 1453 2422 tebit
1481 2397 1572 2433 ergo
1611 2385 1716 2434 quod
1754 2393 1882 2422 motus
1915 2385 2096 2422 naturalis
2134 2385 2250 2433 ignis,
2289 2384 2354 2434 qui
2384 2392 2439 2422 est

1361 2439 1510 2476 moveri
1530 2451 1694 2486 sursum,
1711 2438 1758 2476 sit
1778 2439 1989 2476 contrarius
2010 2439 2132 2476 motui
2153 2438 2336 2476 circulari.
2359 2438 2436 2476 Sed

1361 2493 1437 2530 hoc
1464 2504 1544 2529 non
1571 2499 1699 2542 potest
1726 2504 1831 2530 esse:
1871 2492 1962 2541 quia
1998 2492 2064 2529 uni
2101 2504 2224 2530 unum
2254 2499 2309 2529 est
2347 2504 2438 2529 con-

1361 2546 1541 2594 trarium,
1571 2546 1694 2583 motui
1714 2554 1843 2583 autem
1863 2558 2016 2583 sursum
2041 2545 2292 2583 contrariatur
2310 2553 2438 2583 motus

1363 2601 1568 2647 deorsum,
1599 2607 1636 2636 et
1663 2599 1716 2637 sic
1744 2612 1823 2637 non
1850 2607 1977 2649 potest
2006 2599 2040 2636 ei
2069 2599 2289 2636 contrariari
2308 2607 2437 2636 motus

1363 2653 1564 2691 circularis.
1595 2654 1646 2691 Et
1673 2653 1812 2691 eadem
1841 2653 1936 2691 ratio
1965 2661 2022 2690 est
2051 2653 2099 2691 de
2120 2652 2202 2690 aliis
2221 2652 2340 2690 tribus
2361 2653 2435 2690 ele-

1362 2707 1512 2745 mentis.
1543 2708 1594 2745 Et
1620 2707 1810 2754 similiter,
1845 2707 1876 2744 si
1906 2707 2015 2744 detur
2043 2707 2148 2756 quod
2178 2706 2269 2744 illud
2299 2718 2438 2755 corpus

1362 2762 1468 2811 quod
1497 2769 1629 2798 contra
1657 2769 1833 2798 naturam
1863 2768 2043 2799 movetur
2072 2760 2299 2798 circulariter
2319 2761 2361 2808 ³⁵,
2393 2760 2438 2798 sit

1363 2816 1638 2864 quodcumque
1672 2815 1775 2852 aliud
1811 2827 1951 2864 corpus
1982 2822 2135 2864 praeter
2171 2822 2335 2863 quatuor
2364 2814 2437 2851 ele-

1363 2877 1506 2916 menta,
1517 2869 1709 2918 oportebit
1723 2868 1830 2918 quod
1844 2869 1985 2906 habeat
2004 2868 2171 2916 aliquem
2188 2867 2304 2905 alium
2319 2868 2340 2889 *²
2354 2880 2438 2904 mo-

1362 2994 1524 3026 adoptatam:
1545 3003 1558 3016 ‹
1570 2993 1622 3018 Sed
1635 2993 1688 3025 (Et
1701 2993 1793 3025 codd.)
1808 2992 1947 3017 dicendum
1962 2991 2041 3023 quod,
2057 2991 2117 3023 quia
2136 2989 2216 3023 (quia
2229 2998 2283 3015 om.
2298 2989 2335 3025 C)
2351 2995 2438 3017 motus

1361 3030 1570 3062 proportionatur
1589 3028 1679 3053 mobili
1698 3034 1821 3061 tanquam
1843 3033 1915 3052 actus
1935 3027 2000 3056 eius,
2020 3026 2178 3051 conveniens
2197 3031 2237 3050 est
2256 3026 2328 3058 quod
2347 3025 2438 3060 (quod

1361 3073 1416 3090 om.
1428 3066 1465 3094 Α,
1485 3068 1534 3090 aut
1552 3064 1590 3099 C)
1615 3064 1717 3097 corpori
1737 3064 1808 3096 quod
1827 3068 1867 3088 est
1889 3067 2038 3095 separatum
2057 3069 2072 3086 a
2090 3061 2256 3094 generatione
2271 3066 2297 3086 et
2315 3070 2330 3087 a
2349 3070 2439 3087 corru-

1361 3101 1450 3134 ptione
1468 3099 1511 3134 (et
1528 3100 1701 3132 corruptione
1719 3098 1827 3133 codd),
1853 3104 1879 3123 et
1897 3096 1941 3131 (et
1957 3105 2012 3122 om.
2027 3097 2103 3122 codd.
2117 3104 2171 3122 exc.
2186 3096 2254 3132 Gsl)
2273 3105 2327 3122 non
2351 3103 2440 3130 potest

1363 3135 1463 3170 (possit
1476 3135 1516 3171 A)
1538 3144 1584 3169 per
1602 3135 1751 3160 violentiam
1771 3134 1863 3167 expelli
1883 3141 1897 3158 a
1916 3133 2023 3166 proprio
2048 3133 2115 3163 loce,
2135 3133 2260 3158 debeatur
2279 3132 2323 3167 (er
2342 3134 2381 3158 ita
2393 3134 2439 3160 de-

1361 3173 1456 3197 beatur
1470 3171 1509 3206 A)
1529 3176 1618 3196 motus
1631 3171 1770 3201 circularis,
1785 3170 1830 3202 qui
1850 3174 1890 3194 est
1903 3169 2020 3202 corporis
2035 3168 2061 3193 in
2077 3167 2121 3202 (et
2135 3168 2162 3193 in
2176 3169 2252 3194 codd.
2267 3177 2322 3194 exc.
2336 3169 2374 3204 F)
2389 3177 2439 3194 suo

1362 3209 1420 3233 loco
1439 3208 1586 3233 existentis:
1606 3206 1758 3239 corporibus
1782 3210 1870 3230 autem
1895 3205 1950 3229 aliis
1969 3204 2161 3237 generabilibus
2181 3209 2207 3229 et
2225 3205 2438 3238 corruptibilibus

1362 3244 1472 3269 debetur
1490 3248 1578 3268 motus
1598 3241 1703 3276 (motus
1722 3249 1776 3266 om.
1789 3240 1825 3274 P)
1845 3245 1916 3265 extra
1934 3240 2070 3273 proprium
2090 3241 2194 3271 locum,
2214 3241 2258 3273 qui
2278 3245 2319 3265 est
2337 3241 2439 3273 absque

1361 3280 1556 3312 complemento
1582 3277 1676 3310 speciei
1696 3276 1841 3310 (propriae
1865 3276 1962 3308 spectet·
1981 3277 2020 3309 H)
2032 3285 2057 3300 ».
2076 3290 2096 3295 -
2115 3276 2234 3309 Sequens
2254 3276 2353 3302 homot.
2375 3277 2438 3302 Non

1362 3318 1485 3340 tamen...
1499 3314 1596 3346 speciei
1613 3321 1667 3338 om.
1682 3313 1756 3337 codd.
1772 3319 1825 3337 exc.
1839 3312 1915 3342 AsE;
1934 3319 1983 3345 pro
2001 3319 2067 3337 suae
2084 3312 2188 3344 speciei,
2208 3312 2305 3344 speciei
2322 3312 2393 3337 AsE.

1415 3350 1442 3382 ν.)
1462 3349 1614 3374 Secundam
1633 3349 1765 3373 rationem
1780 3347 1861 3380 ponit
1880 3347 1924 3373 ihi.
1937 3361 1957 3367 -
1972 3348 2078 3373 Deinde
2095 3355 2156 3373 cum
2176 3348 2278 3373 dicit...
2291 3348 2438 3373 secundam

1361 3386 1495 3411 rationem
1510 3384 1590 3417 ponit
1609 3384 1628 3408 P
1648 3389 1736 3409 secuta
1756 3384 1855 3416 priores
1875 3383 2016 3414 editiones;
2036 3383 2135 3408 similes
2155 3383 2280 3408 lectiones
2296 3389 2437 3409 occurrunt

1361 3429 1460 3447 numm.
1478 3429 1503 3454 9,
1522 3428 1553 3452 14
1566 3424 1591 3445 et
1609 3427 1654 3453 x7;
1671 3427 1721 3444 nos
1735 3419 1871 3452 sequimur
1883 3419 1994 3450 codices,
2010 3420 2055 3452 qui
2071 3419 2153 3452 magis
2168 3424 2320 3444 consuetam
2336 3419 2438 3445 s.Tho-

1361 3465 1420 3482 mae
1432 3456 1578 3487 ,formulam
1597 3455 1730 3486 exhibent;
1750 3455 1782 3480 cf.
1797 3463 1836 3480 ex.
1849 3463 1889 3488 gr.
1903 3455 1961 3480 lect.
1975 3463 1999 3487 x,
2012 3464 2038 3480 n.
2055 3455 2078 3486 3,
2091 3462 2125 3486 n,
2141 3463 2184 3480 nn.
2201 3462 2224 3486 2,
2240 3454 2263 3486 3,
2282 3463 2325 3485 111,
2341 3463 2367 3480 n.
2380 3463 2406 3486 4.
2419 3468 2439 3474 -

1362 3493 1449 3524 Pergit
1468 3492 1503 3517 P:
1525 3491 1561 3516 Et
1574 3491 1667 3523 primo
1685 3491 1822 3523 supponit.

1414 3527 1443 3560 λ)
1467 3527 1580 3559 Oportet
1597 3530 1686 3552 autem
1705 3530 1733 3552 et
1751 3527 1860 3552 tertium
1878 3533 2040 3559 supponere,
2064 3526 2137 3559 quod
2154 3533 2234 3552 sensu
2254 3526 2371 3551 videtur.
2383 3540 2402 3544 -
2416 3525 2436 3549 P

1361 3572 1415 3588 om.
1429 3567 1463 3592 et,
1484 3568 1509 3587 et
1527 3570 1575 3595 pro
1593 3569 1671 3588 sensu
1690 3562 1769 3587 habet
1786 3563 1873 3596 sequi,
1893 3563 1965 3596 quod
1983 3563 2025 3588 hic
2044 3570 2098 3588 non
2117 3567 2157 3587 est
2176 3563 2208 3587 ad
2226 3570 2281 3587 rem
2287 3569 2295 3592 ς
2315 3561 2346 3586 cf.
2363 3570 2388 3586 n.
2405 3568 2438 3592 14

1362 3599 1428 3624 circa
1447 3599 1578 3630 medium,
1597 3603 1623 3623 et
1646 3606 1675 3631 17
1695 3598 1721 3623 in
1740 3598 1874 3632 principio.

2464 1801 2473 1809 '
2482 1799 2569 1826 Lect.v‚
2576 1805 2615 1824 vm
2624 1799 2678 1821 Did.

2463 1826 2504 1848 lib.
2511 1826 2550 1853 lx,
2558 1832 2578 1848 c.
2587 1833 2617 1853 ιν,
2625 1832 2647 1847 n.
2654 1834 2677 1853 4,

2464 1857 2486 1875 ct
2501 1859 2551 1881 cap.
2560 1859 2582 1880 v,
2594 1859 2616 1875 n.
2626 1859 2642 1875 1.

2562 1881 2580 1906 λ

2466 2018 2474 2027 ·
2490 2016 2560 2038 Num.
2574 2023 2590 2038 ι.

2466 2073 2475 2081 ·
2490 2071 2642 2092 circulariter
2655 2076 2678 2091 A.

2466 2097 2502 2120 cf.
2512 2097 2605 2125 physic.
2616 2096 2678 2123 vlu,

2466 2125 2518 2146 lect.
2528 2130 2576 2151 xvi,
2592 2130 2614 2146 n.
2625 2130 2645 2152 5.

2465 2767 2476 2777 “
2496 2767 2649 2788 circulariter

2465 2799 2513 2815 om.
2528 2800 2550 2815 Α.

2466 2874 2475 2883 ”
2490 2873 2563 2895 alium
2578 2879 2625 2895 om.
2641 2879 2666 2895 Α.
