2782 4134
0 449 45 472 tait
56 454 95 470 ra.

1032 253 1142 290 CAP.
1174 254 1223 300 ΙΙ,
1254 253 1406 290 LECT.
1437 254 1486 290 111

169 331 275 381 quod
298 342 409 379 aqua,
432 330 540 379 quasi
560 330 723 379 impulsa
743 342 765 366 a
784 331 959 377 Tartaro,
981 331 1240 368 indifferenter

169 384 264 421 fluat
291 383 340 420 ad
369 383 580 431 quamlibet
598 390 759 431 partem,
781 383 876 419 sicut
902 391 939 419 et
966 385 1148 420 Tartarus
1167 385 1238 421 flu-

171 444 303 473 ctuans
331 436 451 473 tendit
463 436 518 477 ,ad
538 448 698 472 omnem
725 443 885 484 partem.
916 437 966 473 Et
984 437 1038 473 sic
1057 437 1202 474 accidet
1219 437 1240 459 ²¹⁸

169 489 260 526 illud
289 489 394 538 quod
428 488 563 526 dicitur
590 489 629 525 in
662 489 891 537 proverbio,
919 501 1070 526 sursum
1097 491 1239 538 fluvio-

171 555 270 588 rum,
286 541 426 579 scilicet
445 541 552 589 quod
571 541 732 592 flumina
751 541 824 578 sint
843 542 1040 590 superiora
1060 543 1237 590 fontibus,

170 597 232 633 vel
253 595 358 644 quod
378 606 530 631 sursum
557 594 680 631 fluant
698 591 731 630 ξε
757 602 793 631 et
821 595 896 631 hoc
916 602 972 631 est
991 595 1238 643 impossibile.

226 648 446 685 Secundam
474 647 662 684 rationem
690 647 798 696 ponit
821 647 893 684 ibi:
913 648 1049 684 Adhuc
1076 659 1174 696 quae
1190 650 1244 695 fit

170 713 273 751 aqua
302 709 519 750 etc.:quae
547 700 630 737 talis
658 708 725 737 est.
756 700 980 737 Secundum
1007 701 1241 749 praedictam

170 754 412 804 positionem,
431 753 584 792 videtur
603 753 709 802 quod
733 760 908 802 oporteat
926 765 1081 802 semper
1100 765 1240 801 aequa-

171 809 248 845 lem
277 819 419 857 aquam
438 812 451 827 ⁰
470 806 624 844 salvari:
649 806 739 854 quia
763 814 950 855 quantum
969 806 1052 843 fluit
1072 806 1120 844 de
1140 818 1241 854 aqua

171 873 195 898 a
222 862 396 908 Tartaro,
422 866 577 897 tantum
598 860 707 908 ponit
734 859 841 909 quod
867 860 1004 896 iterum
1029 860 1166 897 refluat
1193 860 1242 896 ad

169 913 411 964 principium.
427 913 477 950 Et
491 913 546 949 sic
560 920 711 963 oportet
728 913 890 950 totaliter
909 913 1110 950 excludere
1128 925 1240 961 gene-

171 966 360 1005 rationem
389 978 512 1015 aquae
540 965 580 1003 in
609 979 708 1013 aere,
730 973 767 1003 et
795 966 1051 1003 elevationem
1076 978 1199 1014 aquae
1219 979 1241 1003 a

170 1027 270 1058 terra
288 1032 358 1069 per
377 1019 710 1068 evaporationem:
731 1019 837 1068 quod
855 1027 959 1068 patet
985 1031 1067 1056 esse
1091 1019 1240 1056 falsum.

225 1073 398 1111 Tertiam
431 1072 618 1110 rationem
651 1073 760 1122 ponit
791 1072 865 1109 ibi:
899 1072 1080 1115 Quamvis
1113 1084 1243 1109 omnes

161 1126 280 1177 fluvii
296 1133 366 1164 etc.
397 1126 447 1163 Et
475 1133 531 1163 est
553 1126 660 1174 quod
689 1138 826 1163 omnes
854 1125 963 1163 fluvii
991 1124 1242 1162 terminantur

136 1179 140 1184 ’
171 1179 395 1229 agl-,mares
408 1179 642 1228 quicumque
670 1191 750 1216 non
782 1178 1035 1220 terminantur
1067 1178 1116 1215 ad
1149 1178 1242 1215 alios

166 1232 329 1279 fluvios3
359 1239 396 1269 et
414 1233 561 1270 nullum
588 1232 736 1270 flumen
765 1239 821 1269 est
847 1232 901 1269 sic
927 1231 1172 1268 terminatum
1193 1231 1243 1268 ad

167 1292 333 1334 terram,
361 1286 470 1335 quasi
502 1293 643 1323 terram
669 1285 886 1335 perforanS,
915 1284 1022 1333 quod
1049 1285 1166 1321 vadat
1193 1284 1242 1321 ad

164 1339 396 1386 -Tartarum3
426 1338 494 1376 sed
513 1339 544 1376 si
569 1346 656 1376 sunt
675 1338 802 1387 aliqua
819 1338 982 1375 flumina
1010 1337 1185 1374 intrantia
1204 1337 1242 1374 in

173 1392 463 1443 concavitatem1
485 1399 606 1429 terrae
635 1397 669 1438 ¹¹,
699 1391 837 1428 iterum
871 1398 1010 1428 exeunt
1043 1390 1082 1427 in
1114 1389 1241 1440 aliquo

166 1445 272 1487 loco.
310 1446 361 1483 Et
393 1445 447 1482 sic
479 1457 559 1482 non
590 1444 742 1483 videtur
771 1455 910 1481 verum
943 1443 1050 1493 quod
1082 1443 1243 1480 flumina

171 1498 310 1537 iterum
339 1498 498 1536 redeant
524 1497 574 1535 ad
601 1498 816 1534 Tartarum.

236 1552 424 1600 Quartam
457 1551 646 1588 rationem
679 1550 788 1599 ponit
823 1549 896 1587 ibi:
935 1550 1081 1599 Magni
1115 1555 1242 1586 autem

161 1600 270 1657 fiunt
286 1612 370 1642 etc.:
387 1616 486 1653 quae
501 1603 584 1640 talis
605 1611 671 1640 est.
694 1603 735 1640 Si
750 1615 882 1640 cursus
895 1602 916 1625 '¹‘
929 1603 1139 1640 fluviorum
1156 1615 1244 1639 cau-

173 1665 278 1701 satur
296 1669 343 1695 ex
362 1657 556 1695 effluentia
570 1656 732 1704 Tartari,
753 1663 947 1705 oporteret
965 1656 1071 1705 quod
1091 1656 1139 1693 ab
1159 1656 1243 1705 ipso

166 1710 232 1751 ,sui
245 1710 434 1761 principio
444 1710 608 1748 flumina
618 1710 902 1747 multitudinem
913 1721 1035 1758 aquae
1045 1709 1242 1746 haberent.

173 1764 254 1804 Sed
278 1764 356 1801 hoc
383 1776 463 1801 non
489 1763 688 1802 videmus:
718 1763 809 1811 quia
836 1762 932 1800 inter
958 1763 1100 1800 fluvios
1119 1762 1169 1799 illi
1189 1762 1244 1799 in-

163 1816 379 1867 -veniuntur
397 1816 538 1865 magni,
559 1817 625 1865 qui
653 1829 723 1866 per
741 1817 895 1864 longam
914 1815 1020 1852 viam
1038 1816 1174 1863 fluunt,
1196 1828 1243 1852 eo

167 1871 280 1923 'quod
299 1870 483 1920 recipiunt
512 1869 767 1907 discursiones
791 1870 1001 1906 multorum
1020 1869 1243 1916 fluviorum,

174 1922 214 1963 et
231 1923 456 1962 detruncant
468 1923 552 1961 vias
567 1935 702 1960 eorum
719 1930 756 1960 et
769 1922 983 1960 secundum
998 1923 1139 1970 locum,
1156 1922 1245 1971 quia

174 1977 264 2016 sunt
279 1976 472 2026 profunda
491 1977 613 2026 magis
642 1984 679 2014 et
697 1976 818 2024 magis
839 1988 1022 2022 concava,
1051 1983 1087 2013 et
1110 1988 1245 2012 secun-

174 2030 270 2071 dum
289 2030 578 2079 longitudinem,
608 2030 698 2078 quia
716 2029 930 2077 longiorem
949 2029 1054 2066 viam
1076 2037 1243 2065 currunt.

229 2186 254 2222 ξ)
272 2189 315 2214 vel
333 2188 406 2221 quod
423 2195 529 2214 sursum
542 2189 644 2223 fluant.
661 2201 681 2207 -
698 2188 756 2212 Hoc
769 2196 824 2213 om.
838 2188 893 2213 AB.
910 2201 930 2207 -—
947 2188 1007 2212 Lin.
1025 2195 1083 2220 seq.
1100 2187 1138 2212 Pa
1157 2188 1248 2219 legunt

164 2224 302 2251 Secunda
313 2231 376 2249 vero
390 2227 431 2249 est
443 2224 516 2257 quod
528 2224 687 2254 secundum‚·
701 2224 762 2248 item
774 2223 880 2248 inferius
896 2223 1014 2248 Tertiam
1029 2223 1160 2248 rationem
1167 2222 1247 2254 ponit

175 2260 267 2287 dicen
276 2260 356 2292 quod,
369 2259 475 2290 Quarta
485 2259 557 2284 ratio
566 2262 606 2284 est
614 2259 645 2289 si,
659 2258 760 2289 Quinta
769 2266 833 2283 vero
842 2262 883 2284 est
892 2258 964 2290 quod
966 2266 976 2289 ;
986 2258 1017 2283 cf.
1028 2259 1086 2283 lect.
1096 2265 1213 2291 praecm.
1221 2256 1246 2282 6.

229 2295 257 2328 ο)
274 2296 411 2329 aequalem
426 2302 533 2328 aquam.
545 2308 564 2313 -
578 2294 605 2319 in
620 2295 725 2327 qualem
739 2301 838 2327 aquam
851 2294 905 2319 AB.
918 2308 938 2313 —
951 2294 1031 2319 Iidem
1044 2301 1092 2327 pro
1108 2296 1246 2325 quantum,

176 2331 350 2365 inquantunu
368 2335 393 2355 et
411 2338 460 2363 pro
479 2330 583 2359 iterum,
603 2333 675 2355 tunc.

222 2366 261 2400 με)
279 2365 436 2399 quicumque
492 2368 592 2390 terrae.
609 2379 629 2384 -
646 2371 826 2398 quaecumque
847 2372 900 2390 non
924 2365 1107 2390 terminantur
1123 2364 1161 2389 ad
1179 2364 1247 2389 alios

235 2401 242 2408 ⁸
289 2402 392 2427 nullum
410 2408 467 2426 esse
483 2401 523 2426 sic
541 2401 704 2426 teu-minatur
721 2400 759 2425 ad
772 2403 874 2425 terram
893 2400 971 2433 quasi
984 2403 1086 2425 terram
1101 2401 1248 2433 persor-ans

165 2440 210 2468 13,
221 2437 298 2463 vadit
314 2437 352 2462 ad
374 2436 534 2466 Tartarum,
552 2436 600 2461 sed
617 2437 642 2462 si
659 2436 688 2461 in
709 2436 747 2468 (in
767 2444 822 2461 om.
835 2437 868 2468 B)
887 2443 958 2469 aqua
969 2436 1088 2470 flumina
1106 2436 1248 2467 distempe-

163 2475 242 2506 ,Μυῒ
259 2472 320 2506 (pro
339 2472 504 2504 dispareant,
524 2471 556 2497 cf.
575 2471 647 2504 text.)
667 2471 800 2496 intrantia
819 2471 845 2496 in
864 2471 1032 2497 concavitate
1051 2474 1140 2496 terrae
1158 2471 1212 2495 AB.

231 2507 257 2542 ρ)
273 2508 310 2541 ξ)
323 2508 383 2533 ideo
397 2508 476 2533 Ister.
486 2521 506 2527 -
520 2507 557 2532 Et
576 2507 636 2532 ideo
656 2507 742 2532 Istrus
756 2507 801 2531 AB
806 2514 814 2538 ;
833 2507 904 2532 Nam
926 2507 994 2532 Ister
1008 2507 1054 2536 Pa,
1074 2506 1134 2531 licet
1151 2506 1178 2531 in
1191 2514 1249 2531 ver-

177 2543 252 2570 sione
270 2544 359 2584 legant
378 2543 472 2568 Istrus.
489 2557 510 2562 -
527 2543 578 2568 Pro
596 2543 835 2572 Mediterraneum,
855 2542 943 2567 media
962 2545 1052 2567 terrae
1069 2542 1123 2566 AB.

2282 255 2355 302 395

1295 334 1344 369 Et
1362 332 1450 370 ideo
1467 334 1559 369 Ister
1573 339 1600 379 Ρ,
1619 332 1714 370 idest
1729 332 1942 379 Danubius,
1960 340 1996 369 et
2011 332 2120 369 Nilus
2140 340 2227 369 sunt
2241 333 2358 370 maxi-

1295 385 1347 422 mi
1367 385 1576 423 fluviorum
1596 385 1662 434 qui
1681 386 1721 422 in
1740 397 1846 422 mare
1863 385 2183 422 Mediterraneum
2205 394 2358 433 exeunt3

1295 446 1332 475 et
1351 439 1399 476 de
1423 439 1590 476 fontibus
1610 451 1744 475 eorum
1774 438 1914 476 diversi
1938 438 2088 475 diversa
2113 439 2251 485 dicunt,
2272 452 2360 488 pro-

1294 498 1378 539 pter
1402 492 1660 528 diversitatem
1679 491 1888 529 fluviorum
1910 491 1973 540 qui
1997 491 2036 527 in
2059 492 2130 528 hos
2144 491 2164 512 ’¹‘
2183 491 2331 529 intrant.

1350 544 1534 591 Quintam
1563 545 1749 582 rationem
1776 544 1885 593 ponit
1912 544 1978 581 ibi:
2002 545 2115 580 Haec
2142 545 2266 592 itaque
2289 553 2358 582 etc.

1296 598 1345 633 Et
1373 605 1428 634 est
1457 598 1574 646 quod,
1593 599 1690 635 ultra
1708 597 1901 646 praedicta
1928 597 2235 634 inconvenientia
2254 603 2279 642 ⁷,
2303 606 2358 634 est

1297 649 1410 686 etiarn
1437 651 1532 697 hoc,
1562 651 1668 698 quod
1697 658 1919 699 sequeretur
1946 650 2052 699 quod
2083 662 2188 686 mare
2221 650 2361 687 habeat

1294 702 1525 750 principium
1541 715 1564 739 a
1577 704 1749 740 Tartaro.
1763 704 1879 750 Quod
1893 703 2167 740 inconveniens
2183 710 2255 740 est:
2272 703 2361 751 quia

1296 767 1402 791 mare
1430 755 1580 792 videtur
1601 768 1682 792 esse
1711 757 1818 793 locus
1837 756 2015 793 naturalis
2040 768 2240 804 aquarum,
2267 756 2361 793 sicut

1297 819 1412 856 supra
1439 807 1460 829 '¹‘
1489 808 1632 844 dictum
1662 817 1728 846 est.

1354 861 1386 897 5.
1404 860 1535 897 Tertio
1552 860 1621 897 ibi:
1643 862 1752 903 Quod
1769 862 1916 910 quidem
1933 862 2050 912 igitur
2064 869 2133 909 etc,
2154 861 2333 909 recolligit
2346 868 2361 883 τ

1297 925 1395 962 quae
1410 926 1526 963 supra
1546 913 1644 950 dicta
1659 921 1756 951 sunt.
1778 916 1826 951 Et
1841 915 1928 951 dicit
1942 915 2047 964 quod
2058 922 2160 952 tanta
2175 914 2274 952 dicta
2288 915 2361 952 sint

1297 966 1346 1003 de
1373 967 1449 1003 hoc
1476 967 1581 1016 quod
1609 967 1715 1003 locus
1743 967 1810 1004 iste
1831 980 1947 1016 quem
1976 980 2082 1005 mare
2111 976 2284 1016 occupat,
2307 975 2362 1004 est

1296 1020 1403 1056 locus
1431 1019 1610 1056 naturalis
1639 1032 1772 1068 aquae,
1799 1029 1834 1057 et
1854 1033 1932 1057 non
1951 1022 2076 1057 solum
2097 1027 2110 1041 υ
2129 1022 2234 1058 locus
2254 1028 2361 1059 natu-

1297 1073 1383 1109 ralis
1403 1073 1532 1118 maris,
1549 1073 1646 1110 idest
1660 1085 1782 1121 aquae
1803 1075 1922 1110 salsae
1938 1074 2137 1111 existentis.
2154 1075 2204 1110 Et
2219 1074 2360 1111 dictum

1298 1133 1354 1162 est
1381 1137 1500 1174 quare
1523 1125 1614 1162 illud
1638 1127 1744 1175 quod
1772 1133 1828 1162 est
1854 1127 2022 1175 potabile
2042 1134 2078 1163 et
2095 1127 2115 1148 ²¹²
2135 1127 2257 1174 dulce,
2283 1140 2362 1164 non

1297 1179 1560 1216 manifestatur
1579 1179 1617 1215 in
1636 1178 1744 1226 mari,
1765 1179 1833 1216 sed
1848 1179 1886 1216 in
1901 1180 2008 1228 aquis
2027 1180 2249 1226 fluentibus;
2270 1180 2362 1217 illud

1298 1239 1427 1269 autem
1456 1233 1562 1281 quod
1584 1233 1725 1268 salsum
1755 1240 1825 1279 est,
1855 1233 2025 1270 subsidet
2052 1233 2090 1270 in
2119 1232 2226 1280 mari,
2256 1234 2364 1282 quasi

1298 1285 1520 1322 derelictum
1539 1293 1628 1333 post
1647 1285 1960 1334 evaporationem
1982 1286 2061 1322 eius
2081 1286 2186 1334 quod
2202 1294 2280 1323 erat
2294 1299 2363 1335 po-

1296 1338 1408 1374 tabile
1438 1346 1475 1375 et
1501 1338 1610 1374 dulce
1639 1339 1688 1375 Et
1717 1339 1859 1375 dictum
1886 1346 1941 1375 est
1960 1338 2074 1375 etiam
2093 1344 2108 1368 P
2128 1339 2233 1387 quod
2257 1351 2362 1376 mare

1297 1391 1419 1439 magis
1447 1398 1504 1428 est
1530 1391 1714 1428 terminus
1743 1404 1929 1441 aquarum
1959 1404 2075 1440 quam
2116 1392 2362 1441 principium:

1298 1444 1387 1494 quia
1406 1444 1545 1481 scilicet
1564 1456 1664 1493 aqua
1683 1452 1787 1482 extra
1807 1457 1913 1482 mare
1932 1451 2143 1492 generatur,
2162 1452 2197 1481 et
2211 1457 2362 1482 sursum

1297 1497 1336 1534 in
1351 1509 1450 1544 aere,
1471 1504 1514 1534 ut
1533 1497 1676 1534 dictum
1697 1505 1753 1534 est
1765 1497 1786 1519 ‘¹‘
1806 1498 1854 1534 de
1873 1498 2116 1546 generatione
2134 1498 2362 1546 pluviarum,

1299 1557 1335 1586 et
1362 1549 1459 1587 intra
1486 1557 1647 1597 terram,
1672 1558 1714 1587 ut
1742 1550 1886 1587 dictum
1916 1558 1971 1587 est
1998 1550 2018 1572 '¹‘
2046 1551 2094 1587 de
2123 1551 2363 1598 generatione

1298 1603 1460 1640 fontium
1482 1611 1517 1640 et
1535 1603 1556 1625 '¹‘
1573 1603 1799 1649 fluviorum;
1830 1611 1867 1640 et
1885 1611 2024 1650 tamen,
2049 1603 2282 1653 ubicumque
2302 1617 2364 1652 ge-

1298 1664 1452 1693 neratur
1470 1668 1581 1705 aqua,
1597 1656 1680 1693 fluit
1695 1656 1744 1693 ad
1764 1669 1881 1704 mare,
1897 1656 1968 1693 nisi
1986 1657 2224 1706 impediatur.
2245 1658 2293 1693 Et
2312 1657 2365 1693 sic

1299 1722 1398 1758 aqua
1427 1710 1525 1746 salsa
1554 1721 1594 1746 se
1622 1709 1738 1746 habet
1770 1709 1866 1746 sicut
1893 1709 1984 1747 illud
2013 1710 2117 1758 quod
2146 1717 2201 1746 est
2235 1722 2365 1759 super-

1297 1763 1423 1800 fluum
1457 1762 1624 1799 alimenti
1656 1762 1695 1799 in
1733 1762 1957 1812 corporibus
1995 1763 2236 1800 animalium:
2275 1776 2365 1800 narn

1299 1815 1539 1864 superfluum
1555 1815 1722 1852 alimenti
1738 1824 1793 1852 est
1807 1816 1950 1852 salsum
1963 1817 2027 1853 vel
2043 1828 2230 1853 amarum.
2248 1816 2366 1863 Quod

1298 1868 1533 1906 verum*est
1553 1870 1600 1906 de
1621 1869 1816 1917 superfluo
1837 1869 2036 1906 cuiuslibet
2055 1869 2233 1916 alimenti,
2250 1870 2317 1906 sed
2326 1869 2367 1891 *²¹⁶

1299 1923 1467 1959 maxime
1488 1922 1536 1959 de
1551 1922 1746 1971 superfluo
1767 1922 1934 1959 alimenti
1953 1922 2111 1970 humidi,
2133 1923 2228 1959 sicut
2245 1922 2366 1970 urina,

1299 1988 1398 2025 quae
1419 1983 1475 2012 est
1494 1975 1615 2024 magis
1643 1975 1838 2022 indigesta,
1861 1983 1897 2012 et
1915 1975 2002 2012 ideo
2023 1983 2080 2012 est
2098 1975 2218 2023 magis
2237 1987 2367 2012 amara

1300 2037 1336 2065 et
1365 2029 1478 2076 salsa,
1507 2036 1549 2065 ut
1576 2036 1678 2077 patet
1697 2033 1725 2065 χ.

1353 2187 1380 2219 o)
1401 2188 1473 2212 ultra
1487 2187 1630 2219 praedicta
1650 2187 1872 2212 inconvenientia.
1885 2200 1904 2205 -
1921 2194 1981 2212 cum
1995 2187 2145 2219 praedictis
2164 2187 2370 2212 inconvenienti-

1301 2222 1349 2247 bus
1366 2223 1420 2246 AB.
1438 2236 1458 2241 —
1475 2222 1555 2247 Iidem
1574 2230 1628 2247 om.
1649 2223 1728 2252 Quod
1747 2222 1932 2247 inconveniens
1950 2226 1997 2252 est,
2018 2227 2042 2247 et
2060 2230 2200 2255 aquarum.

1355 2257 1380 2289 τ)
1403 2257 1494 2283 Tertio
1514 2258 1583 2283 ibi...
1607 2258 1747 2290 recolligit.
1765 2271 1784 2276 -
1803 2258 1908 2282 Deinde
1933 2257 2065 2291 recolligit
2087 2258 2134 2282 Pa.
2151 2271 2170 2278 -·
2187 2258 2303 2283 Eaedem
2322 2265 2370 2290 pro

1301 2293 1356 2318 sint
1374 2298 1433 2318 ante
1452 2293 1485 2318 de
1503 2293 1559 2323 hoc,
1578 2296 1656 2322 sunu
1674 2298 1700 2317 et
1717 2301 1770 2317 om.
1791 2293 1840 2317 iste
1846 2300 1855 2322 ;
1874 2293 1907 2318 cf.
1925 2298 2031 2317 textum.

1355 2328 1380 2361 υ)
1401 2331 1427 2353 et
1446 2336 1496 2353 non
1517 2329 1611 2353 solum.
1624 2342 1643 2347 —-
1655 2328 1703 2353 sed
1721 2336 1773 2353 non
1788 2329 1841 2359 AB,
1854 2328 1925 2361 quod
1938 2329 2043 2360 quidem
2062 2327 2178 2361 pressius
2191 2327 2268 2353 refert
2286 2328 2370 2361 ipsam

1302 2363 1414 2388 litteram
1432 2369 1530 2394 textus;
1550 2364 1596 2388 sed
1612 2364 1643 2388 cf.
1658 2364 1845 2396 expositionem
1861 2365 1887 2389 S.
1900 2363 2018 2388 Thomae
2031 2364 2063 2388 ad
2078 2363 2190 2388 similem
2204 2363 2298 2395 locum,
2312 2364 2371 2388 lect.

1302 2399 1422 2431 praeced.
1441 2407 1467 2424 n.
1482 2407 1508 2431 7.
1519 2413 1539 2418 -
1551 2399 1602 2424 Pro
1622 2406 1712 2431 quare,
1733 2399 1803 2431 quod
1821 2399 1868 2424 Pa.

1357 2434 1385 2468 φ)
1406 2434 1507 2459 dictum
1526 2438 1566 2459 est
1584 2434 1675 2459 etiam.
1689 2449 1707 2454 —
1720 2435 1800 2459 etiam
1819 2443 1874 2460 om.
1892 2435 1939 2460 Pa.
1951 2448 1971 2453 -
1982 2434 2033 2459 Pro
2051 2441 2191 2467 aquarum,
2211 2441 2297 2466 aquae
2311 2435 2369 2465 AB3

1304 2477 1352 2503 pro
1366 2470 1436 2502 quia,
1457 2477 1525 2502 quae
1544 2470 1584 2494 ed.
1603 2469 1678 2501 1561,
1698 2470 1744 2502 qui
1762 2470 1791 2495 P.

1356 2506 1386 2539 χ)
1405 2505 1475 2530 sicut
1494 2506 1605 2530 urina...
1620 2508 1707 2537 patet.
1718 2519 1738 2524 -—
1750 2506 1822 2538 quod
1841 2505 1921 2530 urina
1939 2505 1988 2530 hoc
2006 2508 2046 2530 est
2064 2505 2151 2538 magis
2166 2504 2327 2538 indigestum
2341 2508 2371 2530 ut

1304 2541 1378 2575 infra
1398 2541 1441 2573 (cf.
1456 2541 1514 2565 lect.
1528 2548 1568 2572 w,
1588 2549 1614 2565 n.
1630 2541 1655 2574 2)
1676 2541 1746 2566 dicet
1764 2541 1816 2565 ΑΒ.

2485 344 2498 369 Ρ

2386 501 2394 509 ·
2411 499 2454 521 hoc
2467 505 2503 520 AB.

2387 809 2398 819 ⁴*
2407 799 2477 830 Lm.
2493 808 2601 836 praeced.

2486 868 2501 884 t

2389 1138 2398 1147 '¹
2413 1137 2475 1158 idest
2487 1143 2524 1158 ΑΒ.

2392 1509 2461 1532 *Lib.
2472 1510 2490 1536 1,
2502 1510 2546 1531 lect
2556 1516 2604 1533 xw.

2391 1562 2402 1573 ⁸
2411 1562 2470 1584 Ibid.
2483 1563 2589 1585 lect.xv1.

2393 1617 2401 1624 '
2406 1615 2513 1642 sontium
2523 1618 2546 1637 el
2555 1621 2604 1637 om.

2392 1648 2429 1663 As.

2394 1871 2502 1919 2¹.quss
2509 1871 2561 1893 add.
2567 1878 2606 1894 ΑΒ.

2493 2030 2522 2063 ⁷..
