2690 4062
83 2250 105 2271 ‘¹‘
120 2261 131 2279 ¹-
167 2259 181 2277 ²
204 2251 379 2304 '‘omnium,
406 2260 445 2285 ut
466 2251 645 2286 habetur}

1058 221 1171 259 CAP.
1202 222 1272 269 lx,
1303 221 1455 258 LECT.
1486 221 1539 258 lx
2361 234 2395 258 11

199 305 232 330 et
255 295 374 330 eodem
396 295 500 329 modo
525 307 559 329 se
583 296 733 330 habeant.
759 298 873 331 Potest
897 307 1007 332 autem
1030 300 1077 332 sic
1099 300 1183 332 ratio
1207 298 1271 332 for-

198 341 292 381 mari,
308 340 409 374 idest:
435 340 523 374 idem
547 352 684 374 manens
708 341 796 375 idem
821 353 951 386 semper
969 352 1084 376 natum
1101 352 1150 376 est
1165 343 1270 376 facere

198 384 305 426 idem;
329 383 387 418 sed
410 385 537 428 species
564 384 618 418 vel
642 385 734 418 ideae
765 397 896 430 semper
919 396 1054 420 manent
1077 387 1211 421 eaedem
1239 396 1272 420 et

199 428 319 463 eodem
342 428 464 469 modo;
488 440 568 473 ergo
593 440 723 473 semper
747 429 904 464 deberent
926 443 1101 474 generare3
1126 432 1183 465 sed
1206 431 1272 465 hoc

200 481 250 507 est
271 472 391 506 falsum
414 472 506 518 quod
529 484 660 517 semper
683 483 858 517 generent:
884 476 960 519 quia
1006 476 1146 509 uaedam
1171 487 1272 521 quan-

201 517 312 562 doque
343 525 421 550 sunt
450 525 483 550 et
520 517 721 569 quandoque
752 529 821 551 non
834 531 843 559 ;
874 530 953 563 ergo
991 531 1001 552 1
1027 531 1064 553 ae
1095 531 1165 553 non
1196 528 1273 553 sunt

201 573 318 595 causae
341 562 562 606 generatioms
586 570 619 595 et
642 563 874 606 corruptionis.

257 608 288 639 6.
314 605 502 640 Secundam
531 606 694 639 rationem
742 607 814 640 onit
841 606 904 640 ibi:
938 608 1083 653 Amplius
1113 615 1214 642 autem
1241 609 1275 642 in

200 650 383 695 quibusdam
407 659 482 691 etc.,
498 649 610 684 dicens
635 662 703 695 quo
750 662 812 684 nos
835 651 986 685 videmus
1011 652 1052 686 ad
1079 664 1215 686 sensum
1240 653 1274 685 in

202 694 412 740 quibusdam,
435 695 521 728 sicut
543 695 578 728 in
601 694 840 736 artificialibus,
866 695 957 740 quod
979 697 1203 730 necessarium
1226 705 1276 729 est

202 751 274 772 esse
297 738 433 791 aliquod
456 740 602 790 primum
621 751 760 773 movens
777 748 906 784 praeter
924 741 1051 785 species
1074 742 1099 774 ζ.
1123 740 1275 774 Μ61116113

202 784 291 817 enim
307 783 385 817 facit
399 791 584 824 samtatem,
604 792 636 817 et
660 783 809 818 similiter
833 784 950 818 doctor
977 784 1053 818 facit
1082 785 1275 826 doctrinam,

203 839 281 862 cum
299 837 411 862 tamen
426 836 555 872 praeter
577 827 653 862 illos
677 829 748 873 ipsa
771 829 892 862 sanitas
909 838 942 862 et
957 829 1106 863 doctrina
1121 831 1187 863 sint
1203 841 1276 874 spe-

94 893 134 917 ,μ
162 893 167 895 -
200 873 330 924 cies-et
344 873 454 906 anima
469 871 624 906 discentis
643 882 676 906 et
692 873 879 918 complexio
901 875 1049 918 corporis
1064 875 1130 908 sint
1145 875 1276 919 partici-

126 938 132 945 ,
151 920 169 934 ⁸
200 941 203 947 -
226 925 315 951 anna
337 917 485 961 ipsarum
508 928 523 949 s
548 917 711 959 ecierum;
735 926 768 951 et
782 917 933 951 similiter
948 927 997 952 est
1018 919 1052 952 in
1068 918 1139 952 aliis
1164 930 1278 952 secun-

302 961 506 1006 potentiam,i
531 970 581 995 est
601 961 786 996 secundum
802 971 904 996 artem
926 964 1091 1008 operantis
1107 963 1279 1008 (dicuntur

168 1029 176 1036 .
199 1006 295 1040 mim
315 1013 400 1039 artes
416 1014 450 1039 et
461 1006 618 1040 scientiae
633 1008 801 1051 potentiae
813 1006 840 1047 *,
848 1015 886 1040 ut
902 1006 1020 1041 dicitur
1032 1008 1083 1042 IX
1093 1008 1278 1053 Memphys„

200 1050 283 1096 quia
330 1061 365 1084 er
383 1055 488 1084 artem
503 1049 609 1084 homo
625 1060 792 1095 operatur,
809 1060 842 1085 et
857 1063 917 1096 per
932 1053 1105 1086 scientiam
1127 1052 1278 1086 conside-

202 1093 284 1140 rat).
336 1105 395 1129 um
417 1106 498 1138 ergo
514 1106 566 1129 ars
585 1095 733 1130 imitetur
750 1105 914 1136 naturam,
933 1105 967 1130 et
986 1097 1022 1130 in
1042 1105 1110 1130 arte
1133 1097 1279 1130 invenia-

199 1149 281 1174 mus
299 1138 385 1173 hanc
403 1140 534 1173 tertiam
549 1151 699 1182 causam:
716 1152 796 1185 ergo
812 1140 847 1174 in
861 1149 979 1174 natura
994 1149 1044 1174 est
1059 1142 1154 1174 tertia
1170 1152 1278 1182 causa,

200 1182 514 1227 affligamus,
536 1193 665 1228 praeter
686 1185 858 1219 materiam
882 1193 915 1218 et
936 1184 1088 1218 formam.

259 1237 291 1271 7.
314 1227 445 1262 Deinde
469 1239 546 1261 curn
570 1228 666 1262 dicit:
692 1229 725 1263 Si
739 1236 841 1263 autem
855 1230 1016 1264 materiam
1031 1238 1105 1270 etc.,
1124 1229 1279 1274 reprobat

198 1271 386 1307 mindam
402 1273 608 1317 opinionem.
633 1274 676 1307 Et
691 1274 776 1307 circa
791 1273 858 1308 1106
873 1273 941 1308 11110
956 1273 1048 1307 facit:
1064 1274 1174 1318 prinio
1191 1285 1279 1307 com-

83 1334 94 1351 υ,
284 1325 300 1350 t
321 1328 395 1351 eam
418 1318 544 1362 primae
574 1318 744 1362 opinioni;
769 1318 917 1352 secundo
942 1318 1080 1352 destruit
1103 1330 1192 1357 eam,
1217 1317 1277 1351 ibi:

140 1381 147 1388 e
160 1361 169 1366 ²
202 1376 206 1381 ·
286 1365 388 1396 tannen
409 1373 462 1396 nec
484 1362 516 1395 hi
529 1361 546 1379 *
562 1370 623 1395 etc.
647 1363 739 1396 Dicit
761 1374 841 1407 ergo
864 1363 974 1408 primo
990 1362 1092 1407 quod,
1108 1363 1136 1396 si
1161 1362 1278 1407 aliquis

205 1404 294 1440 dicat
308 1405 400 1451 quod
416 1407 552 1440 materia
567 1407 736 1451 praedicto
752 1406 856 1441 modo
872 1407 1043 1452 disposita,
1058 1415 1194 1451 generet
1230 1418 1281 1440 ro-

202 1457 280 1496 m
303 1459 435 1484 motum
451 1462 552 1496 quem
576 1451 648 1495 ipsa
670 1459 785 1484 movet
806 1451 840 1492 ⁴⁸,
863 1452 969 1496 magis
993 1451 1072 1485 dicit
1094 1463 1196 1485 secun
1221 1463 1279 1484 um

200 1502 369 1536 mamm,
385 1507 486 1540 quarn
509 1495 557 1528 illi
603 1496 639 1529 ui
661 1494 776 1529 dicunt
803 1496 949 1540 speciem
973 1505 1155 1540 separatam
1178 1507 1279 1540 gene-

202 1549 288 1574 nte.
312 1539 406 1581 Quia
420 1539 455 1574 id
471 1539 563 1585 quod
578 1506 694 1573 §terat
709 1548 742 1574 et
756 1539 977 1582 transformat,
989 1541 1095 1585 magis
1116 1549 1166 1574 est
1182 1552 1280 1574 causa

202 1584 431 1663 &nandonis
446 1585 481 1618 in
497 1583 662 1628 physicis:
685 1585 822 1618 materia
845 1594 968 1626 autem,
984 1585 1169 1620 secundum
1189 1584 1280 1630 quod

203 1659 206 1660 γ
231 1628 333 1669 ’mn
348 1629 397 1662 sic
412 1627 588 1662 informata
603 1637 642 1662 ut
657 1628 783 1662 dictum
799 1637 860 1670 est,
877 1629 991 1663 alterat
1006 1638 1039 1664 et
1054 1629 1265 1664 transformat
1270 1642 1280 1671 3

200 1680 327 1708 «ms
348 1672 449 1707 etiam
473 1674 623 1707 consueti
647 1684 764 1707 sumus
787 1673 895 1707 dicere
914 1675 949 1707 in
965 1674 1087 1708 artibus
1111 1683 1143 1708 et
1166 1675 1202 1708 in
1224 1686 1281 1708 na-

199 1723 293 1759 mn,
307 1716 400 1763 quod
422 1717 488 1751 hoc
509 1726 559 1751 est
575 1717 721 1751 efficiens
737 1718 973 1764 quodcumque
989 1727 1040 1752 est
1059 1727 1281 1753 transmutans

198 1769 244 1796 n
261 1761 412 1796 alterans,

263 1806 296 1840 8.
319 1807 450 1841 Deinde
474 1817 551 1840 cum
575 1806 672 1840 dicit:
697 1806 754 1841 Sed
777 1813 877 1842 tamen
899 1819 951 1842 nec
973 1808 1004 1841 hi
1027 1816 1104 1849 etc.,
1127 1807 1283 1853 reprobat

201 1850 307 1888 &um
330 1850 526 1896 opinionem
549 1862 609 1895 per
638 1860 704 1885 tres
727 1852 891 1893 rationes;
915 1863 1057 1898 quarum
1081 1853 1187 1897 prima
1210 1852 1282 1886 talis

204 1901 267 1931 est.
293 1895 404 1930 Causa
430 1895 608 1929 materialis
636 1906 714 1930 cum
741 1895 904 1930 efficiente
937 1908 1111 1942 nunquam
1133 1897 1283 1931 incidunt

203 1939 350 1978 itidem
365 1950 526 1981 numero;
549 1939 607 1974 sed
626 1940 782 1974 materiae
805 1950 855 1974 est
877 1941 946 1986 pati
962 1950 995 1975 et
1009 1942 1153 1975 moveri:
1177 1941 1282 1976 facere

201 1992 320 2020 anem
343 1993 378 2018 et
399 1995 536 2018 movere
559 1993 610 2018 est
632 1984 765 2018 alterius
789 1986 956 2029 potentiae
969 2011 978 2026 ‚
1010 1986 1088 2031 quia
1140 1987 1283 2020 otentiae

200 2029 345 2070 activae,
369 2040 454 2074 quae
477 2038 527 2063 est
545 2029 580 2062 in
596 2037 714 2074 agente
721 2042 731 2071 ;
756 2031 906 2074 sequitur
928 2042 1009 2075 ergo
1033 2042 1101 2075 quo
1149 2032 1284 2064 materia

199 2079 283 2109 ‘aon'
293 2082 405 2119 potest
419 2084 492 2108 esse
506 2085 648 2108 movens
669 2074 724 2108 vel
747 2073 911 2108 efficiens:
935 2075 1014 2109 alias
1030 2075 1120 2109 enim
1135 2076 1284 2120 potentia

199 2118 315 2153 motiva
337 2126 371 2152 et
393 2119 523 2162 passiva
547 2127 657 2152 essent
679 2119 778 2153 idem.
803 2119 845 2153 Et
867 2119 933 2153 hoc
955 2119 1143 2153 manifestat
1168 2121 1203 2154 in
1227 2132 1283 2153 na-

205 2162 369 2199 nulibus
393 2171 426 2196 et
441 2162 674 2197 artificialibus.
698 2164 741 2198 Et
786 2164 872 2198 rimo
896 2165 931 2197 in
954 2163 1175 2205 naturalibus3
1199 2176 1284 2209 aqua

206 2208 300 2243 urim
312 2231 322 2249 ,
354 2218 438 2253 quae
469 2207 655 2242 secundum
706 2176 784 2243 11οέ
805 2207 885 2242 111611
915 2208 1040 2242 Τ113163
1071 2217 1122 2242 631
1148 2209 1284 2242 materia

708 2253 838 2305 etaphys.
859 2252 890 2294 *,
920 2264 991 2286 11011
1014 2252 1091 2286 facit
1113 2265 1154 2287 ex
1175 2254 1284 2298 seipsa

203 2296 343 2337 animal,
365 2307 427 2330 nec
451 2296 575 2342 aliquid
598 2296 698 2331 aliud.
723 2297 882 2331 Similiter
896 2308 959 2331 nec
973 2297 1103 2341 lignum
1122 2297 1213 2342 quod
1234 2306 1284 2331 est

207 2341 346 2375 materia
361 2340 437 2375 lecti
453 2350 511 2375 aut
529 2342 665 2383 scamni,
680 2341 739 2375 sed
751 2341 866 2376 artifex
876 2353 936 2386 per
952 2351 1056 2375 artem
1070 2354 1170 2387 quam
1186 2342 1284 2376 habet

204 2386 385 2420 humente.
410 2385 460 2420 Ex
474 2385 526 2419 his
543 2397 624 2430 ergo
639 2395 730 2431 patet
743 2386 836 2432 quod
853 2387 908 2420 isti
925 2398 996 2420 non
1014 2395 1101 2420 recte
1120 2386 1281 2420 dixerunt.

167 2576 171 2579 ³
206 2585 272 2616 post
289 2581 433 2608 mitatem
453 2581 493 2607 Ca
511 2582 623 2607 addunt:
642 2585 670 2607 et
687 2589 740 2607 non
760 2582 798 2615 (et
813 2589 866 2607 non
882 2585 922 2607 est
940 2581 972 2615 C)
991 2582 1095 2607 sanitas
1112 2582 1204 2615 aliqua
1216 2590 1284 2615 quae

204 2617 249 2644 rsit
263 2618 364 2651 speeies
381 2621 510 2651 separata
515 2625 525 2648 ;
543 2618 592 2643 sed
604 2625 653 2644 nec
664 2618 692 2643 in
709 2618 740 2643 B.
752 2618 862 2643 Alberto
881 2617 931 2643 1106
944 2618 1051 2643 obtinet.
1064 2632 1085 2637 —
1098 2618 1126 2644 In
1139 2617 1192 2643 fine
1205 2618 1283 2643 huius

1380 311 1411 343 9.
1430 298 1619 333 Secundam
1635 299 1798 332 rationem
1814 299 1909 343 ponit
1921 298 1975 331 ibi:
1992 299 2032 332 Et
2042 299 2186 342 quoniam
2199 307 2271 338 etc.,
2285 297 2396 332 dicens

1327 344 1418 389 quod
1442 344 1522 377 tales
1547 355 1616 376 non
1639 352 1726 376 recte
1751 343 1881 384 dicunt;
1907 342 1997 387 quod
2020 352 2109 387 patet
2128 352 2160 376 et
2176 343 2237 376 alia
2253 343 2395 376 ratione:

1328 390 1404 433 quia
1428 388 1553 421 scilicet
1576 387 1810 432 derelinquunt
1856 387 2047 431 rincipalem
2072 399 2220 420 causam:
2246 386 2398 420 auferunt

1327 433 1416 466 enim
1440 432 1582 466 formam
1598 441 1630 465 et
1647 432 1737 477 quod
1762 432 1818 477 qui
1857 440 1906 465 est
1925 432 2119 464 uniuscuius
2144 444 2185 465 ue
2201 432 2256 465 rei.
2276 432 2317 464 Et
2333 431 2398 464 hoc

1327 486 1417 522 patet
1433 488 1492 522 per
1507 488 1607 521 supra
1623 476 1728 510 dicta:
1750 477 1827 521 quia
1843 476 1968 510 dictum
1984 485 2034 509 est
2056 444 2147 521 011οἌ
2162 477 2226 520 ipsi
2247 475 2398 509 auferunt

1329 532 1462 554 causam
1485 529 1693 562 moventem3
1719 533 1784 565 qua
1807 520 1934 554 sublata
1961 520 2059 565 (cum
2082 521 2218 554 materia
2241 532 2325 565 quae
2350 529 2399 553 est

1328 566 1362 598 in
1403 566 1536 605 otentia,
1556 577 1625 599 non
1648 566 1755 609 possit
1778 577 1812 599 se
1836 576 1971 599 movere
1994 564 2037 610 311
2059 564 2191 610 36111111)
2214 565 2398 598 11666333110

1329 621 1370 642 au
1385 618 1474 643 ertur
1497 610 1596 643 etiam
1619 609 1735 643 forma.

1385 664 1435 686 10.
1454 653 1519 687 Sed
1536 653 1642 687 adhuc
1659 654 1845 687 manifestat
1860 653 1925 687 hoc
1941 653 2030 687 idem
2046 666 2105 698 per
2124 653 2213 687 aliud
2234 652 2324 698 quod
2336 653 2399 697 ipsi

1330 697 1461 738 dicunt,
1485 697 1549 730 ibi:
1573 698 1717 743 Amplius
1741 705 1841 732 autem
1867 707 1946 739 etc.,
1969 698 2081 732 dicens
2112 698 2203 743 quod
2226 698 2280 731 isn‘
2309 698 2399 730 attri-

1329 741 1437 775 buunt
1465 742 1627 786 corporali
1655 744 1809 776 materiae
1838 743 2001 787 potentias
2032 743 2236 785 passivarum
2264 741 2399 786 qualita-

1330 794 1414 827 tum,
1431 794 1464 819 et
1479 797 1538 830 per
1561 785 1631 819 illas
1655 788 1818 830 potentias
1845 786 1938 820 valde
1962 788 2115 831 organice,
2139 787 2224 821 idest
2243 795 2400 831 tanquam

1330 842 1390 874 per
1413 841 1536 874 organa
1560 839 1592 863 et
1611 831 1838 871 instrumenta,
1856 831 1970 865 dicunt
1989 832 2079 876 quod
2098 833 2233 865 materia
2256 839 2400 875 generat,

1331 874 1428 908 aliam
1456 874 1640 908 auferentes
1671 887 1803 908 causam
1833 887 1917 920 quae
1942 885 1991 909 est
2020 876 2205 910 secundum
2234 876 2400 920 speciem,

1331 918 1416 952 idest
1431 919 1616 952 secundum
1641 930 1773 952 causam
1796 919 1979 961 formalem,
1995 932 2054 965 per
2095 932 2172 954 uam
2187 918 2401 971 unumquod-

1332 975 1397 1008 que
1421 963 1438 980 *
1462 963 1645 997 collocatur
1667 964 1702 996 in
1725 965 1845 1008 specie,
1869 973 1907 997 ut
1930 964 2049 998 dicitur
2072 966 2088 999 I
2128 965 2244 1010 Physic.
2276 965 2402 998 D1cunt

1332 1008 1422 1041 enim
1446 1008 1537 1052 quod
1566 1007 1710 1041 calidum
1739 1008 1830 1052 quod
1858 1017 1908 1041 est
1934 1009 1969 1042 in
1992 1010 2148 1050 materia,
2179 1010 2330 1042 innatum
2354 1017 2402 1042 est

1332 1063 1523 1096 segregare,
1555 1052 1713 1096 frigidum
1742 1062 1852 1086 autem
1880 1061 1995 1086 natum
2025 1063 2075 1087 est
2103 1053 2322 1097 congregarei
2353 1064 2402 1086 36-

1332 1105 1447 1141 gregat
1470 1098 1560 1130 enim
1584 1096 1726 1130 calidum
1751 1106 1783 1130 et
1806 1096 1975 1138 dissolvit,
2003 1097 2160 1142 frigidum
2188 1106 2299 1131 autem
2323 1108 2402 1130 con-

1332 1149 1447 1185 gregat
1477 1150 1510 1174 et
1540 1141 1717 1186 inspissat‚
1751 1142 1868 1174 miscet
1896 1150 1928 1174 et
1957 1141 2139 1176 confundit.
2175 1142 2217 1175 Et
2245 1142 2322 1186 quia
2351 1153 2403 1175 res

1333 1196 1451 1219 omnes
1469 1186 1714 1219 constituuntur
1729 1186 1871 1219 mixtura
1888 1186 2030 1230 quadam
2046 1195 2078 1220 et
2093 1186 2313 1226 distinctione,
2326 1185 2402 1219 ideo

1333 1229 1486 1281 dicebant
1513 1229 1604 1275 quod
1632 1242 1672 1263 ex
1695 1230 1746 1263 his
1771 1230 1901 1263 duobus
1930 1231 2042 1264 omnia
2073 1231 2135 1264 alia
2167 1239 2270 1274 agunt
2292 1238 2325 1263 et
2347 1241 2403 1274 pa-

1333 1282 1460 1307 1111111111·
1472 1299 1482 1315 ,
1511 1283 1544 1307 61
1568 1275 1681 1308 omnia
1705 1286 1745 1308 ex
1767 1275 1814 1308 eis
1837 1284 2035 1318 generantur
2063 1284 2096 1308 et
2123 1283 2401 1319 corrumpuntur:

1333 1319 1498 1351 intantum
1528 1319 1627 1352 etiam
1666 1319 1757 1364 quod
1786 1320 1890 1363 ignis,
1921 1320 1978 1364 qui
2011 1328 2060 1353 est
2090 1319 2341 1353 formalissimus
2372 1327 2405 1352 et

1333 1364 1475 1396 maxime
1505 1364 1647 1404 activus,
1675 1363 1851 1408 aliquando
1882 1373 1994 1398 motus
2018 1376 2037 1397 a
2058 1363 2177 1408 frigido
2205 1363 2270 1397 hoc
2300 1362 2404 1396 modo

1334 1407 1627 1445 instrumentaliter
1650 1408 1789 1452 patitur;
1806 1418 1839 1442 et
1854 1420 1923 1442 non
1941 1408 2092 1442 dixerunt
2108 1407 2252 1453 aliquam
2271 1419 2404 1441 causam

1334 1451 1532 1485 efficientem
1555 1451 1608 1485 vel
1631 1451 1816 1486 formalem.
2197 1454 2201 1458 '

1389 1507 1438 1529 11.
1457 1496 1608 1529 Tertiam
1624 1497 1788 1530 rationem
1804 1497 1900 1541 ponit
1911 1496 1971 1530 ibi:
1988 1497 2132 1542 Amplius
2142 1509 2212 1531 vero
2223 1496 2319 1530 simile
2331 1505 2404 1536 etc.;

1334 1552 1419 1585 quae
1443 1539 1517 1573 talis
1541 1549 1600 1574 est.
1633 1542 1770 1575 Dictum
1794 1551 1843 1574 est
1871 1541 1962 1586 quod
1990 1542 2125 1586 materia
2152 1549 2285 1585 generat
2307 1540 2323 1558 *
2346 1551 2405 1585 per

1332 1585 1499 1629 potentias
1515 1586 1720 1629 passivarum
1736 1585 1931 1630 qualitatum
1946 1595 2102 1630 tanquam
2114 1597 2173 1630 per
2188 1597 2321 1630 organa,
2337 1586 2406 1618 sive

1335 1631 1574 1671 instrumenta;
1606 1629 1663 1663 sed
1693 1629 1757 1663 hoc
1788 1629 1896 1664 dicere
1927 1630 2015 1664 idem
2039 1639 2088 1664 est
2119 1642 2156 1663 ac
2178 1631 2206 1663 si
2230 1629 2406 1670 diceretur,

1336 1673 1428 1719 quod
1452 1685 1539 1708 serra
1567 1683 1601 1708 et
1622 1674 1888 1719 unumquodque
1920 1676 2216 1708 instrumentorum
2243 1675 2286 1707 sit
2309 1685 2407 1707 causa

1337 1730 1455 1753 eorum
1472 1731 1556 1764 quae
1572 1728 1779 1763 generantur.
1806 1719 1895 1753 Cum
1919 1731 1999 1763 ergo
2023 1719 2088 1753 hoc
2111 1720 2153 1753 sit
2171 1718 2305 1752 falsum:
2330 1719 2408 1763 quia

1337 1775 1468 1808 semper
1491 1773 1625 1808 oportet
1640 1763 1769 1807 lignum
1793 1763 1895 1798 dividi
1919 1764 1959 1797 ali
1984 1775 2030 1797 uo
2054 1772 2208 1797 movente
2228 1774 2350 1796 serram
2366 1762 2407 1796 ad

1337 1807 1530 1849 secandum,
1548 1817 1581 1842 et
1596 1807 1725 1852 lignum
1750 1809 1924 1853 coaequari
1948 1820 1966 1842 a
1980 1809 2060 1853 iquo
2084 1808 2219 1842 homine
2243 1807 2407 1841 incidente

1339 1861 1372 1887 et
1386 1861 1544 1886 movente
1569 1852 1749 1894 dolabram,
1772 1861 1805 1886 et
1821 1852 1970 1886 similiter
1986 1861 2035 1886 est
2059 1853 2093 1886 in
2114 1852 2184 1886 aliis
2207 1853 2407 1885 instrumen-

1338 1898 1380 1931 tis
1386 1910 1396 1939 ;
1411 1896 1532 1931 falsum
1548 1906 1598 1931 est
1615 1897 1705 1942 quod
1720 1898 1857 1935 materia
1872 1897 2092 1931 mediantibus
2108 1897 2277 1942 principiis
2293 1895 2408 1929 talium

1339 1941 1536 1987 qualitatum
1560 1953 1595 1975 se
1618 1950 1752 1975 moveat
1775 1941 1816 1976 ad
1839 1943 2094 1986 generationem.
2119 1942 2161 1975 Et
2179 1940 2254 1975 ideo
2279 1949 2410 1985 oportet

1339 1986 1431 2032 quod
1463 1986 1587 2031 aliquid
1619 1995 1752 2020 moveat
1783 1995 1815 2020 et
1846 1986 1963 2031 dirigat
2019 1986 2168 2020 ualitates
2196 1985 2408 2019 elementares

1339 2031 1381 2065 ad
1404 2032 1531 2076 species
1560 2030 1801 2066 elementorum
1829 2030 2000 2076 producen
2024 2043 2071 2064 as.
2102 2031 2144 2064 Et
2168 2030 2234 2063 hoc
2261 2038 2310 2063 est
2338 2041 2409 2062 mo-

1339 2084 1393 2109 tus
1410 2075 1490 2116 caeli
1503 2101 1512 2116 ‚
1537 2084 1575 2109 ut
1598 2075 1680 2109 infra
1703 2075 1836 2120 patebit.
1863 2076 2031 2116 Quocirca
2055 2084 2087 2109 et
2110 2076 2138 2108 si
2161 2075 2246 2119 ignis
2268 2074 2409 2107 maxime

1339 2119 1463 2165 aliquid
1486 2119 1583 2153 faciat
1605 2129 1638 2153 et
1661 2129 1808 2161 moveat,
1821 2129 1932 2153 tamen
1947 2120 2001 2153 isti
2016 2131 2087 2154 non
2109 2119 2222 2153 vident
2237 2117 2409 2163 quomodo

1338 2173 1488 2198 moveat:
1525 2164 1602 2209 quia
1634 2164 1741 2198 multo
1776 2164 1918 2198 deterius
1951 2173 2065 2198 movet
2097 2175 2196 2208 quam
2228 2174 2408 2207 organum3

1339 2209 1416 2254 quia
1440 2210 1526 2242 sicut
1549 2208 1674 2242 dictum
1698 2218 1764 2250 est,
1794 2220 1956 2253 organum
1981 2208 2131 2253 dirigitur
2158 2208 2197 2241 ab
2222 2207 2343 2242 artifice
2368 2206 2408 2240 ad

1338 2262 1449 2287 actum
1473 2253 1573 2286 talem
1588 2253 1642 2287 vel
1665 2252 1764 2286 talem
1780 2253 1806 2294 ²¹¹,
1831 2254 1888 2298 qui
1912 2253 2039 2287 inducit
2061 2252 2202 2286 formam
2226 2253 2335 2297 operis
2359 2263 2407 2285 ar-

1338 2299 1395 2338 tis,
1421 2297 1478 2331 sed
1502 2298 1588 2341 ignis
1608 2298 1790 2342 corrumpit
1814 2309 1889 2331 com
1914 2297 2074 2331 lexiones:
2099 2306 2132 2331 et
2150 2297 2215 2330 hoc
2234 2305 2283 2330 est
2301 2295 2407 2330 multo

1338 2343 1432 2387 peius
1457 2353 1558 2387 quam
1582 2343 1667 2376 actio
1692 2343 1817 2386 organi,
1834 2353 1872 2375 or
1895 2343 1982 2376 inata
2003 2341 2041 2376 ab
2057 2353 2098 2375 eo
2115 2341 2206 2386 quod
2220 2350 2335 2375 movet
2358 2352 2408 2374 or-

1338 2398 1473 2431 ganum.

263 2545 289 2580 ζ)
303 2549 419 2580 praeter
435 2546 543 2580 species.
561 2559 580 2565 -
599 2549 629 2571 ut
642 2549 722 2579 patet
740 2546 767 2571 in
786 2546 974 2580 anificialibus
992 2546 1051 2572 add.
1065 2546 1110 2572 Pb.
1122 2559 1142 2566 -
1154 2546 1212 2572 Lin.
1227 2554 1284 2580 seq.

1338 2548 1441 2572 numeri
1460 2547 1499 2572 Ca
1518 2547 1643 2573 omittunt
1665 2551 1692 2573 et
1713 2548 1740 2573 in
1759 2551 1820 2573 arte
1870 2555 1950 2582 ergo,
1970 2549 2151 2574 convenientes
2167 2557 2226 2574 cum
2244 2550 2274 2574 B.
2287 2549 2408 2575 Alberto:

1339 2583 1430 2608 «Cum
1449 2591 1513 2616 ergo
1532 2591 1574 2608 ars
1594 2588 1678 2608 mutet
1696 2583 1858 2617 (imitetur?)
1879 2589 2012 2616 naturam,
2031 2585 2108 2610 etiam
2132 2584 2249 2610 similiter
2267 2585 2315 2610 erit
2336 2585 2410 2611 tertia

1338 2626 1416 2644 causa
1433 2624 1535 2652 praeter
1550 2619 1627 2644 duas.
1638 2629 1652 2642 ›

2429 968 2440 980 ¹·
2455 973 2572 995 nunquam
2586 972 2624 989 ca.

2434 1545 2443 1554 ·
2457 1546 2590 1573 generatur
2603 1551 2625 1566 ι’.

2436 2259 2445 2267 ·
2457 2258 2495 2280 vel
2504 2258 2595 2280 taliter
2604 2258 2656 2285 rab,

2437 2291 2485 2307 om.
2501 2290 2522 2307 c.
