2782 4134
50 616 64 628 ⁸
83 621 114 638 ex
136 615 191 637 add.
209 621 223 637 Ρ
244 618 267 637 et

52 642 122 665 codd.
136 647 186 664 exe.
201 648 225 664 Α.

24 715 30 750 ’,
51 722 63 733 ·
74 721 147 744 Num.
161 727 212 749 seq.

1078 264 1191 300 CAP.
1222 265 1290 311 ix,
1321 255 1474 301 LECT.
1503 263 1593 300 XIV

291 342 399 380 bium
428 341 527 379 circa
553 353 752 378 sermones
779 341 1134 390 Pythagoricorum,
1157 343 1363 380 dicentium

292 395 375 433 fieri
391 395 671 444 symphoniam,
692 394 789 431 idest
808 395 1098 431 consonantiam
1126 396 1360 443 musicalem,

293 461 340 486 ex
368 455 478 485 motu
506 447 725 484 caelestium
755 459 975 495 corporum,
1007 448 1074 484 erit
1107 449 1217 485 nobis
1255 462 1363 497 argu-

293 509 467 538 mentum
494 500 601 550 quod
629 500 758 536 stellae
786 512 865 537 non
894 512 963 548 per
990 513 1030 537 se
1056 509 1271 538 moventur.

354 567 412 592 10.
433 553 582 591 Deinde
599 565 687 590 cum
704 552 804 590 dicit:
825 553 1094 601 Quaecumque
1111 555 1260 602 quidem
1278 562 1360 602 etc„

294 608 509 645 manifestat
526 606 783 656 propositum:
806 613 843 643 et
860 606 986 655 primo
1049 607 1191 643 ratione
1211 616 1364 655 sumpta

295 673 342 698 ex
361 673 476 698 causa
504 659 677 697 effectiva
698 659 802 705 soni;
810 659 1002 696 ,secundo
1029 672 1075 696 ex
1104 672 1219 696 causa
1246 660 1362 706 finali,

294 714 363 751 ibi.
390 714 498 752 Velut
511 714 734 762 futurum*
755 720 865 749 etc.-
885 712 983 749 Dicit
1003 725 1092 760 ergo
1112 712 1236 762 primo
1258 713 1363 760 quod

295 778 563 816 quaecumque
580 778 742 814 corpora
757 765 796 802 in
815 765 874 802 his
894 765 1132 802 inferioribus
1152 766 1364 805 secundum

295 820 420 868 seipsa
447 819 616 856 localiter
634 826 852 866 moventur,
873 819 1014 855 faciunt
1032 831 1185 865 sonum,
1206 819 1365 867 inquan-

293 880 377 911 tum
395 872 537 909 faciunt
557 872 732 922 plagam,
752 871 850 909 idest
868 872 966 909 aeris
984 884 1264 921 percussuram.
1287 872 1364 910 Sed

294 937 564 985 quaecumque
597 937 760 974 corpora
797 937 877 962 non
914 933 1120 963 moventur
1153 926 1366 963 secundum

294 979 431 1028 seipsa,
443 978 512 1016 sed
531 986 618 1015 sunt
632 978 760 1025 infixa,
777 985 842 1015 aut
861 979 1189 1028 qualitercumque
1205 979 1366 1016 existunt

293 1032 332 1070 in
370 1043 531 1081 corpore
566 1031 673 1080 quod
708 1031 877 1069 localiter
909 1032 1041 1080 fertur,
1075 1032 1162 1070 talia
1196 1045 1276 1069 non
1311 1040 1366 1069 est

293 1084 474 1135 possibile
494 1097 650 1134 sonare;
671 1085 766 1122 sicut
784 1085 961 1123 homines
981 1086 1045 1145 qui
1059 1085 1215 1123 sedent
1207 1098 1246 1122 in
1262 1085 1364 1132 navi,

295 1150 376 1176 non
403 1145 540 1175 sonant
567 1138 657 1175 navi
683 1146 807 1183 mota;
837 1151 962 1187 neque
983 1139 1096 1176 etiam
1113 1144 1131 1166 χ
1149 1146 1276 1188 partes
1300 1151 1366 1176 na-

293 1203 484 1251 χῳεε
485 1198 579 1228 sunt
597 1191 687 1229 navi
706 1191 850 1229 fortiter
872 1192 1028 1239 infixae,
1049 1199 1187 1229 sonant
1211 1191 1260 1229 ad
1282 1203 1366 1228 mo-

294 1251 377 1282 tum
397 1257 518 1304 naws,
547 1244 619 1282 nisi
647 1245 743 1282 fone
771 1253 928 1295 propter
955 1245 1188 1283 debilitatem
1209 1244 1366 1282 coniun-

297 1297 443 1346 ctionis,
473 1305 510 1335 et
534 1311 622 1335 cum
642 1299 750 1337 navis
777 1306 1064 1348 conquassatur.
1086 1298 1226 1346 Neque
1253 1297 1366 1335 etiam

294 1351 473 1390 videmus
501 1351 607 1400 quod
634 1352 743 1390 navis
772 1364 912 1389 sonum
941 1351 1052 1389 faciat
1070 1351 1100 1388 si
1129 1351 1270 1388 feratur
1289 1352 1309 1372 *²
1329 1351 1368 1388 in

294 1404 417 1443 fluvio
437 1405 620 1452 currenti,
649 1405 699 1443 ita
726 1413 858 1442 tamen
885 1405 991 1454 quod
1012 1412 1140 1441 motus
1158 1405 1268 1442 navis
1288 1417 1367 1442 non

296 1457 343 1496 sit
360 1470 431 1508 per
450 1458 616 1508 seipsam
634 1457 667 1505 Ψ,
698 1458 766 1496 sed
794 1459 920 1495 solum
947 1469 1018 1507 per
1045 1464 1195 1495 motum
1224 1470 1366 1506 aquae:

237 1546 241 1549 ,
296 1511 328 1549 si
363 1523 458 1549 vero
495 1511 541 1548 sit
576 1511 746 1549 velocior
780 1519 908 1548 motus
945 1510 1052 1548 navis
1069 1517 1203 1559 'quam
1240 1519 1368 1549 motus

296 1576 432 1613 aquae,
466 1571 557 1602 tunc
592 1565 818 1614 inquantum
847 1563 981 1602 dividit
1007 1576 1168 1613 aquam,
1204 1565 1367 1602 sonabit.

295 1617 347 1655 Et
369 1624 499 1655 tamen
526 1617 740 1656 secundum
766 1619 923 1656 easdem
948 1617 1112 1655 rationes
1136 1617 1275 1667 quibus
1294 1619 1368 1667 Py-

296 1670 479 1719 thagorici
507 1671 728 1709 asserebant
756 1671 931 1709 caelestia
955 1683 1118 1720 corpora
1150 1683 1289 1708 sonum
1316 1672 1369 1709 fa-

297 1736 400 1772 cere,
429 1724 567 1773 poterit
594 1724 729 1774 aliquis
763 1725 888 1762 dicere
921 1724 1198 1762 inconveniens
1226 1737 1309 1762 esse
1339 1725 1369 1762 si

296 1777 438 1824 malus,
466 1777 563 1815 idest
590 1779 704 1816 arbor
731 1778 857 1825 navis,
888 1785 925 1815 et
950 1777 1091 1828 puppis
1119 1777 1200 1815 eius
1219 1784 1249 1821 ⁰²,
1280 1791 1369 1815 cum

296 1830 438 1868 habeat
448 1838 595 1868 tantam
620 1831 935 1880 magnitudinem,
956 1843 1035 1868 non
1055 1830 1193 1868 faciant
1207 1843 1368 1878 sonum3

296 1884 360 1922 vel
379 1883 495 1922 etiam
514 1884 596 1933 ipsa
614 1885 735 1932 navis,
756 1897 846 1922 cum
859 1892 1040 1922 movetur
1053 1884 1092 1922 in
1106 1884 1226 1922 fluvio
1246 1893 1366 1922 moto.

298 1937 590 1986 Intelligendum
618 1945 748 1976 tamen
777 1945 833 1976 est
861 1938 966 1987 quod
993 1937 1056 1975 hic
1081 1938 1291 1976 excluditur
1310 1951 1370 1975 so-

238 2025 242 2028 .
297 2003 371 2028 nus
398 1990 464 2039 qui
493 1991 674 2040 contingit
702 2004 748 2029 ex
777 1991 964 2029 divisione
983 2003 1120 2040 aquae,
1142 2003 1220 2029 non
1239 2000 1368 2029 autem

297 2056 428 2091 sonus,
449 2043 480 2082 si
499 2044 584 2093 quis
603 2045 660 2093 sit,
691 2057 736 2082 ex
756 2044 944 2083 divisione
973 2044 1081 2091 aeris,
1106 2053 1292 2093 quantum
1320 2045 1370 2082 ad

263 2119 271 2151 3
297 2105 446 2148 partem
483 2098 592 2136 navis
629 2111 729 2148 quae
757 2110 881 2147 aquae
916 2097 1175 2147 supereminet
1201 2099 1237 2143 *3
1264 2098 1370 2148 quod

298 2151 502 2200 praecipue
535 2159 694 2201 apparet
721 2151 876 2201 quando
901 2163 967 2189 aer
991 2151 1275 2190 contra-resistit
1302 2164 1371 2201 per

297 2203 509 2253 impulsum
531 2204 648 2242 venti.
671 2206 750 2243 Sed
767 2205 861 2243 illud
880 2205 986 2253 quod
1005 2212 1185 2243 movetur
1203 2205 1371 2242 localiter

202 2282 211 2289 ·
241 2283 248 2289 -
296 2269 368 2306 per
386 2258 569 2307 seipsum,
589 2270 669 2296 non
683 2258 722 2295 in
737 2258 864 2307 aliquo
886 2270 1047 2308 corpore
1077 2258 1183 2306 quod
1201 2259 1223 2279 '¹‘
1240 2258 1368 2306 fertur,

298 2310 350 2348 ita
368 2311 474 2360 quod
493 2324 582 2349 nonv
601 2311 712 2350 faciat
730 2312 898 2362 aliquam
925 2323 1205 2362 percussuram,
1226 2311 1369 2360 impos-

298 2363 406 2401 sibile
435 2372 492 2402 est
519 2377 667 2403 sonare.

352 2417 570 2455 Dicendum
590 2426 645 2455 est
673 2430 764 2467 ergo
794 2419 912 2467 quod,
934 2418 965 2455 si
985 2430 1148 2467 corpora
1177 2418 1370 2455 stellarum

297 2482 368 2520 per
386 2483 427 2508 se
447 2479 706 2520 moverentur,
736 2471 816 2510 sive
836 2472 876 2509 in
895 2471 992 2509 aeris
1011 2471 1265 2518 multitudine,
1287 2471 1367 2508 sive

351 2629 382 2665 χ)
401 2637 486 2663 neque
503 2630 594 2656 etiam.
610 2644 630 2650 ·-
645 2630 727 2656 etlam
745 2638 800 2655 om.
814 2630 848 2662 P;
868 2638 936 2664 quae
954 2631 1060 2663 insuper
1078 2635 1139 2663 post
1156 2630 1202 2656 lin.
1219 2638 1273 2655 om.
1286 2629 1372 2664 sorte,

299 2668 372 2699 quod
388 2671 477 2691 nmen
495 2666 596 2691 obtinet
608 2667 634 2691 in
649 2667 690 2691 ed.
708 2665 784 2691 1516.
797 2681 818 2685 -—
831 2666 883 2691 Pro
896 2669 923 2691 et
935 2674 996 2692 cum
1016 2666 1100 2696 navis,
1115 2667 1156 2691 ed.
1174 2664 1240 2690 1516
1257 2671 1282 2690 et
1296 2666 1371 2691 codd.

300 2704 331 2727 ut
342 2701 408 2727 'cum
426 2701 512 2727 navis.

353 2736 383 2772 ψ)
398 2744 452 2770 per
467 2737 593 2770 seipsam.
606 2751 626 2756 —
638 2744 692 2770 per
708 2737 824 2770 seipsum
843 2737 879 2768 P,
898 2740 1014 2770 propter
1031 2737 1144 2770 seipsam
1164 2737 1195 2762 F.
1206 2751 1227 2756 —
1238 2738 1262 2762 A
1280 2740 1334 2762 o'm.
1348 2737 1372 2762 si

299 2780 395 2799 vero...
409 2780 503 2806 aquae.
515 2787 535 2793 -
547 2774 599 2798 Pro
618 2773 723 2803 dividit,
743 2773 845 2798 dividet
863 2773 938 2798 codd.

353 2808 388 2869 m}
405 2812 432 2834 et
445 2809 546 2841 puppis
564 2809 630 2834 eius.
646 2823 666 2828 —
683 2809 740 2834 eius
758 2816 812 2834 om.
826 2809 856 2834 P.
867 2822 888 2827 —
901 2809 951 2833 Pro
969 2816 1030 2834 cum
1049 2808 1159 2837 habeat,
1178 2816 1238 2833 cum
1256 2807 1373 2834 habeant

300 2844 342 2870 ed.
360 2852 368 2869 1
396 2843 426 2870 16
445 2849 471 2870 et
483 2845 540 2875 AG,
555 2845 602 2870 sed
616 2844 648 2870 cf.
663 2845 688 2869 in
700 2849 772 2869 textu
790 2842 947 2876 τηλικαύτης
963 2843 1035 2875 νεώς
1054 2844 1325 2878 prosaciant,fac1‘at
1339 2844 1372 2870 G.

2411 277 2481 314 177

1416 343 1665 391 intelligamus
1684 348 1720 364 ‘²⁶‘
1749 355 1878 379 aerem
1906 355 1975 391 per
2002 350 2125 379 totum
2155 343 2345 380 mundum
2374 344 2484 381 diffu-

1417 409 1515 443 sum,
1537 396 1616 433 sive
1638 395 1753 433 etiam
1772 395 1810 432 in
1830 396 2067 432 multitudine
2091 396 2195 444 ignis,
2226 396 2320 432 sicut
2349 409 2484 433 omnes

1418 449 1548 486 dicunt
1566 449 1798 497 assignantes
1817 461 2044 498 supremum
2064 449 2193 485 locum
2212 449 2308 486 inter
2323 462 2485 498 corpora

1417 502 1512 550 igni,
1543 515 1698 539 necesse
1728 510 1784 539 est
1811 503 1918 550 quod
1953 502 2088 539 faciant
2116 503 2243 538 stellae
2273 515 2343 539 suo
2377 510 2486 539 motu

1418 567 1559 592 sonum
1575 568 1690 604 super
1704 567 1863 592 omnem
1879 555 2180 603 magnitudinem
2195 555 2373 592 naturalis
2389 555 2484 592 soni.

1420 609 1538 654 Quod
1558 609 1713 656 quidem
1734 609 1765 645 si
1783 609 1903 656 fieret,
1925 616 2146 656 sequeretur
2164 608 2269 656 quod
2289 621 2407 645 sonus
2426 608 2486 645 ille

1418 673 1539 708 usque
1561 662 1580 682 ’⁸
1600 662 1677 698 huc
1701 662 1939 710 pertingeret,
1961 669 1998 698 et
2015 674 2095 699 non
2115 662 2240 698 solum
2260 661 2450 699 audiretur
2465 674 2487 698 a
2515 676 2525 687 ·

1419 713 1542 759 nobis,
1570 714 1638 751 sed
1659 715 1770 751 etiam
1793 723 2055 764 corrumperet
2082 727 2244 764 corpora
2271 727 2372 763 quae
2401 723 2488 751 sunt

1419 766 1491 802 hic.
1523 767 1600 803 Sed
1630 767 1719 815 quia
1737 768 1812 804 hoc
1840 781 1919 805 non
1941 768 2118 806 videmus
2138 767 2367 815 contingere,
2383 781 2487 819 *con-

1421 831 1585 866 sequens
1615 827 1670 855 est
1698 821 1802 868 quod
1830 822 1931 858 nulla
1965 822 2156 858 stellarum
2189 829 2392 858 moveatur
2417 834 2488 870 per

1421 872 1598 920 seipsam,
1629 885 1754 921 neque
1787 882 1894 910 motu
1922 874 2102 922 violento,
2132 887 2258 924 neque
2285 881 2394 916 motu
2421 874 2487 923 qui

1421 925 1467 962 sit
1486 925 1534 962 ab
1555 925 1680 962 anima
1699 924 1744 962 Ρβ.
1770 927 1861 963 Non
1881 927 1982 964 enim
2002 936 2159 976 possent
2186 927 2335 965 moveri
2359 928 2487 965 stellae

1419 990 1490 1027 per
1517 978 1672 1027 seipsas,
1694 978 1764 1015 nisi
1784 979 1950 1017 facerent
1978 981 2203 1018 divisionem
2230 982 2295 1018 vel
2314 981 2484 1030 ipsarum

1421 1032 1671 1080 sphaerarum
1701 1032 1919 1069 caelestium
1946 1035 2008 1070 vel
2037 1034 2251 1082 aliquo-rum
2282 1046 2488 1083 corporum

1421 1084 1746 1122 intermediorum.
1777 1086 1885 1133 Ipsae
1914 1094 2040 1123 autem
2069 1088 2251 1136 sphaerae
2283 1094 2489 1124 moventur

1421 1150 1491 1187 per
1509 1137 1663 1186 seipsas,
1685 1150 1756 1174 nec
1770 1138 1790 1159 *
1809 1146 1938 1175 tamen
1957 1139 2111 1188 aliquod
2131 1153 2269 1189 corpus
2296 1140 2486 1178 dividunt:

1420 1191 1524 1228 unde
1545 1191 1660 1228 etiam
1681 1203 1725 1227 ex
1747 1203 1882 1228 eorum
1898 1199 2005 1229 motu
2020 1194 2143 1230 nullus
2158 1193 2336 1242 provenit
2355 1206 2484 1230 sonus.

1421 1265 1445 1271 -
1462 1245 1570 1281 Patet
1590 1244 1703 1280 etiam
1723 1245 1827 1293 quod
1846 1246 2009 1294 per-hoc
2028 1247 2132 1295 quod
2153 1246 2408 1295 Philosophus
2427 1246 2489 1284 hic

1423 1297 1511 1334 dicit
1525 1302 1568 1344 ⁷⁷,
1591 1297 1754 1334 excludit
1772 1297 2082 1346 imaginationem
2103 1300 2346 1349 quorundam
2366 1299 2488 1336 existi-

1423 1350 1611 1388 mantium
1631 1350 1736 1399 quod
1755 1352 1883 1388 stellae
1911 1364 1991 1388 non
2018 1361 2221 1390 moventur
2248 1353 2288 1390 in
2307 1353 2488 1402 sphaeris,

1423 1404 1491 1441 sed
1519 1404 1558 1441 in
1585 1404 1818 1453 quibusdam
1848 1405 2072 1453 corporibus
2101 1406 2252 1454 mediis,
2282 1414 2374 1455 puta
2401 1419 2488 1443 aere

1422 1458 1484 1494 vel
1514 1457 1617 1505 igne,
1647 1464 1712 1494 aut
1740 1457 1866 1505 aliquo
1895 1458 2127 1495 huiusmodi.

1483 1523 1495 1547 1
1510 1523 1539 1547 1.
1557 1510 1706 1547 Deinde
1723 1522 1810 1547 cum
1828 1510 1932 1547 dicit:
1956 1511 2063 1548 Velut
2067 1513 2248 1560 futurum
2265 1519 2348 1559 etc.,
2365 1519 2490 1549 osten-

1423 1563 1476 1601 dit
1503 1563 1606 1601 idem
1632 1575 1677 1600 ex
1706 1576 1820 1600 causa
1847 1564 1962 1601 finali.
1994 1564 2085 1601 Ideo
2120 1564 2219 1601 enim
2248 1572 2381 1602 natura
2412 1577 2491 1602 non

1425 1616 1528 1654 dedit
1551 1616 1664 1654 stellis
1684 1624 1835 1653 motum
1854 1629 1923 1665 per
1941 1629 1993 1663 se,
2016 1625 2051 1654 et
2070 1630 2139 1666 per
2163 1630 2401 1667 consequens
2420 1631 2491 1655 nec

1424 1683 1541 1707 sonos
1563 1671 1594 1717 ²¹⁸,
1615 1682 1660 1707 ac
1680 1669 1711 1706 si
1730 1670 1959 1718 providisset
1978 1671 2095 1719 quod,
2117 1671 2186 1708 nisi
2206 1671 2256 1707 ita
2276 1684 2315 1708 se
2335 1672 2492 1708 haberet

1425 1731 1553 1760 motus
1588 1723 1780 1760 stellarum
1816 1723 1921 1772 quod
1949 1736 2028 1760 non
2060 1732 2308 1761 moverentur
2334 1737 2404 1773 per
2431 1737 2490 1772 se,

1425 1777 1494 1814 sed
1513 1777 1639 1814 solum
1654 1789 1724 1825 per
1738 1785 1888 1814 motum
1905 1778 2166 1826 sphaerarum,
2183 1785 2402 1826 sequeretur
2416 1778 2491 1814 hoc

1425 1830 1711 1877 inconveniens,
1738 1831 1844 1879 quod
1871 1830 1961 1867 nihil
1986 1830 2025 1867 in
2048 1831 2106 1867 his
2133 1830 2370 1868 inferioribus
2394 1839 2493 1868 esset

1423 1884 1594 1921 similiter
1619 1895 1660 1920 se
1686 1884 1839 1929 habens,
1869 1884 1977 1932 quasi
2004 1896 2074 1933 per
2103 1884 2257 1933 aliquod
2284 1892 2435 1933 tempus
2453 1884 2492 1921 in

1425 1950 1496 1974 suo
1524 1949 1607 1974 esse
1637 1943 1920 1974 conservatum.

1478 1991 1602 2028 Datur
1629 1997 1758 2027 autem
1776 2002 1846 2038 per
1873 1990 1949 2026 hoc
1967 1989 2131 2038 intelligi,
2161 1990 2256 2027 sicut
2280 1989 2495 2027 Alexander

1425 2051 1550 2091 notat,
1581 2043 1687 2093 quod
1719 2043 1940 2080 Aristoteles
1972 2043 2034 2080 hic
2062 2043 2173 2080 sentit
2202 2045 2220 2065 *²
2250 2044 2355 2092 quod
2389 2045 2494 2080 Deus
2523 2050 2531 2058 ·

1425 2098 1541 2135 habet
1567 2096 1852 2146 providentiam
1873 2096 1920 2133 de
1939 2097 1998 2133 his
2018 2109 2116 2145 quae
2137 2105 2224 2134 sunt
2242 2097 2303 2133 hic
2322 2096 2492 2134 inferius:

1426 2163 1505 2188 non
1534 2150 1636 2188 enirn
1664 2157 1791 2199 potest
1813 2157 1970 2187 naturae
1999 2150 2149 2187 attribui
2171 2150 2411 2199 providentia
2438 2163 2495 2187 se-

1427 2204 1598 2252 cund-um
1626 2203 1733 2251 quod
1761 2210 1817 2240 est
1846 2203 2038 2251 quaedam
2061 2204 2181 2241 virtus
2200 2204 2239 2240 in
2258 2203 2493 2252 corporibus,

1426 2257 1495 2294 sed
1524 2257 1650 2294 solum
1678 2269 1749 2305 per
1767 2257 2097 2305 comparationem
2116 2257 2166 2294 ad
2185 2257 2416 2294 intellectum
2440 2257 2495 2294 in-

1426 2310 1645 2348 stituentem
1666 2310 1685 2331 ’¹‘
1714 2317 1902 2347 naturam.

1479 2364 1624 2402 Ultimo
1644 2370 1773 2400 autem
1793 2363 2020 2412 epilogando
2038 2363 2229 2402 concludit
2248 2364 2390 2401 dictum
2411 2376 2494 2400 esse

1427 2418 1532 2466 quod
1551 2417 1680 2454 stellae
1699 2423 1786 2453 sunt
1813 2417 2033 2465 sphaericae
2053 2417 2209 2465 figurae,
2233 2425 2268 2454 et
2287 2417 2391 2465 quod
2415 2429 2494 2454 non

1427 2477 1633 2508 moventur
1658 2482 1728 2519 per
1755 2469 1910 2519 seipsas.

1481 2630 1526 2663 αα)
1546 2630 1601 2655 sive
1619 2630 1810 2663 intelligamus.
1821 2644 1841 2649 —
1853 2629 1962 2655 Videtur
1981 2629 2121 2662 legendum
2135 2629 2159 2654 si
2173 2629 2360 2662 intelligamus.
2373 2643 2392 2648 -
2404 2629 2494 2654 Statim

1426 2666 1450 2690 A
1468 2673 1521 2691 om.
1537 2665 1664 2699 diffusum
1683 2670 1709 2690 et
1727 2666 1817 2691 etiam.

1481 2700 1523 2733 ββ)
1543 2708 1627 2734 neque
1645 2704 1719 2726 motu
1739 2701 1785 2734 qui
1801 2701 1838 2726 sit
1855 2701 1888 2726 ab
1906 2700 2007 2725 anima.
2021 2714 2040 2720 -
2054 2707 2136 2732 neque
2154 2700 2234 2725 etiam
2254 2703 2326 2725 motu
2346 2700 2392 2732 qui
2408 2700 2444 2725 sit
2460 2699 2494 2724 ab

1426 2737 1519 2762 anima
1536 2738 1574 2767 A;
1593 2737 1613 2761 P
1633 2745 1680 2769 pro
1698 2737 1735 2762 sit
1753 2737 1815 2770 legit
1826 2736 1992 2771 sin-Infra,
2011 2736 2044 2760 ibi
2063 2743 2205 2768 corporum
2228 2736 2453 2766 inter-mediorum,
2474 2735 2493 2759 P

1427 2773 1486 2798 add.
1498 2772 1650 2798 caelestium
1669 2777 1730 2805 post
1747 2780 1900 2804 corporum.

1479 2808 1523 2842 γγ)
1538 2815 1591 2840 per
1608 2808 1658 2833 hoc
1675 2808 1747 2841 quod
1761 2808 1936 2840 Philosophus
1954 2807 1996 2832 hic
2014 2807 2086 2832 dicit.
2099 2820 2119 2825 —
2127 2813 2178 2839 per
2196 2814 2228 2832 ea
2246 2814 2313 2839 quae
2331 2806 2373 2831 hic
2389 2806 2493 2831 Aristo-

1427 2844 1491 2869 tetes
1510 2843 1575 2869 dicit
1592 2844 1629 2874 A;
1649 2848 1697 2868 cet.
1710 2851 1763 2869 om.
1778 2844 1829 2869 hic.

973 3158 1826 3187 ——······4<3·<3·ffi·÷³·135>0·0·w——

446 3674 515 3706 Opp.
535 3674 566 3698 D.
581 3674 695 3698 'summa
715 3673 746 3697 T.
762 3673 802 3697 111.

2604 359 2638 376 αα

2541 682 2614 703 usque
2629 682 2642 697 0
2646 682 2667 697 m
2671 692 2677 697 .
2691 682 2715 697 A.

2604 937 2636 971 ββ

2516 1153 2524 1161 ·
2540 1158 2586 1174 ηοη
2599 1158 2622 1173 Α.

2606 1312 2639 1338 ΥΥ

2519 1679 2527 1687 ·
2535 1679 2589 1703 (om.
2596 1679 2643 1703 nec)
2650 1683 2731 1699 sonum

2520 1704 2588 1725 codd.

2549 2048 2623 2069 sensit
2642 2048 2736 2070 codices

2524 2081 2573 2097 exc.
2589 2081 2610 2096 ε.

2522 2315 2531 2324 ·
2539 2314 2690 2336 instruentem
2697 2319 2734 2335 rc.
