2782 4134
12 727 24 737 '¹
38 726 121 754 arguit
132 732 156 748 P.

13 777 24 788 '¹
37 776 109 799 Num.
124 784 147 806 9.

15 829 25 839 '¹
37 828 111 851 Num.
125 835 160 852 ιο.

13 880 214 908 'prin-ouum.

11 1091 23 1102 ·
36 1089 109 1114 Nm.
122 1089 146 1113 8.

10 1305 227 1354 walen

14 1673 166 1698 'duddan

16 2945 25 2955 ”
40 2944 120 2967 ethoe
133 2950 182 2968 om.
191 2951 214 2967 1².

1058 270 1172 307 CAP.
1201 270 1306 316 VIII,
1338 269 1490 306 LECT.
1519 269 1608 306 XVI

307 352 345 388 6.
371 351 524 389 Deinde
552 364 641 389 cum
670 351 776 388 dicit:
804 349 940 387 Adhuc
967 360 1115 385 necesse
1143 356 1226 395 etc„
1256 360 1325 397 po-

254 404 310 442 nit
337 404 547 442 secundam
576 404 780 451 rationem,
810 414 908 451 quae
938 401 1103 439 excludit
1129 401 1325 450 quendam

255 457 447 495 defectum
475 469 592 506 quem
624 462 755 506 posset
781 454 917 503 aliquis
949 454 1149 502 imponere
1176 454 1325 503 primae

255 509 407 547 rationi:
436 518 567 559 posset
590 509 693 547 enim
721 507 857 556 aliquis
876 506 925 544 ad
943 506 1110 555 primam
1139 507 1325 544 rationem

255 562 489 611 respondere
518 562 624 612 quod
650 569 750 599 terra
781 571 881 609 quae
910 567 966 596 est
997 559 1036 596 in
1063 559 1126 596 illo
1155 559 1325 606 mundo,

257 623 314 652 est
339 615 492 652 alterius
519 622 676 653 naturae
704 625 822 662 quam
850 619 950 649 terra
970 624 1069 661 quae
1101 619 1159 648 est
1185 612 1224 649 in
1251 613 1327 648 hoc

256 667 417 705 mundo.
438 666 569 705 Primo
599 677 688 713 ergo
715 665 936 702 Aristoteles
963 665 1040 701 hoc
1059 665 1239 710 excludit3
1268 676 1326 700 se-

257 719 385 757 cundo
405 731 451 756 ex
468 719 545 756 hoc
571 724 858 766 argumentatur
877 717 896 738 *
917 716 966 754 ad
985 717 1237 766 propositum,
1253 716 1324 753 ibi:

254 772 386 809 Natae
400 776 490 808 sunt
505 771 623 820 igitur
627 770 737 819 ferri
751 771 771 792 *
787 777 874 816 etc.;
895 769 1004 807 tertio
1025 770 1189 807 excludit
1207 781 1326 818 quan-

256 824 348 861 dam
375 822 656 870 obviationem,
684 822 755 860 ibi:
783 822 1024 872 Dignificare
1050 828 1176 860 autem
1205 823 1224 843 '¹‘
1255 829 1325 859 etc.

256 874 434 912 Ostendit
452 882 580 912 autem
601 876 622 896 ¹⁵
640 882 782 913 terram
810 887 910 925 quae
930 882 987 912 est
1012 875 1052 912 in
1070 875 1145 913 alio
1165 875 1326 923 mundo,

255 939 340 964 esse
368 926 543 964 eiusdem
571 935 729 965 naturae
749 941 838 965 cum
866 935 966 965 terra
994 941 1091 978 quae
1113 936 1168 966 est
1195 928 1233 965 in
1251 929 1327 964 1109

254 979 416 1028 mundo,
445 979 571 1029 primo
601 981 759 1031 quidem
788 981 932 1018 ratione
961 989 1117 1030 accepta
1145 994 1192 1018 ex
1218 988 1325 1030 parte

254 1031 408 1079 mundi;
438 1034 609 1071 secundo
629 1034 774 1071 ratione
803 1041 960 1094 accepta
981 1046 1026 1071 ex
1053 1041 1161 1084 parte
1185 1041 1325 1083 motus,

253 1084 324 1122 ibi:
359 1085 470 1127 Quod
494 1092 620 1128 autem
649 1098 797 1124 necesse
823 1087 872 1124 sit
897 1088 918 1108 ²¹²
948 1095 1016 1124 etc.

309 1149 346 1186 7.
367 1137 468 1175 Dicit
496 1150 585 1197 ergo
613 1139 739 1189 primo
760 1139 877 1189 quod,
898 1140 929 1177 si
955 1140 1084 1190 plures
1107 1139 1242 1176 mundi
1262 1139 1327 1188 qui

236 1197 450 1249 ponuntur
478 1190 551 1228 sint
578 1192 710 1230 similis
738 1200 917 1241 naturae,
951 1205 1108 1230 necesse
1137 1200 1192 1229 est
1220 1192 1327 1240 quod

255 1241 329 1280 sint
356 1255 402 1280 ex
430 1243 577 1282 eisdem
606 1245 849 1294 corporibus:
880 1253 916 1283 et
943 1245 1069 1283 adhuc
1086 1244 1242 1282 ulterius
1261 1257 1326 1281 119-

255 1307 363 1333 99339
382 1304 440 1333 931
458 1297 479 1318 *
499 1297 606 1346 quod
623 1297 928 1347 unumquodque
947 1298 1100 1335 illorum
1119 1309 1326 1356 corporum

254 1348 395 1386 habeat
414 1349 579 1387 eandem
596 1351 778 1389 virtutem
798 1363 886 1388 cum
907 1362 1068 1400 corpore
1088 1350 1194 1399 quod
1213 1357 1270 1386 est
1288 1349 1327 1387 in

254 1401 332 1439 hoc
355 1402 522 1440 mundos
544 1410 580 1440 et
598 1404 652 1441 sic
680 1410 831 1452 oportet
857 1404 986 1452 ignem
1020 1410 1057 1440 et
1083 1410 1224 1439 terram
1243 1414 1327 1439 esse

258 1453 431 1492 eiusdem
445 1454 594 1493 virtutis
613 1457 652 1494 in
667 1456 836 1505 quolibet
854 1455 1007 1493 illorum
1026 1455 1274 1503 mundorum,
1291 1463 1328 1492 et

258 1506 396 1544 eadem
423 1507 517 1546 ratio
547 1517 603 1546 est
631 1509 679 1546 de
707 1508 940 1546 intermediis
969 1507 1205 1557 corporibus,
1226 1521 1326 1557 quae

257 1566 345 1596 sunt
363 1571 429 1597 aer
448 1567 485 1597 et
503 1573 614 1610 aqua.
636 1561 745 1609 Quia
757 1561 788 1598 si
808 1573 972 1611 corpora
990 1573 1091 1610 quae
1110 1568 1199 1598 sunt
1217 1561 1268 1598 ibi
1288 1561 1328 1598 in

257 1611 332 1649 alio
360 1612 522 1661 mundo,
552 1614 727 1651 dicuntur
751 1615 772 1635 *
801 1614 1013 1663 aequivoce
1042 1626 1132 1651 cum
1161 1613 1328 1663 corpori-

256 1664 330 1702 bus
357 1677 455 1714 quae
475 1674 563 1704 sunt
581 1667 686 1716 apud
714 1679 785 1704 nos
806 1669 825 1688 *
849 1668 889 1705 111
912 1668 988 1705 1109
1006 1667 1167 1714 mundo,
1193 1675 1230 1704 et
1248 1679 1328 1704 non

257 1718 470 1756 secundum
505 1720 670 1758 eandem
707 1720 852 1767 ideam,
882 1720 979 1758 idest
1006 1732 1086 1757 non
1114 1720 1327 1757 secundum

259 1770 424 1808 eandem
458 1772 652 1822 speciem,
687 1785 928 1822 consequens
965 1773 1034 1810 erit
1070 1773 1176 1822 quod
1213 1772 1328 1810 etiam

256 1821 386 1883 ipsum
426 1831 551 1862 totum
593 1833 771 1863 constans
813 1839 859 1863 ex
898 1825 1119 1863 huiusmodi
1158 1826 1329 1874 partibus

258 1876 472 1936 aequivoce
501 1878 646 1916 dicatur
672 1879 858 1917 mundus.
883 1891 928 1916 ex
955 1878 1127 1928 partibus
1152 1878 1254 1916 enirn
1274 1879 1328 1916 di-

255 1928 377 1966 versis
404 1929 444 1967 in
480 1931 607 1980 specie
635 1943 792 1969 necesse
821 1939 877 1969 est
905 1939 941 1969 et
972 1939 1096 1969 totum
1135 1931 1330 1969 diversum

255 1980 296 2018 in
324 1982 450 2031 specie
479 1984 674 2034 componi.
696 1985 783 2022 Hoc
811 1992 940 2022 autem
968 1997 1048 2022 non
1074 1984 1253 2022 videntur
1275 1984 1330 2022 in-

255 2034 413 2072 tendere
441 2036 507 2085 qui
533 2044 684 2086 ponunt
710 2038 839 2087 plures
859 2037 1047 2084 mundos;
1077 2037 1146 2075 sed
1164 2037 1329 2075 univoce

254 2094 412 2125 utuntur
438 2090 597 2127 nomine
616 2090 763 2128 mundi.
784 2090 897 2128 Unde
917 2090 1087 2139 sequitur
1114 2091 1330 2128 secundum

257 2151 392 2178 eorum
421 2140 671 2180 intentionem
709 2143 816 2192 quod
852 2155 1016 2192 corpora
1048 2155 1146 2192 quae
1175 2151 1264 2181 sunt
1290 2144 1330 2181 in

257 2192 418 2230 diversis
437 2195 603 2242 mundis,
625 2196 792 2232 habeant
811 2196 976 2233 eandem
996 2195 1189 2234 virtutem.
1210 2197 1260 2234 Et
1277 2196 1329 2234 ita

255 2245 501 2284 manifestum
529 2255 585 2284 est
612 2248 719 2296 quod
739 2248 854 2285 etiam
882 2248 921 2285 in
940 2247 1021 2285 aliis
1047 2247 1214 2297 mundis,
1233 2249 1330 2286 sicut

257 2305 294 2335 et
320 2298 360 2336 in
388 2298 472 2348 isto,
493 2300 651 2349 aliquod
677 2301 849 2350 ipsorum
878 2313 1086 2350 corporum
1115 2313 1161 2338 ex
1188 2301 1327 2351 quibus

256 2351 495 2389 constituitur
513 2353 694 2402 mundus,
711 2361 844 2391 natum
859 2354 906 2391 sit
924 2353 1011 2390 ferri
1026 2366 1048 2390 a
1064 2354 1205 2401 medio,
1222 2355 1327 2404 quod

255 2404 439 2453 competit
456 2405 546 2454 igni,
561 2406 665 2444 aliud
683 2414 813 2444 autem
827 2406 877 2443 ad
896 2406 1081 2454 medium,
1097 2407 1202 2455 quod
1222 2420 1327 2445 com-

253 2456 347 2506 petit
373 2464 514 2505 terrae3
545 2459 575 2496 si
594 2459 670 2496 hoc
698 2471 836 2497 verum
857 2467 924 2507 est,
950 2459 1057 2508 quod
1085 2460 1211 2497 omnis
1232 2460 1327 2508 ignis

255 2509 363 2547 omni
400 2511 476 2559 igni
514 2519 571 2549 est
608 2512 781 2550 eiusdem
814 2512 974 2561 speciei,
1003 2512 1043 2549 in
1079 2524 1327 2562 quocumque

254 2562 403 2600 mundo
431 2564 478 2601 sit
505 2564 612 2613 ignis,
633 2565 730 2603 sicut
758 2573 794 2602 et
815 2565 989 2603 diversae
1021 2573 1146 2614 partes
1174 2565 1270 2613 ignis
1289 2566 1328 2603 in

253 2615 330 2653 hoc
358 2617 507 2654 mundo
537 2618 727 2656 existentis
755 2625 843 2655 sunt
868 2618 982 2655 unius
1010 2618 1162 2667 speciei.
1187 2619 1237 2655 Et
1265 2631 1325 2656 93-

255 2667 430 2706 (19111.931
456 2670 551 2708 13110
581 2671 630 2708 de
658 2671 738 2708 aliis
767 2671 1005 2720 corporibus.

310 2722 346 2759 8.
367 2722 516 2760 Deinde
537 2735 627 2761 cum
647 2723 752 2761 dicit:
787 2724 898 2766 Quod
919 2729 1046 2761 autem
1075 2735 1222 2761 necesse
1241 2731 1324 2773 etc„

255 2775 419 2812 ostendit
446 2775 551 2813 idem
588 2777 736 2814 ratione
769 2784 925 2826 accepta
963 2789 1008 2814 ex
1044 2785 1152 2826 parte
1185 2785 1325 2814 motus.

255 2827 306 2864 Et
333 2827 424 2865 dicit
450 2829 696 2867 manifestum
717 2842 800 2867 esse
829 2829 936 2878 quod
954 2841 1110 2867 necesse
1139 2830 1187 2867 sit
1214 2829 1267 2866 sic
1287 2843 1327 2867 se

254 2879 398 2918 habere
426 2881 522 2919 sicut
550 2882 694 2920 dictum
723 2890 798 2930 est,
830 2883 877 2920 de
905 2882 1162 2920 uniformitate
1192 2895 1327 2932 corpo-

256 2943 342 2969 rum
370 2946 471 2982 quae
505 2943 593 2972 sunt
619 2936 659 2972 in
688 2935 846 2973 diversis
875 2935 1044 2982 mundis;
1075 2943 1111 2972 et
1135 2936 1211 2972 hoc
1237 2937 1257 2957 ’²²
1282 2949 1327 2973 ex

257 2986 580 3034 suppositionibus
599 3001 698 3049 quae
718 2988 954 3038 accipiuntur
974 2988 1073 3025 circa
1094 2990 1327 3026 11101113.νο-

258 3045 318 3074 cat
345 3046 474 3076 autem
491 3042 760 3089 suppositiones
780 3054 826 3078 ea
845 3041 984 3091 quibus
1002 3039 1150 3078 11111111δ
1170 3042 1219 3079 391
1237 3054 1327 3091 pro-

255 3090 425 3138 positum
445 3093 737 3141 ostendendum,
756 3101 914 3153 propter
932 3095 1008 3131 hoc
1027 3095 1131 3143 quod
1154 3094 1216 3131 hic
1239 3107 1327 3144 sup-

255 3151 454 3192 ponuntur
481 3145 577 3182 sicut
607 3146 812 3196 principia,
842 3147 928 3184 licet
965 3147 1157 3195 quaedam
1191 3161 1327 3185 eorum

310 3282 336 3316 ὃ)
356 3284 482 3308 utituroe
494 3287 585 3309 utetur
604 3283 712 3309 codd-
724 3284 781 3309 Lin.
796 3291 853 3318 seq.
868 3292 916 3317 pro
925 3289 1041 3318 propter
1052 3286 1102 3312 hoc
1114 3288 1187 3319 quod
1200 3288 1249 3316 hic,
1260 3296 1328 3321 pro-

252 3321 317 3350 pter
333 3318 383 3344 hoc
401 3319 465 3351 quia
483 3319 548 3344 haec
566 3319 595 3344 P.

310 3353 332 3385 ε)
352 3354 389 3379 ad
408 3362 490 3380 unum
508 3355 623 3387 aliquem
643 3357 772 3379 motuum.
785 3355 853 3380 -Ita
872 3356 962 3385 codd.
981 3356 1030 3381 nisi
1048 3358 1119 3389 quod
1133 3358 1155 3382 E
1167 3357 1246 3384 habet
1269 3367 1327 3384 mo-

258 3391 329 3418 tum,·
344 3389 382 3414 ad
393 3389 508 3422 aliquem
523 3398 605 3415 unum
619 3393 719 3414 motum
734 3390 768 3421 P;
789 3390 821 3415 cf.
833 3395 942 3415 textum.
954 3391 1050 3416 -Post
1068 3400 1112 3417 un.
1126 3392 1171 3418 lin.
1189 3401 1237 3425 pro
1257 3395 1328 3427 ignis

257 3407 358 3448 dicit'ur
370 3424 443 3454 levis,
463 3425 534 3458 ignis
551 3429 642 3450 autem
656 3425 732 3450 codd.
747 3433 800 3451 exc.
814 3426 884 3455 sEG,
898 3426 943 3458 qui
955 3425 1073 3451 habent'
1063 3427 1134 3460 :gnis
1146 3431 1236 3454 autem
1248 3430 1329 3458 Ιενί3,·

257 3466 326 3491 quae
345 3463 386 3484 est
403 3459 471 3484 bona
490 3460 577 3491 lectio,
596 3465 626 3485 ut
644 3465 722 3493 patet.

311 3493 336 3526 ζ)
352 3494 424 3526 quod
441 3494 496 3519 sint
514 3495 594 3520 iidem
608 3499 704 3520 motus.
717 3509 736 3517 ·-
750 3497 800 3521 Pro
814 3495 987 3526 iidem‚1·dem
1001 3496 1079 3522 BEG.
1094 3498 1114 3522 P
1127 3498 1200 3530 quod
1212 3499 1268 3524 sint
1281 3500 1327 3525 de-

258 3529 403 3554 terminata
423 3530 480 3555 loca
500 3531 570 3555 unde
589 3534 691 3560 motus,·
714 3532 761 3556 sed
780 3531 968 3563 argumentatio
993 3531 1130 3557 lectionem
1148 3534 1222 3558 codd.
1242 3535 1326 3567 exigit.

259 3564 336 3594 Quod
355 3565 424 3589 enirn
444 3565 572 3590 elementa
591 3567 641 3591 sint
659 3567 750 3591 eadem
765 3567 908 3592 secundum
921 3566 1034 3599 speciem
1049 3567 1075 3592 in
1089 3568 1206 3600 quolibet
1219 3570 1325 3602 mundo,

258 3599 308 3624 hoc
326 3604 482 3632 argumento
500 3601 674 3626 concluditur:
694 3603 795 3635 species
821 3602 1010 3627 elementorum
1029 3602 1200 3628 desumuntur
1219 3612 1249 3629 ex
1267 3612 1327 3638 spe-

401 3654 470 3687 Opp.
489 3654 520 3679 D.
539 3655 654 3679 Tuomst:
673 3655 704 3679 Τ.
724 3656 763 3680 ΙΙΙ.

2397 272 2446 308 65

1381 361 1496 397 supra
1516 347 1655 385 fuerint
1682 348 1856 397 probata.
1886 348 1955 384 Est
1983 354 2111 384 autem
2133 360 2211 384 una
2239 349 2449 397 suppositio

1382 401 1488 450 quod
1506 408 1634 438 motus
1662 408 1749 438 sunt
1756 400 1873 448 finiti,
1894 400 1990 437 idest
2010 401 2030 420 δὴ
2055 400 2293 437 (19191111111311
2316 414 2448 439 3991111-
2480 416 2488 423 ·

1383 455 1475 492 (111111
1494 454 1657 503 species:
1685 466 1766 491 non
1785 452 1887 490 enim
1908 460 1995 490 sunt
2013 452 2182 490 infinitae
2203 454 2347 502 species
2367 466 2449 491 mo-

1381 514 1491 544 tuum
1511 506 1754 556 simplicium,
1776 505 1845 543 sed
1863 513 1938 543 tres
1957 513 2117 552 tantum,
2133 513 2175 542 ut
2198 518 2313 555 supra
2328 509 2348 526 ⁴*
2362 519 2449 555 pro-

1382 561 1514 597 batum
1533 567 1599 597 est.
1625 558 1802 597 Secunda
1822 558 2034 608 suppositio
2054 566 2110 595 est
2128 559 2234 606 quod
2253 560 2450 607 quodlibet

1383 613 1663 649 elementorum
1684 612 1818 649 dicitur
1837 611 2050 649 secundum
2071 611 2177 660 quod
2200 612 2316 648 habet
2342 620 2449 649 natu-

1383 677 1464 701 ram
1481 665 1530 702 ad
1543 677 1666 702 unum
1681 665 1848 714 aliquem
1865 670 2078 711 motuum‘;
2095 664 2190 701 sicut
2203 672 2302 702 terra
2316 665 2450 702 dicitur

1382 717 1507 764 gravis
1530 725 1686 766 propter
1712 718 1976 755 habitudinem
2005 718 2054 755 ad
2081 725 2231 754 motum
2256 717 2448 766 deorsum,

1382 770 1476 817 ignis
1497 770 1632 807 dicitur
1654 770 1750 807 levis
1769 778 1925 820 propter
1952 770 2203 820 apn’tudinem
2222 770 2272 808 ad
2299 778 2450 808 motum

1383 835 1546 860 sursum.
1568 843 1592 851 -
1619 823 1720 870 Quia
1747 823 1857 871 igitur
1884 831 1970 860 sunt
2003 823 2275 861 determinatae
2304 823 2450 872 species

1383 883 1524 923 11101113,
1550 888 1707 913 11999339
1733 883 1789 913 931
1816 877 1922 925 quod
1950 876 2022 913 sint
2049 876 2166 914 iidem
2193 883 2322 914 motus
2350 875 2364 902 ζ
2392 888 2449 913 39-

1383 929 1554 967 cundum
1587 928 1755 978 speciem
1792 928 1831 965 in
1867 930 2038 978 quolibet
2074 929 2234 966 mundo.
2275 930 2324 966 Et
2361 929 2450 978 quia

1381 982 1688 1031 unumquodque
1732 982 2009 1019 elementorum
2055 982 2190 1019 dicitur
2236 982 2450 1019 secundum

1382 1036 1549 1084 aliquem
1570 1042 1747 1072 motuum
1768 1035 1798 1081 *,
1819 1047 1974 1071 11999339
1995 1042 2051 1072 931
2068 1035 2223 1072 1111911113
2250 1034 2357 1084 quod
2378 1035 2449 1071 ele·
2478 1044 2487 1053 ‘

1383 1095 1513 1125 menta
1528 1088 1600 1125 sint
1619 1087 1755 1125 eadem
1774 1087 1987 1125 secundum
2003 1088 2170 1136 speciem
2187 1088 2333 1137 ubique,
2354 1087 2450 1124 idest

1382 1141 1421 1178 in
1450 1141 1620 1190 quolibet
1647 1140 1807 1177 mundo.

1437 1206 1473 1242 9.
1494 1193 1644 1231 Deinde
1674 1205 1763 1230 cum
1801 1192 1905 1230 dicit:
1934 1193 2063 1230 Natae
2089 1199 2175 1230 sunt
2210 1193 2328 1243 igitur
2356 1199 2447 1240 etc.‚

1384 1258 1429 1283 ex
1447 1246 1666 1295 praemissis
1694 1253 1977 1294 argumentatur
2005 1247 2025 1267 ’¹‘
2050 1247 2097 1283 ad
2124 1246 2378 1295 propositum.
2409 1246 2449 1282 Si

1383 1299 1486 1336 enim
1506 1311 1667 1348 corpora
1695 1311 1793 1347 quae
1814 1306 1901 1335 sunt
1927 1299 1966 1336 in
1987 1299 2154 1348 quolibet
2178 1299 2337 1347 mundo,
2363 1306 2450 1336 sunt

1383 1352 1555 1389 eiusdem
1572 1351 1728 1401 speciei3
1748 1351 1926 1389 videmus
1945 1360 2073 1389 autem
2089 1353 2194 1401 quod
2209 1364 2345 1389 omnes
2363 1364 2449 1401 par-

1382 1412 1438 1442 tes
1457 1412 1578 1442 terrae
1598 1417 1696 1454 quae
1725 1412 1812 1442 sunt
1839 1405 1877 1441 in
1905 1405 1980 1441 hoc
2008 1405 2176 1452 mundo,
2207 1405 2377 1442 feruntur
2401 1404 2449 1442 ad

1382 1459 1458 1495 hoc
1476 1457 1649 1495 medium
1667 1457 1780 1494 huius
1799 1457 1945 1505 mundi,
1967 1465 2003 1494 et
2018 1470 2154 1495 omnes
2172 1465 2298 1506 partes
2319 1458 2413 1506 ignis
2429 1458 2449 1479 *²

1383 1511 1433 1548 ad
1453 1518 1665 1548 extremum
1684 1510 1814 1557 huius;
1837 1522 2077 1558 consequens
2106 1510 2174 1547 erit
2202 1510 2308 1559 quod
2337 1511 2450 1548 etiam

1384 1576 1520 1600 omnes
1538 1570 1665 1612 partes
1684 1570 1805 1600 terrae
1825 1575 1924 1612 quae
1943 1571 2030 1600 sunt
2047 1563 2087 1599 in
2112 1575 2356 1611 quocumque
2376 1564 2448 1601 alio

1383 1617 1543 1663 mundo,
1556 1617 1725 1653 feruntur
1735 1616 1784 1653 ad
1795 1616 1967 1653 medium
1978 1616 2089 1653 huius
2099 1615 2233 1652 mundi
2243 1628 2252 1660 ;
2270 1623 2305 1652 et
2315 1628 2450 1654 01111193

1383 1677 1509 1718 partes
1528 1669 1623 1718 ignis
1643 1681 1741 1718 quae
1761 1678 1848 1706 sunt
1871 1668 1910 1705 in
1930 1681 2174 1718 quocumque
2196 1668 2269 1705 alio
2290 1669 2449 1717 mundo,

1384 1723 1555 1760 feruntur
1567 1727 1582 1745 '²
1597 1722 1646 1759 ad
1666 1729 1877 1759 extremum
1901 1722 2013 1758 huius
2032 1721 2177 1758 mundi.
2200 1721 2277 1758 Sed
2295 1723 2370 1759 hoc
2396 1730 2452 1759 est

1383 1775 1631 1824 impossibile.
1662 1775 1702 1812 Si
1731 1775 1833 1812 enirn
1862 1775 1937 1812 hoc
1956 1775 2152 1822 accideret,
2169 1787 2324 1812 necesse
2354 1783 2451 1812 93391

1384 1828 1491 1878 quod
1518 1836 1616 1866 terra
1644 1840 1743 1887 quae
1763 1835 1818 1865 est
1845 1827 1884 1864 in
1903 1827 1976 1864 alio
2005 1803 2164 1875 mundd,
2186 1828 2344 1864 ferretur
2371 1841 2451 1865 sur-

1384 1894 1471 1919 sum
1500 1881 1539 1918 in
1556 1881 1714 1930 proprio
1743 1893 1813 1918 suo
1834 1880 1995 1928 mundo,
2017 1888 2053 1917 91
2080 1880 2216 1929 quod
2208 1881 2302 1940 ignis
2331 1881 2369 1918 in
2388 1881 2451 1918 illo

1384 1934 1531 1972 mundo
1552 1935 1711 1971 ferretur
1725 1934 1775 1971 ad
1794 1933 1978 1971 medium.
1999 1935 2048 1970 Et
2063 1934 2172 1970 simili
2192 1933 2336 1970 ratione
2355 1941 2453 1971 terra

1384 2000 1483 2036 quae
1504 1995 1560 2024 est
1587 1987 1626 2024 in
1645 1987 1720 2024 hoc
1748 1986 1908 2034 mundo,
1929 1987 2088 2024 ferretur
2106 1987 2318 2024 secundum
2346 1995 2453 2024 natu—

1385 2053 1466 2077 ram
1482 2053 1505 2077 a
1523 2039 1653 2077 medio
1669 2040 1781 2077 huius
1797 2039 1989 2077 mundi.in
2004 2040 2176 2077 medium
2193 2039 2288 2076 illius
2303 2040 2450 2077 mundi.

1384 2094 1433 2130 Et
1459 2094 1536 2130 hoc
1564 2105 1719 2130 necesse
1750 2100 1805 2130 est
1842 2092 1950 2141 sequi
1976 2100 2132 2142 propter
2166 2093 2452 2141 dispositionem

1383 2146 1633 2194 mundorum,
1663 2146 1728 2195 qui
1755 2146 1870 2182 talem
1900 2146 2013 2182 situm
2042 2146 2184 2182 habent
2210 2154 2253 2182 ut
2279 2146 2451 2183 medium

1381 2198 1495 2236 unius
1522 2199 1656 2236 mundi
1685 2199 1730 2236 sit
1759 2198 1901 2236 distans
1931 2211 1953 2235 a
1982 2199 2110 2236 medio
2141 2199 2310 2245 alterius;
2336 2206 2372 2235 et
2400 2198 2453 2235 sic

1382 2263 1462 2289 non
1489 2258 1615 2300 potest
1631 2258 1733 2288 terra
1760 2251 1808 2289 ad
1838 2251 2009 2288 medium
2030 2251 2179 2288 alterius
2208 2251 2343 2288 mundi
2368 2264 2452 2288 mo-

1381 2304 1476 2352 veri,
1496 2304 1567 2341 nisi
1595 2303 1749 2341 recedat
1777 2316 1799 2340 a
1827 2304 1956 2341 medio
1986 2304 2044 2341 sui
2071 2304 2204 2341 mundi
2235 2312 2340 2341 mota
2367 2317 2452 2341 ver-

1382 2369 1446 2394 sus
1462 2364 1688 2405 extremum,
1701 2356 1806 2405 quod
1818 2364 1874 2393 est
1888 2357 2038 2393 moveri
2053 2369 2216 2393 sursum.
2230 2357 2407 2393 Similiter
2418 2358 2450 2405 ³⁸,

1382 2409 1471 2458 quia
1500 2417 1668 2446 extrema
1698 2410 1938 2447 diversorum
1967 2410 2202 2456 mundorum
2231 2410 2373 2446 habent
2398 2410 2451 2447 di-

1382 2474 1540 2499 versum
1569 2462 1694 2510 situm,
1715 2474 1872 2499 necesse
1898 2470 1953 2499 est
1972 2463 2077 2511 quod
2105 2463 2135 2499 si
2153 2463 2173 2483 '¹‘
2192 2462 2286 2510 ignis
2316 2462 2452 2500 debeat

1382 2515 1469 2551 ferri
1497 2515 1546 2552 ad
1575 2523 1788 2552 extremum
1817 2515 1966 2552 alterius
1995 2515 2140 2562 mundi,
2166 2515 2271 2564 quod
2300 2515 2451 2552 recedat

1381 2568 1430 2604 ab
1452 2575 1622 2604 extremo
1641 2567 1785 2616 proprii
1803 2567 1948 2614 mundi,
1970 2568 2075 2616 quod
2095 2576 2150 2605 est
2169 2569 2319 2605 moveri
2340 2568 2449 2605 deor-

1382 2633 1468 2657 sum
1496 2620 1535 2657 in
1558 2620 1715 2670 proprio
1744 2621 1902 2657 mundo.
1926 2621 2032 2657 Haec
2051 2628 2178 2657 autem
2207 2629 2293 2658 sunt
2320 2621 2450 2658 incon-

1380 2673 1589 2710 venientia:
1619 2674 1708 2723 quia
1736 2681 1801 2710 aut
1826 2673 2052 2722 ponendum
2083 2681 2138 2710 est
2165 2675 2269 2722 quod
2297 2686 2376 2710 non
2405 2674 2450 2710 sit

1382 2726 1519 2764 eadem
1547 2734 1682 2764 natura
1710 2726 1939 2775 simplicium
1978 2738 2184 2775 corporum
2213 2727 2251 2763 in
2278 2727 2448 2775 pluribus

1382 2779 1555 2827 mundis,
1586 2779 1693 2828 quod
1729 2791 1844 2828 supra
1874 2781 1893 2800 ’²‘
1922 2779 2179 2828 improbatum
2209 2786 2283 2826 est;
2318 2787 2381 2816 aut
2418 2780 2448 2816 si

1382 2832 1555 2869 dicamus
1584 2845 1666 2879 9339
1687 2832 1851 2869 9311919111
1880 2840 2067 2880 naturam,
2089 2840 2124 2869 91
2142 2832 2305 2869 velimus
2328 2833 2448 2869 vitare

1380 2885 1573 2934 praedicta
1611 2885 1917 2922 inconvenientia
1951 2897 2048 2934 quae
2083 2893 2291 2933 sequuntur
2319 2898 2364 2921 ex
2393 2885 2444 2922 di-

1380 2938 1557 2975 versitate
1586 2938 1805 2975 mediorum
1835 2946 1871 2975 et
1904 2946 2182 2984 extremorum,
2209 2950 2363 2974 necesse
2393 2945 2448 2974 est

1380 3003 1526 3040 ponere
1554 3004 1676 3028 unum
1701 2992 1826 3028 solum
1855 2991 2038 3038 medium,
2069 2990 2118 3027 ad
2146 2990 2251 3039 quod
2279 2991 2448 3027 feruntur

1382 3044 1513 3081 omnia
1528 3044 1659 3092 gravia
1676 3044 1910 3092 ubicumque
1926 3043 2008 3090 sint,
2026 3051 2062 3079 et
2079 3055 2200 3079 unum
2221 3050 2445 3090 extremum,

1382 3097 1430 3134 ad
1460 3097 1564 3146 quod
1602 3098 1772 3134 feruntur
1800 3096 1930 3133 omnia
1967 3096 2066 3133 levia
2093 3095 2326 3144 ubicumque
2362 3096 2445 3133 sint.

1383 3150 1472 3197 Quo
1500 3150 1639 3199 posito,
1659 3149 1893 3198 impossibile
1923 3156 1978 3185 est
2006 3161 2088 3184 esse
2108 3149 2233 3197 plures
2262 3148 2446 3195 mundos;

1383 3289 1472 3314 ciebus
1491 3290 1647 3322 simplicium
1662 3294 1794 3319 motuum;
1814 3288 1883 3320 atqui
1902 3288 1980 3312 iidem
1999 3292 2086 3312 motus
2105 3288 2248 3313 secundum
2262 3288 2375 3320 speciem
2389 3294 2450 3313 sunt

1383 3324 1409 3349 in
1428 3325 1545 3358 quolibet
1564 3325 1674 3355 mundo;
1694 3332 1756 3356 ergo
1775 3328 1823 3348 etc.
1843 3323 1882 3348 Cf.
1896 3328 2002 3347 textum.

1436 3360 1463 3393 η)
1482 3360 1520 3385 ad
1540 3360 1655 3385 medium
1672 3359 1750 3384 huius
1763 3358 1883 3383 mundi..
1886 3359 2076 3392 .feruntur-
2057 3359 2147 3382 -Hoc
2161 3358 2356 3383 homoteleuton
2371 3359 2447 3383 omit-

1382 3400 1439 3420 tunt
1453 3396 1554 3420 codices
1574 3395 1685 3427 exceptis
1705 3394 1765 3424 sEI,
1786 3401 1838 3426 quo
1853 3392 1948 3418 factum
1962 3399 2002 3418 est
2015 3399 2043 3418 ut
2055 3394 2123 3418 male
2136 3394 2234 3426 legant:
2255 3401 2345 3418 omnes
2354 3397 2449 3426 partes

1383 3434 1473 3455 terrae
1491 3438 1558 3462 quae
1576 3434 1639 3455 sunt
1658 3430 1683 3454 in
1703 3436 1866 3462 quocumque
1889 3429 1942 3454 alio
1962 3429 2074 3458 mundo,
2093 3429 2224 3462 seruntur
2242 3429 2278 3454 ad
2297 3433 2448 3454 extremum

1382 3466 1460 3491 huius
1479 3466 1611 3490 mundi.-
1623 3466 1702 3489 Linea
1720 3464 1840 3497 sequenti
1859 3472 1906 3497 pro
1925 3467 1998 3494 esset,
2019 3468 2058 3489 est
2077 3464 2220 3497 P.-ign1·s
2239 3464 2264 3489 in
2286 3465 2330 3489 illo
2350 3465 2449 3489 mundo

1375 3501 1500 3535 serretur
1525 3501 1562 3525 ad
1587 3500 1717 3525 medium:
1743 3500 1802 3532 quia
1827 3507 1922 3532 nempe
1948 3509 1962 3523 x
1977 3508 2029 3524 non
2052 3505 2137 3532 potest
2160 3499 2247 3524 venire
2273 3500 2305 3524 ad
2329 3501 2448 3532 superius

1381 3537 1455 3560 istius
1475 3535 1576 3564 mundi,
1596 3535 1644 3559 nisi
1663 3536 1739 3559 vadat
1758 3543 1773 3559 a
1791 3535 1916 3567 superiori
1943 3535 2046 3559 alterius
2066 3535 2170 3565 mundi,
2189 3540 2215 3559 et
2234 3535 2270 3560 ire
2289 3543 2303 3559 a
2322 3535 2448 3567 superiori

1382 3577 1422 3595 est
1441 3572 1477 3596 ire
1496 3578 1588 3596 versus
1614 3570 1729 3595 medium
1745 3580 1770 3596 ».
1787 3571 1817 3595 Β.
1832 3570 1891 3595 Alb.
1910 3570 2026 3602 Magnus,
2048 3578 2091 3603 op.
2113 3571 2168 3601 cit.‚
2193 3575 2264 3595 tract.
2282 3571 2326 3600 III,
2352 3578 2406 3602 cap.
2424 3577 2447 3598 1,

1382 3614 1439 3639 pag.
1454 3614 1501 3638 41,
1524 3606 1572 3630 col.
1590 3613 1613 3630 2.

2254 3667 2269 3685 0

2505 417 2527 436 et
2540 421 2570 437 ΑΙ.

2476 515 2688 546 Lect.111‚n.9;

2477 545 2498 562 et
2513 548 2543 569 xv,
2559 549 2581 564 n.
2589 550 2612 570 4.

2575 680 2585 696 Ε

2511 1046 2595 1066 motum
2619 1045 2689 1067 codd.

2477 1075 2526 1091 exc.
2541 1077 2556 1092 1.

2478 1257 2486 1265 ·
2502 1257 2584 1283 arguit
2596 1262 2617 1277 P.

2478 1468 2512 1488 'et
2519 1466 2594 1488 omnis
2601 1467 2664 1495 ignis
2669 1474 2690 1489 Ρ.

2480 2365 2488 2375 '
2503 2364 2534 2386 Et
2548 2365 2656 2387 similiter
2671 2372 2694 2388 Α.

2479 2471 2487 2479 ·
2504 2470 2528 2492 ei
2540 2476 2662 2499 scm-:opri-

2476 2794 2485 2803 ·
2500 2793 2570 2815 Num.
2581 2799 2603 2820 7.
