2782 4134
77 428 84 436 ¹
99 425 180 453 incipit
194 424 261 446 codd.

74 688 85 699 ⁸
99 687 180 715 incipit
193 686 260 708 codd.

170 742 185 757 κ

71 997 80 1006 '¹
95 995 165 1017 Num.
178 1001 201 1023 9.
222 998 225 1001 ⁷

71 1478 79 1485 ·
95 1476 163 1497 Num.
175 1481 248 1503 praec.

66 1531 74 1539 ¹
83 1529 213 1559 perfectum
232 1534 271 1550 co-

66 1555 128 1576 dices
143 1561 190 1576 exc.
200 1561 244 1577 sor.

57 1846 67 1856 ⁸
81 1847 156 1867 autem
178 1846 232 1868 add.
246 1853 266 1868 Ρ.

54 2113 65 2123 ““
79 2113 171 2140 quando
183 2112 251 2134 codd.

55 2166 64 2174 '
75 2165 168 2194 quando
183 2166 251 2188 codd.

56 2326 64 2334 ·
80 2324 127 2345 dici
135 2331 185 2346 om.
195 2324 264 2346 codd.

55 2357 105 2372 exc.
119 2357 175 2373 asi-1.

57 2431 67 2441 ⁸
82 2428 112 2450 Et
126 2431 161 2450 est
174 2430 242 2451 codd.

310 361 397 398 ideo
425 360 599 397 ultimum
625 357 784 395 modurn
802 355 921 405 geniti
936 352 1061 402 posuit
1083 359 1264 408 tanquam
1283 359 1367 396 per-

310 415 461 460 fectum,
482 412 586 461 quod
605 410 768 459 incoepit
788 410 807 430 2²
823 416 904 445 esse
923 419 991 456 per
1009 410 1309 453 generationem;
1332 406 1367 435 et

312 464 598 515 comprehendit
616 464 685 501 sub
709 464 783 499 hoc
802 460 931 507 modo,
957 466 1137 506 tanquam
1157 454 1226 491 sub
1246 452 1366 511 perfe-

312 526 383 566 ct0,
405 526 441 555 et
466 517 675 567 potentiam
708 523 744 552 et
759 522 894 552 actum.
924 510 1065 548 Modos
1098 515 1225 567 autem
1253 513 1364 564 perti-

310 579 440 609 nentes
469 570 516 608 ad
544 568 822 618 incoeptionem
859 566 897 602 in
935 573 1142 607 commum,
1171 565 1366 618 praemisa

310 631 491 672 tanquam
520 623 778 671 imperfectos:
808 631 886 656 non
911 616 1011 653 enirn
1038 614 1202 663 perfecte
1232 611 1365 649 dieitur

311 676 449 725 aliquid
472 675 639 724 genitum
660 686 704 710 ex
727 674 800 709 hoc
815 671 897 708 solo
913 668 1019 718 quod
1043 665 1208 715 incoepit
1228 666 1247 686 ss
1268 677 1362 701 esse.

309 730 358 766 Et
385 729 470 766 ideo
501 740 544 764 ex
563 728 634 764 hac
653 726 764 763 etiam
791 731 896 773 parte
915 729 928 742 '²
950 719 1113 759 distinxit
1126 720 1198 756 hos
1212 717 1362 765 modos,

308 789 487 830 tanquam
501 780 685 829 partiales,
702 777 911 814 secundum
932 773 1142 824 potentiam
1172 780 1207 808 et
1226 779 1363 808 actum.

336 853 346 858 s
361 847 396 882 7.
417 833 563 871 Deinde
588 845 673 869 cum
692 830 793 868 dicit:
813 831 864 867 Et
879 826 1117 876 corruptibile
1136 831 1260 863 autem
1282 831 1363 871 etc„

309 887 495 934 distinguit
520 885 656 922 modos
676 882 923 931 corruptibilis
943 889 979 918 et
998 878 1308 927 incorruptibilis:
1329 884 1365 913 et

305 939 429 988 primo
457 937 719 986 corruptibilis;
747 935 917 973 secundo
950 931 1258 981 incorruptibilis,
1290 930 1362 967 ibi:

305 993 356 1029 Et
371 993 416 1029 de
442 990 709 1039 incorruptibili
723 990 742 1010 ⁹⁸
758 996 825 1026 ete.
842 1010 866 1016 -
887 987 986 1025 Dicit
1005 998 1093 1034 ergo
1113 985 1238 1034 primo
1259 984 1363 1033 quod

305 1045 539 1093 corruptibile
585 1051 621 1079 et
666 1041 944 1090 incorruptibile
986 1039 1150 1076 similiter
1187 1037 1363 1075 dicuntur

305 1097 569 1146 multipliciter:
600 1103 634 1132 et
668 1095 776 1144 ponit
811 1102 884 1132 tres
926 1092 1065 1130 modos
1102 1090 1361 1139 corruptibilis.

304 1150 377 1188 Ubi
406 1150 719 1186 considerandum
749 1155 805 1185 est
823 1147 938 1197 quod,
961 1146 1055 1183 sicut
1080 1143 1272 1193 generatio
1292 1143 1362 1180 im-

302 1210 425 1252 portat
451 1202 732 1251 incoeptionem
762 1213 850 1238 cum
880 1198 1130 1238 determinato
1159 1197 1291 1244 modo,
1313 1197 1363 1233 ita

303 1255 489 1304 corruptio
518 1255 696 1303 importat
729 1254 954 1292 desitionem
993 1264 1081 1289 cum
1111 1250 1362 1288 determinato

302 1308 431 1355 modo,
458 1307 595 1345 scilicet
621 1306 952 1345 transmutationis,
982 1305 1132 1342 Primus
1162 1316 1252 1352 ergo
1280 1316 1362 1340 mo-

303 1361 372 1398 dus
401 1361 647 1410 corruptionis
679 1361 788 1410 ponit
816 1359 1042 1397 desitionem
1075 1358 1113 1395 in
1142 1357 1360 1405 communi,

301 1414 443 1462 absque
473 1413 707 1451 distinctione
734 1413 924 1463 potentiae
945 1419 982 1448 et
1010 1418 1126 1448 actus.
1148 1411 1198 1447 Et
1226 1418 1281 1447 est
1301 1423 1361 1447 ea-

301 1467 389 1503 dem
409 1467 502 1503 10110
522 1467 664 1504 ordinis
679 1479 777 1516 quae
793 1474 848 1504 est
868 1478 982 1515 supra
999 1466 1018 1486 *-
1035 1465 1083 1502 de
1097 1464 1224 1514 genito
1235 1477 1247 1500 :
1267 1464 1362 1501 sicut

300 1520 401 1556 enim
420 1532 498 1556 non
518 1520 651 1557 dicitur
669 1520 810 1569 aliquid
825 1519 989 1569 perfecte
1004 1519 1024 1540 ’¹‘
1038 1518 1206 1566 genitum
1223 1529 1268 1554 ex
1287 1518 1362 1554 hoc

299 1573 404 1620 quod
432 1573 558 1622 incipit
591 1585 690 1620 esse,
719 1573 769 1610 ita
797 1585 875 1610 non
909 1572 1043 1609 dicitur
1071 1571 1211 1620 aliquid
1239 1571 1362 1620 perfe-

299 1633 355 1662 cte
372 1633 589 1675 corruptum
606 1639 650 1663 ex
669 1627 744 1664 hoc
763 1626 867 1675 quod
887 1625 1021 1663 desinit
1039 1637 1135 1673 esse,
1151 1636 1222 1661 nec
1240 1624 1362 1673 perfe-

299 1686 363 1727 cte·
376 1679 613 1728 corruptibile
643 1692 687 1716 ex
710 1680 785 1716 hoc
804 1679 909 1728 quod
927 1686 1053 1728 potest
1071 1678 1242 1715 desinere
1265 1689 1359 1715 esse.

351 1733 419 1768 Est
447 1744 535 1780 ergo
562 1732 707 1781 primus
736 1734 892 1779 modus,
920 1732 1132 1770 secundum
1161 1743 1277 1779 quem
1309 1731 1361 1768 di-

298 1784 418 1822 cimus
447 1785 585 1833 aliquid
615 1798 696 1823 esse
726 1785 979 1835 corruptibile,
1002 1785 1119 1834 quod,
1141 1797 1230 1821 cum
1258 1784 1362 1834 prius

296 1837 340 1874 sit
367 1838 522 1886 aliquid,
547 1839 734 1888 posterius
761 1840 781 1860 ’⁸‘
808 1840 870 1876 vel
898 1851 977 1876 non
1003 1846 1058 1876 est
1090 1838 1152 1875 vel
1181 1837 1362 1886 contingit

295 1903 374 1927 non
403 1903 504 1938 esse3
534 1892 613 1929 sive
646 1893 720 1929 hoc
753 1892 942 1940 contingat
974 1904 1044 1940 per
1077 1891 1358 1940 corruptionem

295 1951 332 1980 et
358 1945 723 1993 transmutationem,
749 1946 844 1982 sicut
868 1946 988 1983 homo
1009 1953 1064 1983 est
1088 1943 1359 1993 corruptibilis3

295 1996 374 2034 sive
390 2009 468 2034 non
487 2010 555 2046 per
574 1998 856 2047 corruptionem
871 2006 907 2036 et
925 1997 1280 2035 transmutationem
1296 1998 1360 2035 de-

294 2049 390 2087 sinat
413 2063 507 2098 esse,
528 2051 622 2088 sicut
645 2059 765 2089 tactus
789 2059 826 2089 et
847 2059 985 2089 motus·
998 2073 1021 2080 -
1039 2050 1219 2088 Secundo
1239 2051 1358 2088 modo

294 2103 454 2140 dicimus
474 2104 615 2152 aliquid
635 2117 716 2142 esse
738 2105 992 2154 corruptibile,
1013 2104 1117 2153 quod
1139 2106 1158 2125 ²²
1179 2104 1361 2154 contingit

294 2168 367 2193 non
392 2169 480 2203 esse,
500 2157 596 2194 idest
615 2159 848 2206 quandoque
865 2160 885 2179 ’ὅ
905 2165 1031 2208 potest
1059 2157 1231 2195 desinere
1260 2169 1356 2205 esse,

292 2221 360 2257 per
380 2210 582 2259 specialem
596 2211 758 2248 modurn
776 2211 1077 2261 corruptionis·
1089 2210 1220 2248 Tertio
1239 2210 1359 2247 modo

294 2262 427 2299 dicitur
446 2263 586 2312 aliquid
606 2264 856 2314 corruptibile,
879 2264 983 2314 quod
1004 2265 1051 2302 de
1073 2264 1170 2301 facili
1190 2275 1358 2300 corrum-

291 2315 405 2364 pitur:
435 2316 539 2365 quod
565 2325 689 2366 potest
717 2317 790 2355 dici
807 2318 827 2339 '¹²
855 2319 1115 2367 euphtharton,
1137 2317 1234 2354 idest
1258 2317 1357 2354 bene

293 2369 544 2418 corruptibile.

346 2423 380 2458 8.
401 2423 468 2459 Est
491 2430 618 2460 autem
633 2424 653 2444 '³²
672 2424 993 2461 considerandum
1009 2423 1125 2472 quod,
1146 2422 1232 2460 licet
1250 2422 1358 2460 modi

273 2499 275 2502 -
292 2475 538 2523 corruptibilis
554 2489 641 2512 cum
656 2477 782 2514 modis
796 2478 915 2527 geniti
929 2476 1158 2514 conveniant
1172 2483 1359 2524 quantum

294 2528 342 2564 ad
371 2528 556 2576 ordinem,
579 2529 667 2578 quia
695 2529 790 2566 sicut
817 2530 869 2566 ibi
897 2529 1148 2578 praemittitur
1176 2527 1360 2576 generalis

349 2703 374 2736 κ)
394 2710 431 2728 ex
449 2703 499 2728 hac
517 2703 597 2728 etiam
611 2706 701 2735 parte.
713 2717 733 2722 -
745 2710 871 2735 expresse
890 2704 917 2734 P,
932 2704 978 2728 sed
996 2703 1113 2728 codicum
1129 2703 1212 2734 lectio,
1226 2711 1287 2728 cum
1301 2710 1360 2736 per-

296 2740 362 2764 fecte
375 2739 407 2763 001
420 2743 566 2764 contextum
579 2739 694 2771 quadret,
709 2746 761 2763 non
773 2739 874 2764 videtur
885 2746 945 2764 esse
958 2739 1122 2772 corrigenda;
1143 2739 1174 2764 cf.
1189 2739 1266 2772 paulo
1280 2746 1360 2771 supra

297 2775 383 2799 locum
401 2774 559 2806 parallelum.
577 2774 635 2799 ideo
654 2781 691 2799 ex
709 2774 758 2799 hac
771 2778 862 2806 parte.

349 2808 377 2842 λ)
392 2809 454 2842 quia
467 2809 562 2834 sicut...
578 2809 680 2834 desitio.
689 2823 709 2828 -
718 2809 780 2841 quia
793 2810 862 2835 sicut
878 2809 913 2834 ibi
920 2810 1108 2842 praemittitur
1119 2810 1252 2843 generalis
1266 2809 1360 2835 desitio

296 2845 428 2874 BCDEGI,
448 2845 594 2869 omittentes
613 2844 810 2870 homoteleuton
830 2845 992 2877 incoeptio..
1010 2846 1159 2878 generalis5
1178 2846 1198 2870 F
1218 2845 1279 2878 legit
1296 2845 1360 2878 quia

296 2880 364 2905 sicut
382 2879 418 2904 ibi
436 2880 530 2905 desitio
548 2880 682 2913 generalis
696 2880 893 2912 praemittitur,
913 2888 980 2913 quae
999 2885 1039 2905 est
1053 2881 1128 2906 lectio
1143 2881 1270 2906 dictorum
1285 2880 1360 2905 codd.

296 2922 355 2940 cum
373 2915 586 2947 transpositione3
601 2923 653 2940 non
665 2923 731 2947 opus
747 2920 786 2940 est
801 2916 928 2948 explicare
942 2923 1022 2948 quare
1037 2916 1175 2949 legendum
1189 2916 1222 2941 sit
1234 2924 1294 2941 cum
1307 2915 1360 2940 PA.

348 2950 376 2984 μ)
396 2950 533 2975 desitionis
552 2951 578 2975 in
597 2950 739 2976 communi.
751 2951 801 2975 -P
821 2956 846 2976 et
864 2958 957 2976 omnes
976 2952 1057 2976 nostri
1077 2952 1150 2977 codd.
1166 2952 1254 2985 legunt
1273 2951 1358 2977 incoe-

291 2985 392 3018 ptionis
411 2985 437 3010 in
451 2986 584 3011 communi
589 2993 599 3015 ,⁸
612 2986 657 3010 sed
676 2986 701 3010 in
717 2986 740 3010 G
755 2993 834 3019 super
853 2986 1027 3019 incoeptionis
1048 2987 1073 3011 in
1092 2987 1224 3012 interlinea
1241 2987 1360 3012 scribitur

295 3021 441 3049 desitionis,
456 3026 534 3054 prout
546 3028 635 3046 revera
648 3028 742 3046 sensus
756 3022 870 3054 requirit.
880 3035 898 3041 —
909 3022 990 3046 Paulo
1004 3022 1068 3048 infra
1080 3027 1140 3055 post
1154 3022 1321 3054 impossibile,
1333 3025 1359 3047 et

296 3056 353 3081 add.
367 3056 518 3089 CDEFpGI.
530 3070 549 3076 -
563 3056 607 3086 lbi,
621 3063 689 3089 quae
699 3057 787 3089 possit
801 3057 920 3082 desinere
933 3064 989 3083 esse
1002 3065 1055 3090 per
1073 3058 1279 3090 corruptionem,
1293 3058 1359 3082 forte

295 3096 386 3124 posset
399 3092 471 3116 alicui
482 3091 587 3116 dubium
601 3091 662 3116 oriri
676 3092 708 3116 de
723 3091 865 3124 integritate
880 3092 1004 3124 lectionis,
1015 3098 1141 3126 quatenus
1152 3093 1307 3118 existimaret
1321 3093 1357 3118 le-

295 3127 408 3158 gendum
422 3126 471 3151 hoc
484 3127 526 3152 vel
546 3127 621 3151 simili
641 3127 727 3156 modo,
742 3134 810 3159 quae
818 3128 906 3160 possit
919 3127 1039 3154 desinere
1053 3136 1116 3158 esse,
1131 3129 1186 3154 sive
1194 3135 1247 3161 per
1265 3136 1357 3154 corru-

290 3162 410 3193 ptionem
435 3162 489 3187 sive
508 3169 558 3187 non
573 3169 626 3194 per
644 3163 853 3195 corruptionem,
878 3168 955 3196 prout
973 3164 1085 3189 indicare
1103 3164 1223 3189 videntur
1241 3172 1272 3189 ea
1290 3172 1358 3198 quae

296 3202 438 3229 sequuntur
452 3197 607 3222 immediate.
617 3198 735 3223 Attamen
751 3199 887 3224 lectionem
901 3207 980 3232 quam
994 3200 1144 3231 retinemus,
1156 3199 1251 3225 habent
1264 3207 1357 3224 omnes

296 3232 376 3256 nostri
391 3233 472 3262 codd..
483 3240 591 3266 eamque
605 3240 745 3265 congruere
758 3242 818 3258 cum
833 3234 1001 3266 sequentibus
1019 3234 1086 3260 forte
1101 3235 1194 3260 melius
1215 3235 1356 3268 deprehen-

297 3267 375 3297 ditur,
396 3268 417 3292 si
435 3275 486 3300 per
507 3268 702 3301 corruptionem
721 3269 857 3303 accipiatur
876 3269 926 3294 hoc
945 3271 1004 3295 loco
1024 3270 1092 3295 iuxta
1110 3270 1225 3303 primum
1249 3271 1357 3296 modum

298 3302 465 3334 corruptionis
480 3303 516 3335 (n.
531 3311 560 3336 75
575 3303 606 3328 cf.
619 3304 696 3336 paulo
711 3304 774 3330 infra
788 3305 877 3338 aliquo
896 3305 975 3331 modo
993 3305 1165 3338 corruptibile
1178 3306 1245 3339 etc.).
1261 3306 1357 3331 scilicet

297 3344 344 3368 pro
364 3337 485 3362 desitione
508 3338 532 3362 in
557 3339 701 3370 communi,
728 3341 782 3364 sive
804 3348 898 3373 nempe
917 3341 950 3366 sit
972 3349 1019 3374 per
1036 3342 1277 3367 transmutationem
1302 3342 1357 3367 sive

298 3371 397 3404 absque
414 3374 632 3399 transmutatione.
645 3388 664 3393 -
676 3374 747 3399 Circa
766 3375 833 3400 hunc
853 3377 995 3401 secundum
1013 3377 1122 3402 modum
1148 3377 1356 3410 incorruptibilis,

298 3411 418 3431 notamus
438 3409 507 3439 quod
522 3409 671 3439 Alexander,
690 3415 719 3434 ut
731 3410 807 3435 refert
822 3411 975 3443 Simplicius.
993 3412 1017 3436 in
1031 3417 1100 3437 textu
1115 3412 1149 3437 ibi
1167 3414 1222 3438 Aut
1239 3420 1285 3438 ens
1299 3413 1357 3446 qui-

298 3441 357 3466 dem
373 3442 528 3473 impossibile
541 3447 628 3469 autem
643 3452 694 3469 non
703 3446 774 3479 sore,
788 3454 835 3478 pro
849 3447 1006 3479 impossibile
1024 3448 1125 3480 legebat
1139 3448 1273 3480 possibile.
1290 3448 1356 3479 Quia

298 3483 360 3500 vero
384 3478 523 3502 secundum
546 3478 611 3504 hane
634 3480 769 3505 lectionem
794 3481 842 3506 iste
867 3483 960 3507 modus
981 3483 1188 3516 incorruptibilis
1212 3484 1357 3517 aequivalet

299 3511 383 3543 primo
401 3513 479 3539 modo
503 3514 680 3545 corruptibilis
700 3516 842 3548 (diceretur
861 3518 929 3542 enim
949 3518 1140 3551 incorruptibile
1159 3519 1183 3544 id
1203 3519 1282 3552 quod,
1296 3527 1356 3544 cum

299 3546 377 3571 modo
396 3547 429 3571 sit
446 3554 507 3576 ens,
524 3554 614 3589 postea
633 3550 753 3583 contingit
771 3559 822 3576 non
837 3553 914 3586 esse).
930 3553 996 3583 ideo,
1007 3553 1040 3578 ait
1052 3555 1203 3586 Alexander,
1215 3564 1228 3578 α
1241 3554 1303 3580 11000
1317 3555 1356 3580 lit-

298 3586 353 3621 tera
365 3582 436 3612 (Aut
453 3589 498 3607 ens
511 3584 646 3615 quidem...
661 3585 708 3610 hoc
722 3586 816 3619 tangi)
834 3592 887 3612 tota
905 3588 958 3612 fere
976 3589 1076 3613 videtur
1094 3589 1215 3615 omnibus
1236 3591 1355 3616 inconve-

299 3622 397 3642 menter
416 3617 475 3650 p'oni
494 3618 519 3642 in
544 3618 665 3644 divisione
689 3621 917 3654 incorruptibilis.»
938 3623 1083 3656 Simplicius
1101 3633 1163 3650 vero
1183 3630 1253 3651 notat
1271 3626 1356 3659 primo

1011 274 1082 311 DE
1113 270 1286 308 CAELO
1316 268 1386 305 ET
1415 264 1610 304 MUNDO
1641 264 1735 300 LIB.
1767 264 1781 299 I

1421 343 1623 392 incoeptio,
1644 342 1695 379 ita
1722 342 1784 379 hic
1810 341 2061 391 praemittitur
2088 341 2273 389 generalis
2302 341 2434 379 desitio
2459 340 2492 389 λ;

1421 406 1476 435 031
1503 405 1631 434 tamen
1662 395 1874 433 differentia
1903 402 2089 445 quantum
2118 394 2168 432 ad
2198 393 2491 433 distinctionem.

1420 452 1524 487 Nam
1543 449 1594 486 ibi
1611 449 1936 497 distinguebantur
1950 448 2056 486 modi
2075 448 2290 485 secundum
2309 455 2438 486 actum
2458 455 2495 485 01

1418 503 1646 553 potentiam:
1677 502 1737 539 hic
1766 510 1895 539 autem
1925 502 2204 550 distinguuntur
2232 501 2339 539 modi
2358 514 2493 539 secun-

1419 557 1512 594 dum
1540 555 1751 605 potentiam
1781 555 2007 603 absolutam,
2030 563 2066 592 et
2092 555 2324 604 perfectam3
2354 556 2493 603 quod*

2521 562 2530 572 ·
2545 568 2607 590 quae
2620 568 2657 585 ra.

1419 618 1475 647 est
1491 609 1647 646 ultimus
1676 608 1828 656 modus,
1853 616 2037 658 tanquam
2065 608 2378 658 perfectissimus;
2408 620 2493 657 per·
2540 614 2546 618 ‘

1417 663 1619 701 fectissime
1650 662 1751 699 enim
1784 662 2023 711 corruptibile
2053 669 2109 699 est
2133 662 2153 683 *
2182 661 2290 711 quod
2318 661 2367 699 de
2394 661 2493 698 facili

1418 724 1544 767 potest
1564 714 1769 764 corrumpi.
1791 716 1841 752 Et
1867 715 1980 752 huius
2000 715 2094 753 ratio
2124 722 2191 762 est,
2213 714 2303 764 quia
2320 715 2492 765 genitum

1420 770 1555 807 dicitur
1582 770 1797 806 secundum
1827 775 1974 816 actum,
2005 769 2247 818 corruptibile
2279 776 2407 805 autern
2437 767 2493 805 di-

1419 824 1512 860 citur
1531 822 1744 859 secundum
1763 821 1975 870 potentiam
1992 823 2030 859 *z
2050 823 2154 860 unde
2176 823 2348 873 genitum
2366 828 2493 871 potest

1418 876 1568 924 intelligi
1603 875 1816 912 secundum
1846 882 1974 912 actum
2003 883 2040 913 et
2067 876 2281 913 secundum
2309 877 2331 895 '⁵
2357 882 2492 924 poten-

1418 930 1521 978 tiam,
1551 929 1619 966 sed
1648 928 1890 976 corruptibile
1908 940 1988 966 non
2012 936 2138 978 potest
2162 928 2315 977 intelligi
2343 928 2415 966 nisi
2434 941 2491 966 se-

1418 983 1589 1020 cundum
1617 981 1841 1031 potentiam.

1472 1036 1564 1073 Ideo
1593 1043 1722 1072 autem
1751 1034 1879 1084 posuit
1901 1035 2072 1085 genitum
2101 1035 2315 1072 secundum
2343 1043 2490 1084 actum,

1419 1097 1455 1127 et
1474 1089 1716 1138 corruptibile
1735 1088 1950 1125 secundum
1970 1087 2193 1138 potentiam,
2211 1088 2301 1137 quia
2320 1101 2410 1126 cum
2429 1101 2492 1137 ge·

1417 1142 1562 1180 neratio
1578 1142 1624 1179 sit
1643 1142 1690 1179 de
1706 1154 1786 1179 non
1806 1153 1888 1179 esse
1908 1141 1948 1178 in
1969 1153 2065 1190 esse,
2083 1141 2275 1190 corruptio
2291 1141 2339 1179 de
2355 1154 2439 1179 esse
2452 1141 2493 1179 in

1416 1209 1495 1234 non
1524 1208 1628 1244 esse,
1649 1195 1741 1233 illud
1767 1194 1875 1244 quod
1903 1202 1959 1232 est
1985 1194 2205 1245 generabile
2231 1195 2408 1232 nondum
2436 1202 2494 1233 est

1417 1263 1501 1297 ens,
1535 1249 1605 1287 sed
1633 1249 1759 1286 solum
1797 1248 1890 1286 illud
1919 1249 2026 1296 quod
2053 1248 2131 1285 iam
2169 1255 2225 1285 est
2251 1249 2441 1298 genitum:
2471 1261 2493 1286 e

1417 1315 1606 1341 converso
1645 1309 1774 1340 autem
1814 1303 1834 1324 *
1862 1302 1902 1340 id
1938 1301 2045 1351 quod
2073 1308 2131 1338 est
2161 1301 2404 1350 corruptibile
2437 1308 2494 1339 est
2519 1312 2531 1324 ·

1417 1369 1497 1404 ens,
1518 1369 1597 1394 non
1626 1363 1755 1394 autem
1783 1355 1823 1393 id
1851 1355 1957 1404 quod
1985 1355 2062 1392 iam
2093 1362 2148 1392 est
2176 1360 2410 1403 corruptum.
2432 1355 2492 1392 ln-

1415 1410 1535 1448 tendit
1562 1417 1691 1447 autem
1720 1409 1975 1458 Philosophus
2004 1409 2129 1446 facere
2155 1407 2423 1457 quaestionem
2442 1409 2492 1447 de

1403 1463 1579 1511 entibus,
1599 1475 1679 1500 non
1699 1470 1828 1500 autem
1845 1462 1892 1500 de
1913 1475 1992 1500 non
2012 1461 2177 1499 entibus:
2209 1469 2246 1499 et
2271 1461 2359 1499 ideo
2379 1453 2493 1499 utitur

1417 1517 1574 1554 nomine
1607 1516 1728 1567 geniti
1760 1523 1796 1553 et
1827 1515 2090 1565 corruptibilis.
2179 1551 2181 1553 ,

1470 1583 1507 1619 9.
1528 1569 1678 1608 Deinde
1708 1581 1798 1607 cum
1828 1569 1932 1607 dicit:
1951 1570 2003 1606 Et
2029 1569 2076 1606 de
2103 1568 2380 1618 incorruptibili
2406 1575 2494 1618 etc.,·

1417 1623 1608 1672 distinguit
1635 1623 1775 1660 modos
1804 1622 2106 1672 incorruptibilis.
2133 1622 2184 1659 Et
2201 1621 2289 1660 dicit
2317 1621 2423 1671 quod
2442 1621 2492 1660 de

1417 1676 1694 1726 incorruptibili
1719 1676 1833 1714 etiam
1859 1683 1915 1714 est
1944 1675 2081 1713 eadem
2106 1675 2355 1713 distinctionis
2383 1675 2489 1713 ratio.

1415 1730 1529 1768 Ponit
1557 1730 1661 1767 enim
1689 1737 1764 1767 tres
1792 1730 1945 1768 modos.
1968 1729 2147 1776 Quorum
2172 1728 2320 1778 primus
2349 1736 2406 1766 est
2433 1740 2492 1766 30-

1416 1784 1587 1822 cundum
1605 1783 1850 1831 negationem
1879 1781 2118 1820 determinati
2137 1782 2245 1820 modi
2274 1781 2490 1829 desitionis;

1415 1837 1629 1875 secundum
1645 1836 1785 1874 scilicet
1799 1836 1906 1885 quod
1921 1834 2205 1885 incorruptibile
2221 1834 2369 1883 dicitur,
2385 1835 2492 1883 quod

1416 1891 1572 1939 quidem
1601 1897 1727 1939 potest
1755 1889 1928 1927 desinere
1957 1889 2011 1926 sic
2038 1888 2146 1938 quod
2178 1887 2416 1937 quandoque
2444 1887 2492 1926 sit

1417 1956 1484 1981 0113
1513 1952 1548 1981 01
1576 1943 1829 1992 postmodum
1849 1955 1927 1980 non
1956 1955 2037 1990 0113,
2058 1943 2126 1980 sed
2154 1942 2231 1980 hoc
2249 1941 2331 1979 sine
2360 1953 2490 1980 corru-

1414 1997 1564 2047 ptione;
1585 1997 1680 2034 sicut
1698 2004 1819 2034 tactus
1839 2004 1876 2033 et
1894 2003 2034 2043 motus,
2056 1995 2121 2045 qui
2141 2007 2230 2032 cum
2254 1995 2380 2044 primo
2404 1994 2489 2044 sint,

1414 2050 1604 2100 posterius
1631 2062 1711 2087 non
1730 2058 1817 2087 sunt
1834 2050 1866 2097 ²¹²,
1887 2049 1957 2087 sed
1975 2050 2051 2087 hoc
2071 2057 2126 2086 est
2145 2049 2226 2086 sine
2246 2048 2491 2098 corruptione

1416 2116 1565 2151 eorum,
1587 2103 1677 2152 quia
1706 2115 1842 2141 eorum
1870 2115 1950 2140 non
1979 2110 2035 2140 est
2063 2102 2270 2152 corruptio,
2295 2101 2392 2140 sieut
2418 2113 2491 2140 nec

1414 2157 1619 2206 generatio.
1637 2156 1749 2194 Unde
1764 2156 1826 2194 hic
1844 2156 1986 2194 modus
2006 2156 2213 2205 respondet
2225 2155 2352 2206 primo
2368 2154 2491 2193 modo

1414 2211 1582 2261 ingeniti.

1467 2263 1648 2301 Secundo
1669 2263 1789 2300 modo
1818 2262 1953 2300 dicitur
1971 2263 2112 2312 aliquid
2131 2261 2414 2312 incorruptibile
2432 2274 2491 2300 se·

1414 2317 1584 2355 cundum
1626 2316 1869 2364 negationem
1907 2315 2101 2353 desitionis
2133 2315 2173 2352 in
2219 2315 2417 2352 communi
2452 2321 2489 2352 με

1414 2378 1450 2407 01
1478 2370 1532 2407 310
1561 2369 1647 2406 dicit
1676 2369 1781 2418 quod
1809 2368 1899 2406 illud
1928 2369 2034 2417 quod
2061 2381 2164 2406 nunc
2194 2375 2249 2405 est
2277 2380 2357 2415 ens,
2378 2375 2415 2405 et
2435 2375 2491 2405 est

1414 2422 1650 2471 impossibile
1679 2421 1785 2470 quod
1812 2428 1946 2470 postea
1978 2433 2058 2458 non
2100 2421 2170 2468 sit,
2212 2421 2275 2458 vel
2313 2420 2490 2470 quando-

1416 2487 1492 2524 que
1521 2487 1599 2512 non
1637 2474 1683 2511 sit
1719 2475 1910 2521 futurum,
1950 2474 2084 2511 dicitur
2115 2473 2410 2522 incorruptibile.
2440 2473 2491 2511 Et

1416 2528 1478 2564 hic
1506 2527 1647 2564 modus
1675 2526 2030 2576 incorruptibilitatis
2058 2539 2138 2565 non
2167 2526 2350 2576 competit
2378 2527 2489 2565 alicui

1415 2703 1482 2728 circa
1500 2703 1568 2728 hunc
1586 2708 1683 2729 textum
1707 2704 1779 2737 quod
1799 2713 1814 2728 α
1826 2704 1981 2737 principium
2000 2704 2099 2730 litterae
2119 2704 2144 2729 in
2162 2704 2280 2737 pluribus
2302 2704 2427 2730 librorum
2443 2705 2489 2738 qui

1415 2739 1447 2763 ad
1462 2746 1504 2763 me
1519 2739 1686 2769 devenerunt.
1700 2747 1753 2765 non
1768 2740 1804 2764 sic
1818 2739 1896 2765 habet
1914 2745 1943 2765 ut
1961 2740 2107 2765 Alexander
2125 2740 2298 2773 scripsit‚·aut
2317 2747 2363 2766 ens
2381 2740 2489 2773 quidem

1411 2774 1537 2806 possibile
1556 2782 1606 2800 non
1627 2782 1683 2800 esse
1703 2772 1734 2807 (ἢ
1755 2770 1784 2800 ὂν
1804 2772 1848 2809 μὲν
1864 2771 1974 2800 δυνατὸν
1993 2773 2019 2799 δὲ
2033 2773 2067 2809 μὴ
2082 2767 2166 2809 εἶναι),
2181 2776 2228 2801 sed
2242 2775 2287 2805 sic.
2301 2779 2351 2801 aut
2364 2783 2410 2801 ens
2429 2775 2488 2809 qui—

1415 2810 1489 2838 dem,
1509 2810 1669 2842 impossibile
1686 2813 1775 2835 autem
1796 2818 1847 2836 non
1867 2818 1923 2836 esse
1929 2818 1938 2840 ‚·
1956 2814 2006 2836 aut
2024 2818 2076 2836 non
2088 2812 2218 2845 futurum
2237 2811 2397 2844 aliquando,
2418 2818 2489 2838 nunc

1414 2848 1503 2870 autem
1522 2852 1568 2870 ens
1587 2843 1619 2878 (ἢ
1636 2841 1664 2870 ὂν
1681 2843 1733 2879 μὲν,
1753 2840 1880 2872 ἀδυνάτων
1898 2843 1926 2870 δὲ
1941 2843 1975 2880 μὴ
1994 2839 2059 2871 εἶναι
2074 2845 2143 2879 κτλ).
2155 2855 2170 2870 s
2189 2846 2248 2878 Qua
2267 2847 2351 2879 posita
2369 2847 2488 2879 lectione,

1415 2885 1526 2913 quatuor
1535 2881 1628 2905 modos
1640 2881 1840 2915 incorruptibilis
1852 2881 1984 2914 distinguit
1998 2882 2063 2915 ipse.
2074 2882 2176 2907 Primus
2188 2882 2338 2915 designatur
2347 2889 2394 2915 per
2402 2883 2489 2916 priora

1414 2916 1493 2941 verba
1507 2921 1599 2946 textus,
1609 2917 1664 2941 Aut
1677 2917 1746 2942 enim
1760 2917 1858 2950 quod...
1868 2920 2006 2949 postremo
2019 2925 2070 2943 non
2089 2920 2167 2948 sunm·
2186 2918 2258 2947 alter,
2273 2918 2318 2951 qui
2332 2918 2436 2951 proprie
2449 2918 2488 2944 di-

1415 2951 1487 2981 citur.
1499 2952 1605 2977 tradinu·
1619 2960 1666 2985 per
1680 2952 1721 2977 illa
1736 2953 1823 2982 verbu,
1833 2954 1889 2978 Aut
1902 2960 1949 2978 ens
1963 2953 2078 2986 quidem,
2089 2953 2250 2986 impossibile
2259 2956 2348 2979 autem
2363 2961 2415 2979 non
2422 2953 2488 2988 sore

1414 2987 1503 3019 (esse)
1510 2994 1519 3016 ‚·
1538 2987 1635 3017 tertius.
1651 2988 1694 3020 qui
1708 2988 1795 3013 minus
1810 2988 1923 3021 proprie,
1937 2996 1984 3022 per
1997 2989 2022 3013 id
2042 2989 2113 3022 quod
2128 2989 2245 3022 sequitur
2259 2989 2285 3014 in
2298 2994 2378 3020 textu,
2391 2996 2488 3023 nempe

1414 3025 1462 3047 aut
1481 3030 1532 3047 non
1548 3023 1675 3056 futurum
1695 3024 1850 3056 aliquando,
1866 3031 1937 3049 nunc
1954 3027 2043 3049 autem
2063 3031 2118 3050 ens.
2139 3024 2212 3055 Quae
2231 3029 2318 3050 autem
2338 3024 2487 3051 immediate

1414 3063 1571 3090 sequuntur,
1592 3059 1688 3084 scilicet
1713 3062 1742 3084 tu
1765 3059 1870 3084 enim...
1889 3060 1938 3085 hoc
1957 3060 2047 3094 tangi,
2073 3059 2163 3093 accipit
2188 3059 2337 3093 Simplicius
2362 3065 2487 3094 tanquam

1413 3094 1530 3126 exempla
1549 3093 1624 3119 huius
1644 3095 1722 3119 modi.
1744 3095 1842 3120 Deinde
1861 3095 2027 3128 prosequitur
2046 3096 2102 3128 ipse
2121 3101 2146 3121 et
2158 3095 2206 3121 ait:
2222 3105 2236 3120 ‹
2252 3095 2316 3121 haec
2335 3096 2412 3129 igitur
2425 3103 2486 3122 cum

1414 3129 1519 3154 dixisset
1532 3129 1677 3159 obscurius,
1693 3135 1882 3163 consequenter
1895 3130 1986 3156 eadem
2000 3131 2102 3164 planius
2114 3131 2200 3156 tradit.
2213 3130 2291 3161 Quod
2304 3131 2412 3164 quidem
2424 3139 2486 3165 pro-

1412 3165 1475 3196 prie,
1490 3172 1535 3197 per
1554 3164 1611 3194 hoc.
1634 3165 1758 3191 Maxime
1776 3169 1864 3191 autem
1880 3167 1992 3199 proprie
2011 3167 2220 3199 incorruptibile,
2233 3174 2280 3193 ens
2298 3167 2415 3200 quidem,
2435 3167 2486 3193 im-

1408 3199 1536 3231 possibile
1554 3204 1643 3226 autem
1662 3201 1799 3234 corrumpi
1809 3220 1815 3232 ,
1841 3201 1879 3226 ita
1899 3205 1928 3227 ut
1946 3205 1973 3227 et
1991 3209 2061 3228 nunc
2079 3209 2139 3232 ens,
2157 3202 2293 3236 posterius
2312 3209 2364 3228 non
2383 3201 2420 3228 sit
2437 3205 2487 3228 aut

1412 3235 1553 3269 contingat
1572 3243 1623 3261 non
1642 3243 1725 3262 esse...
1745 3237 1822 3267 Quod
1841 3242 1927 3262 autem
1946 3238 2032 3263 minus
2052 3238 2155 3271 proprie
2174 3239 2264 3264 dicitur
2279 3237 2486 3271 incorruptibile,

1412 3278 1459 3303 per
1477 3270 1540 3300 hoc.
1559 3273 1614 3296 Aut
1637 3273 1754 3297 nondum
1775 3270 1968 3308 (corruptum),
1987 3274 2146 3307 contingens
2164 3277 2255 3300 autem
2274 3273 2412 3307 posterius
2430 3281 2484 3300 non

1412 3313 1494 3331 esse...
1508 3307 1626 3332 Alterum
1642 3313 1728 3333 autem
1743 3308 1876 3341 (quartum
1891 3316 1985 3342 nempe
2005 3309 2072 3334 iuxta
2087 3309 2267 3342 Simplicium).
2281 3309 2352 3342 quod
2372 3313 2412 3334 est
2426 3309 2484 3334 ulti-

1412 3349 1484 3366 murn
1500 3342 1698 3375 incorruptibilis
1713 3343 1892 3375 significatum.
1907 3345 2028 3378 apposuit
2046 3344 2119 3377 quod
2131 3351 2184 3370 non
2191 3344 2278 3378 facile
2291 3351 2356 3370 corr
2420 3343 2484 3375 itur,

1412 3378 1483 3410 quod
1502 3376 1661 3412 δύσφθαρτον
1687 3379 1793 3408 dicitur.
1817 3380 1966 3412 oppositum
1992 3379 2154 3412 euphtharto
2173 3380 2236 3413 (Op.
2251 3380 2307 3409 cit..
2327 3380 2373 3405 fol.
2407 3387 2425 3404 o
2443 3387 2485 3405 re-

1413 3413 1479 3445 cto).
1488 3423 1500 3435 »
1515 3427 1533 3432 -
1547 3414 1584 3438 Ex
1597 3413 1637 3438 his
1650 3415 1772 3439 omnibus
1792 3420 1861 3447 patet
1874 3416 1946 3448 quod
1960 3416 2094 3441 diversitas
2114 3415 2301 3441 sententiarum
2321 3415 2387 3440 circa
2406 3415 2485 3440 inter-

1412 3449 1581 3481 pretationem
1597 3449 1673 3475 huius
1687 3450 1744 3480 loci,
1757 3451 1838 3475 oritur
1857 3451 1942 3484 primo
1961 3459 1992 3476 ex
2010 3450 2120 3476 diversis
2138 3451 2293 3476 lectionibus
2308 3458 2376 3484 quae
2394 3458 2484 3476 occur·
2497 3455 2500 3460 ’

1411 3490 1471 3509 runt
1490 3485 1555 3509 circa
1580 3485 1689 3511 litteram
1708 3486 1864 3511 Aristotelis.
1889 3487 1962 3512 Patet
1986 3486 2063 3512 etiam
2086 3487 2157 3519 quod
2176 3486 2303 3520 expositio
2326 3494 2350 3511 s.
2365 3486 2485 3512 Thomu

1411 3520 1487 3551 plana
1501 3526 1547 3550 031,
1563 3526 1588 3546 01
1602 3527 1708 3554 apparet
1722 3522 1799 3547 etiam
1814 3530 1875 3555 prae
1889 3522 1981 3547 ceteris
1999 3522 2082 3554 magis
2095 3521 2286 3555 philosophica:
2306 3522 2401 3547 modus
2413 3521 2484 3547 enim

1411 3556 1453 3580 ille
1475 3557 1617 3581 secundum
1637 3565 1717 3590 quem
1737 3557 1828 3582 dicitur
1846 3557 2041 3590 incorruptibile
2059 3557 2132 3590 quod
2149 3558 2256 3591 quidem
2280 3564 2352 3583 nunc
2369 3560 2417 3586 est,
2436 3556 2485 3582 ted

1406 3594 1502 3623 postea
1527 3599 1578 3617 non
1599 3593 1662 3622 erit.
1682 3598 1723 3618 est
1741 3593 1826 3625 potius
1845 3593 1940 3618 modus
1959 3592 2140 3625 corruptibilis
2160 3601 2240 3626 quam
2259 3591 2482 3625 incorruptibilis,

1410 3632 1438 3651 ut
1457 3627 1504 3660 ipsi
1525 3628 1601 3652 etiam
1621 3628 1765 3653 Alexander
1784 3633 1809 3653 et
1828 3628 1976 3662 Simplicius
1995 3628 2115 3654 fatentur.

2520 669 2529 678 ·
2544 670 2568 689 et
2587 668 2641 690 add.
2663 668 2732 690 codd.

2520 700 2570 716 exc.
2584 701 2616 717 Α1.

2519 828 2530 838 ·“
2536 827 2648 855 sormam
2660 832 2735 850 amm

2515 860 2671 903 Picenum
2685 886 2734 904 οιιι.

2519 914 2566 930 PB!-

2518 2059 2528 2069 ·
2543 2058 2732 2081 sturaeodd.

2518 2091 2602 2108 exc-a.
