2782 4134
1091 284 1679 323 METEOROLOGICORUM
1708 285 1802 321 LIB.
1835 286 1865 321 II

1149 500 1451 556 LEcT10
1492 501 1807 578 QUINTA

878 653 934 683 DE
959 652 1193 683 SALSEDINE
1217 648 1347 684 MARIS
1371 653 1609 685 SECUNDUM
1632 654 1832 686 ALIORUM
1856 655 2085 687 OPINIONES

457 827 538 865 ὅλως
564 828 674 863 αὐτήν
699 827 856 872 γεννῶσιν
889 825 1062 859 ἀδύνατόν
1087 827 1179 859 ἐστιν
1207 827 1358 872 άλμυροίν
1385 839 1459 861 ποι-

455 876 519 904 εῖν·
547 874 614 905 εἴτε
639 871 703 916 γάρ
731 869 885 907 ἅπαντος
912 871 975 902 τοῦ
1002 871 1103 917 ὑγροῦ
1130 872 1193 904 τοῦ
1211 874 1283 917 περὶ
1305 872 1369 909 τήν
1390 874 1454 918 γῆν

458 917 552 953 ὄντος
577 917 636 947 καὶ
663 913 873 959 ἀναχθέντος
899 915 965 947 ὐπό
991 917 1054 948 τοῦ
1080 917 1176 953 ἡλίου
1195 916 1236 948 τό
1259 916 1457 962 ὑπολειφθὲν

455 961 573 1007 γέγονε
599 959 785 1000 θάλαττα,
812 959 872 991 εἴτ’
903 960 1070 1006 ἑνυπῆρχε
1095 962 1274 998 τοσοῦτος
1290 961 1395 1006 χυμὸς
1422 962 1456 994 ἐν

453 1006 500 1046 τῷ
520 1005 633 1045 πολλῷ
653 999 756 1036 ὕδατι
779 1005 838 1035 καὶ
858 1006 976 1047 γλυκεῖ
990 1001 1050 1037 διαὶ
1067 1003 1108 1037 τό
1126 1004 1357 1050 συμμιχθῆναί
1376 1017 1456 1038 τινα

453 1051 517 1096 γῆν
543 1047 725 1089 τοιαύτην,
745 1046 840 1080 οὐθὲν
859 1048 967 1086 ἧττον
993 1048 1150 1088 ἐλθόντος
1176 1050 1279 1082 πάλιν
1303 1051 1366 1083 τοῦ
1383 1045 1456 1082 δια-

452 1096 638 1138 τμίσαντος
666 1088 807 1134 ὕδατος,
836 1092 983 1150 ἀνάγκη,
1008 1096 1082 1126 ἴσου
1106 1095 1136 1140 γ’
1160 1094 1256 1131 ὄντος
1282 1096 1344 1127 τοῦ
1369 1094 1457 1131 πλή-

453 1137 547 1178 θους,
573 1139 632 1169 καὶ
657 1137 698 1169 τὸ
723 1139 875 1180 πρῶτον·
902 1151 923 1175 η
949 1139 977 1170 εἰ
1001 1134 1088 1183 μηδὲ
1118 1138 1158 1171 τό
1191 1140 1346 1182 πρῶτον,
1373 1136 1452 1183 μηδ’

453 1182 591 1227 ὕστερον
619 1181 769 1226 ἀλμυροὶν
796 1182 908 1219 αὐτὴν
933 1179 1034 1215 εἶναι.
1067 1183 1104 1214 Εἰ
1125 1179 1163 1215 δέ
1187 1186 1245 1215 καὶ
1263 1183 1304 1216 τὰ
1323 1184 1456 1228 πρῶτον

453 1226 549 1265 εὐθυς
575 1223 629 1267 ἦν,
655 1227 795 1258 λεκτέον
823 1229 873 1265 τίς
892 1228 912 1264 ἡ
932 1228 1044 1268 αἰτία,
1069 1229 1127 1259 καὶ
1155 1227 1227 1272 ἅμα
1251 1223 1311 1260 διαὶ
1328 1231 1362 1260 τί
1380 1227 1454 1270 οὐκ,

453 1273 480 1303 εἱ
503 1273 563 1304 καὶ
590 1270 674 1302 τότε
700 1269 849 1316 ἀνήχθη,
874 1274 931 1304 καὶ
957 1272 1013 1303 νῦν
1039 1274 1165 1318 πάσχει
1190 1272 1318 1306 ταύτό.

379 1316 489 1349 Ἀλλά
511 1316 577 1359 μήν
603 1318 661 1347 καὶ
688 1314 760 1348 ὅσοι
784 1315 849 1352 τήν
874 1318 938 1362 γῆν
965 1317 1147 1350 αἰτιῶνται
1176 1318 1240 1355 τῆς
1267 1316 1459 1362 ἀλμυρότη-

453 1372 510 1398 τος
538 1359 783 1406 ἐμμιγνυμένην
810 1359 916 1405 (ἔχειν
945 1360 1011 1406 γάρ
1036 1372 1117 1405 φασι
1149 1361 1296 1400 πολλοὺς
1327 1362 1455 1407 χυμούς

454 1405 586 1446 αὐτὴν,
612 1403 688 1437 ὥσθ’
718 1403 784 1436 ὑπὸ
810 1407 877 1437 τῶν
910 1407 1076 1450 ποταμῶν
1109 1406 1455 1452 συγκαταφέρομένην

451 1446 512 1482 διά
536 1451 600 1487 τήν
626 1448 713 1495 μίξιν
740 1453 848 1481 ποιεῖν
875 1451 1067 1506 οἱλμυράν),
1095 1450 1226 1483 ἄτοπον
1253 1451 1295 1483 τὰ
1320 1451 1368 1495 μή
1396 1453 1455 1483 καὶ

451 1494 532 1532 τούς
558 1493 736 1538 ποταμοῦς
763 1494 928 1539 οἰλμυροῦς
951 1506 1055 1528 ειναι·
1083 1496 1151 1533 πῶς
1172 1496 1237 1540 γάρ
1255 1491 1402 1529 δυνατὸν
1421 1496 1454 1529 ἐν

451 1541 566 1582 πολλῷ
591 1540 650 1584 μὲν
677 1536 802 1574 πλήθει
820 1536 948 1578 ὕδατος
974 1534 1135 1577 ἐπίδηλον
1155 1540 1246 1573 οὕτω
1264 1545 1371 1573 ποιεῖν
1390 1540 1454 1578 τήν

450 1583 538 1628 μίξιν
564 1585 627 1622 τῆς
660 1581 827 1622 τοιαύτης
855 1585 940 1630 γῆς,
968 1586 1001 1618 ἓν
1033 1583 1166 1626 ἑκάστῳ
1191 1580 1229 1617 δὲ
1254 1584 1323 1628 μη’;
1349 1580 1453 1622 δῆλον

450 1629 516 1675 γάρ
543 1626 598 1662 ὅτι
623 1630 644 1666 ἡ
670 1627 836 1661 θάλαττά
860 1631 953 1663 ἐστιν
982 1628 1075 1662 ἅπαν
1097 1629 1138 1661 τό
1157 1629 1329 1674 ποτάμιον
1349 1624 1453 1674 ὕδωρ·

453 1673 560 1705 οὐθενὶ
576 1674 642 1720 γάρ
659 1672 806 1716 διέφερεν
834 1674 907 1707 ἀλλ’
929 1673 949 1711 ἦ
968 1675 1015 1716 τῷ
1040 1674 1174 1718 ἁλμυρά
1197 1671 1282 1706 εἶναι
1307 1675 1375 1707 τῶν
1394 1686 1455 1707 πο-

450 1719 588 1763 ταμῶν·
616 1719 723 1750 τοῦτο
748 1715 778 1751 δ’
801 1718 834 1751 ἑν
860 1718 997 1757 ἐκείνοις
1023 1718 1162 1764 ἔρχεται
1187 1719 1231 1756 εἱς
1256 1718 1317 1751 τόν
1344 1718 1453 1751 τόπον

451 1763 496 1800 εἰς
523 1763 557 1795 ὃν
585 1761 700 1806 ἀθρόοι
724 1763 867 1808 ῥέουσιν.

380 1809 520 1851 Ὁμοίως
536 1803 575 1839 δὲ
590 1810 722 1854 γελοῖον
748 1810 806 1840 καὶ
822 1809 852 1839 εἴ
868 1819 919 1845 τις
940 1806 1041 1840 εἰπών
1059 1801 1188 1850 ἱδρῶτα
1205 1807 1268 1845 τῆς
1285 1808 1348 1854 γῆς
1367 1804 1453 1840 εἶναι

452 1852 516 1889 τήν
541 1851 726 1884 θάλατταν
753 1854 863 1884 οἴεταί
896 1863 931 1885 τι
955 1850 1058 1896 σαφὲς
1084 1851 1271 1895 εἰρηκέναι,
1297 1851 1453 1898 καθάπερ

444 1891 700 1941 Ἐμπεδοκλῆς·
737 1897 816 1942 πρός
850 1899 985 1934 ποίησιν
1017 1896 1077 1940 μέν
1110 1896 1175 1942 γάρ
1212 1896 1320 1935 οὕτως
1351 1897 1452 1930 εἰπών

448 1943 526 1979 ἴσως
556 1942 683 1997 εἴρηκεν
716 1942 835 1980 ἱκανῶς
861 1942 904 1984 (τ’)
929 1940 994 1987 γοὶρ
1020 1940 1199 1984 μεταφοροὶ
1230 1941 1451 1986 ποιητικόν),

451 1986 531 2030 πρὸς
556 1981 595 2018 δε
620 1986 661 2018 τὸ
686 1987 811 2032 γνῶναι
836 1986 900 2021 τη“ν
926 1984 1022 2030 φύσιν
1041 1985 1105 2029 οὐχ
1125 1986 1264 2023 ἱκανῶς·
1293 1981 1452 2033 οὐδὲγάρ

451 2029 605 2063 ἐνταῦθα
629 2025 748 2071 δῆλον,
768 2030 836 2068 πῶς
863 2031 900 2063 ἐκ
916 2028 1056 2076 γλυκέος
1081 2030 1144 2060 τοῦ
1164 2029 1322 2074 πόματος
1349 2032 1452 2075 ἁλμυ-

449 2075 503 2118 ρὸς
528 2076 662 2122 γίνεται
680 2076 696 2107 ὁ
714 2071 822 2120 ἱδρώς,
841 2074 985 2119 πότερον
1006 2071 1217 2112 ἀπελθόντος
1234 2075 1325 2113 τινὸς
1350 2075 1451 2120 μόνον

451 2120 518 2152 οἷον
544 2121 607 2152 τοῦ
632 2119 869 2165 γλυκυτάτου,
897 2118 918 2156 ἦ
943 2117 1190 2164 συμμιχθέντος
1216 2120 1321 2161 τινός,
1345 2119 1453 2152 καθά·

450 2176 510 2207 περ
537 2164 571 2196 ἐν
597 2169 668 2202 τοῖς
685 2160 744 2197 δια
767 2165 830 2202 τῆς
849 2163 974 2208 τέφρας
996 2162 1193 2207 ήθουμένοις
1211 2159 1343 2197 ὕδασιν.
1369 2166 1453 2197 Φαί-

449 2220 546 2241 νεται
562 2203 600 2240 δὲ
617 2209 659 2242 ‘ro'
681 2211 792 2242 αἴτιον
817 2209 933 2241 ταύτὸ
956 2209 1015 2240 καὶ
1037 2209 1110 2261 περὶ
1129 2207 1170 2239 τὸ
1188 2208 1232 2246 εἰς
1250 2209 1314 2245 τήν
1331 2208 1450 2242 κύστιν

449 2255 652 2298 περίττωμα
676 2253 939 2300 συλλεγόμενον·
964 2254 1023 2285 καὶ
1040 2263 1105 2298 γαρ
1123 2252 1229 2284 ἐκεῖνο
1251 2253 1368 2298 πικρὸν
1391 2255 1451 2286 καὶ

450 2297 596 2343 οἱλμυρὸν
616 2300 764 2344 γίνεται,
783 2299 847 2330 τοῦ
865 2297 1045 2342 πινομένου
1065 2297 1124 2328 καὶ
1143 2297 1205 2328 τοῦ
1227 2298 1260 2329 ὲν
1277 2299 1323 2341 τῇ
1342 2299 1451 2343 τροφῇ

449 2344 551 2388 ὑγροῦ
575 2342 716 2388 γλυκέος
743 2342 852 2380 ὄντος.
891 2343 929 2374 Εἰ
953 2337 997 2379 δή
1023 2340 1134 2385 ὥσπερ
1159 2340 1200 2374 τό
1225 2337 1284 2374 διοὶ
1309 2343 1372 2382 τῆς
1396 2354 1454 2376 κο-

447 2389 519 2425 νίας
545 2386 730 2430 ἠθούμενον
752 2382 838 2431 ὕδωρ
859 2389 994 2433 γίνεται
1019 2385 1151 2441 πικρόν,
1170 2388 1228 2418 καὶ
1249 2388 1382 2430 ταῦτα,
1401 2389 1451 2430 τῷ

448 2432 507 2476 μὲν
527 2432 608 2477 οὔρῳ
629 2431 970 2478 συγκαταφερομένης
986 2442 1153 2467 τοιαυτης
1170 2430 1261 2470 τινὸς
1277 2427 1450 2477 δυνάμεως

450 2475 506 2508 οἵα
534 2479 592 2509 καὶ
617 2479 776 2521 φαίνεται
808 2475 1019 2520 ὑφισταμένη
1053 2475 1087 2508 ἐν
1113 2478 1184 2511 τοῖς
1217 2476 1364 2523 ἀγγείοις
1393 2478 1453 2510 άλ-

448 2522 553 2565 μυρὶς,
573 2522 621 2562 τῷ
647 2517 676 2552 δ’
697 2516 813 2566 ἱδρῶτι
836 2519 1130 2574 συνεκκρινομένης
1156 2519 1192 2551 ἑκ
1217 2522 1284 2552 τῶν
1306 2522 1449 2566 σαρκῶν,

448 2566 517 2597 οἷον
547 2565 833 2603 καταπλύνοντος
867 2565 908 2597 τό
941 2576 1099 2598 τοιουτον
1132 2563 1168 2595 ἐκ
1198 2566 1260 2597 τοῦ
1289 2565 1450 2609 σώματος

449 2610 512 2642 τοῦ
538 2608 686 2651 ἐξιόντος
713 2610 829 2655 ὑγροῦ,
851 2604 955 2646 δῆλον
983 2608 1037 2642 ὅτι
1061 2609 1125 2641 κάν
1151 2609 1196 2650 τῇ
1221 2609 1383 2654 θαλάττῃ
1409 2610 1450 2644 τό

449 2654 486 2686 ἐκ
511 2655 573 2693 τῆς
599 2654 662 2700 γῆς
679 2653 1042 2710 συγκαταμιγνύμενον
1068 2653 1116 2694 τῷ
1143 2653 1231 2699 ϋγρῷ
1250 2655 1360 2687 αἴτιον
1387 2655 1449 2692 τῆς

451 2697 699 2752 άλμυρότητος.
747 2699 789 2730 Εν
822 2698 881 2743 μὲν
907 2696 964 2730 οὖν
994 2698 1042 2739 τῷ
1074 2696 1209 2753 σώματι
1244 2700 1378 2744 γίνεται
1409 2699 1450 2732 τὸ

448 2754 609 2776 τοιουτον
631 2743 651 2780 ἦ
669 2743 732 2780 τῆς
758 2743 882 2787 τροφῆς
907 2741 1098 2780 ὑπόστασις
1123 2741 1182 2775 ὸιοὶ
1198 2742 1263 2779 τήν
1287 2742 1447 2788 ἀπεψίαν·

449 2788 482 2819 ὲν
506 2782 544 2819 δὲ
570 2788 616 2830 τῇ
636 2787 681 2835 γῇ
703 2789 783 2819 τίνα
807 2786 933 2832 τρόπον
961 2788 1030 2824 ὐπῆ
1053 2799 1110 2832 χε,
1135 2786 1290 2819 λεκτέον.

374 2829 480 2870 Ὂλως
514 2826 552 2864 δὲ
577 2844 645 2870 πως
671 2830 741 2864 οῐόν
767 2844 806 2864 τε
835 2832 1005 2864 τοσοῦτον
1031 2833 1157 2870 υδατος
1183 2830 1312 2870 πλῆθος
1337 2830 1451 2877 ξηραι-

448 2875 589 2920 νομένης
621 2877 680 2909 καὶ
713 2875 972 2930 θερμαινομένης
1007 2875 1221 2921 ἑκκριθῆναι;
1255 2877 1448 2910 πολλοστὸν

446 2921 511 2967 γὰρ
536 2916 589 2953 δεῖ
611 2921 708 2965 μέρος
739 2919 827 2953 αυτό
853 2922 916 2953 τοῦ
932 2920 1126 2964 λειφθέντος
1151 2917 1239 2952 εἶναι
1257 2921 1290 2953 ἐν
1316 2922 1361 2964 τῇ
1387 2922 1447 2977 γῇ·ἶ

374 2966 451 2998 Ἔτι
480 2963 518 2998 δὲ
543 2962 602 2998 διαὶ
625 2968 659 2998 τί
694 2965 732 2997 οὐ
767 2966 826 2997 καὶ
853 2966 909 2997 νῦν
936 2965 1020 2999 ὅταν
1051 2964 1274 3010 ξηραινομένη
1305 2965 1396 3021 τύχῃ
1428 2978 1449 3003 η

446 3011 506 3056 γῆ,
526 3012 596 3042 εἴτε
622 3011 759 3051 πλείων,
778 3011 847 3043 εἴτε
866 3009 1036 3051 ἐλάττων,
1054 3005 1151 3050 ἰδίει;
1174 3010 1195 3046 ἠ
1212 3010 1277 3056 γοὶρ
1304 3011 1450 3057 ὁγροτης

446 3056 506 3086 καὶ
530 3055 545 3087 ὀ
565 3049 660 3098 ἱδρώς
676 3055 811 3101 γίνεται
837 3054 971 3099 πικρός·
998 3057 1090 3099 εἴπερ
1107 3055 1172 3102 γάρ
1197 3055 1255 3086 καὶ
1274 3053 1372 3096 τότε,
1390 3057 1448 3087 καὶ

447 3099 503 3130 νῦν
523 3099 636 3144 ἐχρῆν.
662 3098 708 3130 Οὖ
727 3101 887 3143 φαίνεται
912 3094 950 3132 δὲ
983 3101 1090 3133 τοῦτο
1120 3111 1159 3132 συ
1188 3098 1325 3141 βαῖνον,
1361 3097 1451 3133 ἀλλά

448 3142 534 3186 ξηραὶ
565 3143 624 3188 μὲν
657 3141 743 3176 οὖσα
778 3144 997 3189 ύγραίνεται,
1036 3143 1123 3190 ὑγροὶ
1153 3109 1185 3178 δι’·
1224 3141 1311 3176 οὖσα
1353 3143 1448 3176 οὐθέν

449 3187 575 3234 πάσχει
606 3189 776 3221 τοιοῦτον.
804 3190 874 3227 Πῶς
899 3184 927 3220 δ’
950 3187 1006 3221 οὖν
1029 3189 1098 3222 οῐόν
1118 3201 1155 3221 τε
1182 3191 1254 3234 περὶ
1280 3187 1345 3225 τήν
1364 3188 1450 3232 προί-

448 3244 509 3270 την
534 3232 676 3289 γένεσιν,
700 3233 803 3278 ὑγρᾶς
822 3233 922 3271 οὔσης
947 3233 1010 3271 τῆς
1035 3234 1111 3280 γῆς,
1133 3229 1228 3266 ἰδίειν
1253 3231 1450 3278 ξηραινομέ-

447 3287 526 3318 νην;
560 3277 654 3310 Αλλοὲ
677 3278 807 3322 μᾶλλον
832 3278 933 3320 einez,
955 3277 1065 3323 ὥσπερ
1091 3280 1171 3322 φασί
1208 3289 1316 3319 τινες,
1346 3275 1448 3310 ἀπελ-

449 3320 565 3359 θόντος
591 3322 653 3355 τοῦ
679 3323 840 3355 πλείστου
864 3325 922 3355 καὶ
948 3321 1232 3368 μετεωρισθέντος
1259 3323 1322 3355 τοῦ
1348 3322 1449 3369 ὑγροῦ

448 3360 508 3398 διαὶ
540 3365 608 3397 τόν·
632 3365 748 3408 ἥλιον,
774 3367 816 3399 τό
839 3366 970 3410 λειφθὲν
999 3364 1085 3399 εἶναι
1114 3366 1318 3400 θάλατταν·
1345 3366 1449 3414 ύγροὶν

449 3404 477 3440 δ’
498 3407 601 3442 οὖσαν
622 3405 717 3442 ἰδίειν
745 3406 930 3444 ἀδύνατον.
958 3411 1010 3444 'roz
1034 3412 1094 3456 μὲν
1117 3410 1173 3444 οὖν
1193 3410 1362 3458 λεγόμενα
1388 3412 1450 3449 τῆς

452 3453 686 3497 άλμυρότητος
717 3455 815 3488 αἴτια
839 3451 1033 3502 διαφεύγειν
1059 3458 1218 3501 φαίνεται
1243 3455 1303 3489 τόν
1326 3454 1446 3502 λόγον.

1510 1319 1554 1348 At

389 786 463 829 περὶ
489 780 525 815 δὲ
550 784 613 820 τῆς
633 780 880 826 ἀλμυρότητος,
901 785 971 835 τχοῖς
989 781 1048 825 μὲν
1069 781 1163 824 ἅπαξ
1187 782 1373 829 γεννήσασι
1396 785 1455 816 καὶ
1511 784 1527 801 *
1542 786 1591 817 De
1610 787 1763 818 salsedine
1787 795 1907 827 autem,
1922 788 1972 818 his
1994 788 2126 829 quidem
2149 787 2205 828 qui
2228 788 2326 819 semel
2344 796 2583 829 generaverunt,

1579 837 1610 861 et
1633 831 1770 862 totaliter
1793 831 1901 872 ipsum
1923 839 2084 872 generant,
2108 832 2307 872 impossibile
2330 839 2377 863 est
2396 834 2516 865 salsum
2538 833 2584 866 fa-

1580 885 1658 905 cere.
1683 875 1716 906 Si
1740 875 1827 906 enirn
1858 876 1963 906 omnis
1987 876 2124 916 humidi,
2144 877 2233 918 quod
2258 876 2338 908 circa
2361 884 2475 908 terram
2501 885 2583 919 erat,

1580 925 1610 949 et
1634 919 1744 950 elevati
1759 930 1777 949 a
1796 919 1874 959 sole,
1898 920 2062 951 residuum
2085 920 2206 952 factum
2229 928 2277 952 est
2299 929 2402 961 mare;
2426 922 2516 964 sique
2534 922 2584 954 in-

1579 963 1694 994 exstitit
1721 970 1827 994 tantus
1855 974 1951 1005 sapor
1977 964 2011 995 in
2039 965 2142 996 multa
2165 975 2249 1006 aqua
2275 972 2307 997 et
2328 966 2430 1006 dulci,
2453 974 2585 1008 propter

1577 1006 1756 1038 immixtam
1767 1018 1834 1038 esse
1846 1009 2010 1049 quandam
2024 1015 2140 1040 terram
2154 1009 2266 1049 talem;
2281 1010 2362 1041 nihil
2376 1010 2495 1051 minus,
2508 1021 2584 1043 cum

1579 1051 1739 1082 advenerit
1753 1051 1870 1083 iterum
1884 1062 1969 1093 aqua
1984 1062 2067 1093 quae
2081 1053 2280 1094 evaporavit,
2304 1064 2442 1094 necesse,
2458 1055 2584 1097 aequali

1579 1095 1728 1126 existente
1757 1096 1979 1136 multitudine,
2008 1103 2040 1128 et
2061 1097 2186 1138 primo,
2215 1104 2271 1128 aut
2293 1098 2319 1129 si
2347 1109 2453 1140 neque
2475 1100 2583 1140 prius,

1578 1150 1682 1181 neque
1697 1140 1867 1184 posterius,
1886 1141 2006 1171 salsum
2022 1141 2131 1182 ipsum
2147 1151 2225 1172 esse.
2250 1142 2283 1173 Si
2306 1149 2415 1173 autem
2430 1150 2462 1175 et
2476 1144 2583 1185 primo

1579 1184 1748 1215 confestim
1771 1191 1845 1224 erat,
1863 1185 2035 1216 dicendum
2058 1195 2140 1227 quae
2155 1193 2264 1217 causa:
2289 1193 2320 1217 et
2342 1186 2439 1218 simul
2453 1193 2584 1229 propter

1579 1228 1676 1270 quid,
1700 1229 1726 1260 si
1749 1239 1816 1260 non
1841 1236 1871 1260 et
1901 1237 1978 1261 tunc
2003 1240 2133 1261 sursum
2161 1230 2264 1261 latum

1577 1273 1695 1313 patitur
1717 1274 1789 1304 hoc.

1580 1327 1655 1348 vero
1687 1325 1718 1349 et
1744 1318 1942 1360 quicumque
1969 1325 2086 1350 terram
2114 1328 2243 1350 causam
2265 1326 2393 1360 ponunt
2418 1319 2583 1352 salsedinis

1577 1362 1765 1394 immixtam.
1790 1363 1915 1394 Habere
1938 1362 2025 1393 enim
2049 1363 2170 1394 multos
2193 1373 2322 1404 sapores
2345 1364 2436 1396 aiunt
2461 1364 2581 1406 ipsam,

1578 1413 1613 1437 ut
1629 1417 1647 1437 a
1661 1407 1765 1438 fluviis
1782 1407 1877 1438 simul
1900 1407 2049 1447 delatam,
2063 1414 2195 1448 propter
2210 1407 2382 1439 mixturam
2397 1408 2498 1440 facere
2521 1408 2582 1441 ³21-

1578 1461 1661 1483 sum.
1694 1451 1922 1483 Inconveniens
1952 1459 2061 1483 autem
2090 1461 2158 1482 non
2181 1459 2212 1483 et
2234 1452 2350 1484 fluvios
2378 1453 2478 1484 salsos
2500 1461 2580 1486 esne.

1577 1496 1756 1533 Quomodo
1771 1495 1857 1526 enim
1871 1495 2022 1537 possibile
2041 1496 2075 1527 in
2093 1506 2209 1537 magna
2224 1497 2357 1538 quidem
2375 1497 2582 1530 multitudine

1577 1550 1678 1582 aquae
1695 1541 1823 1572 evidens
1846 1540 1890 1572 sic
1913 1540 2014 1572 facere
2038 1540 2208 1572 mixturam
2231 1548 2330 1572 terrae
2348 1542 2431 1582 talis,
2445 1542 2481 1574 in
2495 1551 2581 1576 uno·-

1577 1595 1708 1626 quoque
1731 1591 1840 1616 autem
1862 1583 1949 1616 non?
1972 1585 2080 1615 Palam
2100 1585 2186 1616 enim
2204 1587 2295 1627 quod
2310 1596 2397 1618 mare
2412 1593 2460 1619 est
2473 1586 2582 1624 omnis

1575 1629 1711 1660 fluvialis
1728 1637 1828 1671 aqua:
1844 1629 1878 1659 in
1895 1629 1986 1660 nullo
2004 1629 2090 1660 enim
2102 1629 2213 1669 differt,
2227 1630 2287 1661 nisi
2303 1641 2342 1662 eo
2359 1631 2450 1672 quod
2460 1631 2582 1666 salsum

1575 1673 1626 1712 sit,
1648 1684 1666 1704 a
1689 1674 1812 1712 fluviis;
1835 1673 1898 1704 hoc
1922 1679 2029 1704 autem
2052 1673 2114 1704 illis
2137 1674 2249 1706 accidit
2270 1674 2304 1705 in
2327 1675 2401 1706 loco
2424 1675 2459 1706 in
2481 1673 2582 1718 quem

1576 1728 1689 1749 omnes
1713 1718 1810 1749 simul
1833 1717 1946 1749 fluunt.

2293 1230 2404 1271 fuerit,
2436 1238 2467 1264 et
2495 1241 2583 1265 nunc

1509 1805 1660 1837 Similiter
1682 1813 1790 1837 autem
1813 1806 1969 1838 derisibile
1992 1812 2024 1837 et
2046 1806 2072 1837 si
2095 1806 2167 1848 quis
2184 1793 2291 1839 dicens
2313 1808 2466 1840 sudorem
2480 1804 2580 1841 ἐοιιισ

1576 1861 1643 1881 esse
1666 1861 1764 1890 mare,
1789 1857 1879 1892 putet
1902 1850 2022 1892 aliquid
2044 1850 2179 1892 planum
2201 1852 2334 1891 dixisse,
2357 1851 2439 1884 sicut
2461 1853 2580 1894 Eup*

1575 1895 1693 1926 docles.
1718 1896 1769 1926 Ad
1792 1895 1918 1936 poesim
1939 1895 2072 1936 quidem
2096 1895 2183 1926 enim
2205 1896 2250 1929 sic
2273 1896 2380 1928 dicens
2401 1895 2484 1928 forte
2503 1896 2582 1933 dixit

1575 1938 1765 1970 sufficienter
1780 1938 1981 1982 (metaphora
2000 1939 2087 1970 enim
2103 1945 2150 1971 est
2164 1939 2316 1983 poetica),
2330 1941 2371 1972 ad
2386 1950 2581 1982 cognoscet»

1576 1984 1655 2014 dum
1678 1991 1787 2015 autem
1810 1991 1956 2015 naturam
1984 1993 2051 2015 non
2075 1984 2276 2017 sufficienter.
2296 1985 2410 2026 Neque
2433 1984 2520 2016 enim
2534 1985 2580 2019 sic

1574 2029 1682 2068 palam
1706 2029 1780 2067 hoc,
1803 2028 1939 2070 qualiter
1962 2039 1999 2059 ex
2022 2029 2108 2060 dulci
2130 2029 2252 2070 poculo
2275 2030 2377 2060 salsus
2404 2028 2440 2061 fit
2461 2030 2579 2062 sudor:

1576 2080 1684 2104 utrum
1700 2073 1886 2104 abscedente
1909 2073 2053 2114 quodam
2069 2073 2188 2113 solum,
2205 2081 2284 2115 puta
2304 2074 2506 2114 dulcissimo3
2523 2080 2581 2107 aut

1575 2118 1749 2148 commixto
1773 2118 1928 2159 quodam,
1949 2118 2030 2149 sicut
2052 2118 2086 2148 in
2109 2118 2159 2149 his
2182 2128 2264 2160 quae
2287 2128 2344 2160 per
2363 2118 2503 2151 cinerem
2523 2128 2580 2151 co·

1573 2162 1679 2193 lantur
1694 2162 1795 2203 aquis,
1820 2162 1952 2194 Videtur
1975 2169 2084 2194 autem
2107 2163 2219 2194 eadem
2241 2173 2336 2194 causa
2354 2173 2422 2195 esse
2444 2170 2478 2197 et
2498 2163 2581 2197 circ·

1574 2206 1775 2247 superfluum
1798 2206 1831 2237 in
1858 2206 1961 2238 vesica
1987 2207 2172 2238 collectum:
2193 2207 2311 2239 etenim
2331 2207 2412 2239 illud
2432 2217 2581 2248 amarum

1574 2258 1604 2282 et
1627 2251 1747 2282 salsum
1762 2250 1808 2290 fit,
1833 2257 1944 2292 potato
1969 2261 2008 2282 eo
2028 2252 2119 2292 quod
2136 2251 2169 2283 in
2189 2251 2341 2284 alimento
2361 2251 2498 2284 humido
2511 2249 2580 2284 exi—

1574 2302 1674 2326 stente
1694 2295 1789 2327 dulci.
1806 2295 1839 2327 Si
1857 2295 1964 2337 itaque
1983 2296 2262 2337 quemadmodum
2284 2307 2367 2338 quae
2381 2306 2439 2338 per
2459 2296 2580 2330 calcem

1573 2340 1695 2371 colatur
1717 2350 1816 2381 aqua,
1841 2350 1948 2371 amara
1970 2339 2023 2380 fit;
2047 2347 2078 2372 et
2101 2341 2206 2372 adhuc
2227 2341 2360 2382 quidem
2383 2341 2482 2375 simul
2502 2351 2579 2375 mm

1574 2385 1665 2415 urina
1688 2385 1790 2416 delata
1812 2384 1867 2415 tali
1889 2385 2030 2426 quadam
2050 2385 2176 2425 virtute,
2192 2385 2296 2427 qualis
2320 2393 2352 2417 et
2365 2385 2491 2418 videtur
2503 2386 2580 2420 tub—

1573 2429 1685 2460 sistens
1708 2429 1742 2460 in
1764 2428 1846 2459 vasis
1870 2429 2012 2469 salsedo;
2038 2439 2114 2460 cum
2136 2429 2253 2462 sudore
2276 2437 2384 2462 autem
2412 2440 2452 2462 co
2567 2460 2570 2461 γ

1573 2481 1644 2514 gata
1667 2483 1704 2504 ex
1729 2473 1886 2512 carnibus,
1909 2473 1997 2504 velut
2019 2473 2167 2505 abluente
2189 2474 2280 2516 quod
2301 2475 2364 2506 tale
2387 2485 2424 2506 ex
2442 2484 2578 2517 corpore

1574 2524 1707 2548 exeunte
1723 2517 1874 2548 humido:
1895 2517 2002 2558 palam
2021 2518 2111 2559 quod
2129 2524 2160 2549 et
2179 2517 2214 2549 in
2229 2518 2309 2549 mari
2327 2519 2418 2560 quod
2441 2529 2479 2551 ex
2495 2525 2578 2551 ten-a

1573 2562 1785 2592 commixtum
1796 2561 1944 2601 humido,
1957 2571 2052 2592 causa
2063 2562 2237 2593 salsedinis.
2251 2563 2287 2593 In
2299 2572 2434 2604 corpore
2444 2563 2579 2605 quidem

1572 2605 1668 2646 igitur
1682 2605 1718 2636 fit
1732 2606 1804 2644 tale,
1821 2615 1904 2647 quae
1927 2605 2068 2637 alimenti
2087 2605 2278 2647 hypostasis,
2303 2614 2434 2648 propter
2456 2607 2576 2649 indigo-

1573 2650 1724 2681 stionem:
1737 2650 1771 2681 in
1782 2657 1863 2682 terra
1879 2657 1987 2682 autem
1999 2651 2178 2682 secundum
2193 2661 2292 2692 quem
2309 2653 2448 2684 modum
2463 2652 2578 2694 existit,

1573 2694 1754 2726 dicendum.

1505 2835 1649 2867 Omnino
1673 2842 1780 2866 autern
1802 2835 1971 2876 quomodo
1995 2835 2146 2875 possibile
2169 2841 2290 2866 tantam
2313 2845 2415 2877 aquae
2433 2835 2578 2868 multitu·

1572 2880 1679 2910 dinem
1707 2879 1896 2911 desiccatam
1928 2885 1959 2910 et
1982 2879 2166 2911 calefactam
2193 2878 2368 2920 segregari?
2399 2879 2576 2912 Submu'lti-

1571 2924 1688 2965 plicem
1704 2924 1790 2955 enim
1806 2930 1934 2965 oportet
1952 2923 2056 2964 ipsam
2072 2934 2139 2955 esse
2154 2931 2278 2966 partem
2293 2924 2418 2956 relictae
2435 2924 2468 2956 in
2483 2931 2575 2957 terra.

1504 2969 1619 3000 Adhuc
1643 2975 1751 3000 autem
1774 2975 1905 3009 propter
1936 2968 2015 3010 quid
2038 2979 2106 3000 non
2128 2975 2160 3000 et
2182 2978 2289 3008 nunc,
2318 2979 2393 3000 cum
2423 2969 2576 3002 exsiccata

1572 3013 1666 3044 fuerit
1681 3020 1772 3051 terra,
1793 3013 1858 3044 sive
1877 3012 2014 3054 amplior
2037 3013 2102 3044 sive
2126 3012 2243 3052 minor,
2267 3010 2379 3045 sudat?
2401 3013 2578 3046 humidius

1572 3057 1658 3088 enim
1674 3064 1705 3089 et
1719 3057 1818 3089 sudor
1840 3057 1922 3089 fiunt
1945 3067 2062 3088 amara.
2087 3057 2119 3089 Si
2137 3057 2270 3100 quidem
2285 3057 2371 3088 enim
2394 3064 2426 3090 et
2439 3064 2528 3098 tune,
2545 3064 2578 3091 et

1570 3112 1657 3133 nunc
1680 3101 1849 3143 oportebit.
1873 3102 1949 3133 Non
1972 3101 2096 3133 videtur
2119 3108 2227 3133 autem
2250 3101 2313 3133 hoc
2336 3101 2495 3142 accidens;
2519 3102 2576 3135 sed

1571 3146 1704 3177 humida
1719 3147 1851 3187 quidem
1867 3146 2002 3178 existens
2017 3146 2199 3185 exsiccatur,
2219 3145 2301 3178 sicca
2315 3153 2424 3178 autem
2439 3146 2578 3179 existent

1571 3190 1651 3221 nihil
1673 3191 1791 3232 patitur
1814 3191 1885 3222 tale.
1902 3191 2079 3229 Quomodo
2103 3191 2198 3232 igitur
2225 3191 2376 3231 possibile
2403 3190 2484 3223 circa
2510 3191 2577 3233 pri·

1571 3245 1658 3266 marn
1681 3235 1929 3275 generationem,
1946 3234 2079 3266 humida
2107 3235 2256 3266 existente
2278 3241 2370 3274 terra,
2387 3235 2500 3266 sudare
2523 3245 2574 3267 ex-

1571 3277 1738 3311 siccatam?
1761 3279 1823 3311 Sed
1855 3279 1955 3320 magis
1977 3279 2165 3319 verisimile,
2193 3279 2276 3311 sicut
2303 3279 2394 3310 aiunt
2421 3279 2578 3321 quidam,

1571 3331 1736 3365 assumpto
1760 3324 1901 3365 plurimo
1925 3331 1956 3356 et
1979 3324 2100 3355 elevato
2130 3323 2267 3355 humido
2290 3330 2421 3364 propter
2452 3323 2574 3364 solem,

1571 3368 1731 3410 reliquum
1743 3378 1810 3399 esse
1825 3378 1921 3400 mare.
1938 3368 2116 3400 Humidam
2130 3375 2239 3400 autem
2250 3368 2436 3399 existentem
2447 3368 2574 3408 sudare,

1571 3412 1778 3453 impossibile.
1795 3413 1887 3451 Quae
1903 3413 2035 3454 quidem
2051 3412 2146 3454 igitur
2162 3412 2311 3444 dicuntur
2325 3411 2487 3444 salsedinis
2503 3422 2578 3444 cau·

1571 3467 1634 3496 sae,
1659 3457 1810 3498 diffugere
1832 3457 1980 3488 videntur
2002 3457 2169 3488 rationem.
2313 3462 2317 3467 '

1502 3559 1613 3591 queunt
1626 3553 1772 3591 assignare
1793 3562 1911 3582 causam
1926 3552 2076 3582 salsedinis
2091 3552 2162 3582 eius.
2178 3552 2286 3582 Dicunt
2300 3552 2378 3581 enim
2393 3552 2482 3591 quod,
2504 3560 2572 3580 cum

1503 3602 1638 3631 magnam
1654 3600 1765 3630 panem
1786 3602 1888 3630 aquae,
1913 3602 1988 3630 quae
2001 3602 2019 3622 a
2032 3592 2175 3630 principio
2197 3592 2396 3622 circumdabat
2407 3598 2500 3620 totam
2514 3597 2572 3620 ter-

1503 3642 1574 3669 ram,
1590 3634 1634 3662 sol
1649 3642 1805 3674 evaporare
1826 3632 1946 3669 fecisset,
1965 3642 2043 3670 aqua
2063 3641 2217 3662 remanens
2238 3631 2314 3661 circa
2334 3638 2449 3668 terram,
2470 3637 2574 3668 utpote

444 3550 582 3579 Smopsis
606 3567 640 3572 -—-
668 3560 691 3579 1.
715 3552 925 3589 Argumentum
941 3558 968 3580 et
989 3552 1092 3581 divisio
1113 3558 1216 3581 textus.
1235 3553 1282 3582 De
1303 3553 1448 3582 salsedine

384 3589 484 3624 maris,
507 3589 589 3618 iuxta
610 3590 792 3628 antiquorum
809 3591 996 3620 Naturalium
1018 3593 1054 3620 de
1076 3592 1138 3630 ipso
1160 3593 1238 3620 mari
1258 3593 1415 3631 opiniones.
1430 3610 1448 3614 -

384 3636 412 3657 2.
435 3630 470 3657 Et
488 3629 595 3667 primo,
611 3629 785 3668 quicumque
799 3638 959 3668 posuerunt
973 3641 1052 3660 mare
1074 3641 1136 3661 esse
1155 3639 1332 3669 generatum,
1348 3633 1376 3661 hi
1398 3642 1448 3661 ne-
