2782 4134
79 1842 87 1851 ·
104 1840 139 1862 ef.
150 1840 190 1862 lib.
201 1840 218 1867 1,
233 1839 283 1862 lect.

78 1873 106 1894 ιι,
121 1873 144 1888 n.
159 1873 174 1888 i.

76 1948 85 1956 ·
101 1946 163 1968 circa
178 1952 200 1968 Α.

77 2054 85 2062 ·
100 2053 160 2074 Lect-
175 2058 212 2074 xx.

79 2210 87 2218 ·
103 2202 169 2230 Lect.
178 2214 200 2230 x.

79 2373 87 2381 ·
102 2371 165 2393 Lect.
179 2377 219 2394 vii.

79 2533 87 2541 ¹
102 2531 164 2553 Lect.
178 2537 225 2559 seq.

78 2638 88 2649 ⁹
101 2637 162 2659 Lect-
176 2643 198 2659 v.

80 2743 90 2754 ¹⁵
101 2743 211 2771 arguitur
220 2743 286 2766 codd.

81 2799 90 2808 ·
104 2798 174 2820 Num.
188 2804 209 2826 3.

79 2851 90 2861 ⁴
101 2850 230 2878 Lih.1,1ect.
238 2857 286 2874 xxii

80 2882 131 2905 sqq.

85 3217 224 3264 :uqff‘mm‘w
238 3224 258 3239 P.

140 3247 183 3265 eet.
198 3249 226 3265 vi.

86 3354 96 3364 ⁸
111 3353 231 3374 secundum
246 3358 293 3374 om.

86 3385 207 3407 acoripm.

308 304 378 330 120

303 370 340 401 Ei.
364 365 421 408 δή,
446 365 598 409 καθάπερ
625 367 774 407 εἴπομεν,
794 357 970 407 ἐνδέχεται
995 359 1053 392 τὸν
1071 355 1356 411 Ιεὶρημένονυέχειν

369 411 494 458 τρόπον
520 411 593 455 περὶ
617 410 678 447 τῆς
697 407 830 450 πρώτης
848 406 962 449 φορᾶς,
982 404 1018 435 οὐ
1036 413 1135 455 μονον
1154 401 1262 432 αὐτου
1279 399 1357 452 'rt-epi.

371 458 432 494 τῆς
451 452 645 492 ἀϊδιότητος
664 452 769 489 οὕτως
792 450 974 490 ὑπολαβεῖν
992 448 1247 498 ἐμμελεστερον,
1269 444 1358 475 ana

370 503 428 533 καὶ
453 501 496 539 τῆ
522 500 667 542 μαντείᾳ
692 498 735 539 τῇ
762 497 834 540 περὶ
859 494 917 527 τὸν
943 492 1015 523 θεὸν
1041 490 1146 533 μόνως
1167 491 1205 540 ἀν
1223 489 1355 541 ἕχοιμεΙν

373 534 487 582 οὕτως’
511 543 779 589 ὁμολογουμένως
815 534 1059 580 ἀποφαίνεσθαι
1088 544 1276 578 συμφωνους
1301 532 1356 562 λο-

372 601 461 636 γους.
498 587 604 619 ’Anci
634 587 699 619 τῶν
731 584 788 629 μὲν
824 581 988 615 τοιούτων
1021 578 1129 624 λόγων
1164 576 1235 614 ἅλις
1269 576 1356 608 ἔστω

374 634 422 666 τοὶ
444 633 512 664 νῦν.

362 740 509 768 SYNOPS1s.
525 752 562 759 —·
581 746 605 764 1.
620 737 828 772 Argumentum
848 737 876 759 et
890 729 990 758 divisio
1005 729 1068 757 libri
1083 735 1110 756 et
1123 733 1224 756 textus.
1240 743 1258 748 -
1274 734 1301 754 2.
1318 726 1360 753 Ex

308 778 470 818 praemissis
491 776 647 806 rationibus
662 781 689 803 et
703 771 885 810 opinionibus
906 770 987 801 aliter
1007 768 1190 797 sentientium
1205 775 1360 811 possumus

310 819 436 856 accipere
457 818 543 845 fidem
558 816 635 852 quod
650 820 726 842 totus
741 812 865 840 mundus
880 810 915 838 sit
929 809 1071 847 ingenitus
1086 814 1114 836 et
1127 806 1359 843 incorruptibilis,

309 868 384 888 unus
404 864 431 886 et
452 856 639 893 sempiternus
660 854 703 889 (cf.
718 852 766 880 lib.
778 853 797 879 Ι.
809 851 871 879 lect.
883 858 944 878 xxii
957 847 1264 891 sqq.).-Declarantur
1274 846 1360 891 verba

310 905 409 927 textus.
422 914 440 918 —
450 898 491 924 Ex
505 895 593 923 modo
608 892 745 930 loquendi
759 896 877 927 apparet
892 890 971 926 quod
985 889 1111 919 rationes
1125 895 1296 931 praemissas
1316 894 1359 913 in-

310 938 388 967 duxit
398 935 571 970 Aristoteles,
583 943 642 962 non
654 931 735 969 quasi
746 931 929 959 ostendentes
941 939 974 958 ex
985 928 1152 957 necessitate
1163 932 1360 972 aeternitatem

310 977 429 1012 mundi,
457 976 506 1003 sed
526 981 662 1010 tanquam
683 972 865 1000 ostendentes
886 970 966 1007 quod
987 978 1047 997 non
1068 968 1192 1004 incoepit
1209 976 1248 1012 eo
1270 966 1360 994 modo

310 1027 368 1055 quo
390 1018 424 1045 ab
445 1014 506 1043 aliis
525 1014 685 1050 ponebatur
709 1010 876 1047 incoepisse.
892 1026 911 1031 -
928 1010 954 1037 3.
977 1010 1084 1037 'sextus
1105 1007 1270 1035 subdivisio.
1286 1022 1305 1027 -
1319 1006 1361 1050 Eat

310 1055 529 1093 sempiternitate
556 1052 642 1081 totius
666 1051 766 1079 mundi
795 1049 974 1078 concluditur
1002 1047 1210 1084 sempiternitas
1231 1054 1361 1082 corporis

311 1095 452 1130 caelestis,
478 1094 515 1121 ita
536 1093 615 1129 quod
636 1091 695 1119 eius
717 1096 813 1119 motus
834 1099 894 1118 non
915 1090 1018 1117 habeat
1038 1087 1164 1125 aliquem
1185 1086 1288 1131 finem,
1311 1085 1361 1130 sed

310 1135 399 1173 magis
419 1135 454 1162 sit
473 1134 533 1170 ipse
554 1132 618 1160 finis
638 1131 761 1159 aliorum
782 1136 926 1158 motuum.
951 1145 970 1150 —
992 1138 1020 1164 4.
1047 1128 1143 1156 Omne
1171 1135 1248 1155 enim
1269 1132 1363 1171 conti:

310 1184 380 1204 nens
400 1175 484 1202 habet
504 1172 644 1200 rationem
665 1170 729 1198 finis
741 1192 748 1206 ‚
770 1176 797 1198 et
819 1169 1016 1206 imperfectum
1037 1174 1137 1196 natum
1158 1173 1200 1195 est
1221 1172 1362 1194 contineri

310 1225 327 1244 a
347 1214 484 1251 perfect03
505 1218 600 1240 motus
621 1217 716 1239 autem
738 1210 820 1245 caeli,
843 1215 943 1246 utpote
964 1207 1116 1242 circularis,
1139 1213 1181 1235 est
1201 1206 1361 1243 perfectus;

310 1263 377 1291 ergo
392 1258 505 1290 oportet
525 1252 604 1288 quod
624 1250 695 1278 alios
716 1256 812 1278 motus
833 1249 987 1284 contineat,
1003 1254 1031 1276 et
1049 1248 1084 1276 sit
1105 1247 1169 1275 finis
1190 1246 1330 1283 ipsorum.
1343 1262 1362 1267 -

311 1293 502 1322 Confirmatur
522 1291 601 1328 quod
619 1290 655 1318 sit
668 1299 783 1318 necesse
804 1298 911 1326 ponere
933 1288 1058 1325 aliquem
1079 1293 1192 1315 motum
1213 1286 1362 1323 sempiter-

309 1343 387 1362 num.
402 1350 421 1354 -
436 1331 592 1367 Quomodo
614 1337 709 1358 motus
730 1329 800 1357 caeli
814 1338 844 1357 se
858 1329 962 1357 habeat
975 1328 1012 1356 ad
1026 1334 1148 1362 motum,
1169 1333 1196 1354 et
1210 1326 1362 1363 quomodo

309 1374 345 1402 ad
360 1372 483 1410 quietem
504 1371 626 1399 aliorum
645 1369 804 1398 mobilium.
820 1386 838 1390 -
855 1369 879 1396 5.
895 1367 1093 1396 Manifestatur
1113 1367 1142 1395 in
1156 1366 1271 1403 speciali
1286 1375 1361 1394 sem-

309 1412 453 1450 piternitas
474 1410 552 1440 caeli.
574 1412 610 1438 Et
627 1410 724 1448 primo
746 1409 902 1437 secundum
925 1407 1000 1436 dicta
1020 1407 1216 1444 antiquorum.
1232 1423 1251 1428 -
1265 1407 1293 1435 6.
1309 1406 1361 1434 Se-

530 1531 537 1540 ’
579 1519 821 1560 »postquam
849 1510 886 1548 in
913 1510 1037 1560 primo
1066 1510 1161 1547 libro
1188 1508 1362 1547 Philoso-

579 1571 637 1627 ἢ(
645 1566 743 1614 phus
764 1563 1027 1602 determinavit
1045 1564 1092 1601 de
1107 1571 1186 1601 toto
1201 1563 1361 1610 mundo,

582 1616 630 1665 ‚R
646 1619 685 1655 in
699 1631 776 1666 quo
794 1617 955 1655 ostendit
969 1630 1051 1654 esse
1071 1616 1263 1666 quaedam
1281 1629 1362 1654 cor-

494 1708 519 1718 „
583 1667 618 1716 ’,ζ
645 1684 739 1721 pora
767 1684 863 1721 quae
889 1663 1362 1719 moventur'circulariter,

473 1728 488 1761 ἶ
646 1724 833 1774 quaedam
849 1737 945 1773 quae
961 1732 1164 1762 moventur
1183 1732 1291 1761 motu
1307 1737 1363 1762 re-

503 1784 509 1797 *
622 1779 635 1797 x.
646 1786 716 1826 ct0,
728 1778 789 1815 hic
803 1778 931 1827 incipit
946 1778 1197 1816 determinare
1213 1778 1260 1815 de
1281 1790 1362 1815 cor-

310 1831 464 1882 poribus
496 1842 592 1879 quae
625 1839 828 1869 moventur
856 1831 1079 1869 circulariter
1098 1833 1130 1869 ⁹.
1161 1833 1209 1869 Et
1236 1831 1361 1881 primo

312 1884 532 1923 determinat
550 1883 596 1920 de
615 1884 703 1934 ipsis
723 1885 943 1934 corporibus
972 1885 1197 1922 circulariter
1228 1885 1362 1932 motis;

311 1937 475 1976 secundo
497 1937 717 1975 determinat
736 1938 781 1975 de
803 1946 929 1975 centro
951 1951 1064 1988 super
1079 1939 1099 1960 ²⁸
1120 1938 1226 1987 quod
1246 1938 1364 1976 circu-

310 1992 433 2029 lariter
451 1998 660 2039 moventur,
677 1991 746 2029 ibi:
765 1991 965 2040 Reliquum
988 1998 1113 2029 autem
1132 1993 1178 2030 de
1191 1997 1293 2029 terra
1313 1992 1366 2030 di-

311 2045 422 2081 cere*
437 2051 504 2081 etc.
521 2043 629 2082 Circa
642 2045 808 2094 primum
825 2045 900 2083 duo
921 2045 1023 2083 facit:
1043 2045 1169 2095 primo
1190 2045 1366 2084 determi-

311 2105 374 2135 nat
393 2098 440 2135 de
459 2098 574 2146 caelo,
595 2098 698 2146 quod
718 2106 773 2136 est
791 2111 928 2148 corpus
948 2098 1175 2137 circulariter
1193 2107 1364 2147 motum3

311 2151 478 2188 secundo
517 2150 562 2188 de
590 2152 700 2194 stellis
737 2164 834 2201 quae
863 2160 950 2190 sunt
983 2153 1021 2190 in
1052 2153 1175 2200 caelo,
1206 2152 1277 2190 ibi:
1307 2155 1368 2191 De

310 2205 448 2242 vocatis
461 2210 584 2242 autem
603 2206 710 2242 astris
726 2206 746 2227 *
760 2213 828 2243 etc.
851 2205 961 2243 Circa
978 2206 1148 2255 primum
1165 2207 1241 2244 duo
1262 2207 1365 2244 facit:

309 2257 432 2307 primo
461 2257 683 2296 determinat
711 2259 757 2296 de
784 2258 842 2296 his
861 2272 957 2309 quae
985 2259 1175 2309 pertinent
1201 2259 1251 2297 ad
1279 2261 1367 2298 sub-

311 2311 482 2348 stantiam
502 2312 612 2358 caeli;
642 2312 808 2350 secundo
838 2313 884 2350 de
913 2313 971 2350 his
990 2325 1090 2362 quae
1108 2312 1297 2362 pertinent
1315 2315 1365 2352 ad

310 2372 457 2401 motum
474 2364 563 2413 eius,
574 2365 640 2402 ibi:
657 2366 842 2408 Quoniam
853 2372 978 2404 autem
994 2372 1048 2404 est
1059 2366 1254 2415 dupliciter
1264 2367 1284 2388 *¹
1296 2375 1365 2405 etc.

312 2417 419 2455 Circa
453 2418 617 2467 primum
654 2419 722 2456 tria
758 2419 864 2456 facit:
901 2420 1026 2469 primo
1066 2419 1292 2458 determinat
1320 2421 1366 2459 de

312 2470 506 2509 duratione
534 2471 647 2518 caeli;
685 2473 853 2510 secundo
883 2473 930 2510 de
960 2473 1174 2510 diversitate
1201 2474 1367 2523 partium

312 2523 401 2572 eius,
417 2524 483 2561 ibi:
504 2525 687 2567 Quoniam
707 2532 830 2563 autem
850 2526 1002 2575 quidam
1021 2532 1107 2564 sunt
1120 2528 1140 2546 “
1157 2534 1240 2574 etc.;
1258 2527 1366 2564 tertio

313 2577 532 2615 determinat
561 2578 607 2615 de
631 2578 750 2627 figura
778 2579 905 2628 ipsius,
935 2579 1006 2617 ibi:
1034 2580 1223 2630 Figuram
1243 2586 1368 2618 autem

292 2631 541 2678 ¹sphaericam
559 2631 578 2652 *
593 2639 660 2668 etc.
691 2632 801 2670 Circa
818 2633 987 2682 primum
1008 2633 1085 2670 duo
1106 2633 1212 2671 facit:
1241 2633 1367 2682 primo

313 2683 420 2720 infert
444 2684 722 2737 conclusionem
750 2685 787 2723 in
815 2686 1132 2735 praecedentibus
1153 2686 1369 2724 manifesta-

312 2743 406 2783 tam;
431 2738 596 2775 secundo
622 2750 665 2775 ex
688 2738 748 2776 illa
768 2740 1012 2777 conclusione
1036 2740 1157 2789 arguit
1176 2741 1196 2762 *
1215 2740 1263 2778 ad
1282 2753 1369 2790 pro-

311 2789 489 2838 positum,
510 2790 575 2828 ibi:
595 2792 750 2840 Propter
770 2793 870 2842 quod
888 2794 980 2831 bene
997 2805 1037 2830 se
1055 2794 1166 2831 hahet
1185 2794 1205 2816 *
1224 2800 1293 2832 etc.

367 2855 401 2880 2.
431 2844 529 2881 Dicit
548 2856 634 2892 ergo
658 2845 781 2894 primo
811 2847 915 2894 quod
939 2859 985 2884 ex
1003 2846 1222 2896 praemissis
1243 2848 1262 2868 ²³
1281 2860 1369 2896 pos-

313 2907 444 2934 sumus
467 2896 635 2946 accipere
664 2899 921 2936 credulitatem
945 2900 1051 2949 quod
1075 2907 1198 2938 totum
1222 2901 1370 2938 caelum

313 2961 435 2998 neque
464 2950 507 2987 sit
534 2951 695 2999 factum,
733 2965 858 3002 neque
897 2953 1087 3001 contingat
1124 2953 1250 3003 ipsum
1289 2966 1370 2991 cor-

314 3003 452 3052 rumpi,
482 3003 575 3040 sicut
593 3005 747 3052 quidam
768 3006 905 3043 dicunt.
922 3027 946 3034 -
962 3006 1060 3043 Dicit
1088 3014 1217 3044 autem
1245 3014 1369 3044 totum

316 3056 460 3092 caelum
481 3069 562 3094 esse
582 3056 786 3106 ingenitum
816 3066 852 3097 et
870 3059 1165 3109 incorruptibile,
1197 3071 1243 3097 eo
1263 3060 1368 3109 quod

316 3108 480 3145 maxima
519 3122 605 3158 pars
643 3123 845 3160 corporum
893 3112 1027 3150 mundi
1067 3120 1121 3150 est
1160 3113 1369 3150 substantia

318 3161 480 3198 caelestis
508 3163 694 3211 corporis,
724 3165 829 3214 quod
858 3173 914 3202 est
940 3165 1150 3214 ingenitum
1185 3173 1221 3203 et
1249 3166 1370 3204 incor-

318 3213 486 3261 ruptibile
506 3227 573 3263 pei·
592 3217 751 3255 modurn
770 3231 846 3267 quo
866 3219 886 3240 '¹‘
906 3218 943 3255 in
963 3219 1088 3268 primo
1109 3219 1205 3256 libro
1223 3220 1267 3241 ³¹³*
1283 3232 1371 3268 pro—

318 3264 446 3302 batum
476 3275 539 3304 est.
577 3268 645 3305 Vel
683 3270 756 3306 hoc
790 3271 875 3308 dicit
913 3271 962 3309 ad
999 3272 1250 3310 differentiam
1279 3285 1371 3322 qua-

320 3318 479 3355 rundam
507 3320 667 3368 partium
696 3323 846 3371 mundi,
885 3337 983 3373 quae
1016 3333 1103 3363 sunt
1139 3326 1372 3374 generabiles

322 3375 358 3405 et
385 3373 638 3420 corruptibiles
666 3375 873 3413 secundum
889 3379 908 3399 ἦ·
928 3386 1068 3427 partes,
1098 3378 1182 3416 licet
1209 3391 1288 3417 non
1316 3391 1372 3416 se-

364 3526 402 3558 ὀι)
422 3527 491 3558 quod
509 3527 603 3553 dicit...
620 3529 666 3554 sed
685 3537 735 3554 non
755 3531 827 3556 dicit.
840 3545 858 3550 —
871 3533 936 3565 dicit
953 3538 977 3558 et
996 3542 1047 3559 non
1067 3535 1132 3560 dicit
1149 3543 1203 3561 om.
1217 3536 1236 3560 P
1256 3541 1281 3561 et
1300 3537 1375 3561 codd.

997 283 1066 319 DE
1097 278 1270 317 CAELO
1301 277 1371 314 ET
1400 272 1594 312 MUNDO
1624 272 1718 308 LIB.
1750 273 1781 308 II

1413 354 1444 385 Si
1467 351 1887 393 itaqua-quemadmodum
1911 350 2057 389 dicimus,
2083 349 2237 390 contingit
2268 351 2352 382 dicto
2376 362 2409 383 se
2432 353 2488 383 ha-

1478 398 1550 427 bere
1583 396 1682 426 modo
1715 396 1754 426 de
1786 396 1889 436 prima
1919 394 2054 434 latione,
2085 404 2152 425 non
2180 394 2288 425 solum
2317 396 2418 436 ipsius
2449 397 2488 428 de

1478 440 1724 481 sempiternitate
1748 440 1792 471 sic
1815 440 1991 471 existimare
2015 439 2145 477 melius,
2170 439 2224 470 sed
2249 446 2279 470 et
2302 440 2487 472 divinationi

1479 485 1507 516 ei
1530 495 1612 526 quae
1636 485 1675 515 de
1699 484 1758 514 diis
1787 484 1895 515 solum
1923 484 2035 525 utique
2062 483 2251 514 habebimus
2276 484 2319 515 sic
2343 485 2487 516 confesse

1479 529 1642 560 enuntiare
1663 529 1836 559 concordes
1860 538 2034 560 sermones.
2059 528 2121 559 Sed
2145 527 2257 559 talium
2282 528 2414 569 quidem
2426 540 2488 561 ser·

1478 583 1615 604 monum
1639 573 1712 604 satis
1737 573 1776 604 sit
1800 583 1895 605 nunc.
2033 587 2052 605 ο

1413 724 1507 752 cundo
1529 732 1562 751 ex
1583 723 1639 751 hoc
1666 723 1747 759 quod
1769 723 1883 751 caelum
1913 730 1956 752 est
1983 723 2179 761 ingenerabile
2200 729 2228 752 et
2249 723 2487 760 incorruptibile,

1414 773 1449 792 eo
1471 763 1552 800 quod
1573 769 1651 791 caret
1672 762 1828 791 contrario.
1844 780 1863 784 -
1882 772 1910 800 7.
1925 763 2124 792 Manifestatur
2145 763 2269 801 qualitas
2289 770 2386 792 motus
2408 764 2488 800 caeli,

1413 803 1520 832 scilicet
1540 803 1621 840 quod
1642 802 1678 831 sit
1692 802 1754 831 sine
1775 803 1884 832 labore.
1906 804 2027 832 Caelum
2042 804 2134 839 enim,
2156 810 2258 841 utpote
2272 804 2489 833 nobilissimum

1413 844 1487 872 inter
1508 852 1651 881 corpora,
1680 849 1815 871 movetur
1835 844 1997 872 secundum
2019 853 2102 872 suam
2123 850 2276 880 naturam,
2306 851 2334 872 et
2354 854 2416 873 non
2437 854 2489 881 per

1415 883 1535 920 aliquod
1562 882 1723 911 violentum
1750 892 1872 911 movens
1900 884 1981 920 quod
2009 883 2141 921 imponat
2168 884 2194 913 ei
2215 884 2417 913 necessitatem
2438 894 2488 913 co-

1414 923 1545 952 actionis.
1562 939 1580 944 -
1595 923 1623 951 8.
1638 922 1838 951 Excluduntur
1853 923 2008 960 opiniones
2023 924 2194 953 contrariae.
2217 926 2254 953 Et
2270 925 2370 963 primo
2385 924 2488 962 opinio

1414 963 1549 992 fabularis
1577 963 1613 991 de
1640 963 1756 991 Atlante
1786 969 1880 992 stante
1911 973 1998 1000 super
2026 965 2098 993 duas
2131 965 2283 994 columnas
2312 971 2341 993 et
2375 971 2488 993 susten-

1414 1010 1492 1032 tante
1513 1002 1641 1031 humeris
1662 1003 1785 1031 caelum.
1802 1020 1822 1025 -
1836 1004 1997 1038 Quomodo
2019 1004 2091 1033 haec
2111 1004 2209 1033 fabula
2229 1005 2339 1042 aliquid
2355 1005 2488 1034 divinum

1415 1043 1563 1072 continere
1583 1042 1685 1080 possit.
1711 1059 1730 1082 ·.
1755 1053 1783 1080 9.
1811 1043 1945 1072 Secundo
1973 1044 2133 1072 excluditur
2160 1045 2262 1082 opinio
2283 1045 2487 1082 Empedoclis,

1415 1084 1521 1112 scilicet
1542 1084 1623 1121 quod
1644 1083 1757 1112 caelum
1778 1083 1808 1112 in
1829 1083 1878 1112 tali
1900 1082 1956 1112 situ
1977 1091 2173 1120 conservatur,
2195 1094 2234 1113 ne
2254 1086 2347 1121 cadat,
2369 1092 2489 1123 propter

1414 1123 1596 1152 velocitatem
1618 1123 1662 1152 sui
1684 1129 1791 1152 motus.
1808 1139 1827 1146 -
1840 1124 1918 1152 Tum
1940 1124 2011 1152 haec
2032 1131 2095 1152 tum
2119 1125 2296 1162 praecedens
2324 1125 2425 1162 opinio
2446 1125 2488 1154 vi-

1416 1165 1499 1192 detur
1519 1163 1652 1200 posuisse
1673 1172 1798 1200 corpora
1819 1163 1951 1192 caelestia
1971 1173 2034 1192 esse
2048 1164 2154 1201 gravia.
2171 1181 2190 1187 -
2209 1174 2252 1193 ιο.
2273 1166 2372 1194 Tertio
2393 1165 2489 1194 exclu-

1416 1204 1493 1232 ditur
1514 1204 1614 1241 opinio
1636 1203 1775 1239 Platonis,
1797 1213 1903 1240 nempe
1925 1204 2007 1241 quod
2027 1210 2126 1232 motus
2147 1205 2219 1233 caeli
2235 1205 2265 1233 in
2279 1205 2489 1243 sempiternum

1416 1251 1531 1273 maneat
1545 1250 1664 1281 propter
1678 1243 1860 1273 coactionem
1882 1244 1997 1273 animae
2018 1243 2176 1273 rationalis.
2197 1247 2227 1283 a)
2245 1246 2287 1274 Ex
2301 1253 2383 1282 parte
2397 1245 2489 1283 ipsius

1416 1284 1566 1322 corporis:
1595 1284 1709 1313 nullum
1737 1283 1816 1312 enim
1843 1290 1977 1313 coactum
2006 1290 2103 1321 potest
2130 1292 2193 1313 esse
2221 1285 2448 1322 sempiternum,
2470 1302 2489 1308 —

1419 1334 1463 1354 11.
1479 1325 1506 1360 b)
1522 1326 1564 1353 Ex
1578 1331 1660 1362 parte
1673 1324 1798 1361 animae,
1814 1324 1896 1353 cuius
1909 1324 1968 1353 vita
1981 1333 2043 1353 non
2057 1331 2156 1362 posset
2177 1334 2240 1354 esse
2254 1325 2317 1354 sine
2330 1325 2445 1354 tristitia
2459 1331 2488 1354 et

1415 1365 1509 1401 beata,
1531 1364 1555 1393 si
1569 1365 1633 1402 ipsa
1645 1364 1744 1394 anima
1758 1374 1825 1393 curn
1838 1365 1940 1394 labore
1954 1371 2084 1393 moveret
2101 1364 2132 1393 in
2145 1365 2355 1403 sempiternum
2377 1365 2490 1395 caelum

1416 1411 1518 1435 contra
1538 1415 1623 1434 suain
1643 1411 1788 1434 naturam.
1805 1422 1822 1427 -
1841 1412 1884 1434 12.
1899 1404 2069 1436 Conclusio.

1418 1508 1588 1547 cundum
1607 1515 1743 1557 totum,
1764 1508 1860 1547 sicut
1878 1516 1981 1558 patet
2001 1508 2049 1546 de
2069 1508 2279 1547 elementis.
2309 1508 2381 1546 Vel
2400 1508 2492 1559 quia

1416 1562 1639 1601 huiusmodi
1655 1575 1818 1613 corpora
1836 1575 1935 1612 quae
1958 1570 2046 1600 sunt
2059 1561 2292 1611 generabilia
2311 1570 2347 1600 et
2362 1574 2491 1600 corru-

1416 1616 1572 1666 ptibilia,
1602 1617 1698 1654 sicut
1725 1616 1904 1654 animalia
1923 1623 1960 1653 et
1978 1617 2130 1666 plantae
2159 1623 2195 1654 et
2222 1615 2385 1666 lapides,
2409 1628 2491 1654 non

1416 1670 1571 1720 proprie
1590 1677 1678 1708 sunt
1695 1677 1822 1719 partes
1842 1669 1976 1708 mundi
2000 1669 2186 1718 (alioquin
2205 1669 2375 1707 mundus
2394 1682 2491 1708 nun-

1418 1736 1536 1773 quam
1574 1724 1764 1774 perfectus
1802 1731 1917 1771 esset,
1956 1736 2046 1761 cum
2079 1735 2159 1761 non
2186 1723 2327 1761 habeat
2360 1723 2492 1766 omnia

1417 1777 1639 1816 huiusmodi
1658 1777 1802 1824 simul):
1823 1776 1892 1815 sed
1910 1776 2132 1815 huiusmodi
2151 1784 2239 1814 sunt
2261 1776 2420 1827 quidam
2441 1774 2492 1814 ef·

1418 1831 1538 1869 fectus
1555 1830 1721 1881 partium
1741 1829 1893 1878 mundi;
1909 1838 1947 1868 et
1965 1830 2065 1876 ideo,
2085 1829 2171 1868 licet
2189 1828 2414 1868 huiusmodi
2432 1842 2493 1868 res

1418 1885 1640 1923 subiaceant
1667 1884 1901 1933 generationi
1931 1891 1967 1921 et
1995 1883 2231 1934 corruptioni
2257 1895 2338 1922 non
2365 1883 2493 1922 solum

1419 1938 1634 1977 secundum
1660 1946 1822 1988 partem,
1852 1937 1922 1976 sed
1947 1937 2162 1975 secundum
2190 1944 2327 1986 totum,
2356 1936 2494 1975 nihilo-

1420 1992 1548 2030 minus
1567 1999 1698 2029 tamen
1726 1999 1827 2030 totus
1854 1991 2024 2029 mundus
2053 1998 2155 2029 caret
2182 1990 2430 2040 generatione
2455 1997 2493 2028 et

1421 2045 1676 2096 corruptione.
1693 2066 1717 2072 -
1738 2045 1787 2083 Et
1807 2052 1863 2083 est
1881 2045 2096 2083 notandum
2116 2045 2232 2094 quod'
2242 2043 2332 2082 dicit
2345 2043 2494 2082 caelum

1421 2111 1533 2137 omne
1560 2111 1634 2136 non
1664 2104 1718 2136 est
1730 2099 1906 2148 factum;
1933 2099 2001 2136 sed
2029 2110 2109 2136 non
2128 2097 2217 2136 dicit
2234 2103 2251 2120 ·‘
2271 2109 2392 2147 neque
2410 2109 2495 2136 cor-

1421 2158 1593 2203 ruptum,
1623 2152 1691 2190 sed
1724 2164 1844 2201 neque
1875 2152 2060 2202 contingit
2089 2152 2305 2200 corrumpi,
2338 2158 2496 2202 propter

1421 2206 1504 2244 illos
1532 2206 1597 2256 qui
1627 2206 1805 2244 dicebant
1836 2205 2027 2244 mundum
2061 2217 2107 2243 ex
2141 2213 2276 2243 natura
2310 2217 2380 2242 sua
2412 2216 2494 2243 esse

1421 2259 1727 2310 corruptibilem,
1759 2267 1795 2296 et
1829 2267 1960 2297 tamen
1994 2271 2195 2308 nunquam
2230 2265 2498 2308 corrumpetur

1421 2321 1577 2364 propter
1607 2313 1847 2351 voluntatem
1874 2313 1968 2360 Dei;
1999 2319 2035 2350 et
2062 2312 2152 2350 ideo
2187 2311 2379 2361 signanter
2407 2311 2497 2350 dicit

1421 2366 1739 2416 quemadmodum
1767 2365 1921 2415 quidam
1949 2366 2088 2403 dicunt.

1477 2421 1555 2458 Sed
1573 2420 1779 2469 probatum
1800 2426 1856 2456 est
1874 2431 1990 2468 supra
2009 2419 2115 2468 quod
2135 2425 2190 2455 est
2205 2430 2327 2455 unum
2347 2425 2495 2455 tantum

1424 2480 1460 2510 et
1483 2473 1761 2522 sempiternum
1790 2473 1912 2522 (quod
1932 2471 2021 2510 dicit
2040 2483 2088 2509 ne
2109 2470 2327 2508 crederetur
2354 2470 2496 2520 sempi—

1422 2534 1573 2564 ternum
1603 2538 1686 2563 esse
1715 2538 1795 2563 non
1817 2537 1940 2563 unum
1964 2536 2140 2572 numero,
2171 2524 2239 2562 sed
2258 2524 2417 2574 specie);
2446 2524 2497 2562 ita

1423 2579 1561 2618 scilicet
1588 2579 1693 2629 quod
1722 2591 1801 2616 non
1829 2579 1944 2616 habet
1970 2577 2201 2628 principium
2229 2590 2355 2627 neque
2375 2577 2496 2615 finem

1423 2634 1532 2670 totius
1550 2633 1705 2678 aeterni,
1725 2632 1829 2670 idest·
1839 2631 1955 2669 totius
1974 2644 2065 2669 suae
2085 2631 2294 2669 durationis
2313 2630 2495 2669 infinitae.

1423 2707 1448 2715 -·
1469 2687 1518 2723 Et
1536 2698 1585 2723 ne
1605 2685 1738 2735 aliquis
1766 2692 1916 2734 putaret
1943 2685 2134 2722 mundum
2151 2686 2172 2707 ¹⁸
2193 2697 2424 2735 corporeum
2444 2684 2498 2723 sic
2525 2696 2535 2705 ·

1425 2739 1498 2777 dici
1526 2746 1724 2777 aeternum
1744 2739 1840 2776 sicut
1858 2739 1976 2787 Deus,
1998 2738 2105 2776 cuius
2125 2750 2208 2776 esse
2229 2745 2264 2775 et
2282 2738 2416 2776 vivere
2441 2745 2498 2776 est

1424 2800 1548 2831 totum
1577 2792 1702 2840 simul,
1723 2791 1863 2829 scilicet
1881 2792 2026 2842 absque
2046 2791 2288 2830 successione
2305 2791 2442 2842 prioris
2461 2798 2499 2829 et

1424 2845 1645 2896 posterioris
1657 2875 1666 2893 ,
1702 2845 1894 2894 subiungit
1926 2846 2066 2883 habens
2099 2851 2225 2884 autem
2255 2847 2275 2867 *²
2310 2844 2496 2894 infinitum

1425 2906 1586 2949 tempus,·
1602 2899 1692 2948 quia
1711 2898 1850 2936 scilicet
1870 2899 1948 2936 eius
1968 2898 2117 2937 duratio
2133 2899 2347 2938 extenditur
2361 2910 2496 2937 secun-

1425 2954 1519 2991 dum
1557 2952 1841 2990 successionem
1875 2952 2070 3002 temporis.
2108 2953 2201 2990 Non
2228 2959 2359 2990 tamen
2395 2959 2497 2990 totus

1426 3007 1593 3044 mundus
1612 3006 1728 3043 habet
1746 3006 1821 3042 hoc
1835 3006 1955 3043 modo
1972 3006 2212 3044 durationem
2227 3006 2494 3056 temporalem,

1425 3059 1521 3097 sicut
1540 3058 1694 3109 aliquod
1715 3058 1902 3107 singulare
1922 3059 2137 3108 generabile
2158 3067 2194 3097 et
2209 3058 2454 3110 corruptibile
2463 3057 2493 3106 Ρ,

1426 3112 1530 3150 cuius
1560 3112 1707 3150 duratio
1738 3113 2076 3162 comprehenditur
2094 3126 2117 3151 a
2136 3121 2324 3163 tempore,
2345 3125 2424 3151 non
2442 3120 2496 3150 ta-

1425 3178 1515 3203 men
1531 3165 1696 3203 continet
1715 3173 1882 3215 tempus:
1899 3166 1968 3204 sed
1983 3174 2136 3217 tempus
2152 3166 2365 3205 continetur
2378 3178 2402 3204 a
2415 3173 2496 3204 toto

1425 3219 1584 3267 mundo,
1614 3226 1695 3257 tum
1717 3221 1736 3240 Ψ
1757 3219 1845 3269 quia
1873 3228 2025 3270 tempus
2054 3233 2133 3258 non
2163 3219 2375 3258 extenditur
2395 3219 2493 3256 ultra

1426 3272 1665 3310 durationem
1695 3273 1843 3320 mundi,
1864 3281 1946 3311 tum
1967 3273 2057 3322 quia
2076 3282 2230 3323 tempus
2250 3279 2428 3310 causatur
2450 3283 2497 3309 ex

1425 3333 1534 3363 motu
1556 3325 1669 3375 primi
1695 3326 1864 3375 corporis
1893 3327 2027 3365 mundi
2048 3328 2084 3375 ¹⁸,
2105 3334 2147 3364 ut
2165 3326 2205 3364 in
2225 3326 2277 3364 1V
2290 3325 2440 3375 Physic.
2454 3325 2496 3347 ¹¹*

1425 3379 1596 3416 habiturn
1626 3387 1692 3416 est.
1722 3379 1834 3418 Unde
1863 3387 2015 3430 tempus
2045 3379 2258 3418 continetur
2286 3391 2309 3416 a
2335 3378 2495 3427 mundo,

1427 3540 1467 3562 est
1485 3545 1566 3562 unum
1586 3540 1689 3563 tantum
1709 3541 1735 3563 et
1753 3539 1951 3570 sempiternum,
1970 3537 2042 3571 quod
2060 3537 2126 3564 dicit
2145 3545 2178 3563 ne
2195 3538 2352 3564 crederetur
2366 3544 2418 3563 ηοκ
2430 3543 2497 3562 sem-

323 3567 375 3585 exc.
389 3562 426 3592 Α;
445 3563 606 3594 requiruntur
618 3568 703 3588 tamen
716 3572 761 3597 pei·
777 3570 887 3598 propter
900 3568 956 3593 illos
970 3569 1015 3601 qui
1028 3570 1157 3596 dicebant.
1169 3586 1187 3592 -
1201 3571 1263 3597 Post
1280 3579 1374 3604 paucas
1424 3573 1560 3604 piternum
1580 3580 1635 3598 esse
1654 3580 1735 3606 neque
1755 3581 1823 3599 unus
1842 3574 1928 3606 <unus
1947 3574 2025 3599 etiam
2044 3573 2085 3599 alii
2105 3573 2191 3606 codd.)
2212 3580 2332 3600 numero.
2529 3595 2536 3603 .

1481 3606 1506 3640 β)
1519 3609 1657 3641 singulare
1668 3609 1819 3642 generabile
1833 3613 1858 3634 el
1870 3609 2051 3642 corruptibile.
2060 3623 2079 3629 —
2087 3609 2139 3634 Pro
2148 3609 2309 3643 generabile,
2321 3608 2392 3642 quod
2401 3615 2455 3633 om.
2465 3607 2497 3638 A,

324 3595 403 3621 lineas
418 3604 464 3628 pro
478 3601 668 3629 corrumpetur,
688 3605 900 3632 corrumperetur
918 3603 949 3634 Ρ;
964 3604 1070 3635 quidam
1090 3611 1148 3631 ante
1167 3606 1259 3632 dicunt
1275 3615 1328 3632 om.
1343 3608 1374 3632 Α.

322 3631 391 3656 -Ibi
411 3631 465 3656 Sed
479 3632 620 3663 probatum
635 3637 673 3658 est
687 3639 743 3664 etc„
762 3635 794 3659 ita
813 3636 873 3668 legit
892 3638 928 3661 A:
949 3638 1009 3668 Sed,
1030 3643 1058 3664 ut
1072 3641 1215 3672 probatum
1230 3645 1268 3667 est
1282 3649 1372 3675 supra,

1428 3646 1453 3668 et
1470 3644 1621 3676 generabile
1641 3645 1668 3669 P.
1681 3658 1698 3663 —
1712 3645 1762 3669 Pro
1782 3645 1903 3674 duratio,
1924 3645 2062 3678 dispositi«)
2081 3644 2157 3670 codd.
2171 3652 2224 3670 exc.
2237 3645 2269 3670 Α.

2525 3227 2537 3239 ⁸
2551 3228 2599 3249 m
2620 3232 2669 3250 οιιι.
2683 3232 2738 3256 ηις

2525 3253 2582 3277 item
2597 3253 2637 3276 un.
2651 3259 2703 3282 aeq.

2524 3312 2536 3323 ⁸
2549 3310 2631 3334 unda
2643 3317 2692 3334 om.
2702 3316 2726 3334 Α.

2525 3337 2740 3388 §.rit-,affl

2527 3398 2550 3414 ii.
2562 3397 2586 3414 ιο
2601 3397 2654 3421 sqq.
2731 3380 2741 3392 ⁹
