2690 4062
283 268 353 293 CXX

284 343 384 367 tatem
409 332 535 365 humidi
553 331 735 372 extrinseci,
752 331 836 364 sicut
852 338 942 374 patet
965 328 1097 373 quando
1115 339 1227 360 carnes
1252 326 1350 360 deco-

284 386 430 422 quuntur
458 376 569 410 elixae.
594 376 746 420 Digestio
771 384 880 408 autem
912 374 1058 418 hepsesis
1087 372 1123 405 fit
1146 371 1185 404 ab
1209 370 1348 404 humido

283 422 482 455 extrinseco:
507 433 545 454 ea
569 421 657 454 enim
677 432 760 465 quae
784 419 952 458 elixantur,
976 417 1144 461 patiuntur
1168 428 1185 449 a
1209 415 1265 448 tali
1288 414 1349 448 hu-

283 466 373 500 mido
382 478 391 507 ;
417 466 501 499 sicut
531 477 549 498 e
574 476 734 498 converso
769 476 806 497 ea
831 474 913 508 quae
949 470 1098 494 assantur
1121 461 1155 493 in
1186 459 1348 499 frixoriis,

283 519 385 555 agunt
408 510 441 543 in
457 511 568 554 ipsum
591 509 766 542 humidum
783 516 994 547 unctuosum,
1011 507 1121 549 ipsum
1140 505 1175 537 in
1190 516 1224 537 se
1241 503 1350 537 absor-

282 555 408 588 bendo:
426 555 595 599 patiuntur
610 563 720 587 autem
736 565 754 586 a
770 553 857 585 sicco
876 550 981 584 calido
997 550 1093 593 ignis.
1111 549 1153 583 Et
1168 550 1202 582 in
1215 549 1348 592 signum

282 599 381 633 huius
400 598 480 632 frixa
496 607 573 632 sunt
588 599 691 642 magis
711 598 795 630 sicca
819 596 958 629 exterius
979 603 1010 627 et
1033 593 1169 627 humida
1193 594 1346 626 interius:

283 644 365 677 elixa
387 655 467 677 vero
487 655 504 676 e
529 643 690 676 contrario
707 650 784 674 sunt
807 639 942 673 humida
963 639 1114 679 exterius,
1136 638 1212 682 quia
1232 637 1348 670 hume-

281 688 366 721 fiunt
382 687 420 721 ab
445 687 638 721 humiditate
656 687 898 725 circumstante,
923 692 955 717 et
974 684 1078 727 magis
1098 683 1183 715 sicca
1200 683 1347 722 interius,

283 734 359 777 quia
382 743 440 776 per
455 732 617 765 actionem
640 729 767 763 humidi
784 729 967 769 extrinseci,
983 728 1051 760 sive
1069 726 1240 760 caliditatis
1264 727 1346 768 eius,

307 776 424 810 erdunt
447 775 620 809 humidum
644 775 816 819 proprium
840 782 873 806 et
896 784 964 806 non
995 772 1061 805 reci
1087 772 1159 805 iunt
1183 771 1344 804 alienum:

294 822 360 855 rixa
374 832 451 854 vero
467 821 607 853 retinent
618 819 790 863 proprium
802 827 835 851 et
851 817 1035 861 suscipiunt
1050 828 1067 850 a
1081 817 1204 850 ienum.
1220 816 1346 850 Omnia

281 866 380 909 igitur
404 875 541 908 corpora
587 875 647 897 uae
671 862 792 896 habent
819 861 963 895 multum
986 860 1183 902 humidum,
1207 869 1240 894 et
1263 860 1345 894 bene

281 909 431 954 passibile
455 921 472 942 a
503 876 607 942 calido
632 907 722 952 quod
751 915 800 940 est
823 908 856 940 in
881 905 1019 939 humido
1043 907 1244 946 extrinseco,
1269 914 1346 938 sunt

281 953 448 993 elixabilia,
464 961 500 986 ut
518 964 641 994 carnes,
658 953 775 996 pisces,
792 950 866 984 olus
886 960 919 984 et
942 950 1150 984 huiusmodi:
1169 961 1344 995 quaecum-

281 1010 344 1043 que
367 1008 445 1031 vero
468 1008 537 1030 non
561 996 682 1030 habent
705 995 850 1029 multum
873 994 1060 1036 humidum,
1080 1004 1116 1028 ut
1136 994 1272 1039 lapides,
1289 1003 1346 1028 aut

280 1044 307 1076 si
330 1041 450 1075 habent
473 1041 564 1082 illud,
580 1053 648 1074 non
665 1049 714 1074 est
737 1040 819 1074 bene
843 1039 997 1085 passibile
1017 1048 1049 1073 et
1065 1039 1225 1073 educibile
1249 1051 1268 1072 a
1292 1051 1343 1072 ca-

278 1086 400 1120 liditate
425 1087 613 1126 extrinseca,
630 1086 715 1119 sicut
729 1085 751 1118 li
800 1097 828 1126 a,
847 1096 916 1118 non
933 1093 1011 1118 sunt
1025 1084 1194 1118 elixabilia.
1213 1084 1343 1124 Quam-

278 1132 327 1165 vis
358 1130 579 1175 metaphorice
610 1130 714 1164 multa
744 1130 806 1163 aia
836 1129 985 1163 dicantur
1017 1130 1083 1174 pati
1111 1128 1277 1173 hepsesim
1312 1137 1344 1162 et

279 1175 408 1215 elixari,
439 1176 524 1208 sicut
547 1186 663 1208 aurum
687 1183 720 1208 et
753 1174 842 1218 ligna
865 1183 898 1208 et
921 1173 1025 1207 rnulta
1049 1173 1131 1207 alia:
1161 1185 1244 1219 quae
1267 1173 1343 1207 licet

278 1220 409 1264 proprie
427 1231 496 1253 non
513 1219 681 1260 elixentur‚
697 1228 808 1253 tamen
824 1227 986 1253 vocantur
1005 1217 1087 1252 elixa
1103 1230 1161 1263 per
1177 1218 1343 1263 quandam

278 1263 536 1305 similitudinem,
553 1276 593 1297 eo
609 1263 700 1308 quod
723 1275 790 1297 non
811 1272 888 1297 sunt
911 1263 1019 1297 adhuc
1035 1264 1190 1308 imposita
1205 1264 1342 1297 nomina

278 1308 431 1342 omnibus
455 1308 644 1342 differentiis
668 1320 787 1342 rerum.
808 1309 939 1342 Dicitur
962 1317 1072 1341 autem
1089 1307 1200 1341 elixati
1224 1319 1342 1341 aurum

276 1353 329 1386 vel
352 1352 490 1397 lignum,
514 1354 710 1398 inquantum
732 1354 852 1387 virtute
877 1353 962 1397 ignis
986 1352 1162 1386 humidum
1186 1354 1342 1386 extrinse-

278 1409 353 1430 cum
377 1397 503 1431 exhalat
527 1407 560 1431 et
583 1407 750 1442 separatur
772 1397 811 1431 ab
837 1398 892 1431 eis.
911 1397 1039 1431 Eodem
1055 1397 1159 1431 modo
1180 1397 1342 1431 elixantur

276 1441 422 1484 humida,
442 1442 565 1476 scilicet
587 1452 735 1476 mustum
759 1452 791 1476 et
814 1442 874 1484 lac,
891 1443 1088 1488 inquantum
1111 1443 1232 1477 virtute
1255 1443 1341 1487 ignis

977 248 1567 289 METEOROLOGICORUM
1596 248 1692 285 LIB.
1723 248 1775 285 IV

1406 338 1423 359 a
1447 334 1559 358 musto
1584 333 1753 369 separatur
1776 324 1955 359 humidum
1972 336 2116 367 aereum,
2133 335 2165 360 et
2181 338 2199 360 a
2215 326 2299 361 lacte
2315 338 2485 373 separatur

1406 382 1527 403 serum.
1553 370 1644 403 Dicit
1674 378 1785 403 autem
1810 369 1901 414 quod
1925 369 2000 403 finis
2024 382 2094 404 non
2123 380 2173 404 est
2203 371 2292 406 idem
2315 373 2350 406 in
2377 374 2484 408 omni-

1405 415 1465 448 bus
1490 414 1627 454 elixatis,
1651 415 1738 447 sicut
1761 423 1830 447 erat
1853 415 2006 458 superius
2030 416 2065 448 in
2089 415 2152 449 alia
2177 415 2380 461 digestione:
2406 419 2484 464 quia

1404 459 1466 492 alia
1490 458 1652 492 elixantur
1675 458 1716 492 ad
1740 470 1846 500 esum,
1867 459 1929 492 alia
1954 459 1995 493 ad
2019 459 2238 495 sorbitionem
2262 471 2323 496 etc.

1456 502 1655 537 Notandum
1680 511 1730 537 est
1753 503 2068 548 autem’diligenter
2099 505 2191 550 quod
2222 507 2257 539 in
2279 505 2346 541 fine
2374 516 2483 542 textus

1403 548 1523 581 ultimo
1541 547 1719 588 concludit,
1733 548 1825 593 quod
1845 549 1906 581 ista
1922 548 2064 593 digestio
2080 549 2118 583 fit
2133 558 2202 584 tam
2218 563 2237 584 a
2251 560 2370 586 natura
2382 564 2484 598 quam

1403 593 1442 626 ab
1459 601 1526 626 arte
1543 601 1680 636 propter
1696 592 1836 626 eandem
1853 605 1996 627 causam.
2013 594 2102 628 Nam
2119 595 2205 629 sicut
2220 607 2280 640 per
2295 605 2399 630 artem
2416 609 2484 631 car-

1402 648 1461 670 nes
1479 637 1641 670 elixantur
1652 636 1692 670 ab
1705 637 1845 672 humido
1859 638 2102 680 circumstante,
2116 640 2161 673 ita
2173 649 2290 675 natura
2306 640 2483 676 humidum

1402 681 1636 715 nutrimentale
1655 682 1690 715 in
1711 683 1823 726 pueris
1854 682 1971 727 digerit
1992 695 2051 728 per
2076 684 2254 719 humidum
2279 694 2310 719 et
2338 686 2483 721 calidum
2511 695 2520 704 ·

1403 725 1641 760 circumfusum
1667 728 1695 759 *.
1721 726 1775 761 Ad
1797 739 1934 761 sensum
1955 729 2046 762 enirn
2079 729 2292 764 manifestum
2315 740 2378 765 est*
2391 732 2483 777 quod

1401 772 1436 804 in
1459 771 1570 815 pueris
1590 779 1623 804 et
1642 771 1836 806 mulieribus
1860 781 1911 806 est
1933 774 2040 807 maior
2064 773 2256 816 humiditas,
2301 787 2363 810 uae
2387 777 2483 822 quasi

1401 816 1499 850 elixat
1515 815 1693 849 humidum
1710 816 1784 850 cibi.
1798 817 1840 851 Et
1856 817 1922 851 hoc
1935 818 2035 853 etiam
2051 818 2171 853 accidit
2188 820 2222 854 in
2238 787 2480 865 phlegmatici&

1454 870 1483 893 2.
1504 859 1635 894 Deinde
1659 872 1737 894 cum
1761 861 1858 895 dicit:
1881 862 2037 915 MQlynsis
2059 870 2162 898 autem
2185 874 2261 907 etc.,
2285 865 2483 900 determinat

1401 904 1441 938 de
1458 905 1567 956 specie
1584 904 1817 949 indigestionis
1841 916 1998 951 opposita
2013 907 2157 953 hepsesi,
2174 922 2259 962 quae
2283 910 2403 945 dicitur
2417 923 2482 946 mo-

1401 949 1504 995 lynszs.
1522 950 1565 983 Et
1581 949 1660 983 dicit
1701 949 1770 984 uod
1787 950 1952 996 molynsis
1966 961 2022 989 est
2037 953 2106 988 indi
2131 963 2216 989 estio
2233 954 2363 990 humidi
2378 956 2480 991 inter-

1399 994 1515 1028 minati
1539 994 1649 1040 (quod
1727 1004 1800 1029 tum
1823 1005 1874 1030 est
1896 1008 1969 1030 esse
1993 997 2108 1032 elixab'
2124 998 2176 1051 e),
2198 1009 2330 1035 causata
2345 1010 2483 1046 propter

1400 1038 1566 1073 defectum
1597 1039 1770 1074 caliditatis
1802 1042 1970 1075 existentis
2001 1043 2036 1076 in
2059 1042 2201 1078 humido
2231 1045 2480 1080 circumstante:

1398 1083 1472 1117 talis
1499 1092 1611 1118 autem
1635 1083 1782 1119 defectus
1807 1085 1979 1120 caliditatis
2005 1096 2056 1122 est
2077 1087 2250 1133 frigiditas,
2270 1090 2358 1124 sicut
2382 1101 2482 1135 supra

1399 1128 1526 1163 dictum
1545 1138 1605 1162 est.
1623 1129 1665 1163 Et
1680 1130 1742 1163 ist'a
1758 1130 1937 1176 indigestio
1954 1131 2074 1166 accidit
2115 1142 2228 1178 ropter
2244 1133 2326 1169 duas
2349 1146 2479 1171 causas:

1399 1182 1456 1207 aut
1478 1175 1496 1221 *f
1519 1173 1644 1208 scilicet
1666 1184 1804 1220 propter
1826 1177 2024 1221 parvitatem
2054 1144 2172 1212 cal'oris
2196 1179 2232 1212 in
2255 1179 2396 1214 humido
2421 1180 2483 1214 cir-
2509 1187 2520 1198 ‘

1399 1227 1596 1260 cumstante,
1611 1228 1668 1253 aut
1691 1229 1829 1265 propter
1851 1220 2102 1257 multitudinem
2131 1222 2262 1258 humidi
2286 1218 2480 1269 digerendi,

1397 1263 1490 1342 quod
1514 1275 1532 1298 a
1549 1275 1652 1308 parvo
1669 1264 1778 1299 calore
1801 1276 1872 1299 non
1887 1275 1999 1311 potest
2023 1266 2174 1302 obtineri.
2192 1269 2234 1303 Et
2258 1278 2396 1315 propter
2407 1269 2482 1305 *hoc

1420 1309 1531 1342 uriora
1552 1318 1631 1343 sunt
1662 1321 1747 1361 quae
1771 1311 1944 1355 patiuntur
1966 1311 2037 1346 mol
2062 1313 2166 1354 nsim3
2214 1325 2292 1348 uam
2316 1326 2403 1360 quae
2425 1326 2483 1360 pa-

1397 1354 1525 1387 tiuntur
1548 1353 1590 1388 he
1616 1365 1732 1396 ses1m;
1758 1355 1836 1400 quia
1860 1367 1982 1400 parvus
2007 1368 2044 1391 ca
2057 1368 2097 1392 or
2113 1357 2204 1392 disso
2218 1359 2267 1393 vit
2289 1358 2480 1402 humidum,

1396 1398 1454 1433 sed
1478 1410 1548 1433 non
1565 1411 1582 1433 e
1607 1400 1690 1433 ucit:
1708 1408 1741 1434 et
1757 1399 1834 1434 ideo
1851 1401 1972 1436 iterum
1988 1403 2094 1447 magis
2116 1402 2310 1448 congelatur
2333 1413 2367 1439 et
2384 1399 2480 1451 quasi

1398 1443 1656 1488 conglutinatur,
1677 1453 1710 1479 et
1733 1444 1884 1480 duriores
1908 1458 1960 1481 res
1984 1445 2071 1481 facit.
