2690 4062
1077 216 1189 253 CAP.
1220 217 1290 264 IX,
1321 217 1474 254 LECT.
1503 218 1540 255 x

265 290 428 332 στασθαι,
448 291 497 333 τῷ
514 291 704 334 λειπομένῳ
731 291 845 335 τρόπῳ
871 291 1108 337 συνεπλήρωσε
1135 293 1174 327 τό
1195 291 1271 326 ὅλον

265 337 283 369 0'
300 333 389 376 θεός,
408 335 575 380 ἔντελεχῆ
602 335 750 375 ποιήσας
771 336 836 372 τήν
854 335 1004 382 γένεσιν·
1031 336 1122 370 οὕτω
1147 337 1212 384 γάρ
1231 337 1271 370 ἀν

265 379 422 425 μάλιστα
446 381 633 423 συνείροιτο
659 379 700 412 τό
725 376 815 412 εἶναι
839 375 900 412 διά
924 381 965 413 τό
984 378 1168 428 ἐγγύτατα
1186 379 1272 414 εἶναι

266 424 330 462 τῆς
356 423 472 461 οὐσίας
499 424 541 456 ‘ro'
557 422 711 470 γίνεσθαι
732 424 786 456 ἀεὶ
810 427 867 456 καὶ
885 425 951 462 τη“ν
968 425 1112 471 γένεσιν.
1140 426 1271 459 Τούτου

265 468 296 500 δ’
326 469 452 507 αἴτιον,
479 466 591 511 ὥσπερ
617 469 750 511 εἴρηται
775 468 956 510 πολλάκις,
985 470 1006 506 ἡ
1031 469 1141 511 κύκλῳ
1167 471 1270 515 φοραί·

266 512 351 557 μόνη
402 511 441 556 ἀρ
466 511 623 558 συνεχής.
662 512 719 545 Διό
743 514 803 544 καὶ
827 510 943 545 τᾶλλα
969 512 1034 546 ὅσα
1058 514 1272 557 μεταβάλλει

265 558 312 595 εἰς
337 524 472 594 ἄλληλα
502 557 600 589 κατα
625 557 673 589 τοὶ
698 555 791 594 ποίθη
820 559 879 589 καὶ
905 559 969 595 τοὶς
995 553 1175 602 δυνάμεις,
1203 559 1272 590 οἷον

266 603 315 634 τοὶ
339 602 439 634 οἱπλὸἰ
463 600 626 646 σώματα,
646 605 802 646 μιμεῖται
819 600 883 638 τήν
908 601 1019 643 κύκλῳ
1037 602 1160 646 φοροίν·
1188 601 1272 635 ὅταν

264 645 331 693 γάρ
356 645 392 687 ἐξ
419 641 547 684 ὕδατος
579 645 644 686 ἀήρ
669 644 816 691 γένηται
848 647 907 678 καὶ
931 645 966 687 ἐξ
993 645 1089 688 ἀέρος
1118 647 1181 690 πῦρ
1213 649 1272 679 καὶ

267 690 372 723 πάλιν
397 691 435 722 ἐκ
460 690 562 734 πυρὸς
587 685 693 733 ὕδωρ,
717 690 829 730 κύκλῳ
855 692 964 744 φαμὲν
995 689 1272 734 περιεληλυθέναι

265 737 333 773 τήν
358 734 489 781 γένεσιν
514 729 574 767 διοὶ
598 734 641 767 τὸ
666 734 769 767 πσίλιν
796 733 1049 779 ἀνακαμπτειν.
1086 734 1190 768 Ὥστε
1214 737 1272 767 καὶ

241 777 248 783 ’
264 780 286 817 ἧ
312 779 428 814 εὐθεῖα
451 780 540 823 φοραὶ
563 778 752 824 μιμουμένη
779 779 844 817 τήν
868 779 978 821 κύκλῳ
1004 779 1146 826 συνεχής
1164 777 1270 813 ἐστιν.

190 822 285 869 ’Ἅμα
315 819 354 856 δὲ
377 818 484 860 δῆλον
516 825 554 856 ἐκ
586 822 720 856 τούτων
747 823 764 856 ὅ
789 835 877 862 τινες
913 822 1122 869 ἀποροῦσιν,
1147 819 1208 858 διαὶ
1238 827 1273 857 τί

266 867 416 901 ἑκάστου
437 868 504 900 τῶν
523 867 693 912 σωμσίτων
711 869 756 907 εἰς
773 868 839 906 τήν
858 869 985 902 οἰκείαν
1003 869 1183 914 φερομένου
1207 868 1273 916 χῶ-

263 924 326 956 ραν
352 913 386 946 ὲν
412 913 460 954 τῷ
488 912 612 955 ἀπείρῳ
644 912 751 959 χρόνῳ
782 914 821 946 οὐ
845 908 1004 947 διεστᾶσι
1029 916 1078 947 τοὶ
1109 914 1156 947 σαί
1186 926 1271 947 ατα.

264 958 380 990 Δῐτιον
404 958 471 1003 γαρ
498 957 628 990 τούτου
661 959 755 990 ἐστὶν
781 960 802 996 ἡ
828 958 874 996 εἰς
901 959 1035 997 ἄλληλα
1059 959 1153 1013 μετά
1179 971 1271 997 ασις·

264 1001 294 1034 εἰ
317 1003 384 1048 γαρ
414 1002 564 1035 ἕκαστον
598 1001 712 1046 ἔμενεν
738 1001 772 1035 ἑν
798 1004 844 1046 τῇ
872 1004 982 1036 αὐτοῦ
1039 1016 1110 1049 ωρᾳ
1141 1006 1200 1036 καὶ
1226 1003 1272 1048 μή

291 1046 478 1087 ετέβαλλεν
504 1047 570 1079 ὑπὸ
597 1047 661 1079 τοῦ
687 1048 843 1090 πλησίον,
870 1043 936 1086 ἤδη
965 1047 1004 1082 ὀὶν
1053 1048 1271 1086 ιεστήκεσαν.

263 1058 492 1132 ᾗεταβοίλλει
513 1093 581 1136 Ιμὲν
607 1089 665 1124 οὖν
691 1087 750 1124 διαὶ
774 1093 841 1130 τήν
890 1092 970 1135 οροὶν
995 1087 1121 1131 διπλῆν
1148 1091 1271 1126 οὖσαν·

263 1130 324 1168 διαὶ
347 1131 385 1168 δὲ
410 1136 453 1169 τὸ
477 1135 713 1180 μεταβάλλειν
741 1134 801 1169 ούκ
831 1102 1012 1193 ἐνδέχεται
1037 1137 1146 1184 μένειν
1173 1133 1272 1170 οὐδέν

263 1178 442 1222 αὗτῷν,ἇν
468 1175 612 1224 οὐδεμιᾷ
635 1180 730 1226 χώρᾳ
755 1194 968 1229 τεταγμενῃ.
1009 1182 1103 1216 Διότι
1128 1183 1188 1227 μὲν
1214 1180 1272 1216 οὖν

254 1223 341 1257 ‘tim
364 1224 494 1271 γένεσις
517 1227 577 1257 καὶ
602 1224 710 1301 Ἑθοραὶ
736 1228 795 1258 και)ι
820 1222 880 1260 διαὶ
905 1227 967 1260 τίν’
996 1228 1128 1268 αἰτίαν,
1153 1229 1211 1258 καὶ
1238 1229 1272 1260 τί

263 1270 307 1302 τό
331 1269 477 1316 γενητὸν
501 1271 560 1302 καὶ
585 1281 606 1314 φ
631 1269 749 1314 αρτόν,
769 1271 910 1317 φανερὸν
929 1271 966 1304 ἐκ
990 1273 1058 1305 τῶν
1076 1270 1270 1316 εἰρημένων.

191 1355 290 1395 ’,Επεὶ
314 1352 345 1390 δ’
375 1357 508 1405 ἀνάγκη
542 1355 628 1391 εἶναί
654 1371 689 1391 τι
714 1361 757 1393 τό
781 1360 918 1402 κινοῦν,
949 1360 978 1392 εἱ
1002 1363 1129 1398 κίνησις
1156 1359 1269 1402 ἔσται,

262 1401 376 1447 ὥσπερ
401 1404 536 1448 εἴρηται
561 1402 726 1448 πρότερον
751 1401 785 1436 έν
811 1404 952 1449 ἑτέροις,
978 1407 1036 1437 καὶ
1062 1405 1091 1437 εἰ
1117 1404 1190 1446 ἀεί,
1218 1403 1273 1438 ὅτι

265 1444 319 1480 ἀεί
337 1458 372 1480 τι
389 1442 443 1480 δεῖ·
458 1445 558 1490 εἶναι,
575 1449 634 1480 καὶ
659 1449 690 1481 εἰ
713 1449 870 1494 συνεχής,
890 1450 923 1481 ἓν
942 1449 982 1482 τό
1002 1449 1094 1483 αύτό
1117 1451 1176 1481 καὶ
1199 1449 1271 1482 ἀκί-

262 1503 366 1530 νητον
390 1494 449 1524 καὶ
469 1491 638 1539 ἀγένητον
658 1495 716 1526 καὶ
736 1494 988 1527 ἀναλλοίωτον·
1013 1496 1072 1527 καὶ
1089 1494 1117 1526 εἰ
1135 1495 1271 1533 πλείους

262 1533 330 1569 εἶεν
355 1539 391 1569 αί
415 1536 526 1579 κύκλῳ
550 1536 712 1579 κινήσεις,
739 1539 875 1577 πλείους
899 1538 972 1583 μέν,
997 1538 1111 1576 παίσας
1137 1533 1176 1572 δέ
1201 1551 1270 1577 πως

261 1577 351 1613 εἶναι
375 1580 513 1620 ταύτας
539 1580 674 1629 ἀνάγκη
700 1584 768 1616 ύπό
793 1585 874 1627 μίαν
901 1582 1029 1628 ἀρχήν·
1055 1584 1216 1628 συνεχοῦς
1237 1579 1266 1616 δ’

263 1624 362 1663 ὄντος
387 1627 452 1658 τοῦ
476 1625 599 1672 χρόνου
625 1626 758 1674 ἀνάγκη
785 1628 850 1665 την
875 1630 1004 1666 κίνησιν
1024 1629 1152 1674 συνεχῆ
1168 1624 1268 1670 εἶναι,

261 1670 356 1714 αἴπερ
373 1664 549 1704 ἀδύνατον
565 1671 685 1728 χρόνον
702 1674 794 1718 χορὶς
810 1671 972 1711 κινήσεως
986 1669 1092 1706 εἶναι·
1110 1674 1270 1719 συνεχοῦς

262 1713 329 1758 ἄρα
353 1716 444 1754 τινὸς
471 1712 608 1761 ἀριθμος
634 1718 652 1749 ὁ
675 1716 813 1763 χρόνος·
839 1719 903 1756 τῆς
926 1716 1036 1759 κύκλῳ
1063 1717 1144 1763 ἀρα,
1162 1717 1271 1751 καθαί-

261 1770 324 1804 πιρ
349 1759 384 1792 ἐν
410 1764 482 1799 τοῖς
508 1761 542 1794 ἐν
570 1762 659 1807 ἀρχῇ
684 1761 799 1809 λόγοις
823 1757 995 1807 διωρίσθη.

193 1848 275 1887 luva
302 1847 342 1887 ἧς
365 1843 395 1880 δ’
416 1849 438 1886 η’
458 1852 586 1889 κίνησις
611 1851 758 1896 πότερον
777 1852 825 1893 τῷ
844 1851 886 1883 τὸ
910 1850 1107 1896 κινούμενον
1132 1851 1269 1907 συνεχὲς

261 1860 351 1927 εἶναι
375 1892 398 1931 ἢ
424 1895 472 1937 τῷ
499 1895 542 1928 τό
567 1895 602 1927 ἑν
628 1895 653 1938 ᾤ
677 1899 840 1938 κινεῖται,
867 1896 937 1930 οἷον
963 1895 1023 1929 τᾶν
1049 1895 1157 1930 τόπον
1180 1897 1269 1943 λεγω

221 1958 240 1976 x
260 1938 283 1977 ἥ
308 1937 350 1971 τὸ
373 1937 498 1980 καίθος;

191 1976 299 2020 δῆλον
326 1977 372 2021 δή
407 1981 463 2016 ὅτι
495 1984 544 2025 τῷ
577 1984 619 2017 τὸ
652 1983 867 2029 κινούμενον·
894 1986 965 2024 πῶς
995 1985 1059 2032 γοίρ
1093 1985 1135 2018 τό
1161 1984 1269 2023 ποίθος

259 2027 396 2074 συνεχὲς
423 2025 499 2060 ἀλλ’
521 2027 542 2066 ἥ
565 2030 613 2071 τῷ
641 2029 682 2063 ‘ro'
709 2031 852 2076 πρᾶγμα
875 2029 899 2072 ᾦ
917 2029 1108 2075 συμβέβηκε
1134 2029 1271 2075 συνεχὲς

207 2091 210 2093 ⁴
259 2070 369 2114 εἶναις
403 2073 432 2104 εἰ
464 2068 502 2106 δὲ
534 2076 593 2106 καὶ
624 2075 673 2116 τῷ
698 2075 733 2106 ἐν
759 2074 802 2116 ᾧ,
829 2073 918 2119 μόνῳ
950 2075 1059 2108 τοῦτο
1092 2076 1141 2116 τῷ
1174 2075 1270 2116 τόπῳ

259 2116 430 2164 ὑπάρχει·
457 2117 599 2164 μέγεθος
625 2118 690 2166 γοίρ
717 2130 752 2151 τι
776 2119 862 2165 ἔχει,
890 2120 1018 2152 τούτου
1036 2115 1073 2152 δὲ
1091 2119 1134 2151 τὰ
1158 2119 1269 2161 κύκλῳ

258 2161 362 2208 μόνον
386 2162 538 2218 συνεχές,
561 2163 652 2196 ὥστε
679 2163 768 2196 αὐτὸ
794 2164 890 2205 αύτῷ
912 2163 963 2197 ἀεὶ
981 2163 1130 2209 συνεχές.
1158 2165 1270 2197 Τοῦτο

226 2211 228 2215 ’
260 2208 327 2252 ἄρα
351 2207 446 2239 ἐστὶν
471 2220 488 2240 ο
515 2212 608 2240 ποιεῖ
633 2209 760 2254 συνεχῆ
794 2211 941 2250 κίνησιν,
968 2209 1008 2242 τό
1034 2209 1145 2250 κύκλῳ
1170 2209 1270 2252 σῶμα

258 2249 460 2297 ᾠιρόμενον·
487 2253 508 2289 ἡ
534 2247 572 2284 δὲ
596 2255 724 2291 κίνησίς
749 2253 810 2286 τὸν
835 2252 967 2298 χρόνον.

464 2353 476 2375 ι

330 2414 340 2424 ,
364 2402 373 2428 ;
393 2411 397 2416 ,
419 2416 422 2422 ,
452 2393 607 2429 ostquam
617 2384 843 2430 Philosophus
857 2385 1086 2419 determinavit
1098 2384 1139 2419 de
1155 2385 1272 2430 princi-

274 2438 277 2445 ·
318 2452 334 2460 0
406 2427 426 2455 ἕ*
450 2430 514 2473 piis
525 2430 747 2474 generationis
763 2429 991 2463 universaliter
1006 2429 1190 2463 secundum
1203 2430 1271 2474 opi-

318 2467 323 2478 ⁸
395 2500 433 2519 η,
449 2474 586 2508 nionem
603 2486 708 2515 suam,
725 2483 758 2508 et
773 2474 960 2526 reprobavit
975 2475 1075 2508 etiam
1095 2475 1270 2519 opiniones

348 2560 350 2563 v
380 2523 397 2562 ᾗ
414 2516 430 2558 ξ,
449 2518 589 2552 aliorum
613 2519 654 2553 de
682 2520 847 2564 principio
870 2528 1044 2560 movente,
1066 2518 1121 2552 hic
1147 2520 1271 2563 specia-

449 2562 523 2596 liter
539 2564 676 2609 inquirit
690 2563 731 2598 de
747 2565 832 2608 ipso.
850 2564 892 2597 Et
909 2565 993 2597 circa
1009 2563 1074 2597 hoc
1096 2563 1163 2598 duo
1178 2563 1270 2597 facit:

192 2606 302 2651 primo
313 2606 510 2642 determinat
522 2608 562 2642 de
574 2609 666 2653 ipso;
679 2608 828 2642 secundo
838 2609 922 2642 circa
933 2608 1147 2642 determinata
1158 2617 1272 2642 movet

215 2650 352 2684 uasdam
369 2653 592 2696 quaestiones,
609 2653 672 2687 ibi:
693 2653 851 2696 Quoniam
866 2659 967 2687 autem
982 2654 1016 2687 in
1031 2654 1167 2688 continue
1178 2653 1194 2670 ”¹
1207 2662 1267 2687 etc.

223 2695 290 2729 irca
305 2696 452 2740 primum
468 2696 536 2732 duo
553 2697 648 2731 facit:
673 2699 782 2743 primo
799 2698 878 2732 dicit
901 2698 982 2743 quid
1002 2707 1052 2731 est
1091 2699 1268 2743 rincipium

191 2751 332 2774 movens
350 2740 391 2775 ad
406 2742 674 2786 generationem
693 2742 840 2777 secundo
857 2743 975 2787 probat
990 2710 1159 2788 quoddam
1176 2742 1268 2788 quod

191 2794 424 2830 supposuerat,
443 2786 506 2820 ibi:
533 2786 690 2830 Quoniam
714 2794 816 2821 autem
837 2799 948 2822 necesse
963 2787 979 2804 *
1003 2796 1064 2821 etc.
1083 2788 1180 2822 Circa
1203 2789 1268 2832 pri-

191 2840 288 2863 mum
310 2829 378 2864 duo
402 2829 496 2864 facit:
521 2832 630 2876 primo
655 2832 800 2866 ostendit
822 2832 915 2877 quod
937 2844 1077 2866 movens
1101 2832 1142 2866 ad
1165 2844 1266 2876 gene-

191 2874 356 2908 mtionem
378 2884 428 2909 est
443 2885 556 2910 motus
574 2876 687 2910 circuli
703 2877 869 2918 caelestis,
894 2889 934 2910 ex
950 2889 1018 2922 quo
1035 2878 1134 2911 etiam
1150 2876 1268 2921 probat

193 2919 445 2954 continuitatem
461 2922 682 2965 generationis
695 2930 728 2955 et
742 2922 980 2966 corruptionis;
997 2921 1144 2955 secundo
1157 2931 1267 2955 osten-

193 2962 241 2998 dit
255 2963 345 2998 idem
361 2976 402 2998 ex
417 2974 509 3010 parte
525 2965 611 3007 finis,
630 2966 695 3000 ibi:
713 2966 833 3012 Semper
849 2978 919 3001 vero
935 2973 970 3000 ut
985 2967 1097 3001 dictum
1117 2972 1159 3000 est
1173 2966 1189 2983 *
1205 2975 1265 3000 etc.

193 3007 291 3043 Circa
313 3010 459 3053 primum
483 3010 551 3044 duo
574 3010 668 3045 facit:
693 3012 802 3056 primo
836 3010 915 3045 dicit
943 3011 1034 3056 quod
1062 3022 1201 3044 movens
1226 3011 1267 3044 ad

214 3054 440 3088 enerationem
463 3063 513 3088 est
528 3064 640 3089 motus
665 3055 778 3089 circuli
797 3056 962 3096 caelestis;
985 3055 1132 3089 secundo
1157 3064 1266 3089 osten-

191 3064 242 3132 {it
253 3099 326 3142 quis
346 3098 458 3142 sit-ille
472 3109 596 3140 motuS,
609 3100 672 3134 ibi:
693 3100 850 3143 Quoniam
865 3107 967 3134 autem
978 3101 1164 3146 suppositum
1175 3102 1193 3122 *
1204 3109 1266 3134 etc.

193 3140 291 3176 Circa
313 3144 460 3188 primum
476 3143 544 3179 duo
568 3144 661 3178 facit:
687 3146 796 3189 primo
813 3146 992 3190 proponit;
1017 3144 1164 3179 secundo
1188 3156 1265 3189 pro-

191 3185 259 3227 bat,
275 3186 338 3221 ibi:
364 3188 463 3222 Simul
485 3196 587 3223 autem
609 3190 803 3268 maniifestum
825 3190 841 3207 *
865 3199 925 3222 etc.

238 3231 330 3265 Dicit
353 3244 388 3266 er
412 3245 433 3266 o
457 3234 578 3277 primo,
600 3246 668 3279 quo
715 3234 811 3267 nobis
835 3233 1023 3267 volentibus
1046 3233 1266 3267 universalem

193 3286 326 3309 causam
350 3289 368 3310 e
407 3278 549 3312 cientem
572 3287 751 3323 perpetuae
774 3279 995 3322 generationis
1015 3278 1222 3311 manifestare
1238 3278 1265 3318 *‚

192 3331 255 3365 sup
281 3321 414 3356 onenda
423 3331 502 3356 sunt
517 3335 555 3356 ea
572 3335 656 3368 quae
669 3323 754 3357 dicta
771 3331 849 3356 sunt
864 3322 1091 3356 universaliter
1103 3322 1142 3356 de
1159 3322 1265 3355 causis

192 3364 228 3398 in
269 3366 284 3399 I
306 3366 434 3418 Physic„
452 3376 484 3401 et
508 3379 546 3401 ea
571 3380 655 3419 quae
680 3367 764 3401 dicta
789 3376 866 3400 sunt
890 3367 929 3400 de
954 3367 1108 3407 allatione,
1136 3367 1193 3412 qui
1217 3375 1266 3400 est

192 3417 304 3444 motus
329 3411 441 3445 circuli
465 3411 631 3446 caelestls:
657 3411 918 3446 demonstratum
943 3420 992 3444 est
1015 3411 1104 3444 enim
1128 3412 1162 3444 in
1182 3411 1266 3445 VIII

247 3562 275 3596 α)
295 3563 347 3588 His
365 3567 463 3589 autem.
481 3577 501 3585 -
519 3563 604 3589 tribus
623 3563 681 3588 add.
697 3562 752 3588 Cab
771 3567 797 3588 et
815 3563 844 3588 Β.
857 3562 989 3593 Albertus‚
1004 3563 1050 3587 sed
1068 3562 1110 3587 hic
1129 3562 1269 3596 assignavit

192 3598 297 3623 tertium
311 3599 528 3632 supponendum:
543 3608 558 3623 ι
572 3603 598 3624 et
611 3606 641 3624 ea
655 3606 723 3631 quae
737 3598 804 3623 dicta
817 3603 878 3623 sunt
891 3598 933 3623 hic
948 3599 980 3623 de
991 3598 1097 3623 materia
1111 3603 1136 3623 et
1148 3598 1244 3629 forma;
1254 3608 1267 3621 n

2341 234 2400 259 LIII

1394 297 1551 338 principio
1575 297 1699 337 distare,
1714 298 1839 339 reliquo
1860 299 1960 330 modo
1984 301 2158 341 complevit
2181 311 2277 332 omne
2300 302 2399 341 Deus,

1395 341 1581 373 continuam
1605 341 1721 373 faciens
1740 343 1988 383 generationem.
2005 345 2050 375 Ita
2070 345 2155 376 enim
2171 346 2307 377 maxime
2322 357 2399 377 con-

1394 386 1568 418 tinuabitur
1583 396 1662 425 esse,
1677 387 1753 428 quia
1765 388 1909 428 proxime
1924 395 1970 419 est
1984 389 2176 420 substantiae
2192 389 2259 421 fieri
2273 401 2398 431 semper

1395 440 1452 471 per
1474 431 1720 471 generationem.
1745 432 1851 463 Huius
1879 439 1987 464 autem
2018 443 2126 472 causa,
2151 441 2187 465 ut
2209 434 2331 465 dictum
2354 442 2400 466 est

1395 475 1569 514 multoties,
1584 476 1618 506 in
1640 475 1771 507 circuitu
1795 476 1919 507 allatio:
1944 477 2013 507 sola
2029 477 2114 508 enim
2138 478 2298 510 continua.
2323 480 2398 510 Ideo

1396 525 1427 550 et
1444 519 1504 550 alia
1520 530 1742 561 quaecumque
1758 527 2009 552 transmutantur
2027 521 2204 553 adinvicem
2221 524 2399 554 secundum

1395 563 1559 603 passiones
1583 571 1614 595 et
1636 564 1809 605 potentias,
1832 565 1919 596 verbi
1941 565 2040 606 gratia
2063 566 2219 607 simplicia
2247 577 2398 608 corpora,

1394 607 1559 639 imitantur
1587 608 1621 639 in
1656 609 1788 640 circuitu
1821 609 2014 641 allationem.
2050 610 2215 648 Quoniam
2244 611 2330 642 enim
2362 622 2399 643 ex

1395 661 1478 692 aqua
1502 662 1554 682 aer
1576 660 1753 692 generatur,
1778 660 1809 685 et
1827 664 1864 685 ex
1883 664 1953 685 aere
1975 654 2068 694 ignis,
2093 662 2124 686 et
2146 665 2254 686 rursus
2270 666 2308 687 ex
2325 656 2398 696 igne

1395 705 1496 736 aqua,
1519 696 1553 726 in
1576 697 1707 728 circuitu
1731 698 1866 729 dicimus
1890 698 2020 730 circuire
2047 699 2300 740 generationem,
2323 701 2399 741 quia

1395 749 1503 770 rursus
1532 741 1706 772 revertitur.
1735 742 1894 779 Quocirca
1917 750 1947 775 et
1969 750 2053 774 recta
2080 744 2204 783 allatio,
2228 755 2399 786 assequens

1395 794 1467 815 eam
1490 794 1572 825 quae
1594 795 1627 815 in
1652 786 1794 823 circuitu,
1820 787 1971 818 continua
1994 794 2050 819 est.

1327 827 1345 847 *
1361 828 1464 859 Simul
1487 835 1595 860 autem
1618 830 1822 862 manifestum
1846 841 1883 862 ex
1904 832 1953 862 his
1976 832 2066 873 quod
2082 832 2214 874 quidam
2229 840 2397 874 quaerunt,

1395 883 1504 914 quare,
1530 883 1731 915 unoquoque
1755 885 1928 916 corporum
1950 876 1983 906 in
2002 877 2166 917 propriam
2181 877 2276 908 allato
2296 878 2397 918 regio-

1395 928 1486 956 nem,
1510 917 1544 948 in
1567 917 1692 949 infinito
1715 925 1859 959 tempore
1886 930 1953 951 non
1984 921 2100 952 distant
2123 931 2267 962 corpora.
2292 922 2398 953 Causa

1396 962 1483 993 enim
1498 962 1595 993 huius
1608 970 1664 1001 est,
1676 973 1759 1004 quae
1773 964 1949 995 adinvicem
1965 965 2123 999 transitio:
2140 966 2166 996 si
2181 966 2267 997 enim
2279 976 2396 998 unum-

1395 1007 1549 1048 quodque
1573 1014 1714 1038 maneret
1740 1007 1773 1038 in
1801 1019 1859 1039 sua
1881 1009 1980 1049 ipsius
2003 1010 2132 1050 regione
2155 1017 2187 1041 et
2208 1021 2276 1041 non
2298 1018 2397 1042 trans-

1395 1058 1572 1082 mutaretur
1595 1052 1634 1082 ab
1658 1062 1697 1083 eo
1721 1053 1810 1093 quod
1833 1063 1949 1093 prope,
1973 1053 2039 1085 iarn
2062 1054 2172 1096 utique
2196 1055 2395 1087 destitissent.

1396 1096 1666 1127 Transmutantur
1688 1097 1820 1137 quidem
1847 1097 1942 1137 igitur
1971 1105 2101 1139 propter
2128 1099 2311 1130 allationem
2339 1100 2397 1131 du-

1395 1140 1513 1180 plicem
1536 1147 1658 1179 entem;
1682 1141 1757 1181 quia
1775 1152 1851 1172 vero
1874 1148 2134 1182 transmutantur,
2151 1153 2217 1175 non
2242 1144 2398 1185 contingit

1395 1194 1523 1215 manere
1546 1185 1651 1216 ullum
1670 1195 1783 1216 eorum
1798 1186 1831 1216 in
1850 1186 1955 1227 aliqua
1978 1187 2105 1227 regione
2120 1188 2274 1220 ordinata.
2298 1189 2398 1227 Quod

1395 1229 1527 1270 quidem
1558 1229 1654 1270 igitur
1683 1237 1730 1261 est
1763 1231 1924 1270 generatio
1952 1238 1983 1262 et
2014 1232 2176 1273 corruptio
2210 1240 2241 1264 et
2268 1240 2398 1274 propter

1395 1283 1494 1314 quam
1510 1284 1650 1313 causam,
1671 1281 1701 1306 et
1723 1275 1801 1317 quid
1824 1275 2000 1315 generabile
2017 1283 2048 1307 et
2063 1277 2277 1317 corruptibile,
2296 1277 2396 1308 mani-

1394 1318 1512 1350 festum
1535 1329 1572 1349 ex
1594 1319 1643 1350 his
1666 1329 1748 1360 quae
1772 1319 1854 1350 dicta
1877 1327 1960 1351 sunt.

1326 1362 1344 1381 θ
1361 1363 1525 1400 Quoniam
1548 1370 1656 1399 autem
1679 1373 1806 1394 necesse
1825 1370 1871 1395 est
1894 1374 1960 1395 esse
1979 1365 2100 1406 aliquid
2118 1375 2262 1405 movens,
2282 1366 2307 1396 si
2326 1376 2395 1397 mo-

1394 1414 1446 1439 tus
1469 1408 1537 1446 erit,
1558 1414 1594 1439 ut
1613 1408 1733 1439 dictum
1751 1414 1798 1439 est
1815 1408 1903 1449 prius
1921 1409 1955 1439 in
1971 1409 2055 1440 aliis:
2082 1416 2113 1440 et
2128 1410 2153 1440 si
2170 1420 2304 1451 semper,
2321 1411 2396 1452 quia

1394 1459 1521 1493 oportet
1537 1452 1656 1493 aliquid
1680 1462 1747 1483 esse
1763 1463 1897 1493 semper,
1918 1460 1948 1485 et
1963 1453 1989 1484 si
2013 1453 2174 1494 continue,
2191 1465 2294 1486 unum
2309 1455 2396 1486 idem

1393 1503 1425 1528 et
1446 1497 1613 1528 immobile
1637 1503 1668 1528 et
1690 1497 1884 1528 inalterabile
1904 1504 1934 1528 et
1947 1498 2177 1538 ingenerabile;
2201 1506 2232 1530 et
2254 1499 2280 1530 si
2302 1500 2396 1531 multi

1393 1541 1450 1582 qui
1471 1541 1505 1572 in
1534 1541 1666 1572 circuitu
1694 1548 1819 1580 motus,
1844 1542 1945 1573 multa
1975 1542 2122 1583 quidem,
2151 1543 2260 1575 omnia
2288 1551 2395 1575 autem

1393 1585 1526 1627 qualiter
1550 1596 1617 1617 esse
1640 1586 1717 1617 haec
1741 1596 1867 1617 necesse
1891 1593 1937 1617 est
1965 1588 2023 1618 sub
2045 1598 2111 1618 uno
2131 1588 2286 1629 principio
2312 1596 2395 1627 esse;

1391 1630 1546 1661 continuo
1570 1637 1678 1661 autem
1702 1631 1851 1662 existente
1874 1637 2029 1671 tempore,
2053 1642 2179 1663 necesse
2203 1639 2249 1664 est
2267 1639 2395 1664 motum

1393 1685 1460 1706 esse
1479 1674 1680 1714 continuum,
1697 1685 1772 1706 cum
1795 1675 1991 1716 impossibile
2007 1676 2047 1707 sit
2062 1683 2188 1717 tempus
2212 1677 2279 1709 sine
2302 1685 2394 1709 motu

1392 1727 1475 1757 esse;
1499 1719 1643 1751 continui
1661 1719 1757 1760 igitur
1776 1720 1909 1751 alicuius
1928 1730 2080 1752 numerus
2094 1727 2221 1762 tempus
2241 1729 2303 1753 est:
2328 1722 2395 1753 eius

1392 1764 1525 1805 quidem
1553 1764 1609 1805 qui
1637 1764 1671 1795 in
1699 1764 1830 1796 circuitu
1861 1775 1953 1805 ergo,
1983 1766 2259 1806 quemadmodum
2284 1767 2318 1797 in
2346 1767 2395 1798 his

1391 1819 1474 1850 quae
1497 1819 1516 1839 a
1538 1808 1694 1850 principio
1718 1809 1964 1840 determinatum
1987 1817 2034 1841 est

1324 1853 1342 1873 *
1357 1853 1541 1885 Continuus
1564 1860 1673 1884 autem
1696 1860 1804 1886 motus
1827 1861 1936 1885 utrum
1958 1855 2033 1895 quia
2048 1855 2138 1895 quod
2157 1862 2304 1886 movetur
2320 1865 2395 1887 con-

1391 1898 1520 1929 tinuum
1543 1905 1600 1936 est,
1616 1905 1672 1930 aut
1693 1898 1726 1929 in
1746 1909 1813 1940 quo
1829 1905 1988 1938 movetur,
2007 1900 2095 1931 velut
2117 1899 2227 1930 locum
2247 1900 2317 1931 dico
2341 1907 2396 1932 aut

1391 1940 1593 1983 passionem?

1324 1987 1530 2019 Manifestum
1548 1987 1656 2028 itaque
1676 1987 1752 2028 quia
1772 1997 1810 2018 eo
1830 1988 1920 2028 quod
1938 1995 2098 2020 movetur:
2124 1989 2292 2031 quomodo
2310 1989 2395 2020 enim

1392 2032 1498 2073 passio
1523 2032 1675 2063 continua
1698 2038 1755 2070 est,
1779 2032 1839 2062 nisi
1863 2032 1938 2073 quia
1960 2043 2009 2064 res
2033 2033 2083 2064 cui
2107 2034 2219 2065 accidit
2242 2034 2394 2065 continua

1392 2075 1458 2108 est?
1481 2076 1513 2108 Si
1533 2083 1641 2108 autem
1656 2082 1686 2107 et
1702 2076 1776 2117 quia
1794 2076 1827 2107 id
1846 2076 1878 2107 in
1902 2087 1969 2118 quo
1993 2085 2150 2118 movetur,
2168 2079 2230 2110 hoc
2246 2078 2306 2109 soli
2321 2079 2394 2110 loco

1391 2121 1487 2152 inest:
1513 2120 1766 2162 magnitudinem
1782 2121 1868 2151 enim
1887 2122 2028 2162 aliquam
2041 2122 2151 2162 habet,
2174 2123 2271 2154 huius
2287 2130 2395 2154 autem

1391 2166 1481 2207 quod
1497 2165 1615 2197 circulo
1632 2166 1737 2196 solum
1757 2165 1962 2197 continuum:
1987 2167 2137 2208 quocirca
2154 2167 2240 2198 idem
2256 2167 2315 2198 sibi
2334 2168 2395 2208 ipsi

1391 2220 1517 2251 semper
1532 2210 1733 2241 continuum.
1750 2210 1823 2241 Hoc
1839 2210 1934 2251 igitur
1949 2218 1996 2242 est
2009 2212 2099 2252 quod
2115 2212 2189 2243 facit
2204 2212 2395 2243 continuum

1391 2262 1531 2293 motum,
1553 2255 1643 2296 quod
1665 2254 1698 2285 in
1722 2254 1854 2286 circuitu
1878 2265 1995 2296 corpus
2018 2255 2131 2295 fertur3
2155 2263 2263 2288 motus
2286 2264 2394 2288 autem

1390 2306 1529 2341 tempus.

1325 2385 1454 2431 Physic„
1472 2385 1563 2430 quod
1587 2386 1658 2430 ipsa
1681 2386 1806 2427 allatio,
1830 2385 1915 2420 idest
1937 2385 2002 2419 loci
2029 2387 2183 2428 mutatio,
2208 2395 2257 2421 est
2280 2396 2392 2421 motus

1326 2439 1516 2475 perpetuus
1535 2431 1595 2464 His
1619 2439 1730 2464 autem
1749 2440 1766 2456 α
1785 2431 1831 2464 sic
1847 2442 1882 2464 se
1903 2430 2107 2472 habentibus,
2123 2443 2256 2465 necesse
2272 2441 2321 2465 est
2337 2444 2392 2476 ge-

1325 2476 1531 2509 nerationem
1555 2476 1711 2509 continue
1739 2487 1830 2509 esse:
1860 2476 1996 2509 materia
2023 2477 2111 2509 enim
2139 2478 2294 2510 continue
2319 2488 2392 2521 pas-

1325 2519 1427 2553 sibilis
1451 2529 1515 2561 est,
1534 2529 1567 2553 et
1590 2520 1762 2565 qualitates
1785 2520 2025 2554 elementorum
2049 2521 2204 2554 continue
2235 2530 2337 2565 agunt
2360 2530 2393 2555 et

1324 2565 1495 2609 patiuntur
1511 2564 1695 2598 adinvicem
1703 2578 1713 2606 ;
1737 2564 1847 2598 allatio
1871 2573 1980 2598 autem
2009 2564 2085 2599 ideo
2107 2564 2183 2598 facit
2208 2566 2392 2610 generatio-

1324 2621 1412 2651 nem,
1430 2610 1507 2654 quia
1522 2609 1654 2643 adducit
1672 2618 1705 2643 et
1720 2609 1852 2643 abducit
1873 2621 2043 2654 generans,
2060 2609 2184 2643 scilicet
2202 2610 2318 2652 solem,
2335 2611 2392 2655 qui

1324 2663 1373 2688 est
1396 2666 1494 2688 causa
1517 2655 1625 2689 omnis
1649 2655 1870 2698 generationis
1894 2663 1927 2688 et
1950 2655 2179 2699 corruptionis.

1369 2709 1399 2732 2.
1423 2698 1553 2733 Deinde
1578 2710 1654 2732 cum
1679 2699 1773 2733 dicit:
1799 2699 1896 2733 Simul
1923 2706 2023 2733 autem
2046 2708 2130 2740 etc.‚
2161 2699 2277 2744 probat
2301 2699 2391 2744 quod

1324 2743 1404 2777 dixit
1427 2755 1486 2788 per
1509 2743 1590 2777 duas
1614 2745 1767 2777 rationes.
1794 2744 1947 2784 Quarum
1970 2745 2111 2788 primam
2139 2745 2253 2788 ponit,
2279 2744 2390 2778 dicens

1346 2788 1414 2822 uod
1438 2789 1523 2821 sicut
1546 2788 1629 2822 bene
1654 2788 1778 2822 dictum
1802 2797 1852 2821 est
1881 2789 1915 2821 in
1938 2787 2122 2833 prioribus,
2143 2788 2226 2822 idest
2249 2789 2283 2821 in
2306 2789 2390 2822 VIII

1347 2833 1451 2878 hysic„
1469 2833 1587 2874 allatio,
1605 2833 1690 2866 idest
1707 2833 1773 2866 loci
1787 2834 1938 2873 mutatio,
1954 2842 2004 2866 est
2026 2834 2131 2876 prima
2148 2833 2298 2866 omnium
2317 2845 2390 2866 mu-

1322 2879 1505 2919 tationum;
1527 2877 1585 2911 sed
1597 2877 1707 2912 *illud
1724 2877 1814 2922 quod
1837 2886 1886 2910 est
1902 2878 1992 2922 prius
2010 2886 2058 2910 est
2074 2889 2171 2910 causa
2186 2878 2389 2922 posterioris,

1322 2931 1355 2956 et
1377 2933 1447 2956 non
1470 2934 1488 2956 e
1513 2933 1674 2955 converso
1682 2935 1692 2963 ;
1717 2933 1796 2966 ergo
1813 2922 1837 2955 *.

1369 2978 1398 3010 3.
1418 2966 1605 3001 Secundam
1621 2967 1784 3000 rationem
1800 2967 1895 3010 ponit
1918 2966 1978 2999 ibi:
2001 2966 2142 2999 Multum
2158 2966 2236 3000 enim
2251 2969 2388 3000 rationa-

1322 3011 1412 3045 bilius
1436 3020 1510 3052 etc.;
1527 3023 1610 3056 quae
1635 3011 1706 3044 talis
1731 3019 1788 3044 est.
1810 3010 1955 3043 Multum
1979 3010 2202 3044 rationabilius
2227 3019 2275 3043 est
2299 3010 2390 3055 quod

1321 3055 1366 3098 id,
1380 3055 1470 3100 quod
1487 3065 1535 3089 est
1551 3067 1681 3100 semper
1697 3064 1729 3088 et
1743 3064 1941 3099 perpetuum
1957 3063 1990 3088 et
2005 3054 2187 3098 perfectum
2203 3055 2237 3088 in
2254 3066 2335 3096 esse,
2349 3056 2390 3088 sit

1321 3112 1418 3134 causa
1434 3112 1503 3133 non
1520 3101 1614 3140 entis,
1631 3111 1731 3144 quarn
1747 3111 1765 3132 e
1783 3109 1962 3140 converso;
1988 3111 2064 3132 cum
2080 3100 2180 3143 igitur
2198 3099 2280 3133 illud
2299 3099 2390 3144 quod

1320 3144 1421 3178 fertur
1438 3144 1584 3178 localiter
1600 3145 1642 3177 sit
1657 3155 1726 3184 ens,
1740 3143 1831 3188 quod
1848 3153 1958 3177 autem
1974 3153 2148 3187 generatur
2162 3155 2231 3177 non
2247 3144 2299 3184 sit,
2311 3145 2388 3188 quia

1321 3190 1348 3222 si
1372 3198 1458 3222 esset
1480 3200 1549 3222 non
1572 3197 1798 3232 generaretur:
1830 3200 1909 3232 ergo
1932 3187 2042 3221 allatio
2071 3197 2120 3221 est
2143 3189 2233 3232 prius
2257 3199 2390 3232 genera-

1320 3235 1421 3274 tione,
1433 3242 1466 3266 et
1481 3245 1550 3266 non
1574 3245 1591 3266 e
1605 3244 1776 3274 converso,
1793 3241 1825 3266 et
1848 3244 1906 3277 per
1930 3244 2135 3277 consequens
2157 3241 2206 3266 est
2225 3244 2322 3266 causa
2337 3245 2390 3277 ge-

1320 3279 1508 3311 nerationis.
1533 3278 1608 3311 Hoc
1628 3286 1737 3310 autem
1761 3286 1810 3310 est
1833 3276 2094 3320 intelligendum,
2111 3278 2187 3321 quia
2211 3277 2245 3310 in
2268 3289 2336 3310 uno
2358 3286 2390 3310 et

1321 3322 1439 3355 eodem
1463 3321 1640 3366 generabili
1664 3322 1755 3366 prius
1776 3330 1825 3355 est
1841 3322 2008 3365 generatio
2032 3333 2131 3366 quam
2155 3321 2220 3354 loci
2236 3322 2389 3355 mutatio.

1365 3377 1395 3409 4.
1416 3366 1546 3400 Deinde
1571 3378 1646 3399 cum
1671 3366 1765 3399 dicit:
1794 3366 1949 3408 Quoniam
1972 3372 2072 3399 autem
2094 3366 2281 3411 suppositum
2304 3375 2365 3399 etc.
2380 3391 2389 3406 ,

1321 3410 1465 3444 ostendit
1489 3422 1572 3455 quae
1597 3410 1764 3444 circulatio
1789 3411 1831 3443 sit
1854 3412 1951 3443 ca‘usa
1979 3411 2199 3454 generationis
2224 3419 2256 3444 et
2279 3422 2389 3444 corru-

1323 3562 1355 3587 cf.
1369 3563 1445 3587 etiam
1464 3567 1571 3588 textum.
1584 3574 1604 3583 -
1617 3563 1680 3588 Post
1700 3563 1765 3588 duas
1782 3563 1861 3588 lineas
1881 3570 1928 3595 pro
1946 3563 2040 3588 allatio
2090 3564 2304 3597 generationem,
2326 3564 2390 3589 haec

1323 3601 1411 3623 autem
1432 3598 1491 3623 ideo
1503 3598 1576 3632 facit
1595 3598 1708 3624 mutatio
1728 3598 1820 3629 PCab‚·
1839 3599 1996 3624 correximus
2015 3606 2046 3624 ex
2064 3600 2094 3624 Β.
2107 3599 2224 3625 Alberto.

2425 841 2436 852 ⁸
2450 841 2518 864 Text.
2533 841 2573 864 60.

2424 1374 2433 1383 ·
2448 1373 2516 1396 Text.
2532 1374 2564 1396 6¹.

2422 1862 2433 1873 ⁸
2447 1861 2514 1884 Text.
2530 1862 2565 1884 62.

2417 2888 2426 2897 ·
2441 2893 2491 2908 cum
2501 2888 2579 2908 autem
2589 2891 2630 2908 ca.

2417 2931 2427 2942 ⁸¹
2442 2937 2500 2959 ergo
2515 2937 2565 2953 om.
2575 2936 2615 2952 ca.
