2782 4134
337 284 411 320 328

1059 279 1647 319 METEOROLOGICORUM
1675 279 1769 316 LIB.
1801 280 1814 315 1

1071 547 1372 605 LECTIO
1412 548 1799 605 SECUNDA

397 704 609 736 PRINCIPIA
633 701 921 733 NATURALIUM
945 699 1390 731 TRANSMUTATIONUM
1415 701 1529 738 QUAS
1553 701 1762 732 OPORTET
1788 702 1830 732 IN
1854 702 1948 734 HOC
1973 702 2101 733 LIBRO
2125 701 2428 734 CONSIDERARE
2453 721 2471 726 -

870 756 1094 794 QUOMODO
1119 757 1167 788 SE
1191 757 1400 788 HABEANT
1424 758 1666 790 ADINVICEM
1690 759 1734 789 IN
1758 759 1992 791 CAUSANDO

331 886 403 923 '98'
433 889 487 922 οὖν
515 887 694 933 ἀρξάμενοι
718 886 868 931 λέγωμεν
893 888 967 928 περὶ
992 886 1108 918 αὐτῶν
1135 888 1280 930 πρῶτον.
1306 887 1404 919 Ἐπεὶ

404 935 468 980 γάρ
493 929 667 977 διώρισται
694 930 856 976 πρότερον
882 931 962 974 ἡμῖν
988 933 1050 973 μία
1067 930 1127 973 μὲν
1147 930 1235 976 ἀρχή
1258 931 1323 962 τῶν
1341 942 1405 962 σω-

404 978 540 1023 μάτων,
568 975 602 1017 ἐξ
626 976 668 1007 ὦν
695 974 898 1012 συνέστηκεν
923 976 944 1012 ἡ
970 976 1036 1008 τῶν
1063 976 1243 1022 ἐγκυκλίως
1269 986 1344 1020 φερο
1375 976 1404 1006 έ-

405 1035 466 1054 νων
491 1021 659 1065 σωμάτων
685 1019 792 1063 φύσις,
814 1019 903 1052 ἄλλα
927 1015 965 1051 δὲ
991 1019 1105 1054 τέττα
1129 1031 1150 1051 α
1176 1018 1323 1063 σώματα
1344 986 1404 1054 ἔνιοί

404 1067 466 1104 τοίς
499 1066 673 1110 τέτταρας
708 1063 836 1119 ἀρχάς,
863 1064 906 1095 ὦν
930 1060 1054 1101 διπλῆν
1089 1066 1173 1096 ειναί
1199 1074 1306 1107 φαμεν
1339 1067 1402 1104 τήν

401 1113 541 1151 κίνησιν,
561 1109 624 1146 τήν
650 1109 708 1153 μὲν
737 1109 806 1142 απὸ
831 1110 895 1141 τοῦ
920 1108 1038 1153 μέσου,
1059 1109 1122 1146 τήν
1148 1105 1178 1140 δ’
1206 1109 1262 1140 ἐπὶ
1288 1108 1329 1141 τὸ
1346 1111 1403 1155 μέ-

402 1167 478 1187 σον·
505 1154 681 1197 τεττάρων
707 1150 735 1186 δ’
766 1153 872 1186 ὄντων
898 1153 1052 1194 τούτων,
1080 1153 1180 1197 πυρός
1213 1154 1270 1184 καὶ
1307 1154 1402 1199 ἀέρος

400 1201 458 1231 καὶ
484 1195 610 1237 ὕδατος
642 1200 699 1230 καὶ
725 1200 810 1245 γῆς,
838 1197 879 1229 τὸ
904 1198 964 1241 μὲν
990 1199 1127 1236 τούτοις
1153 1198 1256 1230 πᾶσιν
1284 1197 1405 1233 ἐπιπο-

400 1244 504 1287 λάζον
530 1241 615 1276 εἶναι
642 1243 721 1287 πῦρ,
748 1244 788 1275 τὸ
814 1237 842 1273 δ’
873 1243 1101 1287 ὑφιστάμενον
1125 1244 1209 1298 γῆν·
1236 1237 1298 1274 δύο
1322 1240 1352 1275 δ’
1383 1245 1405 1278 ἃ

402 1289 482 1333 πρὸς
509 1289 603 1321 αὐτοὶ
627 1287 764 1325 τούτοις
785 1285 954 1332 ἀνάλογον
977 1287 1064 1332 ἔχει·
1094 1288 1159 1327 ἀηρ
1181 1289 1241 1331 μὲν
1259 1287 1324 1332 γάρ
1346 1301 1405 1322 πυ-

400 1334 452 1378 ρὸς
480 1331 661 1387 ἐγγυτάτω
687 1333 754 1364 τῶν
787 1332 896 1364 ἄλλων
930 1328 1016 1374 ὕδωρ
1041 1327 1079 1364 δὲ
1104 1333 1186 1378 γῆς,
1216 1333 1231 1364 ὁ
1255 1329 1299 1370 δή
1327 1336 1401 1377 περὶ

400 1378 464 1414 τήν
489 1390 552 1423 γην
580 1377 654 1416 ὅλος
679 1376 803 1419 κόσμος
830 1376 867 1407 ἐκ
893 1375 1028 1408 τούτων
1053 1376 1236 1414 συνέστηκε
1255 1378 1322 1411 τῶν
1340 1390 1404 1410 σω-

399 1422 536 1466 μάτων·
565 1425 637 1467 περὶ
665 1422 699 1454 ὃν
725 1421 773 1454 τά
796 1421 1031 1463 συμβαίνοντα
1063 1420 1155 1459 πάθη
1181 1423 1290 1467 φαμὲν
1316 1419 1402 1455 εἶναι

399 1466 565 1504 ληπτέον.

326 1512 424 1544 Ἔστι
449 1507 479 1542 δ’
509 1511 543 1552 ἐξ
571 1509 721 1556 ἀνάγκης
747 1507 890 1554 συνεχής
917 1521 985 1547 πως
1020 1509 1118 1548 οὗτος
1150 1514 1226 1548 ταῖς
1254 1511 1322 1543 α”νω
1373 1523 1405 1543 ο-

398 1559 490 1599 ραῖς,
518 1555 604 1588 ὥστε
631 1556 746 1587 πᾶσαν
772 1555 882 1586 αυτοῦ
912 1553 976 1589 τήν
1001 1548 1144 1598 ’δύναμιν
1177 1555 1343 1597 κυβερνᾶσ
1368 1567 1402 1588 αι

399 1600 540 1632 ἐκεῖθεν·
569 1598 641 1632 ὅθεν
666 1600 731 1645 γάρ
756 1599 776 1635 ἡ
799 1599 861 1636 τῆς
886 1597 1046 1636 κινήσεως
1075 1599 1163 1644 ἀρχή
1183 1600 1301 1641 πᾶσιν,
1320 1600 1403 1632 ἑκεί-

399 1657 457 1682 νην
484 1646 600 1677 αἰτίαν
625 1643 803 1687 νομιστέον
829 1642 977 1687 πρώτην.

332 1690 413 1733 Πρὸς
437 1685 475 1721 δὲ
500 1689 638 1726 τούτοις
657 1689 678 1725 ἡ
696 1689 756 1733 μέν
783 1682 887 1724 ἀΐδιος
911 1689 970 1719 καὶ
995 1686 1093 1725 τέλος
1119 1688 1178 1720 οὐκ
1200 1687 1328 1733 ἔχουσα
1353 1690 1401 1730 τῷ

401 1733 496 1775 τόπῳ
523 1734 585 1771 τῆς
616 1732 797 1773 κινήσεως,
826 1732 899 1764 ἀλλ’
931 1732 980 1764 ἀεὶ
1017 1732 1049 1764 ἑν
1077 1732 1186 1764 τέλει·
1214 1734 1333 1766 ταῦτα
1364 1728 1402 1765 δέ

400 1779 447 1810 τοὶ
471 1777 620 1824 σώματα
646 1777 765 1810 πάντα
791 1774 1065 1821 πεπερασμένους
1090 1772 1248 1814 διέστηκε
1275 1777 1401 1815 τόπους

401 1822 575 1861 ἀλλήλων·
603 1821 689 1854 ὥστε
723 1822 789 1854 τῶν
821 1820 1076 1865 συμβαινόντων
1103 1824 1176 1866 περὶ
1204 1822 1311 1854 αὐτὸν
1337 1823 1401 1866 πῦρ

400 1868 458 1911 μὲν
484 1869 541 1899 καὶ
561 1867 625 1913 γῆν
651 1868 709 1898 καὶ
727 1866 775 1899 τοὶ
791 1866 938 1912 συγγενῆ
957 1865 1094 1904 τούτοις
1112 1867 1153 1904 ὠς
1172 1867 1204 1898 ἐν
1223 1866 1303 1904 ὕλης
1320 1862 1401 1898 εἴδει

399 1913 466 1944 τῶν
492 1911 673 1956 γινομένων
701 1913 798 1943 αἴτια
827 1910 892 1955 χρή
917 1910 1062 1954 νομίζειν
1088 1911 1152 1953 (τό
1177 1911 1241 1957 γάρ
1269 1912 1404 1943 ύποκεί-

399 1968 496 2000 μενον
525 1958 582 1988 καὶ
609 1956 679 1988 πάσ
709 1966 742 1987 ον
769 1958 893 1988 τοῦτον
921 1955 1216 2000 προσαγορεύομεν
1242 1955 1302 1988 τὸν
1326 1955 1402 1999 τρό-

401 2002 501 2043 πον),
530 2000 571 2032 τὸ
596 1995 624 2032 δ’
655 2012 762 2038 ουτως
798 2002 907 2033 αἴτιον
929 2001 971 2037 ὠς
1007 1999 1080 2032 ὅθεν
1106 2002 1126 2036 ἡ
1153 2001 1216 2038 τῆς
1240 1999 1401 2038 κινήσεως

401 2046 503 2091 ἀρχή,
529 2045 592 2081 τήν
620 2046 685 2076 τῶν
712 2044 763 2077 ἀεὶ
787 2044 986 2089 κινουμένων
1015 2043 1195 2078 αἰτιατέον
1221 2039 1375 2090 δύναμιν.

392 2144 542 2172 Smopsxs.
567 2159 602 2164 -
629 2152 652 2171 1.
680 2143 892 2179 Argumentum
921 2149 949 2171 et
976 2141 1078 2171 divisio
1107 2148 1209 2171 textus.
1231 2158 1250 2163 -
1278 2150 1305 2171 2.
1328 2143 1403 2171 Inter

332 2183 473 2220 principia
494 2182 665 2220 corporalia,
686 2191 778 2210 unum
800 2189 843 2210 est
864 2183 945 2219 quod
965 2182 1124 2219 appellatur
1145 2182 1244 2220 quinta
1264 2182 1401 2217 essentia,

331 2233 365 2252 ex
387 2233 446 2261 quo
472 2222 573 2252 omnia
599 2231 723 2260 corpora
751 2222 883 2251 caelestia
909 2222 1080 2251 formantur.
1111 2223 1277 2260 Corporum
1305 2228 1402 2251 autern

331 2263 499 2292 inferiorum
520 2269 587 2291 sunt
607 2268 733 2300 quatuor
753 2261 894 2299 principia
914 2262 1085 2299 corporalia,
1107 2262 1190 2300 ignis,
1211 2271 1270 2298 aer,
1285 2271 1362 2300 aqua
1376 2268 1403 2291 et

331 2310 421 2332 terra:
445 2308 572 2341 quatuor
591 2302 670 2331 enim
691 2308 804 2331 tantum
825 2308 892 2330 sunt
912 2302 1064 2339 possibiles
1092 2301 1324 2331 combinationes
1345 2301 1402 2339 pri-

332 2352 445 2372 marum
460 2342 639 2380 qualitatum,
661 2342 768 2371 scilicet
789 2341 873 2371 calidi
893 2349 922 2371 et
938 2341 1042 2380 frigidi,
1065 2341 1177 2371 humidi
1190 2348 1219 2371 et
1236 2342 1312 2378 sicci,
1327 2351 1402 2379 quae

332 2389 399 2412 sunt
418 2382 559 2420 principia
573 2382 677 2420 agendi
691 2389 719 2412 et
732 2381 868 2419 patiendi.
882 2398 904 2403 -
917 2383 1030 2411 Horum
1045 2388 1144 2411 autem
1158 2388 1285 2420 quatuor
1297 2391 1403 2419 corpo-

332 2432 397 2451 rum
411 2429 478 2452 sunt
492 2423 551 2452 duo
566 2429 672 2458 motus,
687 2431 705 2451 a
720 2422 815 2450 medio
829 2421 936 2450 scilicet
950 2428 978 2450 et
992 2422 1030 2450 ad
1045 2422 1182 2451 medium.
1203 2422 1288 2450 Unde
1302 2421 1403 2459 triplex

332 2468 375 2491 est
395 2469 492 2491 motus
513 2471 685 2499 corporum:
708 2462 746 2490 ad
764 2461 902 2496 medium,
918 2461 968 2499 qui
982 2468 1025 2490 est
1039 2461 1185 2499 gravium3
1201 2470 1219 2490 a
1233 2462 1338 2496 medio,
1353 2461 1403 2498 qui

333 2508 375 2531 est
388 2502 510 2538 levium;
532 2509 560 2531 et
570 2502 650 2531 circa
665 2502 802 2536 medium,
818 2502 868 2539 qui
882 2508 925 2530 est
939 2510 1096 2538 corporum
1118 2501 1293 2530 caelestium.
1318 2501 1404 2530 Levia

332 2549 429 2570 autem
451 2549 479 2571 et
499 2541 595 2580 gravia
616 2541 764 2570 differunt:
787 2550 856 2569 narn
877 2541 951 2578 ignis
973 2548 1016 2570 est
1036 2541 1105 2570 levis
1127 2541 1307 2578 simpliciter,
1328 2547 1404 2570 terra

333 2588 375 2610 est
389 2582 554 2619 simpliciter
567 2581 669 2619 gravis,
684 2590 733 2610 aer
747 2590 816 2609 vero
832 2587 859 2609 et
873 2590 950 2618 aqua
964 2587 1031 2609 sunt
1044 2581 1204 2609 secundum
1223 2580 1293 2618 quid
1307 2580 1404 2618 gravia

333 2627 361 2649 et
381 2621 461 2650 levia.
477 2638 495 2643 -
510 2623 551 2650 Ex
573 2627 699 2658 quatuor
712 2630 781 2658 ergo
803 2620 974 2657 corporibus
996 2620 1126 2649 consistit
1147 2621 1273 2648 mundus
1287 2620 1340 2648 iste
1355 2620 1404 2657 qui

333 2667 375 2689 est
396 2661 471 2690 circa
491 2667 606 2696 terram,
629 2667 657 2689 et
677 2660 758 2689 cuius
779 2660 929 2697 passiones
951 2667 1066 2697 oportet
1087 2660 1116 2688 in
1135 2661 1192 2689 hoc
1212 2660 1286 2689 libro
1308 2660 1403 2688 consi-

333 2701 473 2729 derare.-
489 2701 515 2729 3.
533 2701 692 2736 Quomodo
713 2700 860 2737 praedicta
880 2699 1021 2737 principia
1042 2709 1072 2728 se
1096 2700 1222 2729 habeant
1242 2699 1403 2729 adinvicem

333 2744 363 2772 in
385 2741 542 2770 causando.
564 2742 686 2769 Necesse
708 2746 750 2769 est
764 2740 907 2768 mundum
929 2740 1133 2768 elementarem
1155 2749 1216 2768 esse
1234 2739 1402 2777 contiguum

450 2846 469 2882 ζ
549 2857 561 2877 s
595 2833 764 2883 ompleto
792 2833 1016 2883 prooemio,
1046 2833 1084 2870 in
1113 2846 1190 2883 quo
1226 2833 1397 2870 Philoso-

456 2903 466 2913 ν
553 2888 582 2933 ζ’
595 2888 694 2936 phus
722 2899 832 2924 suam
852 2886 1102 2924 intentionem
1132 2886 1398 2935 manifestavit,

439 2964 444 2974 ,
513 2954 525 2967 ⁰
573 2940 655 2981 hic
669 2940 689 2962 ³⁸
717 2939 844 2989 incipit
870 2940 1080 2989 procedere
1101 2940 1150 2977 ad
1170 2952 1282 2977 suum
1311 2953 1399 2989 pro-

398 2988 399 2995 *
515 3025 519 3029 ,
542 2993 761 3043 positum
790 2993 1071 3031 ostendendum
1086 2993 1117 3030 ²¹³.
1148 2994 1196 3030 Et
1222 2993 1401 3032 dividitur

334 3047 371 3084 in
401 3048 494 3086 duas
522 3054 664 3096 partes:
694 3046 732 3084 in
759 3046 882 3095 prima
919 3046 1072 3084 resumit
1105 3058 1150 3083 ea
1186 3059 1285 3095 quae
1314 3054 1400 3084 sunt

335 3100 546 3137 necessaria
559 3099 579 3122 ’¹‘
608 3100 657 3137 ad
678 3099 989 3148 cognoscendum
1008 3099 1194 3149 principia
1213 3107 1400 3138 transmu-

335 3152 519 3190 tationum
550 3153 597 3190 de
626 3153 763 3202 quibus
788 3153 827 3190 in
854 3154 929 3190 hoc
953 3153 1049 3190 libro
1079 3160 1302 3191 tractaturus
1322 3161 1398 3200 est;

335 3205 373 3243 in
401 3207 567 3243 secunda
595 3206 724 3256 incipit
752 3206 799 3244 de
824 3206 877 3244 eis
905 3214 1074 3254 tractare,
1095 3205 1164 3243 ibi:
1194 3207 1399 3244 Resumen-

336 3264 386 3295 tes
406 3259 521 3308 igitur
539 3271 602 3296 eas
616 3259 635 3281 '¹‘
654 3267 723 3297 etc.
746 3259 856 3297 Circa
870 3260 1038 3309 primum
1052 3259 1130 3297 duo
1150 3259 1254 3297 facit:
1273 3259 1399 3309 primo

337 3319 533 3348 enumerat
568 3312 750 3362 principia
783 3314 920 3350 harum
954 3313 1334 3360 transmutationum,
1365 3321 1401 3351 et

338 3363 587 3402 differentiam
617 3377 750 3402 eorum
779 3366 1011 3412 adinvicem3
1039 3367 1208 3404 secundo
1238 3366 1402 3404 ostendit

338 3417 535 3465 quomodo
556 3430 596 3454 se
616 3418 780 3456 habeant
799 3419 1013 3456 adinvicem
1032 3419 1070 3456 in
1099 3420 1306 3469 causando,
1327 3419 1399 3457 ibi:

337 3470 406 3506 Est
431 3475 554 3506 autem
583 3483 632 3507 ex
660 3472 872 3509 necessitate
899 3473 1095 3509 continuus
1118 3472 1138 3494 ’¹‘
1168 3481 1235 3510 etc.

96 2936 103 2943 ·
119 2933 157 2955 hic
171 2940 218 2956 om.
233 2941 269 2956 ΑΒ.

97 2997 105 3005 ·
118 2997 305 3024 prosequendum

97 3258 107 3268 '
123 3257 185 3279 Lect.
196 3264 245 3285 seq.

98 3465 107 3474 ·
122 3463 192 3486 Num.
207 3470 228 3492 3.

1458 890 1475 909 *
1486 890 1548 921 Hic
1564 890 1659 931 igitur
1674 890 1870 931 incipientes,
1884 891 2027 922 dicamus
2044 892 2083 923 de
2097 892 2174 933 ipsis
2188 893 2304 933 primo.
2321 892 2356 912 **
2366 893 2532 931 Quoniam

1526 935 1612 965 enim
1639 935 1885 966 determinatum
1912 942 1959 967 est
1987 935 2076 977 prius
2106 947 2124 967 a
2147 937 2241 968 nobis
2269 947 2374 968 unum
2399 938 2531 979 quidem

1523 980 1718 1021 principium
1742 989 1916 1020 corporum
1939 989 1977 1011 ex
1999 980 2118 1021 quibus
2142 987 2266 1013 constat
2285 981 2475 1014 circulariter
2489 983 2532 1014 la-

1524 1031 1632 1055 torum
1656 1034 1830 1064 corporum
1853 1030 1981 1063 natura;
2005 1024 2065 1055 alia
2088 1032 2197 1056 autem
2220 1032 2359 1068 quatuor
2379 1036 2530 1068 corpora,

1498 1071 1502 1073 '
1524 1074 1655 1109 propter
1678 1074 1817 1111 quatuor
1839 1067 2010 1109 principia;
2026 1078 2169 1110 quorum
2187 1070 2348 1111 duplicem
2371 1081 2439 1102 esse
2455 1071 2530 1103 dici-

1524 1123 1598 1144 mus
1613 1119 1753 1151 motum‚
1769 1112 1856 1143 hunc
1867 1112 1999 1154 quidem
2011 1123 2030 1143 a
2046 1113 2165 1152 medio,
2181 1114 2268 1145 hunc
2283 1121 2392 1146 autem
2408 1115 2447 1146 ad
2464 1125 2531 1147 me-

1525 1157 1631 1196 dium;
1655 1163 1795 1198 quatuor
1810 1163 1919 1188 autern
1941 1157 2156 1197 existentibus,
2172 1158 2244 1199 igne
2261 1165 2292 1190 et
2315 1169 2385 1189 aere
2401 1166 2432 1190 et
2447 1169 2531 1202 aqua

1524 1208 1555 1232 et
1573 1208 1664 1240 terra,
1685 1201 1836 1232 omnibus
1855 1201 1987 1243 quidem
2000 1201 2049 1232 his
2066 1202 2305 1242 supereminens
2321 1213 2388 1234 esse
2411 1203 2530 1244 ignem,

1524 1247 1670 1277 substans
1695 1252 1803 1277 autem
1830 1252 1961 1284 terram;
1993 1246 2058 1276 duo
2083 1253 2191 1277 autem
2220 1257 2303 1288 quae
2326 1248 2367 1278 ad
2389 1247 2459 1289 ipsa
2481 1248 2531 1280 his

1524 1290 1805 1331 proportionaliter
1828 1300 1860 1321 se
1883 1290 2012 1329 habent,
2037 1300 2142 1321 aerem
2158 1291 2290 1332 quidem
2309 1291 2375 1333 igni
2398 1292 2531 1333 propin-

1524 1334 1671 1376 quiorem
1693 1334 1777 1373 aliis,
1807 1345 1924 1376 aquam
1952 1340 2060 1365 autem
2082 1341 2199 1366 terrae:
2228 1335 2285 1377 qui
2314 1335 2422 1377 itaque
2450 1336 2531 1369 circa

1523 1386 1639 1410 terram
1654 1386 1740 1410 totus
1764 1379 1916 1419 mundus,
1933 1389 1971 1410 ex
1993 1378 2042 1409 his
2055 1386 2179 1411 constat
2192 1379 2392 1420 corporibus,
2409 1381 2448 1412 de
2461 1391 2530 1423 quo

1523 1424 1698 1455 accidentes
1722 1423 1885 1464 passiones
1909 1423 2045 1454 dicimus
2069 1433 2136 1455 esse
2160 1424 2366 1456 sumendum.

1456 1512 1513 1543 Est
1535 1519 1644 1544 autem
1667 1523 1704 1543 ex
1736 1512 1920 1544 necessitate
1949 1512 2120 1543 continuus
2152 1513 2210 1544 iste
2240 1510 2458 1554 superioribus
2485 1513 2529 1545 la-

1523 1557 1674 1596 tionibus,
1690 1563 1726 1588 ut
1745 1558 1850 1588 omnis
1874 1556 1974 1597 ipsius
1989 1556 2088 1587 virtus
2111 1558 2304 1598 gubernetur
2326 1557 2411 1589 inde.
2436 1557 2530 1590 Unde

1523 1601 1610 1632 enim
1633 1607 1741 1632 motus
1763 1600 1958 1643 principium
1981 1601 2143 1641 omnibus,
2158 1601 2247 1633 illam
2271 1612 2400 1634 causam
2415 1609 2530 1643 putan—

1524 1646 1603 1677 dum
1626 1646 1774 1686 primam.

1456 1690 1571 1721 Adhuc
1587 1697 1697 1721 autem
1719 1691 1771 1722 hic
1795 1690 1928 1732 quidem
1951 1697 2124 1730 perpetuus
2147 1697 2179 1722 et
2197 1690 2296 1722 finem
2318 1701 2386 1722 non
2409 1691 2531 1723 habens

1523 1741 1632 1765 motus
1655 1735 1688 1765 in
1703 1734 1787 1773 loco,
1808 1735 1862 1765 sed
1877 1744 2003 1775 semper
2017 1734 2050 1765 in
2066 1733 2144 1766 fine:
2169 1735 2246 1766 haec
2263 1742 2371 1766 autem
2394 1745 2531 1776 corpora

1524 1778 1633 1809 omnia
1663 1778 1759 1810 finitis
1791 1779 1907 1810 distant
1929 1778 2007 1809 locis
2038 1779 2226 1810 abinvicem.
2255 1779 2363 1817 Quare
2386 1779 2528 1812 acciden-

1523 1823 1606 1854 tium
1625 1823 1704 1854 circa
1719 1823 1839 1864 ipsum,
1858 1823 1966 1864 ignem
1985 1823 2118 1864 quidem
2131 1830 2163 1854 et
2177 1830 2293 1854 terram
2317 1830 2348 1855 et
2370 1833 2530 1866 syngenea

1523 1867 1590 1907 his,
1619 1874 1656 1898 ut
1684 1868 1717 1898 in
1748 1867 1895 1898 materiae
1923 1867 2027 1908 specie
2055 1877 2169 1898 eorum
2199 1877 2281 1909 quae
2304 1867 2387 1900 fiunt
2419 1877 2529 1900 cau-az

1523 1918 1650 1952 oportet
1672 1918 1783 1952 putare
1808 1910 2009 1954 (subiectum
2029 1911 2116 1942 enim
2131 1918 2163 1943 et
2185 1911 2307 1953 patiens
2330 1912 2530 1954 appellamus

1522 1957 1584 1988 hoc
1600 1955 1731 1999 modo):
1756 1956 1846 1998 quod
1865 1962 1973 1987 autem
1988 1956 2032 1987 sic
2051 1966 2146 1987 causa
2159 1963 2197 1988 ut
2215 1957 2301 1988 unde
2316 1963 2425 1988 motus
2444 1957 2530 1998 prin·

1523 2001 1662 2041 cipium,
1686 2011 1756 2032 eam
1789 2011 1870 2042 quae
1902 2010 2027 2041 semper
2049 2007 2217 2032 motorum
2249 2001 2446 2033 causandum
2468 2002 2530 2033 vir-

1523 2052 1635 2077 tutem.

1457 2141 1654 2179 superioribus
1678 2141 1864 2179 corporibus:
1894 2148 1955 2170 tum
1981 2141 2050 2179 quia
2074 2141 2174 2180 nequit
2202 2142 2264 2170 dari
2296 2150 2436 2179 vacuum3
2465 2148 2530 2172 mm

1457 2182 1526 2220 quia
1539 2182 1629 2210 virtus
1641 2181 1783 2210 inferioris
1795 2181 1897 2210 mundi
1908 2183 2085 2219 gubernatur
2098 2191 2116 2210 a
2130 2181 2328 2219 superioribus
2346 2181 2529 2220 corporibus,

1457 2223 1538 2259 quod
1565 2231 1626 2250 non
1648 2228 1722 2250 esset
1746 2221 1802 2250 nisi
1831 2231 1955 2259 corpora
1982 2221 2119 2251 inferiora
2143 2229 2172 2251 et
2198 2221 2349 2259 superiora
2374 2231 2406 2251 se
2429 2228 2529 2261 tunge-

1457 2268 1529 2290 rent.
1551 2279 1571 2284 -
1591 2271 1619 2297 4.
1640 2262 1730 2297 Quod
1750 2268 1847 2290 autem
1869 2262 1997 2290 mundus
2018 2261 2137 2291 inferior
2158 2268 2311 2292 moveatur
2331 2269 2359 2291 et
2378 2268 2494 2300 regatur
2510 2271 2529 2292 a

1457 2301 1608 2339 superiori,
1624 2301 1775 2339 dupliciter
1795 2301 1965 2330 ostenditur.
1981 2303 2010 2338 a)
2025 2302 2122 2331 Causa
2140 2311 2262 2331 movens
2277 2308 2319 2331 est
2333 2301 2428 2340 prima
2441 2310 2528 2332 eausa

1458 2343 1602 2379 (respectu
1616 2341 1722 2370 seilicet
1736 2351 1841 2371 causae
1856 2341 2011 2371 materialis
2025 2348 2053 2371 et
2071 2341 2227 2378 formalis);
2249 2343 2301 2371 sed
2315 2342 2390 2371 inter
2403 2350 2529 2380 corpora

1457 2381 1600 2411 naturalia
1619 2391 1726 2419 corpus
1747 2382 1868 2411 caeleste
1889 2388 1933 2411 est
1953 2381 2048 2419 prima
2069 2391 2172 2418 causa,
2194 2389 2226 2410 ut
2246 2389 2325 2420 patet
2345 2391 2379 2411 ex
2400 2381 2462 2412 eiua
2482 2382 2528 2413 in-

1458 2421 1694 2459 corruptibilitate
1721 2428 1748 2450 et
1774 2421 1940 2458 nobilitate;
1966 2431 2035 2460 ergo
2057 2427 2110 2450 etc.
2134 2439 2151 2444 -
2174 2422 2200 2450 5.
2223 2422 2251 2458 b)
2273 2423 2370 2451 Motus
2399 2421 2528 2452 caelestis

1457 2461 1588 2498 corporis
1609 2467 1652 2490 est
1665 2467 1831 2498 perpetuus,
1846 2467 1878 2489 ut
1891 2468 2011 2499 apparet
2031 2470 2065 2490 ex
2085 2461 2148 2499 ipsa
2169 2461 2360 2498 dispositione
2380 2461 2527 2491 circularis

1456 2501 1529 2530 loci:
1552 2507 1649 2530 motus
1674 2507 1772 2530 autern
1798 2501 1968 2530 inferiorum
1993 2510 2168 2538 corporum,
2194 2510 2261 2530 cum
2289 2501 2347 2530 sint
2367 2501 2453 2538 recti,
2474 2510 2527 2531 ne-

1458 2547 1568 2578 queunt
1588 2550 1650 2570 esse
1671 2540 1811 2577 perpetui.
1834 2541 1923 2576 Quod
1944 2547 2042 2570 autern
2061 2547 2104 2570 est
2117 2548 2300 2578 perpetuum,
2321 2541 2528 2573 convenienter

1458 2587 1501 2609 est
1522 2580 1664 2609 motivum
1686 2590 1789 2609 eorum
1811 2589 1886 2618 quae
1907 2590 1968 2609 non
1989 2587 2056 2609 sunt
2078 2589 2200 2618 semper.
2222 2581 2300 2618 Ergo
2322 2587 2448 2618 quatuor
2468 2580 2525 2610 ele·

1459 2627 1557 2649 menta
1585 2627 1700 2657 oportet
1725 2627 1827 2657 putare
1852 2630 1953 2649 causas
1975 2630 2076 2649 eorum
2099 2630 2175 2658 quae
2195 2620 2329 2649 accidunt
2354 2621 2430 2650 circa
2455 2621 2527 2650 infe·

1458 2660 1565 2688 riorem
1593 2661 1752 2695 mundum,
1781 2669 1832 2697 per
1860 2661 1982 2689 modum
2004 2670 2107 2690 causae
2129 2660 2300 2689 materialis:
2329 2662 2380 2690 sed
2407 2669 2525 2690 causam

1458 2709 1509 2737 per
1523 2700 1647 2729 modum
1661 2700 1813 2736 moventis,
1835 2700 2058 2729 existimandum
2074 2707 2117 2729 est
2131 2709 2194 2730 esse
2207 2700 2286 2730 illam
2301 2701 2436 2730 virtutem
2450 2710 2526 2739 quae

1458 2747 1500 2768 est
1522 2740 1686 2768 caelestium
1711 2749 1876 2777 corporum.

1507 2846 1542 2871 2.
1572 2834 1673 2871 Dicit
1702 2845 1792 2882 ergo
1822 2833 1947 2883 primo
1973 2834 2077 2883 quod
2105 2834 2211 2884 prius
2231 2834 2523 2873 determinatum

1453 2895 1509 2924 est
1531 2893 1564 2934 κ,
1595 2895 1674 2924 tam
1703 2886 1741 2924 in
1769 2886 1865 2924 libro
1895 2887 1941 2924 de
1973 2887 2123 2925 Caelo*
2141 2899 2258 2937 quam
2287 2887 2326 2926 in
2354 2887 2450 2926 libro
2479 2889 2526 2927 de

1457 2940 1707 2978 Generatione
1719 2940 1751 2986 ³¹⁸,
1773 2941 1877 2990 quod
1897 2940 1993 2978 inter
2011 2940 2083 2978 alia
2098 2941 2283 2990 principia
2312 2941 2525 2992 corporalia

1453 3005 1552 3042 quae
1581 3001 1668 3031 sunt
1694 2993 1879 3043 principia
1899 2993 2061 3032 aliorum
2082 3006 2302 3044 corporum,
2323 3006 2445 3033 unum
2469 3002 2526 3034 est

1453 3046 1681 3096 principium
1701 3047 1851 3085 illorum
1871 3059 2079 3097 corporum
2099 3060 2145 3085 ex
2169 3047 2308 3098 quibus
2332 3048 2527 3098 constitui-

1452 3108 1512 3137 tur
1531 3107 1665 3138 natura
1684 3113 1892 3150 corporum
1912 3100 2140 3139 circulariter
2159 3108 2368 3150 motorum,
2385 3101 2526 3140 scilicet

1453 3154 1702 3202 sphaerarum
1732 3161 1768 3191 et
1796 3154 2004 3192 stellarum:
2034 3154 2108 3192 hoc
2137 3162 2265 3192 autem
2293 3154 2523 3205 principium

1454 3206 1542 3244 dicit
1569 3207 1692 3256 ipsam
1725 3207 1894 3256 quintam
1923 3207 2137 3255 essentiam,
2168 3220 2214 3246 ex
2246 3221 2324 3259 quo
2343 3207 2364 3230 '⁸‘
2392 3207 2525 3246 omnia

1453 3259 1673 3298 huiusmodi
1700 3261 1922 3298 formantur.
1953 3261 2037 3298 Alia
2065 3273 2159 3299 vero
2188 3261 2373 3311 principia
2391 3261 2412 3283 '⁸
2440 3273 2524 3299 cor-

1453 3325 1593 3362 porum
1627 3314 1850 3351 inferiorum
1879 3322 1967 3352 sunt
1995 3322 2171 3363 quatuor,
2199 3322 2356 3364 propter
2382 3314 2524 3364 primas
2559 3341 2561 3344 ι

1453 3366 1649 3415 tangibiles
1675 3367 1883 3416 qualitates,
1905 3380 2004 3417 quae
2024 3375 2111 3405 sunt
2128 3367 2314 3418 principia
2332 3367 2468 3416 agendi
2488 3376 2525 3406 et

1453 3420 1632 3469 patiendi,
1659 3420 1799 3458 scilicet
1828 3420 2005 3469 calidum,
2035 3421 2223 3470 frigidum,
2253 3421 2460 3459 humidum
2489 3429 2525 3459 et

1455 3473 1620 3520 siccum,
1650 3486 1813 3522 quarum
1843 3482 1930 3511 sunt
1957 3481 2104 3511 tantum
2133 3482 2298 3524 quatuor
2325 3473 2523 3524 possibiles

393 3635 419 3668 α)
434 3635 513 3667 prius
535 3634 740 3660 determinatum
760 3639 807 3661 est.
825 3649 844 3654 —
858 3636 936 3668 prius
954 3645 1007 3661 om.
1020 3638 1066 3662 Pa.
1085 3651 1103 3657 -
1121 3638 1171 3662 Pro
1190 3645 1269 3670 quam
1289 3639 1315 3663 in
1335 3639 1403 3664 libro
1422 3639 1455 3664 de
1476 3639 1661 3670 Generan‘one,
1680 3647 1759 3672 quam
1781 3639 1813 3665 de
1834 3640 2012 3665 Generatione
2031 3643 2057 3665 et
2078 3640 2255 3672 Cor-ruptione
2274 3639 2319 3664 Ρα-

2558 896 2644 952 ζ.8ἑὲῥ
2654 903 2738 946 cap-1.

2552 2934 2561 2943 ·
2575 2933 2630 2956 Lib.
2644 2907 2668 2962 ἶ
2677 2939 2729 2963 enp-

2552 2965 2672 3010 {23:25⁴
2687 2960 2712 2984 ⁵·

2551 3013 2715 3068 gaugue-
2748 3054 2749 3058 ,

2552 3218 2561 3228 '
2576 3223 2623 3246 qua
2638 3223 2677 3240 ια.

2549 3270 2706 3319 Lcmporale'a
