2782 4134
70 2225 80 2235 '
94 2223 178 2252 incipit
189 2230 212 2246 Ρ.

70 2387 130 2437 :nsit
145 2393 194 2410 om.
213 2393 286 2417 mapa

73 2603 82 2613 ’
87 2608 168 2625 verum
175 2602 228 2624 add.
233 2608 285 2625 ase.

71 2655 83 2667 ⁸
92 2655 184 2678 scillcet
195 2661 245 2678 om.
255 2661 285 2678 ac

12 2694 13 2697 ¹
71 2687 132 2704 Dm

72 2698 164 2736 “fiiri
171 2709 226 2732 aad.
240 2715 263 2731 A.

75 3029 84 3037 ·
98 3027 170 3050 Num.
181 3033 259 3056 praec.

74 3086 85 3098 ⁹
96 3085 196 3114 aliquod
204 3085 258 3107 add.
267 3091 288 3107 ι’.

1130 269 1241 306 CAP.
1271 270 1343 317 XI,
1374 268 1527 306 LECT.
1557 268 1685 305 XXIV

310 351 359 389 de
387 349 486 388 facili
512 357 640 400 potest
667 349 772 396 fieri;
811 356 849 386 et
875 349 952 386 hoc
984 348 1075 396 quia
1103 361 1183 386 non
1213 349 1287 386 cito
1315 362 1384 398 po-

309 411 381 442 test
399 403 494 452 fieri,
514 405 577 441 vel
607 403 697 453 quia
719 415 799 440 non
827 409 884 439 est
911 402 1012 439 bene
1035 402 1210 450 factibile,
1231 402 1327 439 sicut
1354 402 1385 439 si

310 457 485 495 dicamus
513 456 670 507 aliquod
701 456 847 493 malum
884 455 1028 492 ferrum
1061 468 1141 493 non
1174 468 1257 493 esse
1286 457 1384 493 bene

310 510 540 548 fabricabile.

363 577 401 612 4.
422 564 484 602 Ad
500 562 734 602 evidentiam
749 569 879 599 autem
898 562 1040 599 horum
1055 562 1277 609 modorum,
1295 575 1385 599 con-

311 617 559 656 siderandum
589 623 644 654 est
671 615 777 665 quod
810 615 1004 664 generatio
1033 615 1214 664 importat
1242 615 1385 663 aliquid

312 683 534 719 commune,
555 669 662 720 quod
691 676 748 706 est
774 668 941 717 incipere
970 680 1071 711 esse;
1101 676 1138 706 et
1172 669 1286 706 etiam
1315 668 1385 706 im-

311 731 437 774 portat
456 722 751 762 determinatum
775 721 940 760 modum
965 721 1129 769 essendi,
1150 722 1290 758 scilicet
1317 734 1387 770 per

311 776 697 815 transformationem.
718 775 882 823 Negatio
902 775 1013 823 igitur
1031 787 1131 824 quae
1159 775 1387 824 importatur

309 832 386 869 hoc
412 829 570 868 nomine
599 829 822 879 ingenitum,
841 841 922 866 uno
942 828 1063 866 modo
1091 836 1218 877 potest
1248 840 1386 876 negare

309 891 529 933 utrumque,
551 882 690 920 scilicet
717 882 1004 932 incoeptionem
1033 889 1070 919 et
1103 883 1268 920 modum
1296 881 1386 919 inci-

309 936 456 986 piendi3
471 936 535 974 vel
548 943 675 986 potest
689 936 817 973 solum
832 948 971 984 negare
989 935 1152 973 modum
1168 935 1385 985 incipiendi.

310 991 361 1028 Et
387 997 595 1039 utrumque
620 989 802 1038 contingit
831 989 1045 1039 dupliciter:
1074 1002 1154 1027 uno
1179 989 1300 1027 modo
1329 1001 1386 1026 se-

311 1043 483 1081 cundum
512 1050 652 1090 actum,
674 1043 748 1080 alio
778 1043 898 1080 modo
919 1042 1133 1080 secundum
1161 1042 1385 1092 potentiam.

311 1097 352 1135 Si
379 1097 491 1146 igitur
517 1096 712 1146 praedicta
739 1097 890 1145 negatio
919 1109 999 1134 non
1035 1104 1148 1145 neget
1179 1096 1387 1145 incoeptio-

309 1162 414 1198 nem,
435 1150 504 1188 sed
523 1150 650 1188 solum
669 1149 834 1188 modum
854 1150 1071 1199 incipiendi,
1093 1150 1146 1187 sic
1166 1158 1222 1187 est
1239 1150 1388 1199 primus

285 1252 289 1253 ⁷
309 1203 696 1252 modus,secundum
715 1216 833 1252 quem
849 1204 984 1242 dicitur
1002 1203 1144 1253 aliquid
1163 1203 1386 1252 ingenitum,

310 1257 418 1306 quod
444 1265 572 1307 potest
603 1257 771 1307 incipere
800 1270 901 1305 esse,
932 1257 1001 1295 sed
1028 1269 1108 1295 non
1135 1269 1205 1306 per
1231 1269 1388 1305 genera-

309 1310 468 1349 tionem.
491 1311 532 1348 Si
549 1323 644 1349 vero
674 1318 788 1359 neget
810 1324 890 1349 non
917 1311 1142 1360 potentiam,
1164 1311 1232 1348 sed
1260 1310 1387 1347 solum

310 1372 452 1413 actum,
478 1371 520 1402 ut
546 1373 639 1414 puta
667 1364 758 1414 quia
784 1372 910 1414 potest
946 1364 1113 1413 incipere
1143 1376 1227 1402 esse
1257 1371 1293 1401 et
1318 1376 1388 1413 po-

309 1425 383 1456 test
401 1418 586 1467 generari,
602 1431 683 1456 non
705 1425 836 1455 tamen
855 1418 982 1455 adhuc
1000 1417 1168 1467 incoepit
1182 1418 1202 1438 *
1223 1429 1306 1455 esse
1325 1418 1387 1454 vel

311 1479 368 1510 est
395 1479 631 1519 generatum,
652 1471 706 1509 sic
735 1478 791 1509 est
818 1470 1010 1509 secundus
1038 1470 1191 1508 modus.
1223 1470 1263 1508 Si
1291 1483 1386 1508 vero

309 1536 390 1562 non
405 1525 532 1561 solum
547 1533 660 1573 neget
674 1524 838 1562 modum
853 1524 1071 1574 incipiendi,
1089 1524 1185 1562 sicut
1203 1524 1242 1561 in
1260 1524 1387 1574 primo

310 1577 444 1626 modo,
464 1589 537 1615 nec
556 1579 682 1616 solum
712 1586 840 1615 actum
860 1578 1126 1627 generationis,
1148 1578 1244 1616 sicut
1270 1578 1310 1616 in
1330 1591 1387 1615 se-

311 1632 465 1679 cundo,
500 1631 567 1669 sed
595 1631 708 1670 simul
741 1631 755 1658 ζ
788 1632 952 1670 modum
985 1631 1239 1682 incoeptionis
1267 1640 1304 1669 et
1331 1632 1387 1669 in-

310 1684 576 1734 coeptionem,
607 1693 644 1723 et
671 1692 859 1734 quantum
888 1686 938 1723 ad
966 1693 1095 1723 actum
1130 1693 1167 1723 et
1199 1693 1387 1735 quantum

310 1738 361 1776 ad
382 1738 614 1787 potentiam;
644 1739 698 1776 sic
726 1746 783 1776 est
809 1739 940 1776 tertius
967 1740 1121 1787 modus,
1143 1739 1208 1789 qui
1229 1747 1285 1776 est
1302 1751 1387 1789 per-

309 1791 549 1840 fectissimus,
571 1792 786 1830 secundum
806 1805 923 1842 quem
943 1793 1098 1842 proprie
1118 1801 1155 1830 et
1168 1793 1388 1842 simpliciter

311 1844 446 1883 dicitur
473 1845 616 1895 aliquid
644 1846 871 1895 ingenitum;
901 1847 1080 1900 quamvis
1101 1854 1137 1884 et
1164 1846 1387 1884 hicmodus

311 1898 562 1947 distinguatur
589 1900 805 1938 seeundum
834 1901 940 1949 quod
968 1900 1148 1949 possibile
1169 1900 1304 1938 dicitur
1323 1901 1386 1938 ali-

311 1951 404 2001 quid
432 1953 495 1990 vel
524 1953 744 2002 simpliciter
770 1954 833 1991 vel
862 1953 1075 1991 secundum
1105 1954 1210 2003 quid.

369 2006 403 2043 5.
424 2005 575 2044 Deinde
600 2019 690 2044 cum
719 2007 828 2045 dicit:
847 2007 994 2044 Eodem
1022 2013 1148 2045 autem
1168 2008 1281 2045 modo
1302 2015 1386 2055 etc„

312 2058 505 2108 distinguit
524 2060 842 2108 significationem
871 2060 984 2098 huius
1008 2061 1175 2099 nominis
1203 2062 1386 2112 genitum.

310 2112 362 2150 Et
389 2112 479 2150 dicit
507 2114 613 2163 quod
641 2115 782 2152 eodem
811 2114 932 2151 modo
959 2115 1130 2164 genitum
1164 2115 1300 2154 dicitur
1327 2115 1389 2153 tri-

310 2165 384 2203 bus
411 2166 550 2205 modis.
578 2168 759 2215 Quorum
786 2168 934 2217 primus
969 2176 1024 2205 est
1056 2168 1087 2206 si
1116 2168 1258 2217 aliquid
1285 2169 1390 2218 prius

311 2231 391 2256 non
411 2219 479 2256 fuit
499 2228 535 2257 et
552 2228 688 2270 postea
702 2221 869 2270 incoepit
885 2223 905 2242 ²²
925 2234 1020 2268 esse,
1045 2221 1126 2259 sive
1145 2234 1215 2271 per
1233 2234 1390 2270 genera-

312 2273 472 2322 tionem,
493 2273 589 2311 sicut
615 2275 750 2323 homo,
777 2274 858 2312 sive
887 2274 968 2312 sine
996 2275 1262 2323 generatione,
1292 2275 1388 2313 sicut

311 2333 450 2374 tactus;
463 2326 681 2366 dummodo
697 2328 790 2366 illud
805 2328 910 2377 quod
927 2328 1062 2366 dicitur
1076 2329 1256 2377 genitum,
1268 2342 1389 2378 quan-

313 2379 444 2428 doque
473 2393 552 2418 non
581 2381 645 2429 sit,
671 2390 708 2419 et
725 2382 864 2419 iterum
893 2388 1028 2430 postea
1047 2382 1094 2419 sit
1114 2384 1145 2419 *.

367 2434 549 2472 Secundo
569 2435 690 2472 modo
716 2435 851 2473 dicitur
879 2435 1021 2484 aliquid
1040 2436 1223 2484 genitum,
1245 2436 1275 2473 si
1303 2449 1391 2485 pos-

313 2486 420 2525 sibile
440 2487 487 2525 sit
503 2488 596 2526 illud
615 2488 782 2539 incipere
807 2501 908 2535 esse;
932 2489 1012 2526 sive
1024 2490 1202 2538 possibile
1219 2490 1392 2527 determi-

313 2547 423 2579 netur
435 2553 510 2591 per
527 2554 674 2589 verum,
693 2550 735 2580 ut
754 2541 895 2580 scilieet
920 2542 1066 2580 dicatur
1083 2543 1266 2592 possibile
1286 2543 1392 2592 quod

312 2602 438 2644 potest
463 2608 545 2633 esse
562 2598 594 2643 ¹³,
614 2597 693 2633 sive
715 2596 983 2634 determinetur
991 2608 1065 2646 per
1079 2597 1216 2645 facile,
1235 2604 1277 2634 ut
1296 2596 1391 2634 scili-

314 2650 404 2685 cet'*
417 2649 563 2687 dicatur
576 2650 758 2699 possibile
778 2650 862 2687 fieri
881 2650 988 2698 quod
1007 2651 1055 2688 de
1075 2650 1173 2687 facili
1192 2651 1234 2671 *²⁵
1252 2658 1389 2699 potest.

367 2703 500 2741 Tertio
521 2704 642 2741 modo
663 2703 799 2741 dicitur
818 2703 962 2752 aliquid
989 2703 1173 2752 genitum,
1195 2704 1302 2741 cuius
1321 2717 1390 2753 po-

314 2764 386 2794 test
414 2769 497 2794 esse
521 2756 728 2805 generatio,
748 2764 790 2794 ut
816 2769 886 2806 per
918 2757 993 2794 hoc
1021 2757 1206 2807 procedat
1234 2758 1282 2795 de
1311 2770 1391 2795 non

315 2823 398 2848 esse
426 2810 466 2848 in
495 2822 595 2848 esse:
626 2818 662 2848 et
689 2811 766 2847 hoc
794 2810 1053 2848 indifferenter
1090 2810 1171 2848 sive
1199 2811 1278 2848 iam
1308 2823 1391 2848 esse

313 2864 534 2914 incoeperit,
551 2871 588 2902 et
606 2865 682 2901 hoc
700 2876 772 2913 per
779 2865 885 2912 fieri,
901 2864 999 2901 idest
1011 2876 1081 2913 per
1096 2865 1258 2902 modum
1277 2877 1391 2913 gene-

315 2917 487 2964 rationis;
509 2918 590 2955 sive
610 2919 786 2956 nondum
811 2930 894 2955 esse
913 2917 1134 2967 incoeperit,
1155 2918 1224 2955 sed
1244 2918 1388 2955 contin-

315 2978 377 3020 gat
403 2971 494 3008 illud
523 2983 607 3008 esse
630 2971 798 3020 incipere
826 2983 898 3021 per
925 2971 1089 3008 modum
1122 2971 1389 3020 generationis.

370 3025 541 3072 Apparet
569 3024 683 3062 etiam
702 3025 916 3062 secundum
935 3024 1146 3074 praemissa
1166 3027 1185 3045 ³²
1205 3025 1300 3063 ratio
1321 3026 1390 3063 ho-

317 3081 404 3113 ru‘m
423 3077 645 3115 modorum.
662 3078 764 3124 Quia
780 3091 868 3115 cum
885 3078 1021 3115 dicitur
1036 3079 1056 3099 ’²‘
1070 3079 1241 3128 genitum
1257 3091 1391 3116 secun-

318 3129 412 3167 dum
445 3130 615 3179 primum
644 3131 830 3177 modurn,
860 3131 1039 3169 asseritur
1073 3132 1229 3169 actualis
1262 3132 1391 3169 incoe-

315 3183 408 3233 ptio,
439 3195 519 3220 non
543 3190 672 3220 autern
697 3184 838 3221 modus
867 3185 1138 3222 determinatus
1166 3186 1387 3235 incipiendi,

317 3249 434 3286 quem
462 3236 648 3285 significat
670 3237 876 3285 generatio.
898 3238 1122 3277 Secundum
1147 3246 1275 3276 autem
1305 3252 1390 3276 mo-

318 3291 412 3328 dum
432 3289 669 3337 secundum‚¹
680 3290 858 3327 asseritur
879 3291 1109 3339 possibilitas
1137 3291 1389 3341 incoeptionis

318 3344 463 3394 absque
494 3343 745 3381 determinato
775 3343 894 3380 modo
915 3343 1136 3392 incipiendi:
1158 3352 1194 3382 et
1221 3345 1283 3382 hic
1306 3358 1389 3382 mo-

1393 1510 1410 1524 fi

371 3466 397 3501 ζ)
417 3467 505 3492 simul.
518 3480 537 3486 -
549 3467 635 3492 solum
648 3467 788 3498 BCDFG1;
803 3467 996 3500 corruptionem
1010 3468 1032 3492 E
1043 3468 1146 3501 corrigit
1157 3469 1184 3493 in
1199 3469 1394 3499 universaliter,

318 3503 338 3528 P
353 3502 586 3535 expungit.—-Post
604 3503 668 3528 duas
687 3503 732 3528 lin.
752 3502 812 3528 Ante
830 3503 974 3528 secundum
993 3511 1070 3536 quem
1089 3505 1112 3528 A
1131 3504 1202 3528 addit
1218 3504 1274 3534 sed,
1294 3510 1343 3530 cet.
1357 3508 1396 3530 et.

371 3538 399 3572 η)
419 3538 474 3563 alio
493 3538 574 3563 modo
625 3539 832 3564 distinctionem.
844 3553 863 3558 -
873 3539 930 3563 Hoc
945 3547 999 3564 om.
1014 3539 1042 3568 P,
1053 3539 1115 3571 quia
1129 3539 1325 3564 homoteleuton
1338 3545 1395 3571 est3

319 3574 367 3599 sed
392 3581 445 3598 non
470 3581 531 3598 esse
554 3575 728 3599 omittendum
754 3579 825 3607 patet
848 3582 878 3600 ex
903 3575 984 3599 modo
1009 3575 1131 3607 loquendi
1157 3583 1211 3608 quo
1235 3583 1256 3599 s.
1276 3575 1394 3600 Thomas

2462 282 2510 317 97

1439 349 1511 387 dus
1530 355 1657 398 potest
1678 347 1859 396 distingui
1877 347 1916 385 in
1941 348 2039 385 duos
2064 348 2277 385 secundum
2307 349 2512 386 distinctio-

1439 414 1530 439 nem
1548 401 1752 451 potentiae.
1775 401 1999 439 Secundum
2020 410 2148 438 autem
2167 403 2328 439 modum
2347 402 2512 451 tertium,

1440 455 1617 493 asseritur
1645 467 1725 492 non
1754 455 1880 492 solum
1909 454 2114 504 incoeptio,
2141 455 2208 493 sed
2242 455 2514 493 determinatus

1440 509 1580 546 modus
1609 508 1830 558 incipiendi:
1860 516 1897 545 et
1925 508 1987 545 hjc
2015 508 2156 546 modus
2184 516 2311 558 potest
2339 508 2515 557 distingui

1439 563 1478 600 in
1507 563 1616 610 duos,
1644 562 1732 612 quia
1759 563 1823 599 vel
1851 562 2030 599 asseritur
2066 562 2338 600 determinatus
2374 562 2515 599 modus

1440 615 1645 665 incipiendi
1683 616 1897 653 secundum
1921 623 2074 665 actum,
2103 623 2145 654 ut
2174 615 2263 665 quia
2297 615 2343 653 sit
2372 615 2515 663 aliquid

1439 668 1516 705 iam
1536 676 1775 716 generatum3
1796 676 1862 707 aut
1879 669 2095 707 secundum
2118 669 2342 719 potentiam,
2362 676 2404 706 ut
2428 668 2516 717 quia

1441 729 1573 770 aptum
1601 730 1733 759 natum
1763 722 1809 760 sit
1835 723 2019 771 generari.

1496 776 1531 812 6.
1553 776 1603 812 Et
1631 775 1661 812 si
1690 776 1774 824 quis
1794 784 1895 813 recte
1926 776 2140 814 consideret
2158 777 2300 814 modos
2328 788 2427 824 quos
2446 788 2515 825 po-

1442 828 1516 865 suit
1530 829 1550 849 *
1566 828 1665 865 circa
1682 830 1865 878 genitum,
1883 830 2063 867 differunt
2082 842 2104 868 a
2123 829 2250 868 modis
2270 841 2370 878 quos
2389 828 2517 878 posuit

1442 881 1541 919 circa
1570 882 1779 932 ingenitum
1809 883 2027 932 dupliciter:
2048 896 2127 921 uno
2152 884 2273 921 modo
2302 882 2516 920 secundum

1442 934 1736 982 distinctionem,
1759 935 1832 972 alio
1853 938 1972 974 modo
2002 937 2216 975 secundum
2237 936 2425 974 ordinem.
2449 937 2516 973 Se-

1443 989 1615 1026 cundum
1645 988 1926 1027 distinctionem
1949 996 1963 1013 η
1992 991 2171 1039 quidem,
2201 990 2291 1041 quia
2319 989 2359 1027 in
2388 989 2515 1027 distin-

1443 1042 1567 1079 ctione
1602 1042 1811 1079 modorum
1846 1043 2020 1093 ingeniti,
2051 1045 2122 1081 sub
2151 1044 2226 1081 alio
2255 1043 2375 1081 modo
2411 1055 2517 1080 com-

1442 1095 1753 1145 prehendebatur
1766 1096 1917 1144 negatio
1935 1097 2173 1135 determinati
2189 1097 2297 1134 modi
2312 1096 2518 1146 incipiendi

1443 1149 1658 1186 secundum
1677 1149 1902 1198 potentiam,
1925 1158 1961 1187 et
1980 1150 2018 1187 in
2038 1151 2112 1188 alio
2133 1150 2346 1188 secundum
2366 1157 2515 1188 actum:

1443 1215 1534 1240 nam
1563 1202 1602 1239 in
1630 1203 1755 1251 primo
1784 1203 1905 1240 modo
1942 1203 2138 1242 dicebatur
2165 1204 2388 1252 ingenitum,
2411 1203 2517 1253 quod

1442 1268 1522 1293 non
1536 1263 1687 1304 poterat
1700 1255 1867 1306 incipere
1883 1269 1952 1306 per
1966 1258 2270 1305 generationem
2290 1258 2330 1295 in
2345 1257 2516 1295 secundo

1443 1317 1573 1346 autem
1598 1309 1703 1359 quod
1731 1317 1881 1359 poterat
1899 1310 2066 1360 incipere
2093 1324 2164 1361 per
2182 1310 2471 1360 generationem
2490 1308 2515 1357 ⁰,

1443 1363 1511 1401 sed
1544 1363 1719 1400 nondum
1759 1371 1837 1400 erat
1870 1372 2104 1412 generatum.
2137 1365 2214 1402 Sed
2252 1372 2439 1414 quantum
2468 1363 2518 1401 ad

1443 1416 1687 1465 negationem
1715 1416 1969 1467 incoeptionis
1990 1418 2029 1455 in
2048 1418 2263 1466 communi,
2285 1418 2356 1455 sub
2377 1418 2517 1455 eodem

1432 1470 1563 1508 amodo
1594 1471 1946 1519 comprehendebat
1978 1472 2222 1520 negationem
2258 1470 2452 1521 potentiae
2483 1478 2519 1508 et

1442 1531 1569 1561 actus:
1604 1523 1802 1562 dicebatur
1836 1525 1940 1562 enim
1974 1525 2084 1562 tertio
2123 1525 2243 1562 modo
2284 1525 2516 1573 ingenitum,

1442 1577 1549 1627 quod
1569 1590 1640 1614 nec
1659 1577 1827 1627 incoepit
1840 1579 1860 1599 '¹‘
1877 1591 1971 1626 esse,
1988 1590 2060 1615 nec
2074 1586 2199 1627 potest
2213 1579 2392 1628 incipere.
2404 1600 2428 1606 -
2441 1578 2517 1615 Sed

1442 1630 1542 1668 circa
1561 1631 1702 1668 modos
1720 1632 1849 1682 geniti,
1868 1644 1887 1668 e
1908 1644 2097 1669 converso
2119 1644 2164 1669 ex
2183 1639 2290 1681 parte
2310 1632 2518 1681 incoeptio-

1443 1684 1500 1722 nis
1520 1684 1560 1722 in
1590 1685 1787 1722 communi
1817 1685 2008 1733 distinguit
2036 1685 2176 1723 modos
2206 1686 2420 1727 secundum
2448 1698 2517 1734 po-

1442 1738 1600 1775 tentiam
1621 1746 1657 1775 et
1676 1746 1825 1776 actum:
1847 1751 1938 1776 nam
1958 1739 2106 1788 primus
2135 1739 2276 1776 modus
2297 1747 2352 1776 est
2376 1739 2481 1788 quod
2498 1739 2517 1759 ’¹‘

1442 1798 1528 1829 actu
1547 1791 1677 1841 incipit
1697 1804 1779 1830 esse
1800 1805 2048 1842 quocumque
2070 1792 2206 1839 modo;
2228 1794 2419 1830 secundus
2435 1805 2518 1830 mo-

1442 1845 1514 1883 dus
1537 1846 1557 1866 *
1578 1853 1633 1882 est
1658 1846 1765 1894 quod
1783 1853 1910 1895 potest
1929 1846 2095 1895 incipere
2116 1859 2364 1896 quocumque
2384 1846 2517 1893 modo,

1442 1899 1528 1936 licet
1546 1900 1724 1937 nondum
1743 1899 1963 1948 incoeperit.
1987 1900 2065 1937 Sed
2086 1912 2131 1936 ex
2149 1907 2256 1949 parte
2279 1900 2518 1937 determinati

1441 1953 1548 1990 modi
1581 1952 1812 2002 incipiendi,
1852 1954 1923 1990 sub
1956 1965 2035 1990 uno
2069 1953 2189 1991 modo
2228 1954 2520 2002 comprehendit

1442 2006 1654 2056 potentiam
1683 2014 1720 2043 et
1748 2014 1900 2043 actum:
1940 2006 2074 2044 dicitur
2111 2006 2214 2044 enim
2252 2007 2360 2044 tertio
2398 2008 2518 2045 modo

1442 2060 1634 2109 genitum,
1673 2060 1779 2108 quod
1813 2061 1876 2098 vel
1915 2068 1970 2097 est
1998 2068 2222 2108 generatum
2253 2063 2272 2082 Ψ
2305 2062 2367 2099 vel
2396 2069 2520 2110 potest

1443 2114 1615 2163 generari
1638 2121 1657 2150 ⁴.
1693 2114 1742 2151 Et
1769 2113 1823 2151 sic
1850 2121 1954 2163 patet
1982 2114 2087 2163 quod
2115 2113 2174 2151 isti
2202 2121 2276 2152 tres
2306 2115 2412 2152 modi
2440 2128 2519 2152 non

1444 2168 1584 2206 directe
1609 2174 1938 2216 contraponuntur
1964 2167 2083 2204 tribus
2110 2167 2264 2216 primis:
2296 2169 2385 2216 quia
2414 2169 2520 2217 quod

1445 2221 1495 2258 ibi
1525 2221 1846 2269 distinguebatur,
1882 2221 1944 2258 hic
1973 2229 2146 2258 remanet
2172 2221 2454 2269 indistinctum,
2486 2230 2522 2259 et

1445 2288 1466 2312 e
1496 2287 1697 2312 converso.

1500 2328 1722 2366 Secundum
1752 2327 1930 2365 ordinem
1960 2335 2088 2364 autem
2110 2328 2289 2365 differunt
2317 2328 2375 2365 isti
2400 2328 2519 2366 modi.

1446 2383 1550 2420 Nam
1579 2381 1618 2418 in
1648 2381 1774 2419 modis
1803 2381 1962 2431 ingeniti
1986 2381 2301 2429 praemittebatur
2337 2381 2376 2418 id
2413 2381 2521 2429 quod

1445 2435 1608 2485 pertinet
1626 2435 1675 2472 ad
1695 2434 1991 2472 determinatum
2012 2435 2175 2472 modum
2205 2435 2468 2484 incoeptionis,
2487 2435 2521 2472 ei

1447 2489 1552 2539 quod
1570 2488 1734 2537 pertinet
1753 2488 1803 2525 ad
1830 2487 2116 2537 incoeptionem
2140 2488 2179 2525 in
2205 2489 2422 2525 communi:
2453 2488 2521 2526 sed

1447 2543 1547 2580 circa
1575 2541 1716 2579 modos
1743 2542 1863 2591 geniti
1896 2541 2148 2591 praemittitur
2180 2542 2219 2579 id
2257 2542 2362 2590 quod
2392 2549 2447 2578 est
2476 2554 2522 2578 ex

1445 2604 1552 2646 parte
1585 2595 1838 2644 incoeptionis
1866 2595 1904 2632 in
1925 2595 2134 2632 communi.
2157 2596 2206 2632 Et
2224 2596 2300 2632 hoc
2320 2595 2444 2632 subtili
2464 2607 2521 2632 ra-

1445 2650 1549 2687 tione
1570 2649 1792 2686 Aristoteles
1821 2648 1917 2685 fecit.
1939 2648 2069 2685 Voluit
2093 2648 2195 2685 enim
2224 2648 2351 2697 primo
2375 2661 2522 2697 ponere

1446 2703 1587 2741 modos
1616 2703 1876 2751 imperfectos,
1907 2709 1944 2738 et
1971 2701 2105 2739 ultimo
2143 2702 2284 2739 modos
2311 2702 2520 2751 perfectos:

1447 2757 1666 2795 differenter
1684 2763 1812 2793 autem
1832 2768 1872 2792 se
1901 2755 2044 2792 habent
2072 2755 2223 2804 negatio
2253 2763 2289 2792 et
2317 2755 2521 2792 affirmatio

1447 2810 1545 2848 circa
1573 2810 1774 2859 proprium
1805 2817 1841 2846 et
1869 2821 2090 2846 commune.
2108 2810 2212 2846 Nam
2241 2809 2392 2857 negatio
2423 2821 2522 2857 quae

1446 2872 1559 2912 negat
1591 2863 1812 2913 proprium,
1849 2870 1905 2899 est
1933 2862 2171 2912 imperfecta;
2202 2862 2352 2911 negatio
2392 2870 2521 2898 autern

1446 2930 1545 2967 quae
1573 2925 1686 2965 negat
1715 2928 1937 2964 commune,
1969 2923 2024 2953 est
2051 2916 2236 2965 perfecta,
2266 2915 2355 2965 quia
2384 2922 2520 2963 negato

1447 2971 1646 3008 communi
1667 2978 1826 3018 negatur
1844 2969 2064 3019 proprium:
2087 2977 2122 3006 et
2141 2969 2228 3006 ideo
2243 2969 2422 3005 ultimum
2438 2980 2521 3004 mo-

1447 3025 1541 3062 dum
1562 3024 1722 3074 ingeniti
1738 3023 1847 3073 quasi
1867 3023 2080 3072 perfectum
2105 3022 2243 3070 posuit,
2266 3034 2342 3070 quo
2364 3028 2522 3069 negatur

1446 3078 1638 3127 incoeptio
1660 3078 1698 3114 in
1715 3076 1922 3114 communi.
1941 3077 1990 3112 Et
2009 3075 2097 3124 quia
2118 3075 2267 3123 negatio
2287 3074 2523 3123 particularis

1446 3131 1554 3169 modi
1573 3130 1780 3180 incipiendi
1796 3137 1852 3167 est
1870 3129 2105 3178 imperfecta,
2122 3128 2210 3166 ideo
2231 3141 2277 3165 ex
2291 3129 2364 3165 hac
2378 3135 2485 3177 parte
2503 3130 2522 3150 ss

1445 3185 1574 3234 posuit
1601 3184 1779 3234 partiales
1814 3182 1953 3219 modos
1987 3181 2182 3219 distinctos
2212 3181 2426 3218 secundum
2455 3194 2524 3234 po-

1446 3238 1603 3275 tentiam
1643 3245 1679 3274 et
1716 3244 1856 3274 actum.
1886 3257 1910 3263 -
1941 3236 2018 3273 Sed
2047 3235 2248 3272 affirmatio
2286 3235 2431 3284 proprii
2466 3243 2522 3273 est

1446 3292 1629 3340 perfecta,
1659 3290 1748 3339 quia
1775 3289 1901 3338 posito
1930 3288 2087 3338 proprio
2116 3288 2272 3338 ponitur
2298 3301 2522 3334 commune;

1447 3344 1650 3382 affirmatio
1690 3350 1820 3380 autem
1856 3342 2074 3379 communis
2114 3349 2169 3379 est
2204 3342 2448 3391 imperfecta:
2489 3350 2525 3380 et

1503 3467 1528 3502 0)
1548 3468 1575 3493 in
1595 3467 1756 3492 secundo...
1775 3467 1986 3500 generationem.
2005 3481 2024 3485 —
2043 3467 2101 3492 Hoc
2125 3467 2248 3491 omittunt
2265 3466 2324 3495 PA.
2344 3466 2438 3491 iterum
2465 3467 2525 3499 quia

1449 3504 1646 3529 homoteleuton
1665 3508 1719 3534 est;
1746 3503 1815 3527 male
1837 3508 1925 3528 autem
1950 3502 2033 3527 omitti
2052 3508 2123 3535 patet
2146 3510 2177 3528 ex
2202 3507 2336 3532 contextu;
2360 3502 2427 3527 conf.
2447 3502 2525 3527 etiam

1450 3548 1522 3565 num.
1544 3539 1567 3564 3.

1505 3574 1523 3609 ι)
1544 3575 1586 3600 vel
1599 3577 1691 3606 potest
1708 3574 1875 3608 generari.—
1888 3575 1925 3599 Ita
1942 3575 1979 3605 A;
2000 3575 2020 3599 Ρ
2040 3579 2066 3599 et
2084 3574 2174 3600 ceteri:
2194 3574 2235 3598 vel
2253 3576 2344 3606 potest
2366 3577 2524 3606 generatum

318 3609 400 3634 utitur
413 3614 439 3634 et
452 3609 494 3634 hic
507 3610 664 3641 immediate,
680 3615 705 3635 et
724 3610 789 3635 infra
804 3610 870 3636 circa
884 3610 1000 3635 medium
1015 3618 1096 3642 num„
1111 3618 1220 3644 nempe:
1241 3610 1393 3636 Secundum
1450 3618 1505 3636 esse
1523 3611 1564 3635 vel
1583 3610 1687 3642 poterit
1706 3610 1808 3643 (potest
1827 3610 1912 3643 codd.)
1932 3610 2068 3644 generari.
2081 3624 2100 3629 -
2118 3610 2168 3635 Pro
2188 3617 2240 3634 non
2260 3609 2360 3634 directe
2383 3612 2524 3640 contrapo-

319 3645 440 3670 ordinem
460 3648 549 3670 autem
569 3645 698 3679 differunt
716 3646 761 3671 isti
780 3646 861 3671 modi.

463 3700 533 3733 opp.
553 3700 584 3724 D.
599 3700 713 3725 Tamum
733 3700 764 3724 T.
785 3701 823 3725 ΙΙΙ.

1451 3649 1565 3676 nuntur,
1585 3646 1605 3670 P
1624 3645 1702 3671 habet
1721 3653 1773 3672 non
1793 3645 1892 3671 directe
1911 3649 2091 3679 opponuntur.

2315 3700 2344 3724 13

2545 836 2554 865 ‚¹
2566 834 2724 865 ponit-codd.¹
2737 838 2759 856 et

2545 864 2576 882 ita
2591 864 2677 883 statim.

2599 998 2605 1004 “
2643 998 2658 1022 η

2547 1586 2557 1596 ⁸*
2572 1585 2656 1612 incipit
2670 1586 2739 1608 codd.

2548 1746 2555 1754 u

2546 1777 2559 1792 E
2574 1745 2616 1772 qui
2628 1751 2651 1772 n,
2667 1745 2763 1773 quando

2547 1853 2556 1862 ⁸
2573 1851 2655 1874 modus
2672 1858 2721 1874 om.
2731 1859 2753 1874 r.

2546 2070 2556 2079 ⁸
2569 2069 2674 2097 genitum
2688 2076 2710 2091 P.

2651 2129 2659 2145 t

2551 3138 2562 3147 ⁴
2573 3139 2646 3164 parte
2660 3142 2708 3158 om.
2718 3142 2766 3158 nti.
