2690 4062
1053 225 1165 262 CAP.
1195 226 1251 274 v,
1288 211 1440 266 LECT.
1470 229 1540 267 vii
2347 254 2395 278 cv

262 295 327 331 τήν
351 297 442 336 ΜΠ,
467 298 525 328 καὶ
554 298 660 334 λοιπή
686 298 707 335 ἡ
733 299 774 331 τό
799 300 875 330 ΜΗ
900 301 980 341 πρὸς
1005 303 1091 334 ΜΚ.
1124 302 1185 335 ’“Αν
1212 301 1269 336 οὖν

261 340 310 379 τῷ
337 340 384 384 ἐφ’
415 341 438 382 ᾧ
465 342 506 373 τὸ
531 342 557 372 Π
582 341 675 383 πόλῳ
703 343 886 387 χρώμενος,
913 340 1133 390 διαστήματι
1158 343 1196 380 δὲ
1222 351 1270 391 τῷ

260 382 309 429 ἐφ’
338 385 362 426 ᾧ
387 386 478 426 ΜΠ,
505 385 627 423 κύκλος
659 389 793 432 γραφῇ,
826 389 968 421 ἁπασῶν
1001 389 1171 435 ἐφάψεται
1202 395 1268 426 τῶν

258 431 387 475 γωνιῶν
420 430 459 467 δὶς
490 430 729 475 ἀνακλώμεναι
762 434 915 465 ποιοῦσιν
947 437 982 466 αἱ
1017 436 1086 468 ἀπὸ
1111 438 1174 469 τοῦ
1199 439 1270 470 MA

257 473 402 506 κύκλου·
429 475 457 506 εἰ
482 470 520 506 δὲ
545 474 614 518 μή,
643 476 768 519 ὁμοίως
794 472 1038 522 δειχθήσονται
1069 481 1128 514 τὸν
1160 482 1268 514 αὐτόν

260 519 404 563 ἔχουσαι
427 518 530 565 λόγον
558 521 592 550 αἱ
619 520 739 552 α”λλοθι
761 523 820 553 καὶ
847 522 967 555 ἄλλοθι
988 525 1051 556 τοῦ
1070 527 1268 569 ἡμικυκλίου

258 562 518 608 συνιστάμεναι,
539 562 621 608 ὅπερ
647 562 688 602 ἦν
716 560 905 599 ἀδύνατον.
933 567 994 600 ''Av
1022 567 1077 601 οὖν
1103 571 1271 617 περιαγα-

257 619 320 654 γῃς
351 610 392 642 τό
423 607 622 661 ἡμικύκλιον
656 609 697 642 τὸ
723 610 772 654 ἐφ’
802 611 826 652 ᾧ
851 613 892 644 το
918 613 944 643 Α
970 616 1043 656 περὶ
1073 614 1140 651 την
1166 616 1214 659 ἐφ’
1245 616 1267 658 ’ᾗ

257 653 366 685 nnn
390 648 592 697 διαμετρον,
612 656 647 685 αἱ
667 654 737 686 ἀπὸ
754 656 817 688 τοῦ
838 657 909 687 ΗΚ
931 656 1170 700 ἀνακλώμεναι
1187 662 1268 704 πρὸς

258 698 301 731 τὸ
318 698 366 742 ἐφ’
388 697 412 739 ᾧ
433 698 475 730 τὰ
492 699 524 728 Μ
543 695 576 729 ἑν
598 700 684 731 πᾶσι
708 703 780 737 τοῖς
807 697 982 739 ἐπιπέδοις
1001 703 1122 746 ὁμοίως
1141 702 1266 746 ἕξουσι,

256 744 316 775 καὶ
339 745 416 780 ἴσην
441 741 623 783 ποιήσουσι
647 747 773 789 γωνίαν
799 745 863 781 τήν
890 746 1016 788 ΚΜΗ,
1042 750 1100 779 καὶ
1126 749 1166 784 ἦν
1194 760 1269 781 ποι-

258 789 332 820 οῦσι
361 783 400 819 δὲ
428 789 555 834 γωνίαν
582 789 617 819 αἰ
641 789 710 820 ΗΠ
737 790 797 820 καὶ
827 791 858 821 Μ
877 792 901 820 [1
926 791 981 823 ἐπὶ
1008 793 1071 830 τῆς
1096 794 1185 834 ΗΠ,
1215 794 1268 826 ἀεὶ

255 834 312 870 ἴση
345 831 459 864 ἔσται.
496 833 652 877 Τρίγωνα
685 831 824 866 οὖν-ἐπὶ
855 835 918 872 τῆς
942 837 1012 867 ΗΠ
1033 838 1093 868 καὶ
1117 839 1183 868 ΚΠ
1208 840 1267 871 ίσα

243 878 307 920 «τῷ
331 877 448 908 ΗΜΠ
477 879 536 909 καὶ
560 879 672 909 ΚΜΠ
701 878 972 915 συνεστήκασιν·
1003 881 1139 914 τούτων
1172 878 1201 914 δ’
1231 886 1266 915 αἱ

255 921 399 955 κσίθετοι
417 922 473 954 ἐπὶ
491 921 533 954 τὸ
555 922 646 956 αὐτὸ
663 926 801 967 σημεῖον
820 925 1010 958 πεσοῦνται
1027 927 1090 964 τῆς
1115 928 1145 958 Η
1158 929 1184 958 Π
1206 930 1267 960 καὶ

198 988 202 990 -
254 968 328 999 ἶσαι
355 965 508 999 ἔσονται.
546 967 774 1001 Πιπτέτωσαν
801 966 857 1000 ἐπὶ
882 970 925 1002 τό
950 971 987 1001 Ο.
1023 971 1170 1016 Κέντρον
1199 972 1266 1017 ἄρα

199 1019 202 1029 ’
256 1012 321 1044 τοῦ
345 1010 472 1043 κύκλου
505 1013 548 1044 τὸ
572 1011 844 1056 Ο,’ἡμικύκλιον
873 1013 911 1046 δὲ
937 1015 979 1047 τὸ
1004 1018 1079 1059 περὶΙ
1104 1017 1170 1053 τήν
1193 1018 1266 1049 ΜΝ

256 1055 434 1100 ἀφῄρηται
462 1053 532 1088 &ved
558 1058 621 1089 τοῦ
640 1058 823 1101 ὁρίζοντος.
853 1057 938 1103 [Τῶν
955 1059 1014 1104 μὲν
1031 1061 1096 1107 γαρ
1117 1061 1185 1094 ἄνω
1204 1062 1265 1093 τόν

256 1099 353 1138 ἥλιον
379 1100 418 1133 οὐ
442 1105 596 1144 κρατεῖν,
615 1103 683 1135 τῶν
707 1097 746 1134 δὲ
772 1104 854 1145 προς
879 1105 925 1146 τῇ
949 1105 994 1150 γῇ
1015 1106 1265 1150 στηριζομένων

253 1148 407 1200 κρατεῖν,
421 1146 488 1192 καί
497 1140 631 1192 διαχεῖν
650 1146 710 1180 τὸν
730 1145 829 1190 ἀέρα,
843 1149 903 1179 καὶ
919 1144 979 1181 διαὶ
996 1151 1103 1183 τοῦτο
1121 1150 1187 1186 τήν
1203 1147 1265 1195 ἶριν

307 1198 315 1200 ·
345 1198 365 1201 ”
471 1192 529 1222 ἐιν
554 1191 616 1224 τόν
639 1191 778 1224 κύκλον.
808 1192 962 1226 Γίνεσθαι
987 1189 1026 1226 δὲ
1049 1197 1107 1226 καὶ
1133 1194 1263 1239 νύκτωρ

232 1234 327 1268 ’ἀπὸ
361 1235 425 1272 τῆς
454 1234 598 1274 σελήνης
631 1235 803 1282 ὸλιγοίκις·
832 1237 911 1270 οὔτε
942 1238 1008 1284 γοὶρ
1036 1239 1087 1272 ἀεὶ
1113 1238 1263 1294 πλήρης·

257 1277 487 1322 ἀσθενεστέρα
512 1292 551 1312 τε
578 1280 642 1317 τὴν
667 1280 764 1325 φύσιν
789 1280 878 1314 ὥστε
902 1287 1042 1327 κρατεῖν
1063 1284 1127 1316 τοῦ
1150 1284 1261 1328 ἀερος·

208 1327 233 1346 a:
252 1322 410 1370 μείλιστα
434 1319 463 1356 δ’
481 1324 652 1358 ἵστασθαι
669 1326 733 1362 τήν
754 1321 831 1367 ἶριν,
849 1325 935 1359 ὅπου
951 1327 1107 1372 μάλιστα
1131 1333 1266 1373 κρατεῖ-

194 1371 316 1402 '2''·'⁴2·oe=
334 1369 350 1401 ὁ
368 1367 481 1407 ἥλιος.
508 1370 655 1408 πλείστη
672 1371 739 1417 Td?
764 1370 798 1400 ὲν
825 1371 920 1414 αὐτῇ
944 1372 1046 1415 ἱκμοὶς
1068 1372 1260 1418 ἑνέμεινεν].

251 1412 359 1446 Πάλιν
383 1413 473 1446 ἔστω
499 1415 516 1446 ὀ
538 1415 654 1458 ὁρίζων
679 1414 740 1472 μὲν
766 1413 814 1457 ἐφ’
836 1415 874 1446 οὗ
899 1417 942 1450 το“
963 1417 1070 1457 ΑΒΓ,
1094 1417 1265 1451 ἐπανατε-

197 1461 202 1467 ‘
250 1457 415 1491 ταλκέτω
439 1453 478 1490 δὲ
502 1460 545 1492 ‘cd
563 1461 606 1500 Η,
627 1460 644 1491 ὀ
659 1454 678 1491 δ
712 1458 801 1500 αξων
823 1459 911 1493 ἔστω
929 1461 986 1492 νῦν
1005 1461 1053 1506 ἐφ’
1076 1462 1099 1504 ᾧ
1117 1462 1157 1495 τὸ
1178 1464 1261 1497 ΗΠ.

250 1503 305 1536 Τὰ
327 1504 389 1548 μὲν
415 1501 473 1535 οὖν
493 1503 585 1536 ἄλλα
603 1502 725 1536 πάντα
747 1503 868 1546 ὁμοίως
883 1500 1112 1551 δειχθήσεται
1137 1508 1179 1545 ὠς
1203 1509 1263 1540 καὶ

251 1546 439 1594 πρότερον,
467 1549 483 1580 ὁ
506 1543 546 1580 δὲ
571 1546 675 1586 πόλος
701 1549 765 1581 τοῦ
790 1548 915 1582 κύκλου
942 1551 958 1582 ὁ
983 1549 1033 1595 ἐφ’
1063 1551 1087 1592 ᾧ
1112 1552 1138 1582 11
1163 1551 1262 1585 κοίτω

252 1592 353 1626 ἔσται
378 1594 443 1625 τοῦ
471 1592 640 1636 ὁρίζοντος
666 1594 730 1625 τοῦ
751 1591 765 1625 ὲ
791 1593 799 1604 “
821 1593 846 1635 ᾧ
864 1594 905 1627 *ro*
923 1596 998 1638 Ar,
1019 1594 1180 1640 ἀρθέντος
1199 1598 1262 1629 τοῦ

801 1637 809 1648 x

250 1635 302 1682 ἐφ’
323 1636 348 1679 ᾧ
373 1636 414 1670 τὸ
431 1638 463 1670 11
482 1639 636 1682 σημείου.
667 1636 747 1670 Ἐπὶ
795 1649 810 1669 ε
835 1640 898 1677 τῆς
925 1640 1037 1679 αὐτῆς
1056 1639 1074 1673 ὁ’
1091 1653 1130 1673 τε
1157 1641 1261 1680 πόλος

194 1684 209 1703 ·'
248 1683 309 1714 nal
333 1680 377 1714 τὸ
408 1681 549 1724 κέντρον
579 1683 644 1714 τοῦ
675 1682 801 1715 κύκλου
835 1686 893 1715 καὶ
926 1684 968 1717 τὸ
999 1686 1062 1719 τοῦ
1089 1685 1260 1730 ὁρίζοντος

192 1726 309 1759 *Ψνῗιν
332 1726 400 1763 τήν
434 1724 628 1762 ἀνατολήν·
655 1726 730 1761 ἔστι
758 1727 824 1773 γαρ
856 1727 956 1767 οὗτος
981 1727 1031 1774 ἐφ’
1060 1729 1085 1772 ᾧ
1111 1730 1153 1762 τὸ
1177 1731 1258 1763 1111.

244 1770 344 1803 ’nicei
369 1766 407 1803 δέ
432 1771 497 1808 τῆς
521 1766 708 1825 διαμέτρου
730 1776 792 1810 τῆς
819 1772 880 1803 ΔΓ
905 1773 946 1806 τό
970 1775 1042 1806 ΚΠ
1067 1774 1197 1816 ἐποίνω,
1218 1775 1258 1808 τό

248 1813 389 1860 κέντρον
414 1817 464 1852 εἴη
485 1813 524 1847 οἲν
544 1816 711 1848 ύποκατω
733 1818 796 1851 τοῦ
815 1816 986 1862 ὁρίζοντος
1013 1819 1176 1864 πρότερον
1195 1821 1258 1852 τοῦ

251 1857 301 1904 ἐφ’
331 1860 355 1902 ᾤ
381 1859 422 1892 τὸ
447 1860 522 1901 ΑΓ,
549 1860 605 1892 ἐπὶ
631 1861 696 1899 τῆς
719 1863 786 1893 ΚΠ
809 1864 983 1907 γραμμῆς,
1006 1861 1056 1907 ἐφ’
1085 1864 1123 1896 οὖ
1149 1863 1189 1896 τὸ
1215 1865 1240 1895 Ο

248 1903 331 1937 ὥστ’
360 1903 511 1937 ἔλαττον
544 1904 645 1938 ἔσται
678 1908 719 1939 τὸ
752 1907 869 1939 ἑποίνω
902 1908 1025 1951 τμῆμα
1059 1909 1259 1952 ἡμικυκλίου

209 1962 216 1970 ·
248 1950 313 1982 τοῦ
338 1949 388 1992 ἐφ’
409 1948 433 1991 ᾦ
458 1949 587 1980 ΨΥΩ’
614 1949 654 1982 το“
680 1952 744 1997 γσὶρ
770 1952 882 1983 ΨΥΩ
906 1951 1106 1997 ἡμικύκλιον
1128 1950 1182 1994 ἡν,
1202 1954 1259 1984 νῦν

247 1988 279 2025 δ’
301 1993 553 2038 ἀποτέτμηται
579 1991 659 2026 ἀπὸ
677 1996 740 2027 τοῦ
765 1996 826 2027 ΑΓ
853 1997 1036 2040 ὁρίζοντος.
1062 2000 1107 2030 Τὸ
1128 1994 1172 2034 δή
1197 1998 1260 2028 ΥΩ

250 2037 376 2084 ἀφανές
400 2039 503 2070 ἔσται
527 2036 736 2082 ἐπαρθέντος
770 2041 883 2073 αὐτοῦ
909 2042 972 2074 τοῦ
998 2042 1117 2084 ήλίου,
1143 2042 1261 2088 ἐλαχι-

247 2094 330 2116 στον
355 2078 407 2124 δ’,
434 2081 522 2115 ὅταν
555 2083 611 2115 ἐπὶ
645 2084 875 2129 μεσημβρίαν·
902 2084 966 2127 ὅσῳ
991 2088 1055 2132 γαρ
1091 2086 1258 2132 ἀνώτερον

247 2128 290 2160 τᾶ
314 2128 366 2169 Η,
391 2126 591 2171 κατώτερος
617 2126 635 2159 ὅ
660 2140 700 2160 τε
731 2129 836 2167 πόλος
867 2132 925 2162 καὶ
956 2131 998 2163 τὸ
1026 2130 1167 2176 κέντρον
1194 2133 1257 2164 τοῦ

246 2170 374 2205 κύκλου
399 2171 514 2205 ἔσται.

172 2215 252 2250 Ὅτι
275 2211 305 2248 δ’
325 2216 360 2248 ἐν
385 2219 445 2261 μὲν
471 2220 550 2254 ταῖς
575 2213 761 2249 ἐλάττοσιν
787 2218 930 2263 ἡμέραις
952 2224 1029 2258 ταῖς
1047 2221 1121 2265 μετ’
1142 2221 1257 2264 ἰσημε-

265 2261 320 2293 ίαν
349 2263 413 2299 τήν
439 2260 678 2306 μετοπωρινήν
707 2257 889 2308 ἐνδέχεται
916 2261 969 2295 ἀεὶ
994 2265 1147 2311 γίνεσθαι
1172 2262 1254 2309 ἶριν,

247 2316 282 2339 εν
306 2300 344 2337 δὲ
370 2310 448 2344 ταῖς
473 2304 700 2350 μακροτέραις
727 2308 868 2353 ἡμέραις
895 2312 972 2346 ταῖς
999 2307 1058 2341 ἀπ’
1082 2310 1257 2354 ἰσημερίας

248 2349 313 2387 τῆς
338 2349 458 2396 ἑτέρας
485 2352 540 2383 ἐπὶ
567 2350 632 2387 τήν
657 2350 834 2396 ἰσημερίαν
860 2353 925 2389 τήν
952 2353 1074 2396 ἑτέραν
1101 2356 1174 2396 περὶ
1200 2366 1256 2398 με-

247 2395 414 2440 σημβρίαν
449 2396 488 2428 οὗ
521 2397 657 2442 γίνεται
682 2393 762 2440 ἶρις,
790 2399 902 2430 αἴτιον
937 2396 991 2429 ὅτι
1016 2398 1064 2430 τοὶ
1088 2398 1148 2443 μὲν
1175 2399 1256 2443 πρὸς

248 2438 374 2484 ἄρκτον
401 2439 574 2484 τμήματα
605 2439 724 2473 πάντα
755 2443 858 2486 μείζω
884 2443 1083 2486 ἡμικυκλίου
1115 2445 1174 2475 καὶ
1202 2444 1256 2475 ἀεὶ

246 2483 303 2516 ἐπὶ
328 2485 444 2529 μείζω,
471 2484 513 2517 το“
539 2480 568 2516 δ’
592 2484 717 2527 ἀφανές
739 2487 869 2532 μικρὸν,
889 2486 937 2519 τοὶ
960 2482 998 2519 δὲ
1023 2489 1104 2543 πρός
1129 2499 1256 2532 μεσημ-

245 2527 342 2574 βρίαν
368 2528 542 2574 τμήματα
568 2529 632 2562 τοῦ
658 2531 865 2576 ἰσημερινοῦ,
887 2531 928 2564 τὸ
949 2533 1008 2576 μὲν
1037 2544 1105 2564 ανω
1130 2534 1256 2576 τμῆμα

245 2574 377 2617 μικρόν,
404 2574 445 2606 τό
471 2569 502 2605 δ’
524 2574 591 2606 aad
614 2576 680 2618 γῆν
705 2575 809 2622 μέγα,
831 2578 891 2608 καὶΙ
918 2576 970 2609 ἀεὶ
988 2571 1032 2613 δή
1057 2578 1106 2610 τοὶ
1130 2589 1256 2622 πορρω-

246 2617 334 2660 τέρω
359 2618 482 2662 μείζω·
507 2617 589 2654 ὥστ’
611 2621 645 2652 ἑν
664 2622 723 2664 μὲν
742 2625 820 2659 ταῖς
838 2621 920 2666 πρὸς
944 2623 1007 2659 τας
1033 2620 1161 2666 θερινοῖς
1179 2634 1258 2664 τρο-

246 2661 314 2700 παίς
347 2661 489 2707 ἡμέραις
515 2658 575 2695 διαὶ
604 2664 645 2698 τὸ
674 2664 815 2711 μέγεθος
847 2666 912 2698 τοῦ
945 2664 1153 2711 τμήματος,
1181 2668 1255 2711 πρὶν

247 2706 304 2739 ἐπὶ
329 2706 372 2739 τὰ
422 2706 498 2739 έσον
523 2707 632 2741 ἐλθεῖν
658 2710 721 2742 τοῦ
748 2710 933 2753 τμήματος
964 2713 1022 2743 καὶ
1049 2710 1105 2743 ἐπὶ
1131 2711 1171 2743 τὸ
1199 2723 1257 2755 με·

246 2751 428 2795 σημβρινον
459 2753 524 2789 τήν
557 2755 599 2785 τὸ
624 2755 673 2793 Η,
699 2753 797 2786 κοίτω
822 2749 888 2791 ἤδη
916 2756 1094 2792 παντελῶς
1120 2757 1255 2801 γίνεται

245 2796 288 2828 τὸ
305 2797 344 2837 Π,
363 2792 423 2828 διοὶ
442 2797 483 2829 τὸ
511 2796 621 2842 πόρρω
649 2798 840 2843 ἀφεστάναι
865 2799 929 2836 τῆς
954 2800 1016 2846 γῆς
1043 2801 1107 2837 τήν
1129 2811 1256 2844 μεσημ·

246 2840 343 2885 βρίαν
368 2836 428 2873 διαὶ
457 2842 499 2874 τὸ
530 2842 671 2890 μέγεθος
705 2845 768 2876 τοῦ
802 2842 998 2889 τμήματος.
1030 2845 1088 2875 Ἐν
1113 2839 1151 2875 δὲ
1177 2849 1254 2883 ταῖς

246 2886 328 2930 πρὸς
347 2886 410 2924 τοὶς
431 2888 622 2942 χριμερινοὶς
641 2888 771 2932 τροπάς
791 2888 944 2934 ἡμέραις,
964 2883 1024 2921 διαὶ
1040 2889 1082 2921 τὸ
1099 2888 1147 2932 μή
1165 2890 1252 2921 πολύ

247 2930 329 2974 ὑπὲρ
350 2931 414 2977 γῆς
433 2943 519 2963 ειναι
537 2933 586 2965 τοὶ
602 2932 776 2977 τμήματα
793 2934 860 2966 τῶν
885 2933 1029 2974 κύκλων,
1050 2934 1252 2966 τούναντίον

248 2975 436 3020 ἀναγκαῖον
461 2976 633 3022 γίνεσθαι·
660 2977 770 3023 βραχύ
795 2980 859 3024 γαρ
887 2977 1039 3021 ἀρθείσης
1065 2979 1129 3015 τῆς
1155 2976 1201 3022 ἐφ’
1229 2978 1252 3020 ᾦ

246 3019 288 3052 τὸ
313 3021 358 3059 Η,
385 3020 442 3052 ἐπὶ
467 3021 532 3058 τῆς
557 3023 766 3067 μεσημβρίας
789 3025 926 3069 γίνεται
951 3024 967 3054 ὁ
993 3021 1100 3060 ἥλιος.

1394 309 1491 340 ducas
1515 311 1750 343 semicirculum
1773 313 1806 344 in
1823 324 1889 354 quo
1909 317 1937 345 A
1962 315 2042 346 circa
2066 317 2255 350 diametrum
2278 321 2311 351 in
2331 332 2395 363 qua

1393 354 1500 393 HKP,
1534 365 1616 396 quae
1640 357 1679 387 ab
1713 358 1776 388 HK
1798 358 1947 389 refractae
1971 361 2010 390 ad
2033 360 2115 392 illud.
2136 363 2168 393 in
2202 374 2267 404 quo
2297 366 2331 396 M
2359 366 2393 397 in

1392 399 1543 430 omnibus
1566 400 1668 440 planis
1690 401 1834 433 similiter
1848 403 2020 443 habebunt,
2041 412 2071 436 et
2093 408 2259 448 aequalem
2279 409 2394 442 facient

1392 444 1547 484 angulum
1569 445 1626 486 qui
1653 446 1770 486 KMH,
1802 454 1833 478 et
1863 458 1963 488 quem
1985 448 2105 480 faciunt
2134 453 2288 491 angulum
2311 464 2392 495 quae

1391 488 1449 518 ΗΡ
1473 495 1504 519 et
1518 489 1578 519 MP
1602 499 1698 531 super
1723 500 1795 522 eam
1818 502 1900 533 quae
1918 493 1993 532 ΗΡ,
2016 503 2142 534 semper
2164 498 2303 537 aequalis
2325 499 2390 530 erit.

1390 532 1556 572 Trianguli
1571 533 1667 574 igitur
1690 545 1786 576 super
1805 546 1877 567 eam
1899 547 1982 578 quae
1996 538 2054 568 ΗΡ
2077 546 2108 569 et
2122 540 2178 570 KP
2194 542 2340 582 aequales
2364 543 2392 574 ei

1390 576 1446 616 qui
1469 578 1562 608 HMP
1593 585 1624 609 et
1651 580 1741 610 KMP
1773 581 1967 612 consistunt:
1991 582 2111 613 horum
2142 591 2251 615 autem
2278 587 2391 618 catheti

1390 621 1430 650 ad
1464 621 1550 652 idem
1582 622 1710 663 signum
1744 625 1857 656 cadent
1884 626 1951 656 eius
1979 636 2062 667 quae
2093 628 2150 658 ΗΡ
2181 635 2211 659 et
2245 632 2391 671 aequales

1390 672 1492 696 erunt.
1517 666 1640 698 Cadent
1662 668 1702 698 ad
1726 668 1767 700 O.
1786 669 1942 701 Centrum
1962 681 2037 711 ergo
2062 672 2169 703 circuli
2189 673 2235 711 Ο,
2253 675 2391 706 semicir-

1391 709 1482 739 culus
1505 717 1613 741 autem
1636 712 1691 752 qui
1715 713 1794 744 circa
1816 715 1881 744 MN
1904 716 2048 746 absectus
2076 723 2123 747 est
2145 718 2183 748 ab
2214 718 2389 751 horizonte.

1393 752 1617 793 [superiorum
1636 756 1767 796 quidem
1790 758 1876 789 enim
1904 759 2006 790 solem
2029 770 2096 791 non
2120 761 2280 801 obtinere,
2304 764 2391 804 apud

1389 799 1504 828 terrain
1519 805 1626 830 autem
1641 800 1840 832 firmatorum
1856 804 2008 841 obtinere,
2029 811 2060 836 et
2082 805 2256 837 diffundere
2273 817 2389 848 aerem,

1389 848 1420 872 et
1442 850 1573 883 propter
1594 843 1656 875 hoc
1679 845 1791 877 iridem
1813 857 1880 878 non
1896 848 2057 880 coniacere
2081 849 2246 882 circulum.
2263 852 2314 883 Fit
2337 863 2390 883 au-

1388 892 1454 916 tem
1478 893 1509 917 et
1531 895 1624 919 nocte
1648 899 1666 919 a
1688 889 1765 921 luna
1786 899 1872 922 raro:
1897 902 2001 933 neque
2032 893 2119 924 enim
2148 894 2242 935 plena
2265 906 2390 937 semper

1389 931 1586 972 debiliorque
1610 940 1737 972 natura,
1761 941 1797 966 ut
1820 936 1960 968 obtineat
1981 947 2096 969 aerem.
2119 939 2257 970 Maxime
2280 947 2388 972 autem

1387 981 1468 1006 stare
1490 975 1622 1015 iridem,
1646 978 1701 1008 ubi
1724 979 1860 1010 maxime
1883 981 2005 1013 obtinet
2028 983 2096 1013 sol:
2120 983 2278 1023 plurimus
2302 985 2388 1016 enim

1385 1019 1420 1049 in
1441 1019 1511 1060 ipsa
1533 1020 1653 1052 humor
1679 1022 1870 1064 immansitl.
1895 1026 2013 1056 Iterum
2036 1026 2076 1057 sit
2098 1027 2233 1059 horizon
2255 1029 2388 1070 quidem

1386 1063 1419 1094 in
1434 1074 1501 1105 quo
1524 1065 1622 1104 ABG,
1639 1068 1780 1099 ascendit
1797 1075 1904 1099 autem
1920 1080 2014 1110 super
2037 1071 2123 1102 hunc
2139 1072 2182 1110 H,
2199 1073 2263 1103 axis
2279 1080 2388 1105 autem

1386 1108 1426 1139 sit
1445 1119 1531 1140 nunc
1543 1109 1577 1140 in
1593 1120 1660 1151 quo
1685 1111 1752 1142 ΗΡ.
1769 1113 1840 1143 Alia
1859 1114 1990 1154 quidem
2008 1115 2104 1155 igitur
2120 1116 2228 1147 omnia
2244 1117 2387 1149 similiter

1386 1154 1594 1185 ostendentur
1609 1161 1646 1186 ut
1668 1162 1700 1186 et
1721 1156 1820 1196 prius,
1836 1158 1931 1198 polus
1954 1166 2062 1190 autem
2085 1160 2193 1191 circuli
2215 1161 2248 1191 in
2271 1172 2338 1203 quo
2360 1163 2387 1193 P

1385 1197 1443 1228 erit
1454 1198 1514 1228 sub
1528 1198 1694 1230 horizonte
1707 1210 1745 1231 eo
1761 1201 1794 1231 in
1810 1212 1876 1242 quo
1892 1203 1962 1242 AG,
1976 1204 2098 1234 elevato
2110 1204 2201 1245 signo
2213 1205 2246 1236 iri
2259 1216 2325 1247 quo
2340 1207 2384 1238 H.

1385 1241 1421 1271 In
1445 1243 1556 1273 eadem
1579 1250 1688 1274 autem
1707 1251 1738 1275 et
1760 1246 1854 1286 polus
1878 1253 1910 1277 et
1939 1254 2082 1278 centrum
2107 1248 2214 1280 circuli
2243 1257 2274 1281 et
2295 1251 2386 1291 quod

1384 1286 1532 1318 terminat
1554 1298 1639 1319 nunc
1663 1295 1788 1328 ortum;
1813 1298 1859 1321 est
1881 1291 1967 1321 enim
1989 1292 2046 1322 iste
2069 1292 2102 1323 in
2126 1303 2192 1334 quo
2208 1294 2276 1325 ΗΡ.
2293 1295 2384 1332 Quo-

1384 1330 1471 1361 niam
1493 1338 1601 1362 autem
1615 1343 1711 1373 supra
1727 1334 1917 1366 diametrum
1937 1346 2019 1377 quae
2042 1336 2102 1367 AG
2117 1338 2206 1378 quod
2221 1338 2295 1377 KH,
2311 1349 2384 1370 cen-

1383 1381 1470 1405 trum
1493 1376 1551 1407 erit
1572 1377 1683 1418 utique
1704 1379 1763 1408 sub
1786 1379 1952 1410 horizonte
1967 1380 2054 1420 prius
2078 1391 2116 1411 eo
2133 1381 2166 1412 in
2178 1385 2247 1423 quo
2263 1383 2333 1422 AG,
2350 1384 2383 1414 in

1384 1429 1421 1449 ea
1436 1429 1518 1460 quae
1534 1421 1591 1451 ΗΡ
1607 1421 1701 1459 linea,
1717 1422 1751 1452 in
1767 1433 1834 1463 quo
1850 1423 1891 1454 Ο.
1909 1425 2015 1461 Quare
2038 1425 2144 1456 minor
2160 1426 2217 1457 erit
2240 1428 2384 1468 superior

1384 1464 1503 1495 decisio
1519 1464 1707 1496 semicirculi
1723 1466 1755 1496 in
1772 1477 1839 1507 quo
1856 1467 1956 1506 SYQ:
1977 1469 2066 1510 quod
2085 1470 2171 1500 enim
2186 1470 2271 1508 SYQ
2289 1472 2383 1502 semi-

1383 1507 1519 1539 circulus
1535 1516 1610 1548 erat,
1626 1519 1713 1541 nunc
1728 1518 1836 1542 autem
1851 1512 2006 1544 abscissus
2022 1520 2068 1544 est
2082 1515 2120 1544 ab
2136 1514 2195 1546 AG
2206 1515 2382 1548 horizonte.

1384 1552 1483 1590 Quod
1506 1553 1612 1595 itaque
1644 1555 1706 1592 YQ
1729 1555 1890 1595 disparens
1914 1557 1971 1588 erit
2002 1557 2123 1597 ipsius,
2148 1559 2268 1590 elevato
2292 1561 2382 1599 sole,

1384 1596 1589 1628 manifestum
1612 1605 1719 1630 autem
1751 1610 1826 1631 cum
1847 1601 1881 1631 in
1905 1601 2052 1632 meridie:
2077 1610 2197 1643 quanto
2221 1604 2307 1634 enim
2330 1615 2382 1635 su-

1382 1641 1490 1682 perius
1504 1643 1548 1682 H,
1564 1643 1665 1683 magis
1687 1644 1817 1675 inferius
1834 1645 1929 1686 polus
1945 1652 1976 1676 et
1998 1653 2142 1677 centrum
2164 1647 2270 1679 circuli
2293 1648 2359 1680 erit.

1314 2217 1413 2254 Quod
1437 2224 1544 2248 autem
1567 2217 1600 2248 in
1631 2218 1807 2249 minoribus
1841 2218 1970 2261 quidem
1995 2219 2104 2250 diebus
2138 2219 2187 2250 his
2220 2220 2275 2261 qui
2305 2227 2379 2261 post

1379 2262 1618 2303 aequinoctium
1635 2263 1818 2293 autumnale
1843 2263 1997 2303 contingit
2018 2274 2142 2304 semper
2163 2263 2230 2294 fieri
2252 2265 2378 2304 iridem,

1378 2306 1412 2336 in
1445 2306 1642 2346 longioribus
1675 2314 1783 2338 autern
1807 2308 1917 2338 diebus
1940 2307 1989 2337 his
2024 2308 2079 2348 qui
2104 2308 2142 2338 ab
2177 2309 2378 2349 aequinoctio

1379 2351 1477 2381 altero
1502 2351 1542 2381 ad
1573 2351 1812 2392 aequinoctium
1843 2352 1978 2382 alterum
2009 2352 2088 2383 circa
2118 2352 2283 2383 meridiem
2313 2363 2379 2384 non

1379 2394 1414 2426 fit
1437 2395 1512 2434 iris,
1533 2405 1627 2426 causa
1650 2402 1717 2434 est,
1738 2396 1813 2439 quia
1836 2397 1875 2426 ad
1905 2402 2027 2426 arctum
2059 2396 2233 2427 decisiones
2267 2407 2378 2428 omnes

1378 2439 1513 2470 maiores
1537 2439 1735 2471 semicirculo
1757 2447 1788 2471 et
1808 2450 1932 2480 semper
1955 2441 1995 2470 ad
2010 2440 2145 2471 maiores
2167 2441 2376 2480 semicirculo,

1378 2484 1591 2524 quod‘autem
1609 2484 1860 2515 immanifestum
1876 2495 2021 2525 parvum,
2038 2495 2119 2525 quae
2136 2492 2243 2516 autem
2258 2486 2297 2515 ad
2312 2496 2378 2516 me-

1378 2528 1491 2558 ridiem
1515 2528 1689 2559 decisiones
1712 2528 1965 2570 aequinoctialis,
1991 2539 2072 2570 quae
2095 2529 2226 2570 quidem
2251 2540 2377 2560 sursum

1379 2572 1509 2611 decisio,
1528 2583 1634 2613 parva,
1651 2583 1733 2614 quae
1753 2580 1861 2604 autern
1882 2573 1940 2603 sub
1961 2579 2051 2612 terra,
2068 2584 2192 2614 magna,
2209 2580 2239 2604 et
2255 2584 2379 2614 semper

1379 2617 1475 2648 eiiam
1507 2617 1643 2648 maiores
1668 2628 1750 2658 quae
1780 2617 1916 2658 longius.
1945 2618 2050 2655 Quare
2080 2618 2113 2647 in
2145 2617 2211 2656 his,
2234 2628 2314 2659 quae
2338 2619 2378 2659 ad

1378 2661 1510 2692 aestivas
1539 2661 1719 2701 versiones,
1743 2662 1872 2700 diebus,
1898 2668 2027 2702 propter
2050 2662 2303 2702 magnitudinem
2325 2663 2376 2692 de-

1378 2706 1517 2744 cisionis,
1534 2713 1706 2747 antequam
1729 2707 1770 2737 ad
1784 2706 1928 2736 medium
1950 2706 2055 2736 veniat
2074 2706 2240 2737 decisionis
2256 2707 2296 2736 ad
2311 2717 2376 2736 me-

1378 2750 1537 2781 ridianum
1560 2751 1612 2789 H,
1637 2751 1748 2781 subtus
1771 2750 1836 2781 iam
1859 2750 1984 2791 penitus
2006 2750 2042 2780 fit
2064 2751 2108 2788 P,
2131 2758 2260 2790 propter
2281 2751 2376 2790 longe

1378 2795 1491 2825 distare
1516 2805 1533 2825 a
1556 2801 1637 2825 terra
1660 2795 1825 2825 meridiem
1855 2801 1984 2835 propter
2014 2794 2266 2834 magnitudinem
2294 2794 2375 2825 deci—

1378 2839 1487 2870 sionis.
1505 2840 1541 2870 In
1565 2839 1613 2869 his
1629 2846 1747 2877 autem,
1764 2839 1820 2880 qui
1843 2839 1882 2869 ad
1898 2838 2048 2868 hiemales
2064 2839 2233 2873 versiones,
2251 2838 2373 2876 diebus,

1376 2883 1451 2924 quia
1474 2894 1541 2914 non
1565 2884 1705 2914 multum
1728 2894 1823 2923 super
1845 2890 1959 2913 terram
1983 2889 2056 2912 sunt
2077 2882 2250 2913 decisiones
2275 2882 2372 2913 circu-

1374 2928 1503 2967 lorum,
1532 2927 1724 2958 contrarium
1746 2927 1956 2958 necessarium
1982 2926 2067 2956 fieri:
2098 2926 2262 2957 modicum
2289 2926 2374 2957 enim

1375 2972 1496 3003 elevato
1512 2972 1545 3002 in
1568 2982 1634 3013 quo
1658 2973 1701 3010 H,
1724 2971 1757 3002 in
1780 2971 1908 3002 meridie
1932 2970 1967 3001 fit
1989 2970 2047 3001 sol.

413 3122 422 3134 =
438 3118 593 3154 ostquam
610 3110 835 3155 Philosophus
855 3110 1086 3144 determinavit
1102 3110 1142 3144 de
1159 3122 1255 3144 causa
1311 3111 1422 3154 quitur
1438 3110 1647 3153 propositum
1664 3120 1771 3142 suum.
1786 3109 1827 3141 Et
1844 3109 1927 3140 circa
1942 3107 2005 3140 hoc
2023 3106 2193 3157 sciendum
2210 3115 2268 3147 est,
2282 3106 2372 3157 qu⁰.d

393 3150 401 3159 ⁵
1243 3175 1255 3180 -
1309 3154 1501 3187 Aristoteles
1525 3153 1664 3186 intendit
1688 3152 1825 3196 probare
1846 3156 1946 3184 unam
1967 3151 2370 3201 conclusmnemquadri-

355 3234 357 3236 ,
381 3223 390 3237 ;
430 3199 592 3232 terminat
615 3209 857 3244 consequenter
880 3200 920 3233 de
940 3199 1045 3243 figura
1065 3200 1146 3240 eius,
1163 3209 1196 3233 et
1215 3199 1254 3233 de
1309 3198 1504 3231 membrem:
1530 3197 1652 3230 scilicet
1676 3196 1766 3241 quod
1790 3197 1845 3229 iris
1868 3208 1936 3229 non
1960 3205 2008 3228 est
2020 3196 2134 3247 ‘maior
2150 3194 2372 3246 semicirculo;

407 3260 418 3282 ς
437 3243 489 3276 his
518 3255 603 3288 quae
628 3253 878 3289 consequuntur
901 3245 1007 3287 ipsam
1032 3253 1193 3288 quantum
1213 3243 1253 3277 ad
1309 3243 1365 3275 sed
1381 3241 1513 3287 quando
1531 3250 1655 3283 astrum
1670 3241 1844 3274 refractum
1864 3249 1913 3273 est
1929 3241 1963 3272 in
1980 3248 2105 3272 oriente
2122 3238 2174 3272 vel
2189 3239 2370 3279 occidente,

382 3276 403 3298 ⁴²
437 3287 588 3332 figuram.
605 3289 647 3322 Et
659 3290 743 3322 circa
756 3289 820 3322 hoc
835 3289 943 3332 primo
957 3289 1136 3332 praemittit
1148 3289 1253 3320 inten-
1307 3296 1386 3319 tunc
1405 3286 1509 3329 figura
1524 3285 1613 3318 iridis
1633 3294 1682 3318 est
1701 3284 1895 3317 semicirculi
1916 3283 2089 3335 coin-pleti;
2110 3282 2241 3327 quando
2259 3292 2372 3334 autem

179 3331 306 3365 tionem
323 3343 428 3372 suam,
445 3341 478 3365 et
500 3332 579 3366 dicit
596 3333 686 3377 quod
704 3345 743 3366 ex
762 3332 890 3376 figurali
914 3332 1134 3376 descriptione
1151 3332 1251 3372 iridis,
1307 3342 1405 3374 supra
1429 3330 1636 3363 horizontem
1661 3329 1834 3380 elevatum,
1858 3338 1937 3361 tunc
1957 3340 2012 3360 iris
2032 3336 2166 3371 apparet
2189 3327 2284 3360 nobis
2308 3339 2368 3360 rni-

180 3384 344 3421 quantum
363 3375 404 3409 ad
425 3377 526 3410 situm
549 3378 620 3410 eius
637 3386 670 3410 et
688 3377 767 3410 solis
793 3386 824 3410 et
843 3378 944 3416 visus,
961 3385 1071 3420 potest
1091 3388 1161 3409 esse
1182 3388 1252 3409 ma-
1306 3376 1396 3408 noris
1419 3374 1542 3417 figurae
1563 3385 1661 3417 quam
1682 3372 1920 3424 semicirculu83
1941 3371 2072 3416 quando
2088 3383 2166 3405 vero
2183 3380 2304 3404 astrum
2322 3380 2371 3422 est

180 3420 339 3453 nifestum
359 3421 654 3462 considerantibus,
679 3421 770 3466 quod
793 3422 848 3454 iris
872 3432 941 3454 non
962 3429 1071 3464 potest
1095 3431 1251 3464 apparere
1306 3421 1339 3452 in
1363 3418 1514 3457 meridie,
1543 3427 1621 3450 tunc
1650 3426 1783 3468 appare-t
1810 3428 1965 3467 minimae
1989 3416 2111 3460 figurae
2143 3427 2242 3467 quam
2266 3424 2372 3459 possit

181 3464 365 3498 secundum
390 3465 549 3499 circulum
570 3465 762 3510 perfectum,
787 3477 895 3510 neque
912 3464 1095 3497 secundum
1111 3476 1250 3508 propor-
1306 3474 1471 3514 apparere.
1499 3463 1610 3502 Quam
1629 3461 1877 3494 conclusionem
1894 3472 1962 3504 ipse
1980 3460 2097 3504 probat
2116 3460 2227 3492 multis
2245 3471 2369 3510 suppo-

181 3510 308 3542 tionem
331 3510 492 3543 maiorem
521 3510 745 3550 semicirculo;
776 3519 807 3542 et
830 3518 928 3542 etiam
952 3508 1164 3541 manifestum
1189 3509 1250 3541 erit
1306 3506 1479 3540 sitionibus
1494 3518 1529 3539 ac
1543 3518 1602 3550 pro
1630 3505 1826 3539 ositionibus
1844 3504 2158 3538 mathematicalibus
2172 3515 2368 3555 praemissm,

182 3553 222 3587 de
247 3553 317 3587 aliis
341 3554 564 3587 accidentibus
589 3555 673 3587 circa
698 3555 814 3598 ipsam.
1304 3563 1384 3596 quas
1405 3552 1432 3583 si
1450 3550 1533 3583 clare
1554 3550 1593 3583 de
1620 3562 1714 3583 ucere
1734 3549 1863 3590 vellem,
1882 3558 2048 3594 oporteret
2073 3548 2215 3581 multum
2245 3547 2368 3591 digredi

237 3608 266 3631 2.
293 3598 448 3632 Secundo
466 3598 525 3631 ibi:
541 3599 768 3643 Hemisphaerio
793 3599 871 3631 enim
886 3598 1023 3631 existente
1039 3606 1111 3637 etc.,
1136 3607 1247 3640 prose·
1304 3608 1321 3628 a
1346 3595 1486 3639 physico
1511 3595 1695 3639 proposito,
1721 3603 1752 3627 et
1776 3594 1850 3627 ideo
1874 3593 2046 3627 videantur
2070 3594 2104 3626 in
2129 3592 2243 3625 littera.

323 3662 392 3694 Opp.
413 3662 443 3686 D.
458 3661 574 3686 ΤΗΟΜΑΕ
593 3661 625 3686 T.
645 3662 684 3685 111.
704 3662 848 3686 Appssmx.
2137 3663 2166 3686 ¹4
2178 3656 2191 3669 *
