2690 4062
62 814 74 825 ⁸
87 815 112 835 et
124 813 177 835 add.
191 813 227 835 rb.

795 250 866 286 DE
896 247 1284 286 GENERATIONE
1313 246 1384 282 ET

303 337 356 362 tur
379 339 418 361 ex
440 327 551 361 multis
582 327 771 367 elementis3
802 337 880 370 ergo
911 337 950 358 ex
980 324 1102 358 eisdem
1133 332 1273 368 quatuor
1296 322 1361 355 ele-

303 373 421 405 mentis
456 373 567 405 omnia
596 371 697 404 mixta
735 371 926 404 consistunt.
959 369 1095 402 Maioris
1125 367 1362 411 propositionis

303 417 386 450 ratio
402 424 512 460 potest
534 427 624 456 esse,
648 415 724 460 quia
746 415 984 447 nutrimentum
1007 420 1242 445 transmutatur
1257 411 1291 443 in
1306 421 1362 443 na-

303 469 410 494 turam
425 461 555 494 nutriti:
574 471 643 493 non
667 467 776 492 autem
792 465 905 502 posset
927 456 1134 490 transmutari
1150 455 1212 487 nisi
1229 454 1362 487 haberet

303 504 440 538 eandem
454 504 634 538 materiam.
658 503 823 536 Minorem
845 512 924 534 vero
948 500 1065 544 probat
1087 498 1249 532 sumendo
1269 509 1362 541 argu-

302 556 452 582 mentum
467 559 486 581 a
501 548 630 581 minori.
648 547 761 580 Minus
776 546 864 579 enim
880 544 1009 578 videtur
1023 542 1113 588 quod
1129 542 1258 587 plantae
1276 553 1360 586 quae

302 600 379 626 sunt
401 593 504 636 magis
527 599 704 630 terrestres,
727 590 912 622 nutriantur
934 600 973 621 ex
995 587 1154 632 pluribus,
1178 598 1278 631 quam
1298 585 1360 619 alia

301 636 441 677 nutrita;
464 635 521 669 sed
544 637 624 668 istae
646 634 721 667 licet
743 632 915 666 videantur
937 631 1047 665 solum
1065 632 1181 664 nutriri
1205 642 1244 664 ex
1264 641 1359 675 aqua,

301 681 490 713 nutriuntur
512 688 621 712 tamen
648 690 687 711 ex
710 677 862 710 omnibus
874 688 884 717 ;
916 687 994 720 ergo
1023 675 1130 708 multo
1158 675 1263 719 magis
1287 674 1358 708 alia.

303 723 406 764 Quod
429 732 539 757 autem
561 722 689 767 plantae
711 721 896 755 nutriantur
919 732 959 753 ex
981 719 1136 753 omnibus
1163 731 1202 752 ex
1224 719 1290 752 hoc
1311 719 1359 752 vi-

301 767 404 801 detur.
429 766 639 801 Manifestum
662 774 710 799 est
734 766 833 806 enim,
849 764 940 809 quod
962 765 1152 798 nutriuntur
1170 775 1210 797 ex
1225 772 1308 796 terra
1327 771 1360 796 et

301 823 402 856 aqua,
432 813 450 833 *
478 823 518 844 ex
546 810 761 854 agricultura:
792 809 905 842 rustici
936 809 1025 842 enim
1056 808 1200 842 colentes
1231 807 1358 851 plantas

300 857 438 889 miscent
461 863 578 888 terram
609 865 685 887 curn
708 865 791 898 aqua
821 853 863 887 ad
892 854 1132 886 nutrimentum
1154 851 1356 896 plantarum;

300 900 327 932 si
350 908 459 933 autem
483 900 566 932 inest
594 906 678 932 terra
700 906 733 931 et
755 909 858 942 aqua,
882 908 1015 931 necesse
1039 905 1088 930 est
1110 908 1181 930 esse
1204 896 1267 929 alia
1290 895 1357 929 duo

300 952 441 976 extrema
454 968 464 984 ‚
494 943 616 976 scilicet
639 953 746 975 aerem
777 950 809 974 et
835 942 968 986 ignem,
999 941 1114 975 eadem
1144 941 1270 974 ratione
1293 951 1358 984 qua

299 999 405 1032 supra.

347 1041 395 1064 10.
419 1030 547 1064 Deinde
578 1042 653 1063 cum
685 1030 783 1063 dicit:
810 1029 966 1072 Quoniam
996 1035 1096 1063 autem
1118 1035 1160 1062 est
1189 1029 1356 1063 nutrimen-

300 1082 363 1108 tum
379 1084 452 1116 etc.‚
469 1074 611 1108 ostendit
633 1074 812 1108 incidenter
832 1073 923 1119 quod
939 1074 1023 1107 inter
1042 1072 1202 1117 simplicia
1218 1084 1358 1117 corpora

303 263 411 288 XLVIII

1413 244 1797 281 CORRUPTIONE
1827 244 1923 280 LIB.
1953 244 1986 280 II

1417 321 1507 354 solus
1531 321 1617 364 ignis
1641 321 1784 354 nutritur
1808 320 1891 365 (non
1916 329 2028 354 tamen
2052 321 2198 365 proprie,
2215 322 2292 367 quia
2308 322 2379 357 sola
2393 335 2490 368 vege-

1417 365 1526 415 tabilia
1537 365 1671 408 proprie
1686 364 1906 409 nutriuntur),
1919 364 2032 398 dicens
2049 365 2141 410 quod
2154 366 2232 417 quia
2247 368 2488 402 nutrimentum

1416 417 1466 442 est
1488 417 1574 442 slcut
1596 408 1763 442 materiale
1787 417 1939 453 respectu
1963 410 2091 450 nutriti‚·
2114 421 2192 455 quia
2214 411 2249 444 in
2272 423 2367 445 suam
2389 421 2488 446 natu-

1415 464 1486 486 ram
1510 453 1722 493 convertitur,
1739 461 1776 486 ut
1800 451 1924 486 dictum
1949 462 1999 487 est
2022 454 2057 487 in
2072 454 2218 499 capitulo
2237 455 2278 489 de
2294 466 2488 500 augmento,

1415 498 1525 541 ipsum
1553 505 1664 530 autem
1691 496 1845 530 nutribile
1875 506 1925 530 est
1947 498 2034 531 sicut
2059 497 2167 532 forma
2196 508 2229 533 et
2257 501 2384 545 species
2407 512 2489 535 con-

1415 542 1526 574 iuncta
1544 541 1711 581 materiae,
1734 540 1927 575 rationabile
1950 551 2000 575 est
2023 551 2062 576 ut
2084 542 2176 577 solus
2199 544 2286 588 ignis
2309 545 2395 579 inter
2410 546 2489 580 sim-

1415 585 1512 629 plicia
1536 596 1674 629 corpora
1697 586 1872 626 nutriatur,
1896 597 1938 620 eo
1962 586 2054 632 quod
2081 588 2166 621 inter
2189 590 2303 623 omnia
2325 589 2489 625 elementa

1437 641 1498 662 uae
1529 628 1714 662 adinvicem
1744 639 1965 674 generantur,
1995 632 2082 675 ignis
2113 641 2164 666 est
2193 634 2300 678 magis
2329 633 2487 669 formalis.

1415 641 1520 714 {Quod
1543 682 1633 717 patet
1655 685 1696 706 ex
1718 673 1783 707 hoc
1807 674 1898 719 quod
1921 676 1992 720 ipse
2015 676 2207 711 naturaliter
2229 677 2332 712 fertur
2353 690 2488 713 sursum

1414 717 1454 751 ad
1478 718 1651 758 terminum,
1667 717 1753 751 idest
1775 718 1816 753 ad
1831 719 2129 754 circumferentiam
2145 721 2247 763 orbis,
2263 723 2322 768 qui
2344 724 2488 758 maxime

1414 761 1560 795 formalis
1587 770 1638 795 est
1667 762 1752 796 inter
1775 764 1887 797 omnia
1916 776 2065 810 corpora.
2098 766 2374 813 Unumquodque
2398 769 2488 802 enim

1413 815 1528 839 natum
1543 814 1594 857 est
1609 805 1685 858 ferri
1709 807 1750 841 ad
1773 809 1825 841 sui
1841 809 1947 853 ipsius
1965 811 2225 854 generationem,
2242 823 2327 857 quae
2343 820 2394 846 est
2409 823 2489 846 con·

1413 850 1568 902 natural1s
1591 862 1640 892 εις
1663 850 1770 885 forma
1793 861 1904 887 autem
1927 862 1961 887 et
1983 855 2110 899 species
2135 856 2288 890 omnium
2310 867 2424 890 rerum
2438 858 2488 892 in-

1412 894 1581 936 fenorum,
1605 904 1733 939 praeter
1759 895 1944 938 hominem,
1967 907 2017 932 est
2043 900 2079 933 in
2101 901 2251 934 terminis
2274 901 2428 935 omnium
2451 910 2489 936 n:

1413 940 1490 984 quia
1517 940 1688 984 superiora
1714 940 1756 974 ad
1782 940 1938 976 inferiora
1965 954 2000 976 se
2027 942 2172 986 habent,
2203 946 2290 979 sicut
2316 945 2423 980 forma
2445 945 2490 981 ad

1412 984 1599 1035 materiam;
1629 995 1706 1018 cum
1729 996 1810 1029 ergo
1833 986 1919 1030 ignis
1943 995 2056 1032 tangat
2079 988 2196 1023 orbem
2218 989 2334 1032 lunae,
2358 998 2489 1026 constat

1412 1028 1503 1073 quod
1525 1039 1596 1073 lpse
1620 1029 1663 1062 sit
1686 1030 1908 1064 connaturalis
1932 1031 2005 1065 orbi
2035 1032 2070 1065 in
2093 1031 2302 1068 formalitate.
2329 1059 2333 1062 -

1458 1072 1586 1107 Ultimo
1609 1073 1818 1118 recapitulat,
1842 1083 1876 1108 et
1899 1084 1950 1109 est
1971 1075 2119 1120 planum.

2419 1172 2483 1198 zi:

350 1227 378 1260 η)
397 1227 423 1253 in
443 1227 564 1253 terminis
582 1227 708 1253 omm’um.
724 1241 744 1246 -
762 1226 789 1252 in
808 1227 888 1253 terris
906 1226 1009 1253 orbium
1029 1227 1069 1253 ed.
1087 1235 1113 1257 a,
1133 1227 1160 1253 in
1180 1227 1301 1253 terminis
1318 1227 1422 1252 orbium
1442 1227 1475 1259 C;
1494 1228 1524 1253 B.
1538 1227 1675 1253 Albertus:
1689 1237 1704 1252 e
1716 1218 1803 1254 *foma
1821 1233 1911 1255 autem
1924 1233 1951 1255 et
1969 1229 2070 1264 species
2088 1230 2208 1257 omnium
2226 1238 2314 1258 rerum
2333 1237 2375 1258 eet
2391 1230 2490 1266 ἱπάᾡὲ

2404 1279 2422 1286 ,.
2439 1271 2444 1275 -
2465 1267 2491 1287 ιε

297 1263 373 1288 minis
391 1262 501 1288 orbium.
522 1273 535 1286 ι

2455 1313 2491 1331 ”s

2351 2155 2437 2179 ‘emm
2450 2160 2489 2189 ap
