2782 4134
326 273 396 309 118

379 365 435 390 12.
457 353 524 389 Est
547 358 673 389 autem
694 349 1010 387 considerandum
1030 349 1134 396 quod
1161 346 1375 396 praedictae

82 420 93 430 ³
106 418 225 440 Platonem
239 423 273 439 sa
321 406 483 443 rationes
502 403 708 442 Aristotelis
726 402 938 453 procedunt
957 408 1086 438 contra
1103 400 1332 449 positionem
1356 400 1375 420 *

174 515 206 550 ββ

82 572 150 601 *per
163 578 185 593 p,

74 941 86 952 ⁴*
103 941 159 968 quia
172 947 197 962 r.

318 466 525 508 ponentem
563 457 750 495 mundum
779 468 860 493 esse
888 455 1027 492 factum
1064 466 1134 502 per
1165 452 1373 501 generatio-

319 524 421 560 nem,
452 519 487 548 et
515 511 627 548 etiarn
657 522 737 547 esse
765 507 1085 556 incorruptibilem
1104 505 1139 535 ββ
1157 506 1219 543 vel
1243 518 1312 555 per
1332 518 1372 542 se

317 566 380 603 vel
406 577 475 614 per
501 565 733 601 voluntatem
752 562 834 599 Dei.
865 562 947 598 Nos
968 568 1094 597 autem
1123 559 1334 596 secundum
1353 559 1373 580 '¹‘

317 618 436 655 fidem
466 617 687 655 catholicam
723 615 901 664 ponimus
939 613 1044 662 quod
1080 612 1244 662 incoepit
1277 625 1370 660 esse,

318 683 396 708 non
415 670 569 720 quidem
588 682 656 719 per
673 667 952 717 generationem
972 666 1079 716 quasi
1102 679 1124 703 a
1143 674 1288 714 natura,
1304 666 1372 703 sed

318 724 477 761 effluens
491 736 513 760 a
531 723 653 772 primo
672 721 867 771 principio,
884 720 990 757 cuius
1008 719 1177 769 potentia
1195 732 1274 756 non
1294 727 1372 756 erat

317 776 462 825 alligata
490 776 537 814 ad
557 775 724 813 dandum
750 774 783 811 ei
811 786 894 811 esse
921 773 1068 810 infinito
1097 780 1282 822 ternpore,
1303 773 1370 810 sed

317 830 526 867 secundum
545 828 649 878 quod
675 827 804 875 voluit,
824 834 1029 876 postquam
1053 826 1158 875 prius
1185 839 1264 863 non
1291 826 1370 863 fue-

316 890 383 931 rat,
408 890 449 919 ut
475 882 729 919 manifestetur
748 880 965 917 excellentia
983 880 1129 917 virtutis
1149 879 1229 917 eius
1257 892 1370 929 supra

315 943 437 973 totum
457 948 539 981 ens;
569 935 706 984 quod*
725 934 862 971 scilicet
889 941 1011 971 totum
1041 945 1106 970 ens
1135 941 1279 970 tantum
1304 933 1367 970 de-

314 989 453 1038 pendet
472 989 518 1026 ab
546 988 640 1037 ipso,
658 995 693 1024 et
713 987 792 1025 eius
810 987 929 1024 virtus
957 999 1035 1024 non
1060 993 1115 1023 est
1143 986 1288 1035 alligata
1306 987 1368 1023 vel

1020 270 1090 306 DE
1121 268 1295 305 CAELO
1325 268 1396 304 ET
1425 266 1619 304 MUNDO
1649 267 1743 304 LIB.
1775 268 1789 303 Ι

1430 346 1679 383 determinata
1698 346 1747 384 ad
1775 346 2070 396 productionem
2098 347 2180 385 talis
2201 349 2306 387 entis.
2328 351 2387 388 Ea
2405 364 2500 390 vero

1429 411 1528 447 quae
1556 400 1604 436 ab
1630 412 1676 437 eo
1707 399 1759 437 sic
1786 400 1975 449 producta
1994 408 2081 438 sunt
2104 409 2146 438 ut
2163 401 2203 439 in
2223 403 2499 453 sempiternum

1428 453 1512 500 sint,
1532 453 1675 490 habent
1696 453 1907 502 potentiam
1928 462 1965 491 et
1982 454 2162 492 virtutem
2191 455 2240 493 ad
2269 469 2422 507 semper
2442 471 2500 497 es-

1427 505 1603 553 sendum,
1633 513 1670 543 et
1698 507 1801 543 nullo
1830 508 1951 545 modo
1981 509 2029 546 ad
2057 509 2132 546 hoc
2159 509 2266 558 quod
2294 510 2499 560 aliquando

1427 572 1505 596 non
1534 559 1617 597 sint.
1646 560 1814 607 Quando
1845 561 1946 598 enim
1975 575 2055 600 non
2083 571 2200 611 erant,
2221 563 2337 600 talem
2365 573 2499 614 poten-

1426 612 1517 649 tiam
1538 625 1617 649 non
1635 613 1846 651 habebant:
1876 616 2032 664 quando
2053 624 2182 654 autem
2201 616 2279 654 iam
2299 625 2398 666 sunt,
2418 630 2499 656 non

1425 666 1567 703 habent
1593 666 1804 715 potentiam
1833 677 2009 718 respectu
2037 682 2116 707 non
2145 683 2227 708 esse
2260 671 2366 720 quod
2393 671 2499 721 prius

1425 719 1512 779 fuit,
1543 720 1611 757 sed
1643 727 1818 779 respectu
1853 733 1935 759 esse
1964 723 2070 772 quod
2098 736 2202 762 nunc
2229 732 2286 762 est
2318 725 2382 763 vel
2411 725 2498 773 erit;

1425 785 1514 822 qnia
1540 780 1710 823 potentia
1738 786 1818 811 non
1847 775 1998 825 respicit
2021 778 2280 826 praeteritum,
2301 779 2371 816 sed
2388 791 2499 828 prae-

1425 839 1511 863 sens
1530 827 1592 863 vel
1611 827 1793 875 futurum,
1809 835 1852 865 ut
1870 829 2126 880 Philosophus
2147 831 2236 869 dicit
2244 833 2275 869 ³¹³.
2303 832 2367 870 Sic
2386 832 2497 881 igitur

1422 887 1527 929 patet
1563 880 1669 929 quod
1697 880 1861 919 rationes
1898 883 2133 931 praemissae
2170 885 2210 923 in
2237 886 2342 924 nullo
2371 886 2495 936 impu-

1423 941 1538 981 gnant
1557 934 1783 972 sententiam
1804 935 2012 973 catholicae
2039 938 2143 975 fidei.
2175 939 2224 976 Et
2250 939 2290 977 in
2317 940 2394 978 hoc
2422 948 2494 978 ter-

1424 987 1588 1024 minatur
1616 987 1800 1026 sententia
1827 988 1940 1038 primi
1968 989 2066 1028 libris

367 1144 409 1179 ββ)
429 1149 455 1170 et
473 1145 551 1170 etiam
571 1151 626 1170 esse
644 1145 878 1177 incorruptibilem.
890 1145 958 1170 -Ita
976 1146 998 1170 A
1003 1154 1011 1177 ;
1030 1148 1057 1170 et
1074 1145 1155 1171 etiam
1173 1145 1371 1178 corruptibilem
1391 1146 1427 1177 E,
1445 1150 1472 1171 et
1490 1146 1570 1172 etiam
1590 1147 1818 1180 incorruptibilem
1838 1154 1894 1179 cet.¹
1913 1152 1940 1174 et
1958 1149 2039 1175 etiam
2057 1151 2256 1183 corruptionem
2276 1152 2305 1178 Ρ.

2526 843 2536 854 “
2550 842 2622 866 Num.
2637 849 2672 866 ιο.
