2782 4134
1167 297 1278 334 CAP.
1309 298 1358 344 11,

291 382 314 407 a
332 370 501 407 motibus
520 372 764 419 naturalibus,
794 372 864 409 ibi:
890 373 1078 414 Quoniam
1101 380 1226 411 autem
1252 381 1358 411 natu-

290 435 336 460 ra
353 425 373 445 *
393 432 463 460 etc.
494 424 605 461 Circa
622 425 793 473 primum
814 425 891 462 duo
917 426 1020 462 facit:
1049 427 1175 475 primo
1196 428 1359 465 ostendit

291 477 398 526 quod
426 489 588 525 corpora
616 478 800 514 naturalia
828 479 970 515 habent
997 488 1124 516 motus
1152 482 1358 528 naturales;

292 531 462 567 secundo
491 530 657 567 ostendit
684 531 790 579 quod
823 531 965 568 habent
992 533 1216 579 gravitatem
1247 542 1283 570 et
1309 535 1360 570 le-

291 583 462 630 vitatem,
492 583 632 631 quibus
660 583 886 620 inclinantur
910 584 959 621 ad
979 597 1069 621 suos
1098 594 1225 623 motus
1254 595 1360 623 natu-

293 637 410 684 rales,
445 636 517 673 ibi:
551 637 662 678 Quod
691 642 818 674 autem
851 638 1038 685 quaedam
1072 640 1212 675 habere
1241 640 1260 660 '²‘
1290 648 1358 676 etc.

295 690 406 726 Circa
423 689 592 738 primum
612 690 689 727 duo
709 690 815 726 facit:
842 690 969 739 primo
988 692 1126 739 probat
1150 692 1255 740 quod
1280 704 1361 728 cor-

293 755 390 792 pora
417 742 602 779 naturalia
628 743 772 780 habent
799 751 927 780 motus
954 745 1162 790 naturales;
1192 745 1361 781 secundo

52 433 63 443 '
75 431 140 454 Leet.
149 435 194 457 vn,
209 435 233 451 n.
243 435 263 457 5.

52 800 151 850 {unguit
166 806 224 823 ΑΜ
244 803 267 822 et
293 796 488 844 improbat
502 796 522 816 *
542 796 787 844 quorundam
806 796 1128 845 philosophorum
1149 797 1360 846 opiniones,

57 882 60 886 .
292 849 394 885 circa
420 849 496 885 hoc
525 849 762 897 errantium,
780 850 852 886 ibi:
880 851 1041 899 Pr0pter
1072 851 1173 899 quod
1205 856 1240 886 et
1266 852 1363 887 Leu-

53 907 64 919 ·
76 905 149 930 ⁸⁸⁸¹·
161 912 187 934 ⁴·
294 903 402 951 cippo
421 903 442 923 *
461 908 530 938 etc.

349 955 460 992 Circa
486 954 656 1004 primum
685 955 764 992 duo
783 955 882 992 facit.
909 956 1039 993 Primo
1058 956 1240 1006 proponit
1258 957 1364 1006 quod

52 1010 197 1039 ‘ud-M
215 1017 240 1038 ⁴·
294 1008 472 1045 intendit:
503 1015 539 1045 et
562 1007 651 1045 dicit
678 1009 798 1057 quod,
829 1008 919 1056 quia
946 1022 1061 1059 supra
1087 1011 1107 1031 *
1136 1010 1279 1047 dictum
1309 1018 1364 1047 est

153 1059 170 1095 β
294 1061 401 1112 quod
416 1060 685 1110 operationesss
702 1069 738 1099 et
754 1063 954 1111 passiones
974 1075 1180 1112 corporum
1196 1072 1283 1100 sunt
1301 1075 1363 1111 ge-

294 1114 511 1152 nerationes
531 1122 567 1151 et
586 1123 714 1152 motus
734 1127 882 1163 eorum,
904 1123 940 1152 et
956 1116 1002 1152 de
1018 1116 1260 1164 generatione
1282 1129 1363 1153 cor-

232 1187 238 1194 ·
292 1180 435 1218 porum
458 1168 680 1216 inquisitum
706 1177 761 1205 est
782 1169 815 1215 ²¹⁸,
847 1176 961 1206 restat
989 1170 1193 1206 dicendum
1214 1170 1261 1206 de
1280 1181 1363 1206 mo-

292 1221 399 1267 tibus
413 1221 560 1258 eorum.
591 1222 640 1258 Et
669 1221 758 1258 dicit
776 1221 883 1271 quod
901 1222 1146 1260 manifestum
1166 1230 1222 1259 est
1241 1235 1287 1259 ex
1306 1223 1364 1259 his

276 1274 279 1275 ⁷
293 1287 393 1324 quae
405 1274 588 1322 dicentur,
597 1275 704 1322 quod
714 1287 871 1312 necesse
883 1282 938 1312 est
948 1275 1128 1312 omnibus
1139 1276 1364 1324 corporibus

293 1328 528 1378 simplicibus
543 1328 668 1364 inesse
684 1328 850 1377 aliquem
864 1335 1014 1365 motum
1029 1329 1252 1365 naturalem.
1270 1329 1363 1366 Cor-

36 1431 41 1434 >
292 1394 389 1432 pora
406 1393 501 1419 vero
522 1381 639 1418 mixta
659 1388 870 1429 sequuntur
897 1389 1047 1418 motum
1077 1382 1247 1430 corporis
1276 1382 1364 1419 sim-

31 1459 33 1461 -
64 1460 83 1467 -
291 1435 399 1484 plicis
416 1434 743 1483 praedominantis
761 1434 801 1471 in
820 1433 885 1471 eis.
906 1435 1009 1482 Ergo
1029 1434 1207 1471 omnibus
1228 1447 1363 1484 corpo-

30 1497 34 1505 ⁴
147 1493 166 1521 Υ
293 1488 398 1526 ribus
418 1487 651 1525 naturalibus
670 1486 767 1523 inest
785 1486 919 1535 aliquis
944 1494 1073 1524 motus
1101 1488 1281 1524 naturalis
1299 1493 1325 1524 Ὺ.

347 1554 383 1579 2.
415 1540 594 1578 Secundo
613 1539 686 1576 ibi:
720 1540 908 1581 Quoniam
928 1540 1028 1576 enim
1047 1546 1149 1577 mota
1170 1548 1253 1587 etc„
1273 1554 1362 1590 pro-

293 1595 358 1632 bat
374 1594 615 1644 propositum
636 1593 785 1630 duabus
805 1592 1025 1630 rationibus.
1047 1593 1223 1640 Quarum
1237 1595 1362 1643 prima

292 1649 456 1686 sumitur
483 1659 529 1683 ex
556 1654 663 1695 parte
691 1653 832 1683 motus.
862 1646 1047 1683 Videmus
1076 1647 1178 1684 enirn
1208 1647 1257 1684 ad
1278 1660 1363 1684 sen-

291 1714 379 1739 sum
409 1712 572 1749 corpora
599 1699 785 1748 simplicia
813 1699 984 1736 moveri:
1014 1699 1044 1736 si
1074 1712 1163 1748 ergo
1193 1712 1271 1737 non
1297 1701 1363 1737 ha-

291 1756 383 1792 bent
413 1753 613 1803 proprium
640 1760 790 1790 motum
828 1752 898 1789 sibi
935 1754 1167 1800 naturalem,
1206 1766 1362 1791 necesse

292 1816 348 1846 est
367 1807 473 1858 quod
492 1814 723 1844 moveantur
749 1818 819 1854 per
841 1806 1075 1843 violentiam.
1106 1807 1213 1844 Idem
1233 1815 1362 1844 autern

292 1869 348 1899 est
375 1860 526 1898 moveri
553 1872 623 1909 per
649 1859 884 1907 violentiam,
905 1866 942 1896 et
961 1859 1111 1897 moveri
1130 1869 1279 1908 praeter
1297 1874 1363 1898 na—

289 1923 437 1952 turam:
467 1913 572 1963 quod
601 1913 704 1950 enim
733 1920 790 1949 est
817 1913 1029 1950 secundum
1058 1921 1254 1961 naturam,
1284 1927 1363 1952 non

292 1976 348 2006 est
365 1968 600 2013 violentum,
631 1965 719 2015 quia
737 1966 949 2003 violentum
971 1974 1026 2003 est
1046 1966 1084 2003 in
1104 1979 1181 2016 quo
1202 1967 1252 2004 nil
1273 1981 1362 2005 con—

194 2028 210 2047 ¹¹
256 2029 262 2050 ³
291 2022 362 2059 fert
397 2021 479 2059 vim
514 2020 682 2069 patiens,
721 2027 764 2056 ut
798 2019 932 2056 dicitur
959 2019 998 2057 in
1027 2021 1077 2056 111
1105 2021 1226 2058 Ethic.
1255 2022 1276 2042 ’¹‘
1303 2022 1362 2058 Ex

293 2088 339 2112 eo
369 2082 496 2112 autem
527 2073 633 2122 quod
665 2081 721 2110 est
749 2073 883 2121 aliquis
911 2080 1039 2110 motus
1071 2082 1222 2122 praeter
1254 2082 1361 2112 natu-

263 2142 267 2145 ·
291 2141 391 2176 ram,
421 2126 590 2177 sequitur
618 2126 724 2175 quod
753 2126 798 2163 sit
827 2126 961 2174 aliquis
990 2134 1117 2164 motus
1146 2128 1360 2165 secundum

291 2189 483 2228 naturam,
514 2187 690 2229 respectu
719 2180 825 2216 cuius
855 2180 989 2217 dicitur
1016 2188 1144 2217 motus
1171 2181 1362 2219 violentus

290 2242 441 2285 praeter
459 2241 653 2271 naturam:
679 2246 759 2270 non
778 2233 881 2270 enim
901 2233 1097 2281 aegritudo
1119 2242 1216 2271 esset
1236 2235 1363 2284 dispo-

256 2308 264 2315 ·
291 2287 565 2337 sitio*praeter
583 2294 771 2334 naturam,
792 2287 862 2324 nisi
885 2294 983 2324 esset
1002 2287 1140 2324 sanitas
1165 2287 1361 2337 dispositio

292 2341 732 2387 secundum-naturam;
762 2341 887 2378 omnis
908 2340 1010 2377 enim
1033 2341 1052 2361 *
1069 2340 1233 2390 privatio
1252 2355 1361 2391 prae-

291 2394 473 2444 supponit
490 2394 675 2431 habitum.
706 2395 756 2430 Et
782 2394 866 2431 licet
894 2402 1074 2443 sequatur
1097 2406 1143 2431 ex
1161 2394 1236 2431 hoc
1256 2395 1361 2444 quod

291 2456 348 2485 est
366 2455 495 2484 motus
513 2454 664 2496 praeter
682 2455 868 2495 naturam,
890 2447 995 2496 quod
1015 2447 1061 2484 sit
1080 2455 1208 2484 motus
1228 2448 1360 2497 aliquis

290 2501 503 2539 secundum
531 2508 728 2547 naturam;
758 2509 911 2548 tamen,
941 2501 1119 2549 quamvis
1153 2501 1226 2538 sint
1252 2503 1361 2539 multi

290 2562 417 2592 motus
444 2562 595 2603 praeter
622 2562 809 2601 naturam,
840 2562 968 2591 motus
996 2562 1126 2604 tamen
1146 2555 1359 2592 secundum

289 2615 466 2645 naturam
495 2615 551 2644 est
581 2620 682 2644 unus
711 2607 837 2655 (unius
867 2607 1006 2644 scilicet
1034 2607 1239 2656 corporis):
1271 2609 1359 2657 quia

289 2669 424 2698 natura
441 2661 554 2698 unius
583 2660 637 2697 rei
661 2669 718 2698 est
746 2661 998 2698 determinata
1017 2661 1067 2698 ad
1085 2674 1219 2707 unum,
1241 2674 1262 2698 a
1283 2675 1359 2710 qua

291 2714 471 2762 contingit
507 2714 762 2763 multipliciter
799 2714 974 2761 deviare;
1013 2714 1108 2751 sicut
1137 2722 1193 2751 est
1220 2715 1359 2752 sanitas

287 2780 376 2816 una,
408 2767 661 2815 aegritudines
679 2780 775 2804 vero
795 2768 948 2805 multae.
980 2768 1028 2804 Et
1051 2768 1126 2804 hoc
1144 2767 1245 2815 ideo,
1267 2769 1358 2816 quia

287 2821 595 2870 unumquodque
624 2821 837 2858 secundum
867 2833 977 2857 suam
1002 2829 1176 2857 naturam
1198 2829 1252 2858 est
1270 2822 1358 2858 sim-

282 2874 446 2923 pliciter,
475 2874 573 2911 idest
599 2887 678 2911 uno
708 2874 843 2921 modo,
875 2886 921 2910 eo
951 2875 1055 2923 quod
1084 2882 1218 2911 natura
1246 2875 1358 2912 unius

237 2941 240 2945 ·
289 2927 342 2964 rei
363 2934 417 2964 est
436 2940 535 2964 una:
566 2928 634 2965 sed
662 2927 970 2976 unumquodque
998 2927 1113 2964 habet
1134 2940 1212 2964 non
1231 2929 1356 2965 solum

288 2981 429 3017 multos
465 2988 614 3027 motus,
654 2982 722 3018 sed
760 2981 875 3018 etiam
904 2981 1043 3018 multas
1073 2980 1355 3029 dispositiones,

287 3042 439 3083 praeter
466 3041 653 3071 naturam.

343 3088 420 3124 Sed
449 3095 580 3124 contra
607 3088 683 3124 hoc
710 3086 862 3124 videtur
881 3099 963 3123 esse
984 3087 1089 3135 quod
1113 3086 1151 3123 in
1170 3086 1355 3135 principio

287 3140 370 3177 libri
384 3140 405 3161 ξ’
424 3140 567 3177 dictum
587 3149 652 3187 est,
683 3140 788 3188 quod
806 3140 927 3177 motui
947 3140 1159 3177 secundum
1180 3148 1356 3176 naturam

288 3193 536 3230 contrariatur
550 3201 677 3230 motus
691 3202 842 3242 praeter
856 3201 1044 3240 naturam,
1063 3201 1099 3230 et
1114 3193 1218 3242 quod
1233 3205 1355 3229 unum

286 3246 352 3283 uni
383 3254 439 3283 est
467 3247 750 3283 contrarium.-
770 3247 831 3284 Ad
861 3247 965 3295 quod
996 3246 1068 3283 dici
1096 3254 1221 3295 potest
1249 3246 1355 3294 quod

287 3299 544 3349 Philosophus
571 3300 624 3337 ibi
651 3300 818 3349 loquitur
838 3300 884 3337 de
905 3299 1072 3336 motibus
1101 3299 1352 3348 simplicibus:

47 3144 61 3159 ⁸
71 3145 125 3170 Lib.
131 3147 150 3176 1,
164 3148 217 3171 lect.
227 3155 259 3177 iv,

36 3186 37 3190 =
46 3177 72 3196 ΙΙ.
82 3173 104 3196 ἃ

341 3437 366 3471 β)
386 3439 449 3471 quia
467 3446 550 3471 supra
573 3439 673 3464 dictum
692 3442 732 3464 est
751 3439 822 3471 quod
847 3438 1023 3470 operationes.
1034 3451 1053 3458 —-
1065 3438 1128 3469 quia
1146 3445 1200 3461 om.
1214 3437 1250 3467 E;
1269 3444 1352 3468 supra

286 3482 341 3499 om.
354 3475 414 3505 A133
433 3482 481 3507 pro
494 3475 669 3506 operationes,
689 3478 716 3499 et
734 3474 902 3506 operationes
916 3474 969 3498 AB.
983 3487 1002 3491 -
1016 3473 1078 3497 Post
1092 3480 1169 3496 unam
1190 3473 1232 3496 lin.
1247 3480 1295 3504 pro
1310 3479 1352 3496 re-

285 3513 342 3534 stat
354 3514 412 3538 etc..
427 3510 513 3540 codd„
528 3510 618 3541 legunt
630 3513 715 3534 restat
730 3509 870 3534 dicendum
886 3509 919 3533 de
934 3508 1056 3532 motibus.
1070 3508 1105 3531 Et
1120 3507 1288 3540 manifestum
1303 3510 1351 3531 est.

339 3545 366 3578 γ)
387 3545 462 3578 Ergo
485 3545 638 3570 omnibus...
653 3545 795 3569 naturalis.
813 3559 832 3563 —
850 3544 900 3568 ista
924 3543 1055 3567 conclusio
1080 3542 1204 3566 omittitur
1223 3549 1236 3565 a
1256 3542 1351 3565 nostris

287 3580 362 3605 codd.
369 3588 376 3610 ;
396 3580 421 3604 in
441 3585 510 3604 textu
529 3581 632 3612 ponitur
650 3586 775 3612 tanquam
794 3579 912 3611 epilogus
932 3578 1009 3602 huius
1028 3583 1052 3602 et
1071 3585 1126 3609 seq.
1147 3576 1272 3601 lectionis.

340 3614 364 3647 ὃ)
379 3618 471 3647 potest
493 3618 614 3640 tamen..
628 3619 764 3640 naturam.
784 3629 804 3633 -
826 3615 882 3638 Hoc
901 3621 955 3638 om.
973 3613 1030 3642 ΡΑ,
1050 3613 1070 3636 Β
1089 3620 1142 3636 om.
1156 3611 1351 3643 simplicibus.

288 3651 408 3680 motibus,
430 3651 489 3683 quia
508 3650 691 3675 homoteleuta.

1389 297 1540 334 LECT.
1569 296 1604 333 V

1412 388 1534 412 unum
1573 375 1676 412 enim
1709 387 1848 424 corpus
1877 388 1955 412 non
1983 382 2108 424 potest
2135 375 2284 412 moveri
2310 376 2480 424 pluribus

1414 429 1582 466 motibus
1611 429 1844 478 simplicibus
1876 436 2026 477 praeter
2053 436 2246 475 naturam;
2275 437 2400 477 potest
2427 436 2480 466 ta-

1415 494 1505 519 men
1533 482 1683 519 moveri
1709 482 1880 531 pluribus
1899 482 2067 518 motibus
2092 481 2312 530 compositis
2331 490 2481 530 praeter

1415 542 1590 572 naturam
1611 533 1635 572 ³.
1656 536 1726 572 Vel
1745 542 1871 584 potest
1889 534 1962 572 dici
1990 536 2094 583 quod
2115 535 2182 571 etsi
2204 547 2326 571 unum
2345 535 2412 571 uni
2436 535 2482 572 sit

1416 588 1667 635 contrarium,
1697 596 1827 625 tamen
1855 588 2086 624 contrarium
2119 588 2224 636 quod
2253 596 2308 624 est
2340 596 2382 624 ut
2407 588 2482 637 pri-

1414 641 1529 687 vatio,
1558 649 1682 689 potest
1701 653 1740 678 se
1759 642 1902 678 habere
1930 641 2200 689 multipliciter;
2227 641 2322 678 sicut
2344 641 2482 678 sanitas

1417 693 1635 741 simpliciter
1655 702 1710 730 est
1731 695 1761 740 ²¹²,
1782 694 1977 742 aegritudo
1998 701 2127 731 autem
2146 694 2412 742 multipliciter.
2434 695 2483 731 Et

1418 745 1585 782 similiter
1604 754 1731 783 motus
1751 749 1962 784 secundum
1983 754 2159 784 naturam
2179 755 2235 784 est
2254 760 2333 783 uno
2349 747 2481 796 modo,

1418 806 1546 835 motus
1575 807 1703 836 autem
1731 808 1880 848 praeter
1907 807 2082 836 naturam
2111 800 2238 845 multis
2259 802 2278 821 ³⁶
2298 801 2436 838 modis.

1474 852 1508 887 3.
1540 852 1760 889 Secundum
1794 853 1980 889 rationem
2012 853 2120 901 ponit
2147 853 2220 890 ibi:
2253 855 2389 891 Adhuc
2415 866 2482 890 au-

1418 909 1490 940 tem
1512 912 1600 941 etc.:
1624 913 1659 941 et
1679 905 1839 942 sumitur
1858 918 1903 942 ex
1928 913 2034 954 parte
2054 906 2202 954 quietis.
2233 908 2282 944 Et
2299 919 2481 956 praesup-

1417 957 1525 1006 ponit
1553 957 1642 995 duo.
1674 959 1852 1005 Quorum
1880 959 2048 1007 primum
2077 967 2153 1007 est,
2192 960 2298 1008 quod
2326 973 2482 997 necesse

1419 1018 1474 1047 est
1494 1023 1610 1047 omne
1630 1011 1736 1059 quod
1763 1011 1936 1059 quiescit,
1967 1012 2160 1060 quiescere
2180 1020 2243 1050 aut
2261 1013 2447 1051 violenter
2463 1015 2482 1035 ’ῃ

1418 1071 1483 1100 aut
1501 1064 1715 1101 secundum
1743 1071 1929 1101 naturam.
1961 1066 2182 1103 Secundum
2212 1074 2278 1113 est,
2308 1067 2413 1116 quod
2432 1067 2483 1104 ibi

1418 1116 1577 1164 quiescit
1596 1117 1738 1165 aliquid
1765 1129 1835 1165 per
1861 1117 2094 1165 violentiam,
2115 1132 2192 1167 quo
2217 1128 2396 1157 movetur
2414 1133 2484 1170 per

1416 1170 1657 1215 violentiam3
1688 1177 1724 1206 et
1751 1170 1802 1206 ibi
1831 1170 1988 1218 quiescit
2016 1171 2156 1219 aliquid
2185 1173 2397 1210 secundum
2418 1187 2483 1211 na-

1417 1230 1558 1270 turam,
1590 1235 1666 1271 quo
1694 1230 1872 1259 movetur
1899 1224 2110 1261 secundum
2140 1233 2325 1263 naturam.

1473 1276 1530 1312 Ex
1558 1276 1615 1312 his
1648 1283 1776 1312 autem
1810 1284 2094 1323 argumentatur
2121 1277 2185 1315 sic.
2214 1279 2401 1326 Videmus
2434 1280 2483 1317 ad

1418 1340 1574 1365 sensum
1595 1329 1749 1376 aliquod
1779 1341 1917 1378 corpus
1946 1330 2138 1378 quiescere
2163 1331 2202 1368 in
2220 1332 2362 1379 medio,
2391 1341 2483 1381 puta

1417 1390 1556 1418 terram
1585 1390 1650 1418 aut
1678 1382 1862 1430 lapidem:
1893 1395 1995 1430 ergo,
2020 1384 2232 1421 secundum
2259 1386 2481 1433 praemissa,

1418 1443 1483 1471 aut
1501 1435 1660 1485 quiescit
1682 1447 1751 1484 per
1778 1435 2012 1483 violentiam,
2043 1445 2106 1473 aut
2135 1439 2346 1475 seeundum
2375 1447 2482 1476 natu-

1418 1500 1512 1525 ram.
1543 1489 1592 1524 Et
1616 1489 1645 1525 si
1670 1488 1826 1537 quidem
1855 1489 2065 1526 secundum
2094 1497 2284 1537 naturam,
2315 1493 2483 1540 sequitur

1418 1542 1630 1578 secundum
1649 1541 1860 1590 praemissa
1884 1542 1987 1590 quod
2017 1542 2129 1579 etiam
2154 1551 2280 1580 motus
2299 1545 2380 1581 talis
2401 1558 2482 1582 cor-

1417 1594 1521 1643 poris
1550 1594 1599 1631 ad
1624 1595 1726 1630 hunc
1745 1595 1874 1631 locum
1895 1595 1940 1631 sit
1959 1595 2147 1632 naturalis.
2170 1596 2210 1632 Si
2230 1604 2356 1633 autern
2377 1599 2482 1646 quie-

1419 1648 1488 1684 scit
1502 1660 1571 1696 per
1580 1647 1812 1693 violentiam,
1826 1655 1974 1695 oportet
1985 1648 2090 1696 quod
2105 1649 2150 1685 sit
2164 1649 2304 1698 aliquid
2319 1650 2482 1688 inferens

1419 1700 1452 1737 ei
1472 1700 1705 1747 violentiam,
1723 1700 1826 1749 quod
1841 1701 2042 1749 prohibeat
2060 1701 2183 1750 ipsum
2204 1703 2364 1740 moveri.
2387 1705 2482 1742 Illud

1419 1766 1508 1802 ergo
1529 1754 1633 1802 quod
1652 1754 1829 1802 prohibet
1848 1753 1972 1802 ipsum
2002 1755 2150 1791 moveri
2165 1761 2187 1801 ⁶,
2215 1764 2279 1792 aut
2306 1765 2484 1794 movetur

1417 1815 1482 1844 aut
1501 1807 1668 1855 quiescit.
1696 1806 1735 1843 Si
1757 1807 1925 1855 quiescit,
1954 1807 2048 1844 sicut
2078 1809 2256 1845 columna
2285 1810 2482 1857 quiescens

1417 1861 1593 1909 prohibet
1625 1859 1792 1909 lapidem
1826 1860 2106 1909 superpositum
2146 1862 2315 1910 moveri,
2350 1864 2483 1900 redibit

1418 1914 1553 1951 eadem
1574 1913 1745 1962 quaestio
1763 1913 1809 1949 de
1825 1914 1899 1950 hoc
1914 1914 2151 1962 prohibente,
2167 1923 2295 1952 utrum
2316 1916 2483 1964 quiescat

1417 1967 1632 2004 naturaliter
1649 1967 1711 2003 vel
1730 1966 1925 2003 violenter.
1957 1968 2005 2003 Et
2025 1967 2054 2003 si
2074 1968 2300 2016 naturaliter,
2331 1971 2481 2006 conclu-

1417 2022 1526 2059 detur
1545 2021 1565 2041 *
1586 2020 1691 2069 quod
1715 2019 1829 2056 etiarn
1850 2020 2064 2057 naturaliter
2084 2028 2278 2058 movetur:
2304 2022 2334 2058 si
2354 2030 2481 2060 autern

1415 2074 1602 2111 violenter
1618 2075 1649 2120 ²³²,
1666 2074 1802 2110 iterum
1822 2073 2003 2121 indigebit
2018 2074 2091 2110 alio
2111 2075 2348 2122 prohibente.
2366 2077 2414 2112 Et
2429 2077 2482 2113 sic

1416 2140 1571 2165 necesse
1597 2135 1652 2164 est
1674 2128 1735 2163 vel
1765 2127 1871 2175 quod
1900 2127 2123 2164 deveniatur
2151 2128 2199 2164 ad
2228 2128 2381 2177 aliquod
2408 2130 2482 2178 pri-

1416 2194 1526 2218 murn
1556 2181 1754 2230 quiescens
1774 2180 1988 2217 secundum
2017 2188 2203 2227 naturam,
2234 2182 2338 2230 quod
2367 2183 2480 2219 etiam

1417 2247 1463 2272 ex
1479 2234 1726 2283 consequenti
1746 2233 1963 2270 naturaliter
1982 2234 2214 2280 movebitur3
2236 2242 2300 2270 aut
2319 2236 2423 2283 quod
2443 2236 2481 2272 in

1415 2288 1604 2325 infinitum
1625 2287 1854 2336 procedatur
1878 2286 1916 2323 in
1941 2287 2183 2335 corporibus,
2214 2288 2318 2336 quod
2339 2296 2393 2324 est
2412 2289 2481 2325 im-

1414 2341 1608 2390 possibile,
1625 2348 1665 2377 ut
1679 2340 1717 2377 in
1732 2340 1858 2389 primo
1873 2341 2097 2376 *ostensum
2119 2348 2184 2377 est.
2208 2340 2247 2376 Si
2266 2353 2360 2377 vero
2382 2341 2481 2378 dica-

1414 2403 1476 2432 tur
1503 2395 1607 2443 quod
1628 2394 1825 2443 quiescens
1849 2393 2035 2430 violenter
2055 2393 2094 2430 in
2112 2393 2239 2430 medio
2259 2394 2482 2442 prohibetur

1416 2447 1564 2485 moveri
1589 2448 1637 2484 ab
1667 2447 1793 2495 aliquo
1822 2447 1927 2495 quod
1955 2454 2134 2483 movetur
2154 2446 2262 2493 (sicut
2283 2448 2478 2496 Empedo-

1417 2502 1490 2538 cles
1511 2501 1600 2538 dixit
1620 2500 1725 2549 quod
1743 2508 1842 2536 terra
1862 2500 2018 2548 quiescit
2038 2499 2051 2526 ς
2066 2512 2136 2548 per
2153 2500 2373 2536 violentiam
2392 2514 2480 2549 pro-

1414 2554 1532 2591 hibita
1553 2567 1575 2590 a
1596 2554 1790 2602 gyratione
1812 2553 1930 2599 caeli),
1962 2561 2108 2589 remota
2127 2553 2189 2589 tali
2213 2554 2479 2602 prohibitione,

1415 2620 1655 2655 consequens
1671 2614 1725 2643 est
1740 2606 1846 2655 quod
1866 2618 2003 2654 corpus
2022 2606 2255 2654 prohibitum
2275 2606 2378 2655 prius
2398 2619 2480 2643 mo-

1413 2661 1507 2708 veri,
1525 2661 1663 2698 feretur
1680 2660 1728 2697 ad
1744 2660 1907 2708 aliquem
1922 2661 2050 2696 locum
2067 2659 2371 2696 determinatum:
2393 2660 2481 2708 quia

1414 2714 1648 2763 impossibile
1665 2722 1720 2750 est
1735 2713 1839 2761 quod
1859 2713 1998 2749 feratur
2016 2712 2054 2748 in
2074 2712 2280 2760 infinitum,
2303 2713 2391 2761 quia
2410 2714 2480 2749 im-

1412 2767 1594 2816 possibile
1615 2775 1670 2803 est
1689 2766 1879 2803 infinitum
1899 2766 2136 2814 pertransire,
2166 2766 2256 2802 nihil
2276 2774 2403 2802 autem
2425 2774 2480 2803 est

1412 2821 1451 2857 in
1470 2821 1553 2857 fieri
1567 2826 1592 2867 '’,
1610 2820 1715 2869 quod
1732 2827 1787 2856 est
1801 2819 2034 2867 impossibile
2053 2819 2194 2855 factum
2216 2831 2308 2856 esse.
2330 2819 2370 2855 Si
2390 2831 2478 2866 ergo

1413 2874 1461 2911 ad
1477 2874 1643 2922 aliquem
1659 2874 1786 2909 locum
1809 2872 2101 2909 determinatum
2121 2879 2310 2917 movetur,
2323 2872 2476 2920 quando

1412 2927 1498 2963 illuc
1528 2926 1739 2972 devenerit,
1770 2925 1880 2962 stabit
1909 2932 1943 2961 et
1974 2925 2140 2973 quiescet
2167 2937 2245 2960 non
2272 2924 2474 2971 violenter,

1412 2980 1480 3017 sed
1509 2979 1745 3016 naturaliter:
1776 2986 1812 3015 et
1843 2978 1909 3024 ita,
1948 2977 2158 3014 secundum
2186 2977 2414 3025 praemissa,
2445 2977 2475 3013 si

1412 3033 1569 3082 quiescit
1606 3031 1821 3069 naturaliter
1852 3031 1890 3067 in
1918 3031 1992 3066 hoc
2020 3031 2127 3076 loco,
2167 3030 2334 3078 sequitur
2371 3029 2476 3077 quod

1411 3085 1629 3123 naturaliter
1656 3086 1705 3121 ad
1733 3085 1834 3120 hunc
1864 3085 1991 3119 locum
2020 3091 2232 3119 moveatur.
2258 3083 2307 3118 Et
2335 3082 2387 3118 sic
2407 3083 2476 3118 erit

1411 3139 1544 3188 aliquis
1573 3146 1700 3174 motus
1730 3136 1918 3173 naturalis.

1463 3204 1501 3238 4.
1532 3191 1680 3227 Deinde
1719 3202 1806 3225 cum
1845 3188 1951 3225 dicit:
1990 3188 2149 3235 Propter
2180 3187 2281 3234 quod
2315 3193 2351 3223 et
2376 3189 2473 3223 Leu-

1409 3245 1516 3292 cippo
1546 3251 1634 3289 etc.,
1665 3242 1856 3290 improbat
1884 3240 2126 3289 quorundam
2154 3240 2472 3288 philosophorum

1410 3297 1608 3348 opiniones
1646 3295 1743 3331 circa
1776 3293 1978 3342 praedicta.
2015 3294 2063 3329 Et
2089 3292 2215 3341 primo
2250 3293 2473 3341 opinionem

2403 298 2478 344 243

1459 3436 1480 3467 ε)
1501 3434 1573 3466 quod
1593 3434 1718 3465 prohibet
1743 3433 1828 3464 ipsum
1853 3432 1960 3457 moveri.
1979 3446 1998 3450 -
2016 3432 2073 3456 Hoc
2098 3432 2219 3456 omittunt
2243 3432 2353 3456 codices.
2371 3445 2390 3450 —-
2408 3433 2472 3457 Post

1406 3478 1484 3494 unam
1498 3471 1542 3494 lin.
1557 3477 1604 3501 pro
1623 3468 1826 3500 superpositum,
1846 3467 2010 3499 suppositum
2031 3467 2050 3491 P
2070 3472 2095 3491 et
2113 3468 2214 3492 codices
2230 3472 2335 3499 excepto
2353 3467 2405 3498 sG;
2425 3476 2472 3500 pro

1406 3505 1520 3532 moueri,
1542 3504 1673 3528 removeri
1692 3503 1802 3527 codices.

1459 3539 1483 3571 ζ)
1500 3539 1600 3563 moveri
1614 3539 1647 3563 ab
1665 3539 1754 3570 aliquo
1803 3538 1920 3570 quiescit.
1930 3552 1949 3556 —
1960 3537 2061 3562 moveri
2073 3538 2106 3562 ab
2119 3537 2208 3569 aliquo
2221 3538 2290 3562 sicut
2301 3538 2472 3570 Empedocles

1406 3575 1487 3604 dixit,
1507 3574 1606 3599 scilicet
1624 3574 1695 3606 quod
1714 3576 1787 3598 terra
1806 3573 1916 3605 quiescit
1935 3573 1962 3597 P.
1975 3586 1994 3592 -
2007 3573 2062 3597 Lin.
2076 3580 2132 3605 seq.
2152 3573 2202 3597 tali
2219 3581 2273 3598 om.
2288 3574 2315 3597 P.

1459 3610 1485 3641 η)
1506 3609 1571 3634 nihil
1584 3612 1673 3633 autem
1688 3612 1728 3633 est
1742 3609 1767 3633 in
1781 3608 1853 3641 fieri.
1867 3621 1885 3628 ·-
1899 3609 1964 3633 nihil
1978 3608 2046 3632 enim
2064 3611 2103 3633 est
2116 3608 2242 3640 possibile
2254 3609 2320 3641 fieri
2335 3609 2363 3633 P.
2375 3622 2393 3627 -
2407 3608 2471 3632 Post

1406 3645 1501 3669 lineam
1521 3652 1569 3677 pro
1588 3644 1710 3676 quiescet,
1731 3644 1840 3675 quiescit
1859 3644 1922 3668 BEF
1943 3649 1968 3668 et
1988 3644 2045 3669 Par.

2605 533 2619 559 01

2511 700 2519 708 '
2535 701 2573 720 est
2585 706 2633 721 om.
2644 706 2686 722 pm
2700 704 2722 722 et

2510 725 2562 747 Par.

2511 806 2519 814 ·
2534 804 2641 832 pluribus
2655 812 2676 828 ε.

2511 1018 2520 1026 ·
2541 1016 2652 1039 velociter
2664 1023 2724 1045 asp»-

2511 1049 2533 1065 a.

2509 2034 2520 2045 ⁸
2535 2035 2653 2056 concludit
2665 2042 2687 2057 Ρ.

2509 2090 2517 2097 ·
2534 2089 2644 2110 velociter
2658 2095 2679 2111 Ρ.

2509 2354 2518 2362 ·
2535 2352 2602 2374 Lect.
2613 2358 2635 2374 tx
2650 2359 2701 2381 sqq.
