2690 4062
97 1610 108 1621 ⁸
121 1608 194 1631 Num.
211 1615 234 1637 9.

97 1747 107 1756 '¹
121 1745 195 1767 Num.
210 1752 231 1773 7.

97 1830 107 1840 '
121 1829 191 1851 Num.
208 1836 259 1857 seq.

99 2765 108 2774 ·
123 2764 194 2786 Num.
209 2764 231 2787 6.

97 2937 106 2946 ·
122 2935 193 2957 Num.
205 2942 252 2964 seq.

97 2981 106 2991 ·
121 2980 191 3002 Num.
207 2987 226 3008 5.

348 260 394 286 xc
671 226 677 231 ’
1043 238 1631 281 METEOROLOGICORUM
1658 238 1753 274 ΜΒ.
1785 238 1835 274 111

414 319 506 357 δοκεῖ
528 323 648 370 σχῆμοί
674 324 703 355 τ’
733 320 818 354 εἶναι
849 324 906 355 καὶ
930 316 1090 364 διαίρεσιν
1122 318 1252 364 ἔχειν),
1280 316 1353 349 ἐπεὶ
1378 311 1407 347 δ’

414 368 632 412 ἐμφαίνεσθαί
658 380 692 401 τι
719 368 918 413 ἀναγκαῖον,
946 367 1052 398 τοῦτο
1078 360 1107 395 δ’
1139 360 1324 402 ἀδύνατον,
1345 362 1410 392 λεί-

415 425 519 446 πεται
545 413 585 445 ‘td
615 414 734 458 χρῶμα
758 413 858 455 μόνον
884 408 1112 454 ἐμφαίνεσθαι.
1152 407 1197 439 Τὸ
1222 401 1259 438 δὲ
1278 406 1410 458 Χχρῶμα

415 458 474 491 ὁτὲ
491 457 550 502 μὲν
567 457 722 501 λαμπρὸν
740 459 898 500 φαίνεται
916 455 982 486 τῶν
998 453 1174 497 λαμπρῶν,
1195 450 1254 482 ὁτὲ
1272 448 1300 480 δ’
1323 449 1343 485 ἢ
1362 461 1409 501 ’ἱῳ

439 501 591 548 ίγνυσθαι
609 503 655 543 τῷ
674 502 736 534 τοῦ
761 500 938 543 ἐνόπτρου,
958 496 980 534 ἦ
996 493 1054 529 3ιοί
1071 498 1135 533 τήν
1155 494 1329 527 ἀσθένειαν
1347 504 1410 530 της

415 546 535 601 eulaeum,
563 547 666 578 ἄλλου
697 543 876 590 χρώματος
903 544 1036 587 ἐμποιεῖ
1058 541 1263 585 φαντασίαν.
1294 537 1407 570 Ἔστω

413 591 450 623 δε
468 593 541 634 περὶ
567 589 698 622 τούτων
725 589 803 632 ἡμῖν
830 585 1079 631 τεθεωρημένον
1099 585 1130 617 ἑν
1157 587 1227 621 τοῖς
1253 584 1326 626 περὶ
1345 581 1408 618 τοὶς

414 635 581 672 αἰσθήσεις
602 633 840 678 δεικνυμένοις·
867 626 919 663 διὸ
945 631 992 662 τοὶ
1017 630 1075 673 μὲν
1100 628 1264 675 λέγωμεν,
1285 629 1355 664 τοῖς
1373 621 1403 657 δ’

413 681 453 717 ὠς
479 678 665 723 ὑπάρχουσι
688 675 889 723 χρησώμεθα
914 674 1040 707 αὐτῶν.

524 785 545 799 -η
563 790 568 792 -
597 774 748 809 ostquam
772 762 995 807 Philosophus
1026 760 1254 795 determinavit
1285 758 1324 792 de
1355 758 1406 791 his

596 821 678 853 quae
708 816 904 852 generantur
934 818 973 839 ex
1001 805 1205 839 exhalatione
1236 803 1359 836 elevata
1388 814 1406 835 a

540 875 552 893 ζ
595 863 676 886 terra
689 863 747 896 per
762 860 891 884 motum
904 860 936 883 et
952 850 1189 889 alterationem,
1203 858 1406 891 consequen-

541 901 577 956 δ’]
594 906 651 974 tee‘r
664 895 1049 974 {Ziffiissn‘ssffieiffliissi}
1062 890 1406 971 aieessiiffissefiffi‘

341 986 429 1020 mida
452 953 618 1019 constantie
642 985 802 1029 superius.
827 984 869 1017 Et
892 984 975 1016 circa
999 982 1064 1016 hoc
1089 981 1156 1015 duo
1180 980 1265 1013 facit.
1280 980 1403 1031 ⁸Primo

341 1032 434 1075 ponit
457 1030 671 1063 intentionem
695 1040 800 1068 suam,
821 1037 854 1061 et
870 1027 948 1060 dicit
970 1026 1059 1071 quod
1084 1037 1159 1059 cum
1179 1035 1328 1069 supenus
1349 1023 1403 1056 de-

341 1075 548 1109 terminatum
568 1075 609 1107 sit
632 1073 671 1106 de
695 1073 745 1105 his
770 1084 852 1117 quae
876 1071 960 1104 fiunt
979 1083 1018 1104 ex
1038 1070 1241 1104 exhalatione
1265 1067 1401 1101 humida

339 1131 398 1164 per
420 1127 547 1151 motum
572 1127 603 1151 et
626 1117 866 1156 alterationem,
891 1123 1130 1160 consequenter
1153 1112 1328 1147 dicendum
1352 1121 1402 1145 est

340 1163 379 1197 de
392 1163 441 1196 his
455 1174 536 1207 quae
549 1161 632 1195 fiunt
644 1173 702 1206 per
713 1160 940 1194 refractionem
953 1160 1087 1193 luminis
1101 1158 1139 1192 ab
1150 1157 1268 1191 eodem
1278 1168 1400 1201 vapore

339 1206 486 1247 humido,
511 1207 707 1239 consistente
731 1206 764 1238 in
787 1204 874 1238 nube
897 1204 950 1237 vel
972 1203 1120 1247 caligine,
1144 1211 1224 1247 puta
1249 1201 1288 1235 de
1313 1200 1400 1242 halo,

338 1251 417 1285 iride
433 1259 465 1284 et
480 1251 589 1294 virgis,
606 1259 638 1284 et
653 1249 791 1294 pareliis.
817 1249 857 1282 Et
877 1249 960 1282 circa
981 1248 1044 1281 hoc
1061 1245 1335 1280 considerandum
1352 1254 1401 1278 est

361 1295 417 1328 uid
440 1296 481 1328 sit
497 1294 690 1339 unumquod
715 1306 756 1327 ue
780 1305 906 1334 eorum,
931 1302 963 1326 et
987 1301 1121 1336 propter
1144 1302 1243 1336 quam
1267 1301 1399 1323 causam

361 1348 429 1380 unt,
461 1340 514 1372 uia
524 1350 696 1383 unumquo
722 1350 784 1383 que
795 1349 910 1371 eorum
919 1336 956 1370 fit
965 1345 1100 1381 propter
1109 1335 1246 1369 eandem
1255 1346 1397 1368 causam.

393 1394 422 1417 2.
469 1383 596 1417 ecundo
620 1383 680 1416 ibi:
704 1383 725 1416 I
741 1383 802 1415 sius
825 1382 943 1426 quidem
965 1382 1058 1425 igitur
1081 1389 1140 1413 etc.
1154 1407 1162 1421 ,
1189 1379 1400 1424 prosequitur

337 1429 509 1462 intentum.
538 1428 578 1461 Et
602 1429 685 1460 circa
744 1438 783 1460 oc
807 1426 874 1460 duo
898 1425 988 1459 facit:
1013 1426 1121 1470 primo
1146 1424 1341 1458 determinat
1364 1424 1398 1456 in

336 1472 477 1517 generali
501 1472 540 1506 de
564 1471 783 1505 accidentibus
808 1479 839 1504 et
863 1471 968 1504 causis
985 1470 1060 1503 halo
1085 1479 1117 1503 et
1140 1468 1240 1510 iridis,
1258 1477 1290 1501 et
1313 1479 1398 1512 quo-

336 1517 473 1550 rundam
489 1516 628 1550 aliorum
652 1528 734 1561 quae
750 1515 834 1548 fiunt
849 1526 908 1560 per
928 1514 1156 1548 refractionem
1180 1513 1328 1553 luminis3
1349 1524 1398 1545 se-

337 1561 444 1594 cundo
469 1561 661 1594 determinat
677 1560 717 1594 de
741 1571 837 1593 causa
854 1568 886 1592 et
904 1559 1067 1603 principio
1092 1558 1224 1591 illorum
1243 1558 1347 1601 magis
1365 1558 1397 1589 in

336 1618 350 1639 s
376 1605 476 1645 eciali,
493 1605 553 1638 ibi:
574 1605 665 1647 Quod
687 1604 804 1649 quidem
822 1605 915 1648 igitur
937 1605 1019 1637 visus
1035 1603 1050 1620 *
1067 1611 1128 1636 etc.
1146 1603 1255 1636 Prima
1279 1603 1397 1635 iterum

336 1618 489 1684 dividitur
504 1650 537 1682 in
554 1649 634 1683 duas
659 1658 783 1693 partes:
800 1649 908 1693 primo
926 1656 1095 1681 enumerat
1114 1646 1293 1680 accidentia
1314 1647 1398 1679 circa

336 1694 410 1727 halo
433 1703 464 1727 et
487 1693 601 1727 iridem
610 1706 618 1734 ;
647 1693 792 1727 secundo
825 1693 1017 1726 determinat
1041 1692 1081 1726 de
1106 1692 1211 1725 causis
1236 1690 1397 1724 dictarum

335 1739 606 1783 apparentiamm,
619 1737 678 1771 ibi:
699 1738 802 1772 Causa
815 1744 915 1771 autem
927 1737 1128 1771 horum*etc.
1144 1736 1239 1770 Circa
1253 1736 1396 1780 primum

335 1783 401 1817 duo
417 1782 504 1816 facit:
522 1784 628 1827 primo
642 1782 834 1815 determinat
847 1781 887 1815 de
903 1780 1123 1815 accidentibus
1140 1780 1216 1813 halo
1223 1792 1232 1821 3
1249 1779 1396 1813 secundo

335 1828 374 1861 de
397 1826 615 1861 accidentibus
639 1826 745 1866 iridis,
770 1826 829 1859 ibi:
854 1827 945 1860 Iridis
968 1832 1068 1859 autem
1091 1836 1250 1870 nunquam
1271 1826 1289 1845 *
1312 1833 1373 1857 etc.

390 1873 501 1905 Primo
517 1882 595 1915 ergo
612 1870 690 1904 dicit
713 1870 802 1915 quod
819 1870 894 1904 halo
912 1871 1042 1915 saepius
1064 1879 1197 1914 apparet
1214 1868 1396 1902 secundum

336 1916 492 1950 circulum
516 1915 712 1960 perfectum:
737 1915 815 1949 dicit
838 1923 949 1948 autem
973 1921 1068 1960 saepe,
1119 1915 1173 1947 uia
1197 1912 1396 1959 quandoque

334 1969 468 2005 propter
490 1960 762 2004 interruptionem
786 1958 932 2003 caliginis
965 1971 982 1992 a
1006 1971 1070 2010 qua
1116 1968 1129 1992 t
1153 1958 1317 1998 refractio,
1338 1959 1396 1991 cir-

335 2005 427 2038 culus
444 2005 697 2048 interrumpitur.
715 2005 766 2037 Fit
789 2005 887 2037 etiam
904 2003 980 2037 halo
997 2015 1080 2037 circa
1099 2003 1204 2037 solem
1224 2012 1256 2036 et
1272 2002 1396 2042 lunam,

334 2058 367 2083 et
382 2051 464 2082 circa
480 2058 562 2082 astra
578 2048 719 2081 multum
736 2048 869 2081 luminis
886 2048 1046 2081 habentia.
1065 2047 1183 2082 Adhuc
1201 2059 1269 2080 non
1286 2048 1396 2080 minus

333 2102 466 2138 apparet
490 2093 529 2127 de
564 2101 660 2126 nocte
690 2094 773 2126 circa
796 2093 907 2126 lunam
932 2101 964 2126 et
992 2092 1100 2126 stellas
1115 2119 1124 2133 ,
1152 2104 1251 2137 quam
1280 2091 1319 2125 de
1344 2091 1396 2125 die

333 2139 416 2171 circa
439 2137 560 2171 solem:
585 2138 688 2170 immo
704 2138 807 2181 magis
825 2146 959 2182 apparet
976 2137 1015 2171 de
1039 2146 1136 2170 nocte
1154 2148 1252 2182 quam
1275 2135 1315 2169 de
1332 2136 1395 2176 die,

334 2183 409 2227 quia
433 2183 466 2215 in
490 2182 541 2215 die
572 2181 683 2215 lumen
708 2181 785 2215 solis
810 2181 962 2215 obscurat
993 2182 1217 2226 apparentiam
1249 2182 1328 2214 eius.
1355 2181 1396 2215 Et

333 2226 552 2260 indifferenter
574 2225 611 2259 fit
634 2227 667 2259 in
698 2225 832 2259 meridie
857 2235 888 2260 et
916 2227 950 2259 in
981 2238 1071 2267 sero,
1096 2226 1153 2260 sed
1178 2227 1210 2259 in
1242 2237 1340 2259 mane
1364 2234 1396 2259 et

333 2272 415 2304 circa
439 2282 591 2304 occasum
615 2271 723 2303 minus
747 2270 792 2304 fit.
819 2271 927 2304 Vocat
951 2279 1062 2304 autem
1086 2270 1139 2304 hic
1171 2269 1395 2315 Philosophus

333 2326 496 2356 occasum,
519 2326 587 2348 non
606 2314 686 2348 illud
703 2324 833 2359 tempus
857 2316 1081 2359 vespertinum
1098 2315 1188 2360 quod
1212 2316 1396 2348 communi-

332 2368 380 2392 ter
403 2371 475 2393 sero
509 2359 638 2393 dicitur:
663 2358 741 2392 alias
765 2359 826 2393 sibi
862 2359 1116 2401 contradiceret,
1138 2359 1278 2394 dicendo
1303 2359 1394 2404 quod

332 2403 407 2437 halo
431 2403 467 2437 fit
491 2405 523 2436 in
547 2415 619 2437 sero
644 2412 675 2437 et
694 2415 762 2437 non
785 2404 821 2437 fit
845 2405 928 2437 circa
945 2416 1115 2445 occasum;
1140 2404 1196 2438 sed
1220 2413 1318 2437 vocat
1341 2415 1395 2437 oc-

398 823 403 827 ,
454 795 518 829 ῧῖἔῖῖ

404 843 412 858 <-
422 839 424 842 '
459 814 523 870 iffi)

463 857 467 865 κ

333 2459 444 2481 casum
468 2447 718 2482 declinationem
742 2447 821 2481 solis
845 2461 863 2482 a
887 2449 1033 2489 meridie,
1051 2460 1134 2494 quae
1151 2458 1200 2482 est
1224 2457 1298 2482 ante
1313 2448 1394 2482 illud

333 2501 462 2536 tempus
484 2493 707 2537 vespertinum
731 2501 763 2526 et
786 2502 862 2537 post
894 2493 1074 2527 meridiem.
1098 2494 1139 2527 Et
1162 2505 1231 2527 non
1258 2492 1294 2526 fit
1318 2493 1394 2527 halo

333 2538 416 2570 circa
440 2548 603 2577 occasum,
621 2538 696 2582 quia
719 2545 797 2570 tunc
821 2546 955 2582 propter
978 2549 1105 2572 moram
1130 2538 1208 2572 solis
1233 2537 1323 2572 calor
1345 2547 1395 2571 est

333 2580 517 2622 ferventior,
533 2590 565 2614 et
588 2581 722 2625 dissipat
745 2583 815 2615 eius
839 2594 855 2614 a
882 2583 1071 2626 parentiam.

391 2636 419 2668 3.
444 2625 572 2659 Deinde
589 2637 663 2658 cum
680 2625 775 2659 dicit:
800 2627 820 2659 I
839 2627 845 2633 ”
865 2627 890 2659 is
906 2633 1005 2660 autem
1021 2639 1180 2672 nunquam
1196 2635 1268 2668 etc„
1285 2636 1395 2661 osten-

335 2669 381 2702 dit
404 2669 580 2703 accidentia
603 2671 686 2703 circa
719 2670 795 2703 alias
820 2682 836 2703 a
862 2672 1034 2715 parentias.
1062 2672 1102 2705 Et
1126 2673 1209 2706 circa
1238 2671 1302 2705 hoc
1326 2671 1394 2706 duo

333 2713 424 2747 facit:
449 2715 556 2758 primo
591 2714 733 2748 ostendit
767 2682 943 2749 accidentia
972 2717 1055 2749 circa
1090 2716 1222 2757 iridem;
1247 2716 1394 2751 secundo

335 2758 510 2791 accidentia
527 2759 608 2792 circa
624 2760 730 2803 virgas
750 2768 781 2792 et
798 2760 948 2804 parelios,
967 2760 1028 2794 ibi:
1052 2761 1166 2795 Parelii
1184 2769 1285 2795 autem
1299 2763 1317 2783 *
1332 2771 1393 2795 etc.

336 2802 429 2836 Circa
453 2804 595 2847 primum
619 2804 678 2836 tria
694 2804 784 2837 facit:
809 2805 916 2848 primo
941 2805 1085 2839 ostendit
1101 2806 1280 2840 accidentia
1304 2806 1394 2840 iridis

335 2856 493 2891 quantum
516 2847 556 2881 ad
586 2846 833 2892 figurationem3
862 2849 1008 2883 secundo
1041 2850 1184 2884 ostendit
1215 2850 1394 2885 accidentia

335 2900 493 2969 quantum
517 2891 556 2925 ad
579 2900 709 2936 tempus
743 2893 971 2937 apparitionis,
996 2894 1057 2928 ibi:
1080 2895 1121 2928 Et
1139 2901 1207 2940 post
1229 2902 1394 2930 autumna-

347 2948 361 2969 e
383 2938 400 2957 *
423 2945 498 2976 etc.;
522 2937 616 2969 tertio
648 2946 807 2981 quantum
839 2937 878 2971 ad
903 2938 1029 2972 colores
1061 2948 1093 2972 et
1116 2951 1311 2981 numerum,
1334 2940 1393 2974 ibi:

334 2980 437 3024 Neque
460 2980 576 3014 duabus
595 2981 698 3026 plures
720 2983 738 3002 *
760 2990 819 3014 etc.
848 2982 937 3015 Dicit
968 2994 1047 3027 ergo
1076 2985 1184 3027 primo
1216 2984 1306 3029 quod
1340 2986 1394 3018 iris

335 3035 503 3068 nunquam
527 3034 658 3069 apparet
681 3026 863 3059 secundum
887 3027 1046 3060 circulum
1071 3027 1262 3072 perfectum,
1287 3041 1394 3074 neque

335 3080 375 3113 ap
401 3077 467 3101 aret
491 3070 523 3102 in
547 3070 660 3102 maiori
678 3071 829 3114 portione
847 3071 957 3104 circuli
983 3071 1081 3105 decisi
1099 3084 1157 3116 per
1180 3073 1394 3113 diametrum,

336 3124 369 3145 se
415 3113 483 3146 sole
507 3114 629 3146 oriente
654 3122 709 3147 aut
733 3114 900 3148 occidente
927 3125 1061 3159 apparet
1084 3117 1144 3150 sub
1168 3117 1189 3150 fi
1238 3129 1272 3151 ra
1301 3119 1394 3151 semi-

336 3157 445 3189 circuli
470 3157 645 3201 completa‚
670 3170 752 3202 quae
776 3168 824 3191 est
848 3160 952 3192 maior
976 3161 1084 3204 portio
1109 3162 1220 3195 circui
1245 3162 1305 3195 sub
1330 3175 1394 3207 qua

336 3201 439 3244 possit
462 3213 630 3245 apparere3
648 3202 699 3235 ille
723 3211 832 3236 tamen
850 3203 989 3237 circulus
1014 3214 1063 3238 est
1079 3207 1188 3239 minor
1212 3219 1311 3251 quam
1336 3208 1394 3240 cir-

337 3244 428 3277 culus
452 3257 550 3289 quem
579 3245 654 3279 facit
677 3247 709 3279 in
734 3247 877 3281 meridie.
903 3248 991 3281 Cum
1023 3258 1133 3283 autem
1169 3251 1218 3284 sol
1250 3251 1395 3285 elevatur

337 3300 433 3364 supra
457 3289 682 3331 horizontem,
707 3300 840 3335 apparet
863 3292 971 3325 minor
995 3304 1068 3337 pars
1093 3295 1306 3336 semicirculi;
1332 3297 1393 3328 cir-

338 3343 376 3364 cu
391 3344 429 3365 us
452 3342 560 3366 tamen
585 3346 682 3379 quem
699 3344 775 3368 tunc
800 3335 885 3376 facit,
902 3345 951 3368 est
970 3338 1075 3370 maior
1099 3350 1197 3383 quam
1216 3339 1270 3372 ille
1294 3351 1393 3384 quem

337 3375 471 3409 faciebat
488 3378 610 3411 oriente
633 3378 684 3411 vel
709 3379 876 3413 occidente
901 3379 980 3413 sole.

392 3431 422 3462 4.
447 3421 573 3455 Deinde
595 3434 669 3455 cum
689 3422 782 3456 dicit:
807 3425 847 3457 Et
860 3431 927 3469 post
944 3426 1121 3459 autumnale
1137 3435 1207 3467 etc„
1224 3437 1394 3461 enumerat

338 3463 514 3497 accidentia
531 3465 617 3498 iridis
635 3476 792 3510 quantum
809 3468 848 3501 ad
866 3478 995 3513 tempus
1013 3471 1237 3514 apparitionis
1260 3472 1301 3505 Et
1317 3471 1394 3505 dicit

338 3507 427 3552 quod
451 3517 526 3552 post
549 3511 791 3553 aequinoctium
821 3513 1008 3546 autumnale
1040 3515 1250 3548 existentibus
1280 3516 1393 3549 diebus

338 3551 555 3603 brevioribus,
586 3554 640 3586 iris
665 3563 771 3598 potest
795 3567 949 3600 apparere
980 3558 1012 3589 in
1037 3558 1179 3602 qualibet
1208 3559 1288 3592 hora
1312 3560 1393 3601 diei,

337 3607 413 3640 quia
436 3604 513 3629 tunc
537 3597 586 3630 sol
614 3609 680 3630 non
704 3599 845 3632 multum
873 3600 1017 3634 elevatur
1041 3613 1139 3646 super
1169 3603 1391 3638 horizontem:

1532 324 1562 348 et
1585 317 1775 347 divisionem
1790 315 1930 359 habere),
1947 316 2103 358 quoniam
2119 323 2227 347 autem
2244 326 2394 357 apparere
2418 317 2539 359 aliquid

1531 360 1753 398 necessarium,
1776 361 1858 391 hanc
1882 367 1989 391 autern
2012 360 2222 401 impossibile,
2239 360 2428 401 relinquitur
2451 362 2538 393 colo-

1532 415 1599 435 rem
1623 415 1772 445 apparere
1800 405 1918 435 solum.
1952 404 2053 435 Color
2071 411 2179 436 autem
2203 405 2376 446 aliquando
2407 406 2539 447 quidem

1532 450 1633 480 clarus
1655 449 1780 479 videtur
1803 449 1973 487 clarorum,
1998 448 2170 489 aliquando
2194 456 2303 480 autem
2326 457 2457 491 propter
2479 451 2538 481 rni-

1531 493 1609 523 sceri
1632 493 1660 523 ei
1676 492 1732 534 qui
1756 492 1888 532 speculi,
1905 499 1960 523 aut
1983 499 2114 533 propter
2133 493 2327 525 debilitatem
2350 494 2448 533 visus,
2465 495 2539 526 alte-

1530 538 1595 568 rius
1615 537 1730 567 coloris
1757 536 1851 567 efficit
1873 537 2082 577 phantasiam.
2107 537 2154 569 Sit
2176 545 2285 569 autem
2309 538 2348 569 de
2372 538 2420 569 his
2444 539 2538 570 nobis

1530 581 1729 621 speculatum
1745 581 1777 610 in
1794 581 2018 612 demonstratis
2043 581 2123 612 circa
2143 590 2270 621 sensus;
2294 589 2426 623 propter
2448 583 2538 624 quod

1529 626 1606 656 haec
1620 625 1752 666 quidem
1770 624 1924 665 dicamus,
1937 625 1986 656 his
2002 633 2110 657 autem
2125 627 2295 667 quomodo
2316 627 2453 659 existunt
2471 634 2539 659 uta-

1530 679 1603 700 mur
1624 669 1710 710 ipsis.
2522 669 2548 685 ’‘

1463 756 1520 790 sed
1544 757 1578 789 in
1602 764 1733 796 aestate,
1758 756 1828 790 sole
1857 757 2015 791 existente
2040 758 2124 791 circa
2147 758 2324 802 tropicum,
2348 769 2418 792 non
2440 758 2479 792 fit
2501 760 2536 793 in

1462 800 1608 834 meridie.
1641 801 1682 833 Et
1705 800 1770 833 hoc
1797 802 1940 834 maxime
1971 802 2006 835 in
2037 802 2250 846 regionibus,
2281 802 2316 836 in
2340 802 2460 848 quibus
2483 803 2536 837 sol

1461 844 1604 878 multum
1629 844 1754 878 accedit
1777 844 1818 878 ad
1842 845 1954 879 zenith
1970 847 2133 891 capitum:
2158 848 2235 892 quia
2259 855 2339 880 tunc
2362 847 2448 881 basis
2470 859 2534 893 py-

1460 889 1594 922 ramidis
1611 888 1671 922 sub
1689 901 1754 934 qua
1774 889 1905 923 videtur
1928 891 1995 932 iris,
2018 899 2075 924 aut
2097 891 2220 925 directe
2243 892 2327 925 iacet
2350 903 2450 937 supra
2468 900 2535 926 ter-

1459 945 1541 973 ram,
1566 942 1622 966 aut
1645 933 1777 967 modica
1800 935 1910 978 portio
1934 936 2005 969 eius
2030 943 2079 968 est
2102 947 2162 980 per
2182 937 2202 957 ’⁸‘
2223 947 2306 969 eam.
2324 936 2367 970 Et
2389 945 2469 970 tunc
2492 935 2535 971 ad

1458 977 1635 1012 videndam
1651 979 1877 1030 apparentiam
1893 979 1995 1021 iridis,
2008 991 2029 1013 o
2055 988 2178 1013 orteret
2191 980 2282 1025 quod
2294 980 2398 1014 homo
2414 981 2535 1015 iaceret

1459 1023 1551 1068 quasi
1569 1034 1745 1067 resupmus
1762 1024 1796 1056 in
1812 1031 1907 1064 terra,
1924 1033 1957 1057 et
1973 1035 2036 1058 ocu
2050 1035 2090 1057 us
2105 1035 2176 1057 non
2191 1033 2278 1058 esset
2293 1024 2451 1059 elevatus.

1514 1077 1542 1110 5.
1568 1066 1699 1101 Deinde
1716 1079 1793 1101 cum
1810 1067 1906 1101 dicit:
1926 1068 2032 1114 Neque
2047 1068 2167 1102 duabus
2177 1069 2283 1114 plures
2299 1077 2372 1110 etc„
2389 1069 2534 1104 ostendit

1457 1120 1540 1156 quot
1563 1113 1629 1145 sint
1652 1111 1751 1145 irides
1775 1111 1959 1146 secundum
1984 1124 2177 1154 numerum,
2201 1122 2234 1147 et
2257 1113 2439 1147 accidentia
2461 1114 2533 1148 eius

1457 1165 1619 1201 quantum
1643 1155 1684 1190 ad
1709 1156 1847 1190 colores.
1873 1157 1914 1190 Et
1937 1157 2017 1191 dicit
2041 1157 2082 1191 de
2106 1158 2216 1203 primo
2240 1157 2331 1203 quod
2354 1157 2533 1203 aliquando

1455 1200 1609 1234 videntur
1638 1200 1722 1235 duae
1753 1201 1852 1235 irides
1875 1201 1958 1246 (sed
1982 1201 2093 1246 plures
2122 1201 2250 1236 duabus
2281 1213 2351 1236 non
2373 1211 2534 1248 apparent

1455 1245 1518 1278 nisi
1541 1245 1648 1290 raro),
1672 1257 1812 1290 quarum
1843 1245 1942 1280 altera
1974 1247 2121 1280 continet
2151 1246 2296 1280 alteram.
2329 1247 2372 1281 Et
2393 1255 2532 1292 utraque

1455 1301 1568 1323 earum
1597 1289 1696 1323 habet
1726 1299 1791 1323 tres
1821 1289 1949 1324 colores
1980 1290 2177 1336 principales
2190 1318 2199 1332 ‚
2230 1291 2367 1325 eosdem
2395 1290 2533 1337 quidem

1455 1333 1639 1368 secundum
1663 1335 1809 1379 speciem
1829 1343 1862 1368 et
1884 1335 2037 1381 aequales
2061 1335 2246 1369 secundum
2267 1346 2456 1378 numerum,
2471 1334 2531 1370 sed

1454 1379 1526 1412 eius
1550 1390 1634 1424 quae
1655 1387 1706 1412 est
1725 1388 1814 1413 extra
1830 1388 1863 1413 et
1886 1381 2035 1414 continet
2049 1379 2158 1421 aliam,
2174 1380 2303 1414 colores
2319 1389 2398 1414 sunt
2412 1379 2532 1415 obscu-

1453 1423 1556 1456 riores
1576 1432 1609 1456 et
1627 1424 1738 1457 minus
1762 1433 1956 1469 apparentes
1980 1436 2081 1470 quam
2102 1423 2190 1458 illius
2218 1436 2302 1470 quae
2326 1426 2480 1462 estintra
2497 1433 2532 1459 et

1455 1468 1651 1501 continetur.
1685 1469 1727 1502 Et
1750 1469 1803 1502 isti
1828 1468 1956 1502 colores
1981 1468 2166 1503 secundum
2189 1470 2291 1503 situm
2321 1477 2400 1504 sunt
2429 1469 2531 1516 positi

1453 1512 1557 1546 modo
1582 1513 1770 1554 contrario;
1801 1513 1879 1558 quia
1902 1514 1958 1547 iris
1982 1514 2119 1547 interior
2149 1522 2182 1548 et
2232 1525 2295 1548 uae
2318 1514 2530 1556 continetur,

1453 1556 1551 1590 habet
1575 1557 1609 1590 in
1632 1557 1750 1590 maiori
1791 1557 1953 1603 eriphm'a,
1977 1557 2062 1592 idest
2086 1559 2210 1592 circum
2224 1559 2359 1600 erentia,
2381 1557 2531 1593 colorem
2554 1563 2556 1565 '

1453 1603 1644 1654 puniceum,
1658 1602 1692 1635 in
1708 1613 1762 1635 me
1786 1602 1817 1635 ia
1829 1611 1940 1636 autem
1952 1602 2103 1644 viridem,
2114 1611 2147 1636 et
2161 1603 2196 1636 in
2213 1603 2335 1637 minori
2351 1603 2528 1656 Margum,

1452 1645 1536 1680 idest
1559 1645 1753 1680 subalbum:
1778 1646 1835 1680 sed
1854 1647 1962 1680 maior
1983 1647 2125 1681 exterior
2147 1647 2247 1682 habet
2269 1648 2304 1681 in
2326 1648 2449 1682 minen
2469 1646 2530 1682 cir·

1453 1690 1529 1724 culo
1550 1691 1743 1735 puniceum,
1760 1699 1793 1725 et
1809 1690 1891 1725 alios
1908 1703 1969 1736 pro
1995 1691 2209 1733 ortionaliter,
2226 1692 2351 1726 scilicet
2365 1693 2400 1726 in
2416 1691 2530 1727 medio

1451 1735 1608 1776 viridem,
1633 1744 1666 1769 et
1696 1736 1731 1769 in
1754 1747 1912 1788 supremo
1936 1735 1978 1769 ha
1991 1747 2031 1769 ur
2078 1747 2122 1769 m.
2152 1736 2194 1770 Et
2217 1736 2252 1770 hi
2279 1735 2419 1779 colores,
2443 1747 2529 1783 quos

1453 1779 1593 1814 dicimus
1618 1791 1690 1813 esse
1714 1781 1748 1814 in
1772 1779 1872 1821 iride,
1895 1789 1973 1814 sunt
1996 1789 2009 1814 t
2042 1791 2076 1814 es
2101 1780 2193 1826 quod
2215 1792 2274 1815 eos
2297 1791 2368 1816 non
2411 1790 2530 1816 ossunt

1454 1824 1559 1858 facere
1583 1825 1748 1876 pictores:
1773 1825 1837 1870 ipsi
1860 1825 1950 1859 enirn
1972 1824 2097 1859 faciunt
2121 1824 2250 1859 colores
2274 1836 2334 1871 per
2433 1825 2444 1835 ⁶
2482 1827 2529 1861 'o-

1451 1881 1529 1902 nem
1553 1869 1695 1903 ahorum
1719 1869 1888 1910 colorum,
1912 1869 1970 1904 sed
1995 1869 2048 1903 isti
2072 1878 2138 1903 tres
2169 1869 2298 1904 colores
2322 1881 2408 1916 quos
2430 1868 2530 1906 habet

1452 1914 1519 1955 iris,
1535 1925 1605 1947 non
1621 1913 1707 1948 fiunt
1721 1925 1781 1959 per
1797 1913 1941 1960 aliquam
1958 1915 2242 1948 commixtionem.

1508 1960 1540 1992 6.
1564 1958 1694 1992 Deinde
1719 1970 1796 1992 cum
1820 1958 1918 1993 dicit:
1941 1959 2058 1994 Parcus·
2071 1965 2173 1993 autem
2189 1967 2250 1993 etc.
2275 1958 2472 1994 determinat
2486 1959 2528 1994 de

1451 2002 1676 2037 accidentibus
1700 2003 1785 2037 circa
1800 2004 1909 2048 virgas
1925 2012 1958 2037 et
1973 2003 2126 2048 parelios.
2151 2004 2194 2037 Et
2209 2003 2289 2038 dicit
2304 2003 2398 2050 quod
2413 2003 2528 2050 perelii

1452 2057 1484 2081 et
1507 2049 1619 2092 virgae
1643 2057 1803 2093 apparent
1818 2056 1947 2082 tantum
1964 2049 2049 2082 circa
2068 2047 2185 2089 solem,
2202 2057 2235 2082 et
2258 2047 2335 2083 ideo
2350 2058 2420 2083 non
2442 2048 2529 2084 fiunt

1451 2102 1561 2134 nocte,
1577 2092 1648 2126 sole
1665 2093 1824 2126 existente
1844 2092 1904 2126 sub
1924 2101 2041 2126 nostro
2060 2092 2316 2138 hemisphaerio.
2333 2093 2377 2128 Et
2391 2092 2528 2140 quando

1451 2138 1615 2182 contingit
1627 2149 1685 2171 eos
1698 2148 1867 2183 apparere,
1881 2146 1959 2171 tunc
1973 2136 2083 2171 solum
2098 2146 2257 2183 apparent
2273 2149 2313 2172 ex
2324 2137 2424 2173 latere
2432 2137 2527 2180 solis,

1451 2181 1575 2215 scilicet
1598 2194 1639 2215 ex
1662 2191 1753 2227 parte
1782 2182 2016 2227 septentrionis
2045 2181 2099 2216 vel
2122 2182 2290 2217 meridiei:
2321 2190 2355 2217 et
2376 2193 2448 2217 non
2470 2194 2527 2229 ap·
2568 2184 2571 2188 '

1450 2235 1565 2271 parent
1589 2238 1688 2272 supra
1711 2226 1835 2267 solem,
1868 2227 1945 2272 quia
1969 2227 2014 2260 im
2039 2227 2204 2261 ressiones
2228 2227 2404 2263 existentes
2427 2236 2528 2273 supro

1451 2271 1556 2305 solem
1580 2283 1650 2305 non
1675 2280 1786 2305 essent
1806 2271 1962 2305 visibiles.
2021 2283 2106 2317 eque
2130 2279 2290 2316 apparent
2311 2271 2435 2307 directe
2450 2271 2527 2306 sub-

1450 2325 1503 2349 tus
1528 2315 1634 2350 solem
1657 2327 1772 2350 versus
1800 2324 1938 2357 terram,
1969 2327 2078 2361 neque
2109 2327 2149 2350 ex
2181 2317 2357 2361 opposito,
2412 2325 2469 2351 ute
2491 2317 2527 2351 in

1451 2361 1577 2395 oriente
1606 2360 1695 2395 unde
1728 2369 1882 2394 movetur
1912 2359 1985 2402 sol,
2009 2359 2063 2394 vel
2092 2361 2126 2394 in
2157 2360 2330 2395 occidente
2353 2372 2372 2395 a
2424 2372 2527 2407 quem

1450 2405 1566 2439 tendit.
1599 2405 1641 2439 Et
1671 2406 1790 2439 iterum
1822 2413 1980 2450 apparent
2010 2404 2123 2450 parelii
2155 2405 2226 2439 sole
2259 2404 2457 2440 ascendente
2485 2404 2525 2440 ab

1451 2451 1588 2491 oriente,
1601 2449 1654 2484 vel
1670 2449 1890 2484 descendente
1905 2449 1946 2484 ad
1962 2449 2183 2484 occidentem:
2201 2449 2259 2484 sed
2274 2461 2351 2484 raro
2365 2460 2408 2495 ap
2433 2458 2527 2484 arent

1451 2495 1525 2539 ipso
1541 2495 1700 2528 existente
1725 2495 1758 2528 in
1782 2493 1929 2535 meridie,
1954 2494 2031 2540 quia
2054 2502 2134 2527 tunc
2157 2494 2208 2528 sol
2231 2502 2406 2540 proptern
2465 2505 2526 2528 um

1451 2539 1594 2572 calorem
1619 2538 1770 2572 dissolvit
1793 2539 1974 2572 materiam.
2000 2538 2130 2573 Accidit
2152 2547 2264 2572 tamen
2288 2538 2467 2585 aliquando
2490 2539 2525 2573 in

1450 2583 1646 2628 Bosphoro,
1679 2582 1770 2628 quod
1799 2592 1848 2617 est
1875 2594 1965 2617 mare
1990 2582 2139 2617 dividens
2163 2583 2278 2616 Asiam
2307 2583 2346 2618 ab
2370 2583 2462 2618 Euro
2487 2595 2524 2626 a,

1473 2628 1541 2662 uod
1559 2627 1602 2662 ibi
1619 2637 1840 2672 apparuerunt
1854 2627 1921 2662 duo
1934 2627 2047 2673 parelii
2062 2639 2103 2661 ex
2117 2627 2248 2661 duobus
2264 2627 2418 2662 lateribus
2434 2638 2474 2662 so
2488 2627 2526 2670 ⁶8,

1450 2685 1467 2706 a
1515 2682 1588 2706 ortu
1614 2673 1685 2706 eius
1709 2684 1815 2718 usque
1840 2672 1880 2706 ad
1904 2683 2060 2706 occasum
2084 2682 2143 2717 per
2166 2681 2270 2706 totam
2295 2671 2395 2706 diem.
2426 2672 2524 2707 Acci-

1450 2717 1560 2751 dentia
1580 2718 1679 2761 igitur
1696 2716 1868 2750 manifesta
1892 2717 1976 2750 circa
1999 2716 2266 2762 unumquodque
2290 2717 2432 2751 istorum
2443 2725 2526 2763 *sunt

1450 2762 1529 2796 haec
1577 2773 1637 2795 uae
1663 2762 1877 2796 determinata
1901 2770 1987 2795 sunt.

1506 2817 1536 2850 7.
1595 2806 1690 2840 einde
1715 2818 1791 2840 cum
1816 2805 1910 2840 dicit:
1937 2806 2044 2840 Causa
2071 2812 2171 2840 autem
2190 2805 2299 2840 horum
2321 2814 2402 2847 etc„
2421 2805 2527 2841 deten-

1449 2852 1553 2885 minat
1577 2851 1617 2885 de
1641 2852 1748 2885 causis
1773 2850 1933 2885 dictarum
1965 2850 2234 2896 impressionum.
2265 2850 2308 2884 Et
2329 2849 2409 2885 dicit
2430 2849 2524 2897 quod

1450 2907 1548 2929 causa
1579 2905 1612 2929 et
1640 2896 1841 2941 principium
1865 2895 2017 2929 omnium
2048 2894 2293 2940 praedictorum
2323 2903 2374 2929 est
2401 2905 2468 2929 une
2491 2903 2525 2929 et

1450 2940 1564 2974 eadem
1596 2940 1780 2974 secundum
1813 2939 2052 2981 substantiam,
2085 2940 2161 2985 quia
2195 2939 2308 2974 omnia
2338 2939 2524 2974 secundum

1450 2984 1666 3018 substantiam
1690 2993 1767 3018 sunt
1790 2983 1952 3018 refractio.
1974 2983 2079 3025 Quod
2104 2983 2358 3028 intelligendum
2379 2992 2431 3018 est
2452 2994 2523 3018 non

1449 3028 1646 3069 formaliter,
1671 3029 1728 3063 sed
1752 3028 1942 3063 causaliter:
1973 3040 2043 3063 non
2067 3029 2156 3063 enim
2180 3030 2260 3062 istae
2288 3029 2523 3074 impressiones

1450 3083 1527 3107 sunt
1543 3073 1721 3107 formaliter
1741 3073 1903 3113 refractio,
1920 3074 1997 3119 quia
2021 3074 2076 3107 iris
2100 3073 2280 3107 fomialiter
2295 3082 2346 3107 est
2360 3072 2524 3119 quaedam

1449 3117 1553 3162 figura
1571 3127 1644 3159 etc„
1662 3118 1719 3152 sed
1744 3127 1821 3151 sunt
1844 3117 1996 3152 refractio
2020 3117 2203 3158 causaliter,
2220 3118 2298 3163 quia
2317 3118 2430 3151 omnia
2446 3128 2523 3151 cau-

1450 3171 1562 3195 santur
1581 3174 1620 3195 ex
1640 3162 1832 3196 refractione
1857 3162 1897 3196 ali
1923 3174 1983 3204 ua;
2008 3162 2066 3196 sed
2089 3161 2276 3196 differenter
2298 3161 2384 3196 fiunt
2407 3172 2523 3196 secun-

1450 3206 1529 3240 dum
1553 3206 1701 3241 diversos
1727 3207 1847 3241 modos
1870 3218 1903 3240 re
1935 3207 2074 3241 actionis
2099 3207 2168 3240 sive
2191 3206 2379 3241 reflexionis
2404 3205 2446 3241 ad
2466 3217 2522 3240 so-

1449 3250 1513 3284 lem
1534 3251 1586 3284 vel
1607 3251 1647 3285 ad
1664 3251 1799 3297 aliquod
1815 3251 1904 3285 aliud
1921 3260 2084 3285 astrorum
2101 3251 2148 3285 ful
2174 3250 2316 3285 ‘dorum.
2334 3250 2400 3285 Sed
2415 3250 2523 3297 qualis

1449 3295 1485 3328 fit
1501 3295 1662 3337 refractio‚
1679 3306 1711 3330 et
1726 3296 1865 3341 qualiter
1887 3295 1953 3337 fiat,
1970 3305 2003 3330 et
2025 3295 2066 3330 ad
2091 3263 2182 3341 quid:
2199 3304 2232 3329 et
2255 3307 2273 3329 a
2293 3306 2372 3341 quo,
2389 3303 2423 3329 et
2437 3306 2522 3341 quae

1449 3340 1490 3373 sit
1507 3351 1604 3373 causa
1620 3352 1738 3374 eorum
1761 3351 1846 3386 quae
1870 3340 2023 3374 accidunt
2047 3341 2130 3374 circa
2151 3341 2159 3373 i
2186 3351 2256 3374 sam
2280 3339 2522 3381 refractionem,

1450 3394 1690 3429 consequenter
1721 3385 1864 3419 ostendit
1892 3384 2139 3430 Philosophus,
2163 3351 2247 3418 {icet
2277 3393 2385 3419 textus
2415 3384 2522 3418 nostri

1450 3430 1671 3462 communiter
1694 3429 1757 3462 hoc
1778 3441 1846 3463 non
1866 3428 2016 3463 habeant.
2042 3430 2132 3463 Dicit
2154 3440 2235 3480 ergo
2259 3428 2350 3474 quod
2373 3427 2455 3463 radii
2473 3428 2521 3462 vi·

1449 3472 1555 3506 suales
1577 3473 1808 3517 refranguntur
1831 3473 1870 3507 ab
1897 3473 2052 3507 omnibus
2076 3473 2271 3518 corporibus
2295 3484 2380 3518 quae
2401 3472 2522 3507 habent

1449 3517 1591 3562 aliquam
1616 3519 1770 3551 virtutem
1802 3519 1919 3563 opaci,
1952 3517 2042 3563 quod
2075 3518 2212 3563 impedit
2243 3517 2520 3551 illuminationem

1450 3561 1632 3595 secundum
1657 3561 1836 3603 directum,
1860 3571 1892 3596 et
1916 3562 1955 3596 ab
1980 3561 2176 3596 habentibus
2197 3561 2329 3607 planam
2353 3570 2387 3596 et
2410 3561 2519 3595 lenem

1449 3605 1667 3649 superficiem,
1687 3607 1772 3640 sicut
1795 3615 1844 3640 est
1868 3618 1952 3651 aqua
1977 3617 2060 3651 quae
2085 3616 2135 3640 est
2157 3607 2315 3651 grossior,
2337 3615 2369 3640 et
2385 3616 2439 3639 aer
2461 3605 2519 3650 qui

2561 914 2690 997 ‘mi
