2690 4062
64 2433 75 2444 ⁴·
90 2432 161 2454 Num.
176 2437 196 2460 3.

65 2526 76 2537 ¹*
90 2525 160 2547 Num.
175 2531 223 2552 seq.

311 291 332 314 11
813 275 884 311 DE
914 272 1302 311 GENERATIONE
1331 271 1402 307 ET
1433 267 1820 306 CORRUPTIONE
1850 271 1945 307 LIB.
1977 272 1990 307 I

309 354 347 385 Εἰ
372 352 428 386 οὖν
454 353 568 393 ἐστίν,
598 351 709 405 ὥσπερ
735 345 891 396 διωρίσθη
918 348 1101 393 πρότερον,
1129 348 1168 379 τὸ
1200 345 1373 379 ἅπτεσθαι

378 397 419 429 τὸ
446 398 493 430 τά
516 397 652 442 ἔσχατα
682 406 771 439 εχειν
805 394 897 439 οἶμα,
926 394 1044 425 ταῦτα
1070 391 1110 423 ἀῖν
1137 390 1287 432 ἅπτοιτο
1316 390 1374 421 ἀλ-

374 441 486 478 λήλων
513 439 577 473 ὅσα
602 436 802 483 διωρισμένα
819 436 943 484 μεγέθη
967 439 1024 468 καὶ
1043 435 1131 467 θέσιν
1150 435 1279 479 ἔχοντα
1299 433 1372 478 ἅμα

376 486 447 531 ἔχει
472 486 519 518 τά
542 485 691 530 ἔσχατα.
1233 522 1241 532 t
1363 520 1371 531 ἴ

299 529 399 562 Ἐπεὶ
425 528 462 562 δέ
487 529 575 567 θέσις
600 527 658 572 μέν
684 525 773 563 ὅσοις
801 528 858 557 καὶ
884 524 989 572 τόπος
1016 523 1174 567 ὑπάρχει,
1200 533 1309 554 τοπου
1335 516 1371 552 δε

375 570 521 619 διαφορά
546 572 661 616 πρώτη
687 569 728 602 τὸ
755 570 821 600 ἅνω
857 572 913 601 καὶ
943 567 1040 600 κάτω
1063 569 1121 597 καὶ
1148 567 1195 598 τά
1220 565 1372 598 τοιαῦτα

376 620 443 650 τῶν
476 615 735 660 ἀντικειμένων,
763 612 907 646 ἅπαντα
933 613 980 644 τά
1005 610 1161 646 ἀλλήλων
1188 610 1372 654 ἁπτόμενα

375 662 475 708 βάρος
494 662 532 694 ἂν
551 661 624 705 ἔχοι
650 657 671 695 ἦ
691 657 903 702 κουφότητα,
927 655 948 693 ἦ
975 656 1071 700 α”μφω
1093 653 1114 691 ἦ
1139 653 1296 698 θάτερον.
1323 652 1374 685 Τά

374 705 411 740 δέ
437 707 588 740 τοιαῦτα
621 702 798 738 παθητικά
820 703 877 732 καὶ
904 699 1086 737 ποιητικά·
1109 698 1197 731 ὥστε
1230 697 1371 743 φανερὸν

376 751 430 784 ὅτι
460 752 577 783 ταῦτα
610 744 781 779 ἅπτεσθαι
807 744 950 788 πέφυκεν
977 742 1157 784 ἀλλήλων,
1184 742 1227 774 ὥν
1260 739 1372 786 διῃρη-

375 798 480 840 μένων
502 792 647 839 μεγεθῶν
683 788 756 833 οἵμα
777 789 824 821 τά
841 788 978 834 ἔσχατά
995 787 1102 829 ἐστιν,
1123 787 1229 819 ὄντων
1248 798 1373 824 κινητι-

373 841 439 871 κῶν
463 841 520 870 καὶ
540 836 684 874 κινητῶν
707 834 764 865 ὑπ’
787 831 957 869 ἀλλήλων.

300 882 398 916 Ἐπεὶ
429 879 466 914 δὲ
500 882 540 914 τὸ
576 880 687 912 κινοῦν
721 878 785 923 οὐχ
816 878 938 922 ὁμοίως
967 881 1052 908 κινεῖ
1082 875 1123 908 ‘ro'
1147 875 1369 920 κινούμενον,

374 927 463 960 ἀλλά
480 927 520 959 τό
538 926 596 969 μὲν
624 923 756 967 ἀνάγκη
782 921 977 966 κινούμενον
1002 923 1059 953 καὶ
1079 920 1167 952 αὐτὸ
1191 924 1306 961 κινεῖν,
1330 919 1371 951 τό

372 969 401 1002 δ’
431 972 589 1007 ἀκίνητον
617 969 672 1008 ὅν,
698 968 803 1004 δῆλον
837 965 891 999 ὅτι
922 967 980 997 καὶ
1010 966 1067 997 ἐπὶ
1100 964 1163 996 τοῦ
1189 964 1371 1001 ποιοῦντος

372 1017 508 1060 ἐροῦμεν
527 1012 706 1049 ὡσαύτως·
732 1013 790 1043 καὶ
807 1010 870 1056 γάρ
890 1010 931 1042 τό
955 1011 1067 1042 κινοῦν
1097 1013 1205 1040 ποιεῖν
1231 1011 1265 1041 τί
1290 1019 1371 1052 φασι

371 1062 427 1091 καὶ
454 1059 494 1091 τὸ
521 1058 639 1090 ποιοῦν
663 1059 778 1088 κινεῖν.
805 1056 852 1088 Οὐ
870 1054 935 1099 μὴν
961 1054 1051 1086 ἀλλά
1067 1048 1218 1096 διαφέρει
1243 1065 1282 1099 γε
1313 1054 1371 1083 καὶ

371 1101 423 1136 δεῖ
453 1099 624 1147 διορίζειν·
652 1102 690 1133 οὐ
715 1100 780 1147 γάρ
815 1098 927 1132 οἷόντε
949 1098 1018 1130 πᾶν
1045 1098 1084 1130 τό
1109 1098 1222 1131 κινοῦν
1248 1099 1369 1138 ποιεῖν,

371 1150 462 1191 εἴπερ
489 1147 529 1179 τὸ
555 1146 672 1178 ποιοῦν
700 1143 927 1188 ἀντιθῆσομεν
959 1143 1006 1183 τῷ
1037 1142 1227 1186 πάσχοντι·
1263 1142 1370 1174 τοῦτο

371 1188 399 1224 δ’
429 1193 475 1229 οἷς
501 1192 521 1228 ἢ
546 1193 670 1227 κίνησις
698 1188 822 1227 πάθος·
850 1186 956 1225 πάθος
981 1185 1018 1220 δὲ
1047 1187 1123 1223 καθ’
1151 1185 1229 1219 ὅσον
1256 1186 1371 1219 ἀλλοι-

373 1237 474 1269 οῦται
499 1235 617 1280 μόνον,
648 1234 716 1266 οἷον
742 1233 782 1266 τὸ
808 1232 926 1264 λευκὸν
959 1235 1016 1264 καὶ
1050 1231 1091 1264 τὸ
1117 1230 1254 1274 θερμόν·
1282 1229 1372 1262 ἀλλά

373 1281 411 1313 vd
436 1284 537 1312 κινεῖν
564 1277 618 1311 ἐπὶ
646 1277 748 1310 πλέον
774 1277 836 1310 τοῦ
856 1280 964 1308 ποιεῖν
982 1278 1088 1308 ἐστίν.
1106 1277 1236 1308 Ἐκεῖνο
1261 1270 1290 1306 δ’
1313 1272 1370 1307 οὖν

371 1324 523 1369 φανερόν,
548 1323 602 1357 ὅτι
627 1323 701 1355 ἔστι
751 1323 783 1354 ε“ν
805 1322 848 1358 ὠς
874 1321 921 1352 τά
945 1321 1107 1353 κινοῦντα
1133 1321 1199 1353 τῶν
1225 1320 1371 1356 κινητῶν

372 1369 513 1402 άπτοιτ’
544 1368 602 1408 ἄν,
629 1369 703 1400 ἔστι
751 1365 758 1376 ’
786 1367 828 1404 ὠς
853 1364 904 1397 οὗ.

302 1414 389 1446 Ἀλλ’
412 1415 427 1445 ὁ
445 1409 612 1458 διορισμός
632 1412 694 1444 τοῦ
721 1408 894 1443 ἅπτεσθαι
917 1408 1064 1442 καθόλου
1081 1409 1140 1453 μὲν
1159 1410 1174 1441 ὁ
1195 1409 1262 1440 τῶν
1280 1407 1370 1440 θέσιν

371 1457 520 1503 ἑχόντων
546 1459 603 1489 καὶ
621 1456 683 1489 τοῦ
702 1455 761 1499 μέν
782 1454 957 1491 κινητικοῦ
977 1454 1039 1487 τοῦ
1057 1449 1094 1485 δὲ
1115 1453 1271 1495 κινητοῦ,
1290 1451 1371 1496 πρὸς

372 1504 506 1539 ἄλληλα
526 1497 563 1533 δέ
588 1500 762 1538 κινητικοῦ
787 1501 845 1530 καὶ
870 1498 1025 1540 κινητοῦ,
1045 1497 1079 1529 ἐν
1098 1498 1144 1536 οἷς
1164 1495 1312 1551 ὑπάρχει
1330 1495 1371 1528 τὸ

372 1550 479 1581 ποιεῖν
496 1548 554 1578 καὶ
573 1546 614 1578 τὸ
633 1543 789 1590 πάσχειν.
810 1543 910 1575 Ἔστι
927 1542 986 1586 μέν
1005 1540 1063 1576 οὖν
1081 1543 1124 1580 ὠς
1142 1543 1198 1574 ἐπὶ
1222 1552 1263 1573 το
1282 1540 1370 1573 πολύ

371 1592 412 1626 τὸ
438 1589 634 1634 ἀπτόμενον
662 1586 858 1632 ἁπτομένου
885 1586 1098 1631 ἀπτόμενον·
1123 1589 1181 1618 καὶ
1198 1585 1262 1632 γάρ
1287 1588 1373 1617 κινεῖ

369 1634 553 1678 κινούμενα.
571 1634 690 1666 πάντα
714 1628 836 1679 σχεδὸν
862 1631 910 1663 τοὶ
934 1626 1104 1674 ἐμποδών,
1126 1630 1214 1668 ὅσοις
1236 1629 1368 1676 ἀνάγκη

369 1683 427 1713 καὶ
452 1681 611 1723 φαίνεται
637 1678 676 1710 τό
705 1676 900 1721 ἀπτόμενον
932 1675 1105 1708 ἅπτεσθαι
1132 1673 1348 1718 άπτομένου·

305 1724 379 1757 ἔστι
403 1720 432 1756 δ’
454 1725 498 1761 ὠς
523 1722 632 1754 ἐνίοτέ
654 1733 760 1767 φαμεν
786 1721 830 1754 τὸ
852 1721 964 1753 κινοῦν
995 1718 1168 1752 ἅπτεσθαι
1186 1719 1288 1762 μόνου
1307 1718 1369 1750 τοῦ

370 1766 577 1812 κινουμένου,
605 1767 646 1799 τό
671 1762 699 1798 δ’
723 1765 921 1808 ἀπτόμενον
945 1764 992 1808 μή
1019 1762 1193 1796 ἅπτεσθαι
1219 1762 1374 1807 οἱπτομέ-

371 1825 448 1847 νου·
484 1811 575 1844 ἀλλοὶ
605 1806 664 1842 διά
697 1810 738 1842 τὸ
769 1813 869 1841 κινεῖν
903 1808 1086 1852 κινούμενα
1118 1807 1166 1840 τά
1198 1808 1369 1853 ὁμογενῆ,

372 1857 503 1903 ἀνάγκη
529 1851 626 1888 δοκεῖ
649 1852 736 1887 εἶναι
770 1852 966 1896 ἁπτομένου
994 1851 1178 1886 ἅπτεσθαι.
1213 1851 1317 1883 ’Ὦστε
1343 1853 1374 1883 εἴ

372 1914 407 1935 τι
430 1905 514 1933 κινεῖ
547 1900 706 1937 ἀκίνητον
732 1898 791 1941 ὅν,
820 1899 928 1931 ἐκεῖνο
961 1897 1019 1942 μὲν
1051 1895 1091 1929 οἲν
1124 1895 1274 1929 ἅπτοιτο
1306 1897 1370 1928 τοῦ

372 1946 534 1986 κινητοῦ,
560 1945 687 1976 ἐκείνου
719 1938 756 1975 δὲ
789 1938 906 1976 οὐδέν·
932 1941 1042 1987 φαμὲν
1074 1940 1138 1987 γάρ
1169 1941 1279 1973 ἐνίοτε
1310 1939 1370 1972 τόν

369 1990 551 2023 λυποῦντα
576 1986 750 2021 ἅπτεσθαι
778 1989 885 2032 ἡμῶν,
913 1986 986 2018 ἀλλ’
1016 1983 1077 2019 οὗκ
1098 1982 1204 2018 αὐτοὶ
1229 1985 1370 2017 ἐκείνου.

371 2036 445 2078 Περὶ
475 2034 534 2079 μὲν
561 2031 617 2066 οὖν
645 2032 731 2077 άφῆς
764 2034 828 2070 τῆς
863 2030 897 2064 ἐν
928 2035 998 2069 τοῖς
1031 2033 1178 2075 φυσικοῖς
1209 2024 1370 2072 διωρίσθω

372 2080 498 2112 τοῦτον
524 2078 584 2110 τὸν
610 2076 750 2118 τρόπον.

438 2197 449 2207 ,
486 2187 505 2198 -.
535 2179 542 2191 κ
559 2174 711 2210 ostquam
742 2163 967 2208 Philosophus
998 2161 1227 2196 determinavit
1257 2160 1297 2194 de
1321 2172 1373 2204 ge-

368 2236 374 2240 .
414 2231 444 2249 «υ,
510 2208 533 2235 '2⁴
558 2210 727 2243 neratione
751 2217 783 2241 et
799 2208 1010 2251 corruptione
1034 2207 1068 2240 in
1085 2205 1267 2246 communi,
1285 2213 1317 2238 et
1333 2204 1373 2237 de

370 2256 372 2259 '
414 2249 472 2295 ᾖ-
504 2262 528 2293 ·.‘
558 2254 628 2287 aliis
648 2252 871 2298 sequentibus,
895 2251 1018 2284 scilicet
1041 2250 1081 2284 de
1105 2249 1373 2294 augmentatione

377 2304 387 2315 ‘¹
430 2275 540 2342 ,³³35
558 2307 591 2331 et
606 2297 805 2338 alteratione,
822 2297 937 2341 incipit
953 2295 1168 2329 determinare
1185 2293 1374 2345 dequibus-

376 2346 387 2350 “
432 2320 528 2372 'ffis
559 2342 634 2376 dam
650 2353 734 2386 quae
750 2340 791 2374 ad
807 2341 887 2374 haec
903 2340 1123 2384 requiruntur.
1137 2339 1178 2372 Et
1194 2349 1302 2383 primo
1319 2337 1374 2388 dat

305 2388 520 2421 intentionem
548 2395 663 2426 suam;
694 2385 841 2419 secundo
865 2385 1076 2429 prosequitur
1099 2384 1284 2423 intentum,
1314 2381 1373 2415 ibi:

304 2432 378 2466 Fere
395 2431 614 2476 quidem*etc.
637 2431 733 2472 Circa
755 2430 899 2474 primum
924 2428 992 2462 duo
1015 2427 1107 2462 facit:
1137 2428 1246 2472 primo
1263 2425 1375 2478 ‘deter-

306 2477 408 2515 minat
431 2477 647 2509 intentionem
671 2484 780 2515 suam;
805 2473 950 2507 secundo
976 2471 1118 2506 ostendit
1145 2479 1373 2505 neceSS1tatem

306 2532 383 2554 suae
408 2520 607 2559 intentionis,
629 2519 690 2552 ibi:
716 2518 828 2553 Omnes
851 2519 930 2552 enim
952 2518 1005 2562 qui
1029 2523 1055 2550 et
1074 2516 1217 2550 elementa
1230 2515 1247 2532 '¹
1267 2524 1328 2549 etc.

371 2564 460 2599 Dicit
483 2575 562 2608 ergo
586 2564 693 2609 primo
715 2562 817 2608 quod,
841 2574 918 2596 cum
945 2569 1096 2606 oporteat
1119 2560 1226 2594 dicere
1250 2559 1290 2593 de
1306 2570 1374 2592 ma-

306 2610 386 2642 teria
409 2610 492 2642 circa
523 2620 622 2654 quam
646 2617 695 2642 est
725 2607 954 2642 transmutatio
985 2605 1245 2644 elementorum3
1259 2612 1310 2655 ‘et
1329 2603 1373 2655 'de

306 2654 385 2698 ipsis
402 2653 581 2694 elementis,
598 2652 781 2686 secundum
799 2650 1043 2685 contrarietates
1064 2661 1148 2694 quae
1165 2657 1241 2682 sunt
1257 2659 1292 2682 m
1307 2658 1371 2699 eis:

307 2706 418 2731 utrum
442 2697 563 2731 scilicet
586 2698 651 2731 sint
675 2706 731 2731 aut
753 2708 822 2730 non
830 2708 840 2737 ;
871 2704 902 2729 et
925 2703 1037 2729 utrum
1061 2705 1167 2727 unum
1191 2704 1309 2726 eorum
1332 2701 1374 2725 sit

307 2742 544 2786 sempiternum
560 2750 592 2775 et
613 2739 906 2780 intransmutabile,
923 2740 1008 2772 sicut
1030 2749 1129 2782 supra
1155 2737 1232 2789 dicit
1257 2737 1374 2781 Empe-

308 2785 437 2827 docles,
460 2794 516 2819 aut
537 2794 753 2830 generantur;
777 2794 811 2819 et
833 2785 859 2818 si
884 2791 1092 2828 generantur,
1112 2781 1250 2827 qualiter
1273 2793 1372 2826 gene-

308 2839 436 2864 rantur:
470 2839 580 2863 utrum
612 2830 735 2864 scilicet
764 2837 962 2874 generantur
996 2827 1180 2861 adinvicem
1211 2835 1267 2860 aut
1298 2837 1372 2860 mo-

308 2883 436 2915 ventur,
452 2883 508 2908 aut
531 2883 580 2908 est
603 2874 737 2920 aliquod
760 2873 960 2919 principium
985 2883 1112 2912 eorum,
1128 2883 1167 2922 ex
1182 2882 1259 2922 ‘quo
1278 2882 1374 2915 gene-

309 2927 430 2960 rantur,
453 2928 486 2952 et
504 2919 537 2952 in
562 2919 652 2964 quod
674 2918 895 2959 resolvuntur,
912 2918 998 2950 sicut
1020 2916 1139 2950 diversi
1159 2914 1321 2956 dixerunt,
1337 2924 1374 2948 ut

309 2964 517 2997 Democritus
542 2972 682 3004 atomos,
705 2963 916 3007 Anaxagoras
941 2960 1067 2994 infinita
1094 2958 1277 2994 secundum
1301 2971 1372 3004 spe-

310 3009 410 3048 ciem;
434 3009 525 3053 quia,
548 3007 699 3053 inquam,
727 3007 781 3041 illa
805 3006 1020 3041 determinare
1044 3004 1218 3046 debemus,
1243 3015 1263 3038 o
1290 3013 1374 3038 ortet

309 3052 398 3097 prius
422 3051 635 3086 determinare
659 3051 698 3086 de
723 3050 919 3096 quibusdam
943 3048 1210 3084 antecedentibus
1238 3060 1255 3082 a
1302 3048 1373 3089 illa,

309 3097 343 3130 de
364 3096 471 3142 quibus
493 3096 601 3130 dicitur
622 3096 846 3131 indeterminate
863 3103 969 3135 ‚nunc;
994 3093 1084 3139 quod
1108 3092 1242 3138 quidem
1265 3102 1373 3144 potest

310 3140 481 3185 dupliciter
504 3140 655 3184 intelligi:
680 3152 748 3174 uno
772 3139 886 3180 modo,
904 3138 994 3184 quod
1017 3137 1149 3182 philoso
1174 3137 1209 3172 hi
1223 3149 1276 3171 sm
1292 3146 1373 3171 tem-

310 3186 399 3228 poris
416 3183 662 3218 indeterminate
678 3194 710 3218 et
726 3183 959 3218 insufficienter
975 3182 1126 3216 dixerunt
1168 3194 1185 3216 e
1201 3183 1292 3226 ipsiS,
1308 3181 1373 3215 alio

311 3228 422 3269 modo,
447 3229 522 3273 quia
546 3229 585 3262 de
609 3230 819 3272 generatione
844 3227 1092 3262 indeterminate
1116 3235 1148 3260 et
1171 3225 1310 3260 confuse
1330 3226 1374 3261 di-

311 3282 399 3306 ctum
424 3281 472 3305 est
495 3272 534 3305 de
559 3273 647 3317 ipsis.

378 3326 407 3349 2.
432 3316 559 3350 Deinde
583 3328 659 3350 cum
683 3316 777 3350 dicit:
805 3316 918 3351 Omnes
934 3316 1013 3350 enim
1028 3316 1081 3367 qui
1101 3322 1128 3350 et
1141 3315 1284 3349 elementa
1299 3324 1372 3356 etc.,
1389 3331 1394 3335 -

312 3359 455 3393 ostendit
477 3361 702 3394 necessitatem
726 3359 982 3402 determinandi‚
1005 3358 1117 3393 dicens
1141 3359 1231 3405 quod
1255 3371 1371 3393 omnes

313 3403 502 3447 philosophi
528 3413 696 3448 tangentes
718 3403 878 3438 elementa
898 3404 951 3438 vel
967 3415 1006 3438 ex
1021 3403 1191 3438 elementis
1207 3413 1371 3448 generata,

313 3455 449 3480 utuntur
480 3449 731 3493 congregatione
762 3458 794 3482 et
824 3449 1058 3493 segregatione.
1079 3448 1190 3491 ‚Quae
1219 3449 1307 3482 enim
1331 3460 1371 3482 ex

313 3490 480 3524 elementis
504 3501 708 3534 generantur,
724 3504 764 3525 ex
780 3493 1033 3537 congregatione
1057 3492 1297 3527 elementorum
1310 3504 1369 3537 ge-

312 3543 476 3575 nerantur,
501 3544 583 3580 quae
606 3547 684 3569 vero
709 3546 974 3580 corrumpuntur,
999 3549 1038 3571 ex
1061 3538 1286 3581 segregatione
1310 3536 1371 3570 ele-

313 3587 500 3612 mentorum
525 3589 653 3612 corrum
679 3589 796 3621 untur;
820 3592 903 3625 quae
927 3582 1025 3614 etiam
1049 3580 1197 3614 dicebant
1220 3592 1316 3625 agere
1339 3590 1371 3615 et

313 3623 380 3666 pati
413 3622 604 3657 adinvicem.
669 3635 725 3657 um
763 3635 841 3667 ergo
881 3626 1092 3668 congregatio
1132 3626 1174 3659 sit
1211 3625 1371 3670 quaedam

1430 348 1462 379 Si
1485 347 1580 388 igitur
1603 355 1666 387 est,
1695 355 1732 379 ut
1762 349 2008 380 determinatum
2032 356 2079 380 est
2101 350 2206 390 prius,
2230 357 2357 390 tangere
2387 350 2500 382 ultima

1495 392 1609 422 habere
1633 392 1739 432 simul,
1763 393 1840 424 haec
1864 393 1974 434 utique
1989 403 2022 424 se
2042 400 2178 434 tangunt
2200 394 2387 433 adinvicem,
2404 405 2500 436 quae-

1497 446 1636 476 cumque
1664 437 1886 468 determinatas
1910 438 2145 478 magnitudines
2174 446 2205 469 et
2227 438 2422 479 positionem
2445 440 2501 470 ha-

1496 480 1601 511 bentia
1625 481 1721 511 simul
1744 481 1861 512 habent
1885 481 2006 512 ultima.

1430 524 1595 562 Quoniam
1611 532 1719 556 autern
1735 525 1852 566 positio
1869 526 1982 556 iisdem
2006 525 2138 567 quidem
2159 526 2193 557 in
2214 526 2331 567 quibus
2355 534 2387 559 et
2408 528 2500 559 locus
2533 553 2539 559 .

1497 569 1608 606 existit,
1623 569 1687 600 loci
1710 577 1818 600 autem
1834 569 2006 601 differentia
2029 570 2132 610 prima
2152 581 2281 602 sursum
2305 578 2335 603 et
2349 572 2501 603 deorsum

1496 620 1527 644 et
1554 613 1627 644 talia
1650 614 1891 654 oppositorum:
1916 614 2026 645 omnia
2049 615 2089 644 ad
2113 625 2146 645 se
2180 615 2318 646 invicem
2340 616 2501 657 tangentia

1496 657 1681 698 gravitatem
1699 658 1811 699 utique
1833 658 1951 690 habent
1969 665 2024 690 aut
2046 658 2224 698 levitatem,
2248 667 2303 691 aut
2326 661 2422 692 ambo
2445 668 2501 692 aut

1496 702 1642 733 alterurn.
1662 702 1754 733 Talia
1772 709 1880 733 autem
1899 703 2022 743 passiva
2038 710 2069 734 et
2084 703 2198 735 activa:
2215 711 2411 745 quapropter
2433 715 2501 736 ma-

1496 746 1648 777 nifestum
1663 753 1710 777 est
1724 747 1880 787 quoniam
1895 748 1972 778 haec
1991 754 2118 787 tangere
2134 755 2207 779 nata
2223 756 2298 780 sunt
2311 749 2500 788 adinvicem,

1496 801 1638 831 quorum
1653 791 1760 821 divisis
1783 791 2055 832 magnitudinibus
2078 792 2175 823 simul
2198 793 2311 824 ultima
2335 800 2421 833 sunt,
2437 793 2500 824 exi-

1497 835 1650 866 stentibus
1674 835 1802 866 motivis
1826 842 1857 866 et
1879 836 2052 866 mobilibus
2076 837 2264 868 adinvicem.

1427 879 1445 898 *
1468 879 1633 917 Quoniam
1657 886 1764 910 autem
1788 889 1921 910 movens
1937 890 2004 910 non
2023 880 2166 912 similiter
2185 888 2295 912 movet
2317 882 2408 923 quod
2430 892 2500 913 mo-
2524 890 2535 901 ⁸

1495 930 1596 962 vetur,
1614 923 1670 953 sed
1686 923 1748 954 hoc
1763 923 1895 964 quidem
1911 934 2037 955 necesse
2053 932 2100 956 est
2116 932 2244 957 motum
2260 933 2291 957 et
2305 926 2414 966 ipsum
2430 937 2500 958 rno-

1495 977 1579 1005 vere,
1595 967 1658 998 hoc
1673 974 1782 998 autem
1800 967 1967 999 immobile
1986 979 2053 1008 ens,
2070 970 2275 1001 manifestum
2291 970 2447 1011 quoniam
2470 978 2502 1003 et

1496 1012 1535 1042 de
1565 1011 1698 1042 faciente
1730 1011 1873 1042 dicemus
1905 1012 2064 1044 similiter:
2090 1014 2208 1045 etenim
2237 1025 2370 1045 movens
2399 1015 2500 1047 facere

1495 1056 1616 1097 aliquid
1631 1055 1793 1097 inquiunt,
1810 1063 1841 1087 et
1857 1056 1973 1087 faciens
1989 1067 2128 1089 movere.
2145 1058 2208 1089 Sed
2231 1066 2338 1089 tamen
2353 1059 2502 1091 differunt

1495 1107 1528 1132 et
1551 1106 1678 1141 oportet
1696 1099 1922 1139 determinare;
1946 1111 2013 1131 non
2029 1101 2116 1132 enim
2138 1102 2289 1143 possibile
2306 1110 2353 1134 est
2376 1110 2407 1135 et
2429 1114 2500 1135 mo-

1494 1155 1572 1175 vens
1599 1155 1696 1175 omne
1723 1154 1824 1184 agere,
1845 1144 1870 1175 si
1896 1145 2013 1175 faciens
2038 1146 2236 1186 opponimus
2262 1147 2402 1188 patienti.
2427 1148 2502 1180 Hoc

1495 1196 1603 1220 autem
1625 1189 1657 1220 in
1682 1189 1833 1219 omnibus
1856 1189 1890 1219 in
1912 1189 2029 1230 quibus
2053 1197 2100 1221 est
2122 1198 2231 1222 motus
2254 1191 2371 1232 passio.
2391 1192 2500 1224 Passio

1495 1241 1603 1265 autem
1627 1239 1684 1272 est,
1701 1233 1878 1264 secundum
1901 1243 2000 1274 quam
2016 1234 2165 1266 alteratur
2181 1236 2305 1275 solum;
2328 1235 2416 1267 verbi
2434 1242 2501 1277 gra—

1495 1278 1538 1309 tia
1561 1278 1699 1309 calidum
1715 1284 1746 1308 et
1761 1277 1886 1316 album;
1910 1278 1965 1308 sed
1981 1288 2110 1310 movere
2133 1280 2272 1321 amplius
2295 1290 2394 1322 quam
2409 1290 2501 1322 agere

1495 1329 1551 1353 est.
1577 1322 1659 1352 illud
1690 1322 1785 1362 igitur
1816 1322 2023 1353 manifestum
2046 1323 2202 1364 quoniam
2234 1331 2281 1356 est
2310 1324 2443 1366 quidem
2465 1332 2502 1357 ut

1494 1366 1615 1398 motiva
1637 1366 1815 1397 immobilia
1837 1373 1983 1407 tangunt,
2003 1374 2050 1398 est
2071 1374 2179 1399 autem
2202 1375 2239 1400 ut
2261 1379 2338 1401 non.

1427 1411 1490 1443 Sed
1519 1410 1740 1442 determinatio
1770 1418 1898 1452 tangere
1929 1411 2147 1443 universaliter
2176 1413 2319 1454 quidem,
2341 1413 2431 1455 quod
2454 1419 2502 1445 est

1493 1455 1689 1496 positionem
1704 1455 1902 1494 habentium,
1923 1463 1953 1486 et
1968 1455 2030 1486 hoc
2046 1456 2177 1497 quidem
2199 1458 2335 1497 motivo,
2358 1457 2422 1489 hoc
2445 1467 2501 1489 au-

1494 1506 1559 1530 tem
1575 1499 1698 1538 mobili,
1711 1498 1887 1530 adinvicem
1900 1507 2007 1531 autem
2022 1500 2146 1532 motivo
2159 1508 2190 1532 et
2202 1502 2325 1540 mobili,
2335 1501 2369 1533 iu
2383 1501 2501 1544 quibus

1494 1544 1597 1575 existit
1619 1553 1711 1584 agere
1735 1550 1766 1574 et
1788 1544 1865 1584 pati.
1890 1544 1946 1575 Est
1965 1544 2095 1585 quidem
2122 1545 2228 1586 igitur,
2253 1553 2290 1578 ut
2308 1546 2343 1579 in
2358 1546 2501 1582 multum

1493 1595 1615 1619 tactum
1626 1587 1716 1629 quod
1731 1588 1831 1628 tangit
1846 1595 1991 1628 tangens:
2007 1589 2125 1620 etenim
2139 1597 2273 1622 movent
2286 1594 2376 1622 mota
2387 1590 2502 1622 omnia

1494 1632 1569 1671 fere,
1586 1642 1669 1673 quae
1683 1632 1716 1662 in
1732 1639 1906 1673 conspectu
1923 1640 2045 1670 nostro,
2062 1633 2179 1675 quibus
2195 1644 2322 1666 necesse
2338 1641 2386 1667 est
2407 1641 2439 1667 et
2457 1634 2501 1666 vi·

1490 1677 1582 1707 detur
1604 1683 1725 1707 tactum
1744 1683 1870 1717 tangere
1893 1677 1983 1718 quod
2006 1678 2116 1719 tangit.

1427 1722 1484 1752 Est
1507 1728 1614 1752 autem
1638 1727 1674 1751 ut
1699 1720 1872 1762 aliquando
1893 1721 2059 1762 inquimus
2083 1732 2217 1754 movens
2240 1729 2368 1765 tangere
2391 1723 2464 1765 solu
2507 1749 2511 1756 .

1492 1764 1526 1795 id
1548 1765 1639 1806 quod
1661 1772 1819 1804 movetur,
1843 1765 1933 1806 quod
1954 1765 2096 1806 tangitur
2118 1773 2226 1810 autem
2243 1763 2480 1810 ῃοῐιῐειιεςιτῖ

1493 1809 1582 1849 quod
1598 1809 1716 1849 tangit;
1736 1810 1791 1840 sed
1807 1809 1882 1851 quia
1894 1816 2027 1841 movent
2041 1817 2130 1842 mota
2148 1810 2361 1853 homogeneii,
2372 1817 2501 1854 necesse

1491 1853 1617 1884 videtur
1632 1862 1699 1884 esse
1715 1853 1804 1895 quod
1819 1853 1959 1894 tangitur
1973 1861 2111 1895 tangere.
2137 1855 2354 1896 Quapropter,
2371 1851 2502 1901 si‘fiuid

1492 1905 1601 1928 movet
1615 1897 1782 1929 immobile
1801 1907 1868 1937 ens,
1880 1898 1962 1929 illud
1976 1898 2108 1940 quidem
2121 1899 2222 1940 tangit
2236 1900 2327 1942 quod
2341 1895 2500 1940 movetur,

1490 1941 1571 1972 illud
1593 1949 1701 1973 autem
1725 1949 1810 1982 non;
1833 1942 1998 1984 inquimus
2021 1943 2108 1974 enim
2129 1943 2302 1987 aliquando
2318 1939 2502 1982 ῗῐῖίἰιὰεω

1491 1992 1619 2027 tangere
1643 1997 1702 2017 nos
1723 1987 1778 2017 sed
1795 1995 1854 2018 nos
1869 1996 1936 2018 non
1958 1996 2045 2018 eum.
2068 1987 2118 2019 De
2144 1995 2229 2020 tactu
2251 1984 2501 2030 quidex‘ffigimr

1492 2029 1526 2060 in
1550 2030 1745 2062 naturalibus
1769 2031 2014 2063 determinatum
2035 2031 2075 2063 sit
2095 2031 2158 2066 hoc
2178 2033 2290 2065 modo.
2347 2075 2353 2079 ἡ
2380 2074 2390 2081 ἡ
2413 2060 2470 2089 es..
2487 2062 2518 2087 11-

2342 2096 2345 2105 ι

2332 2118 2340 2135 ἶ
2375 2122 2381 2130 ¹-
2393 2119 2415 2134 ιι)
2421 2119 2438 2135 Τ

1428 2161 1581 2201 mixtura,
1598 2170 1730 2206 oportet
1753 2161 1794 2196 de
1817 2162 1958 2196 mixtura
1982 2162 2500 2204 determinare.·Quafiferl1ehim

1427 2204 1483 2238 fiat
1506 2206 1623 2239 mixtio
1646 2214 1680 2239 et
1701 2205 1781 2251 quid
1805 2207 1864 2247 sit,
1895 2217 1966 2240 non
1989 2215 2038 2241 est
2061 2206 2168 2245 adhuc
2195 2206 2439 2245 manifeste{ii⁴
2483 2227 2499 2235 -

1427 2250 1600 2283 minatum.
1626 2269 1645 2275 -
1670 2250 1759 2284 Cum
1787 2259 1899 2285 autem
1929 2261 1991 2285 nee
2007 2250 2169 2286 alteratio
2198 2263 2260 2286 nec
2287 2262 2327 2287 co
2353 2252 2356 2255 ⁴
2423 2257 2426 2260 ”
2452 2253 2501 2288 tio

1427 2293 1480 2327 vel
1496 2295 1680 2346 segregatio
1697 2295 1826 2340 possint
1839 2293 1912 2328 fieri
1927 2297 1998 2330 sine
2022 2297 2152 2330 actione
2168 2305 2201 2330 et
2217 2295 2500 2345 passionefopor-

1428 2347 1475 2372 tet
1497 2349 1589 2383 prius
1620 2338 1836 2373 determinare
1867 2339 1908 2374 de
1938 2341 2067 2374 actione
2091 2349 2124 2374 et
2145 2341 2310 2386 passione.
2332 2340 2500 2378 mi‘enim

1429 2383 1485 2428 qui
1509 2392 1640 2427 ponunt
1670 2383 1764 2428 plura
1790 2385 1969 2429 principia,
2002 2383 2117 2419 dicunt
2147 2396 2219 2419 esse
2258 2384 2500 2425 >eriert'ttlo‘l'um:

1428 2439 1487 2471 per
1505 2428 1671 2461 actionem
1695 2437 1728 2462 et
1750 2428 1940 2473 passionem
1965 2428 2206 2463 elementorum
2229 2441 2247 2463 a
2273 2430 2281 2440 '
2306 2430 2438 2467 vicem-'2'
2451 2430 2500 2466 Si-

1428 2471 1549 2505 militer
1564 2481 1597 2505 et
1613 2470 1659 2505 illi
1678 2473 1740 2517 'qui
1762 2481 1801 2506 ex
1817 2483 1886 2506 uno
1905 2473 2064 2506 materiali
2079 2474 2244 2518 principio
2267 2472 2460 2513 dicum'aiia
2482 2474 2499 2492 ’
2525 2480 2537 2491 ⁴·

1427 2515 1508 2557 fieri,
1537 2527 1672 2550 necesse
1703 2516 1834 2550 habent>
1879 2526 1979 2550 onere
2002 2528 2098 2562 agere
2129 2526 2162 2552 et
2188 2518 2267 2562 pati.
2300 2517 2396 2553 Ideo*
2410 2527 2500 2555 recte

1429 2559 1509 2594 dixit
1532 2561 1720 2604 Diogenes,
1745 2572 1822 2594 cum
1846 2528 1927 2595 dixit
1955 2560 2063 2606 quod,
2086 2562 2150 2596 nisi
2183 2573 2223 2596 ex
2245 2572 2316 2596 uno
2339 2563 2499 2601 materiali

1428 2605 1592 2649 principio
1615 2604 1731 2639 fierent
1755 2605 1878 2645 omnia,
1903 2605 2107 2650 impossibile
2130 2615 2217 2640 esset
2239 2606 2500 2660 aliquaadinvi-

1429 2660 1500 2682 cem
1524 2650 1744 2683 transmutari.
1769 2649 1873 2683 Aliter
1895 2650 1984 2683 enim
2007 2661 2077 2684 non
2099 2659 2213 2695 posset
2236 2650 2380 2686 calidum
2433 2652 2442 2660 '

1427 2693 1516 2734 fieri,
1544 2705 1604 2728 nec
1624 2693 1784 2738 frigidum
1808 2693 1965 2735 calefieri,
1994 2695 2058 2728 nisi
2081 2694 2233 2729 subesset
2254 2698 2321 2730 una
2336 2695 2498 2732 materia:

1428 2737 1631 2782 impossibile
1663 2747 1712 2772 est
1742 2738 1831 2772 enim
1855 2738 1947 2783 quod
1970 2737 2008 2772 fri
2035 2738 2128 2773 ‘ditas
2152 2739 2195 2772 sit
2218 2739 2457 2782 caliditas,'vel
2479 2751 2499 2775 e

1428 2793 1612 2824 converso;
1645 2782 1709 2817 sed
1736 2791 1868 2827 oportet
1896 2782 1987 2834 quod
2042 2783 2158 2818 abeant
2181 2795 2287 2818 unum
2318 2784 2498 2821 comnsune

1427 2826 1624 2866 subiectum,
1640 2839 1700 2872 per
1717 2827 1807 2872 quod
1823 2835 1952 2872 possint
1967 2827 2151 2862 adinvicem
2167 2828 2392 2869 transmutari.
2406 2829 2499 2871 Qua-

1451 2879 1563 2915 ropter
1592 2883 1677 2916 quae
1704 2880 1806 2916 agunt
1829 2880 1863 2905 et
1885 2873 2056 2916 patiuntur
2078 2872 2274 2914 adinvicem,
2295 2873 2498 2908 necesse‘est

1427 2883 1546 2949 Eabere
1569 2927 1671 2949 unam
1701 2915 1882 2950 subiectam
1910 2917 2100 2958 materiam,
2132 2926 2216 2962 quae
2246 2917 2289 2951 sit
2311 2917 2498 2967 susceptiva

1428 2961 1679 2994 contrariorum.
1701 2961 1781 2994 Non
1798 2969 1909 2995 tamen
1925 2961 2038 2995 omnia
2054 2962 2183 3005 agentia
2199 2969 2232 2995 et
2248 2961 2406 3006 patientia
2420 2962 2503 2998 siant.

1428 3005 1523 3046 talia,
1555 3004 1679 3038 scilicet
1702 3004 1855 3039 habentia
1882 3016 1983 3039 unam
2005 3006 2196 3046 materiam,
2228 3004 2286 3040 sed
2309 3005 2419 3043 solum
2437 3005 2498 3040 ina

1428 3060 1512 3093 quae
1536 3058 1639 3093 agunt
1669 3057 1702 3083 et
1732 3050 1901 3094 patiuntur
1931 3049 2127 3083 adinvicem.
2160 3049 2245 3084 Sunt
2275 3049 2498 3096 enim'ffiiua

1428 3105 1512 3138 quae
1527 3092 1656 3137 agendo
1673 3105 1742 3127 non
1761 3094 1941 3139 patiuntur,
1954 3095 2039 3128 sicut
2054 3093 2254 3128 substantiae
2270 3095 2449 3139 separatae:
2465 3102 2498 3129 et

1429 3149 1567 3182 corpora
1591 3137 1759 3179 caelestia;
1783 3149 1866 3184 quae
1881 3138 1898 3156 ¹*
1917 3138 2041 3172 scilicet
2062 3149 2215 3183 corpora,
2231 3137 2498 3185 licetjpatlaxi'tur,
2523 3146 2534 3157 ·

1428 3190 1543 3226 utpote
1568 3193 1652 3227 quae
1669 3191 1857 3224 moventur,
1873 3191 1984 3216 tamen
2007 3193 2076 3217 non
2092 3183 2264 3228 patiuntur
2278 3182 2318 3217 ab
2337 3182 2401 3217 his*
2413 3183 2497 3233 quae

1426 3235 1605 3260 moventur
1628 3226 1667 3260 ab
1690 3228 1748 3260 eis.
1763 3246 1781 3253 -
1795 3227 1942 3261 Ulterius
1962 3236 2084 3268 autem,
2101 3236 2178 3261 curn
2199 3227 2316 3261 mixtio
2335 3228 2378 3261 'et'
2391 3225 2497 3262 faeere

1427 3279 1460 3304 et
1483 3271 1548 3315 pati
1574 3282 1642 3304 non
1666 3273 1795 3316 possint
1817 3271 1885 3305 fieri
1909 3272 1980 3305 sine
2003 3279 2091 3305 tactu
2116 3271 2215 3318 (nam
2238 3282 2383 3318 eaquae
2400 3270 2519 3311 adim„

1426 3316 1533 3349 vicem
1557 3325 1624 3349 non
1649 3327 1683 3350 se
1707 3325 1857 3360 tangunt,
1881 3327 1950 3350 non
1973 3324 2114 3360 possunt
2137 3314 2322 3350 adinvicem
2345 3311 2523 3360 agei-eff*

1427 3359 1540 3403 pati),
1571 3360 1646 3394 ideo
1688 3360 1938 3395 determinando
1973 3360 2022 3395 de>
2045 3361 2128 3406 ipsis
2159 3366 2292 3406 oportet
2326 3359 2384 3409 de]
2405 3360 2496 3410 tactu

1427 3413 1572 3438 tractare.
1953 3415 1954 3418 ’
1983 3415 1985 3418 ⁴
2426 3411 2430 3417 '

1494 3449 1583 3482 Inter
1606 3449 1666 3482 ista
1690 3458 1800 3482 autem
1823 3450 1883 3482 tria
1907 3449 1998 3493 prius
2021 3447 2317 3482 determinandum·
2332 3447 2372 3482 de
2392 3448 2514 3526 Ἢ,

1427 3493 1503 3537 quia
1514 3501 1627 3527 -tactus
1644 3493 1735 3538 prior
1756 3501 1822 3526 est:
1846 3494 1995 3538 sequitur
2010 3492 2156 3527 enim‘ad
2173 3493 2234 3526 ista
2250 3492 2329 3535 duo,
2352 3491 2411 3526 sed
2425 3494 2449 3526 'n
2468 3495 2470 3498 ’

1427 3549 1445 3570 e
1470 3546 1641 3571 converso.
1656 3536 1801 3572 Necesse
1825 3538 1914 3571 enim
1935 3546 1985 3571 est
1999 3536 2090 3582 quod
2110 3537 2174 3570 ista
2196 3547 2283 3582 quae
2303 3530 2495 3577 miscentur,

1428 3581 1612 3615 adinvicem
1635 3593 1670 3615 se
1698 3589 1850 3625 tangant,
1875 3581 1933 3615 sed
1955 3591 2025 3615 non
2051 3581 2263 3615 convertitur.
2289 3579 2495 3615 Similitersi

1428 3625 1549 3670 aliquid
1565 3626 1637 3669 agir
1649 3634 1681 3659 et
1696 3626 1818 3670 patitur
1833 3625 1879 3659 -ab
1903 3634 1962 3666 eo,
1979 3635 2121 3659 necesse·
2136 3633 2186 3658 est
2208 3625 2308 3658 etiam
2323 3623 2414 3669 quod
2433 3624 2495 3658 ista
