2690 4062
279 245 299 270 c
966 225 1555 265 METEOROLOGICORUM
1584 224 1679 260 LIB.
1711 225 1760 260 III

275 311 405 345 fractio:
423 309 479 343 sed
495 307 548 341 illa
572 315 648 342 sunt
667 315 795 340 tantum
819 307 889 347 tria,
910 313 947 338 ut
971 306 1036 338 iam
1060 303 1259 337 declaratum
1275 309 1340 352 est,

278 355 399 388 scilicet
423 364 615 397 supremus,
640 351 767 385 medius
792 360 823 384 et
846 350 993 389 infimus,
1019 360 1036 381 a
1061 347 1179 392 quibus
1209 346 1341 379 diversi-

277 398 375 432 mode
398 397 592 441 refrangitur
615 397 737 429 lumen.
1319 434 1324 440 Ι

332 454 362 485 4.
379 441 507 476 Deinde
532 453 608 475 cum
628 440 720 474 dicit:
744 440 868 483 Propter
883 437 962 482 quod
984 443 1011 469 et
1033 436 1087 469 iris
1106 444 1178 475 etc.,
1197 433 1340 467 ostendit

277 487 426 521 ordinem
451 494 482 520 et
505 486 705 530 positionem
735 483 884 516 colorum
909 483 942 514 in
966 480 1057 513 iride.
1083 480 1123 512 Et
1147 478 1225 512 dicit
1249 477 1340 522 quod

299 531 475 576 nandoque
499 538 656 575 apparent
679 528 761 561 duae
785 526 893 566 irides,
910 534 942 558 et
966 534 1105 575 utraque
1127 522 1338 574 habet-prae-

275 543 379 610 dictos
404 575 541 615 colores,
557 574 633 607 licet
656 585 673 606 e
698 572 859 605 contrario
883 570 1024 614 positos:
1050 579 1127 613 quia
1150 576 1285 600 interior
1307 575 1339 599 et

276 628 439 660 contenta,
457 631 538 664 quae
563 627 611 651 est
630 615 848 661 principalior,
866 613 962 647 habet
986 614 1019 646 in
1044 613 1161 645 maiori
1187 610 1338 656 periphe-

274 666 322 698 ria
347 664 491 698 colorem
506 663 693 707 puniceum,
710 661 743 693 in
759 659 867 692 media
883 657 1032 697 viridem,
1049 658 1083 690 in
1100 655 1212 689 infima
1231 655 1337 689 balur-

271 721 366 754 gum,
391 708 475 742 idest
515 705 719 745 caeruleum
746 703 803 737 sed
836 703 975 736 exterior
1008 710 1143 746 propter
1175 701 1335 733 maiorem

256 754 394 798 ,propin
418 753 552 785 uitatem
577 749 616 783 ad
641 749 756 787 solem,
773 756 810 780 ut
834 747 958 780 dictum
983 755 1042 786 est,
1059 747 1093 779 in
1114 746 1235 778 minori
1252 745 1335 789 peri-

299 798 386 831 heria
433 796 506 829 abet
521 795 710 839 puniceum,
730 793 763 825 in
779 791 887 825 media
903 790 1053 831 viridem,
1071 798 1104 823 et
1126 791 1160 822 in
1180 800 1335 833 suprema

274 810 458 885 Ealurgum.
472 859 490 864 —
502 838 630 873 Deinde
647 836 837 881 recapitulat
853 847 890 869 ea
907 847 990 880 quae
1007 834 1092 868 dicta
1108 843 1195 875 sunt,
1209 842 1241 867 et
1257 833 1336 867 dicit

275 885 364 932 quod
386 886 422 925 si,
447 895 507 928 pro
531 884 615 928 quia,
636 893 674 915 ea
696 893 778 926 quae
802 881 893 925 prius
918 880 1089 924 supposita
1113 877 1261 929 suntne·
1278 889 1334 955 ap-

273 930 431 975 paritione
456 928 594 967 coloris,
622 935 698 959 sunt
722 925 804 958 bene
828 924 933 964 dicta,
962 935 1095 957 necesse
1121 932 1171 956 est
1193 934 1227 955 in
1254 933 1291 955 1r1
1316 933 1333 954 e

273 987 312 1019 ap
339 985 426 1007 arere
453 981 516 1006 tres
544 971 669 1005 colores
693 978 832 1009 tantum,
854 977 886 1002 et
913 968 1036 1001 nubem
1061 967 1199 1001 colorari
1223 966 1333 999 solum

271 1020 311 1052 tri
334 1030 372 1051 us
396 1016 559 1050 coloribus
574 1041 582 1056 ,
609 1023 743 1060 propter
765 1014 907 1047 rationes
937 1024 1020 1058 quae
1045 1012 1148 1046 dictae
1173 1019 1258 1044 sunt.

328 1073 356 1105 5.
382 1061 509 1095 Deinde
533 1071 609 1094 curn
633 1059 729 1092 dicit:
754 1058 889 1092 Xanthos
912 1063 1012 1091 autem
1036 1066 1114 1097 etc.,
1139 1055 1334 1090 determinat

271 1107 310 1141 de
327 1117 422 1140 causa
438 1105 649 1150 apparitionis
674 1102 845 1136 cuiusdam
870 1101 990 1135 coloris
1006 1102 1116 1134 minus
1157 1099 1333 1144 rincipalis,

271 1150 326 1197 q‘ui
346 1159 478 1195 apparet
501 1147 677 1194 aliquando
701 1148 785 1180 inter
809 1147 988 1191 puniceum
1012 1154 1044 1179 et
1066 1146 1127 1179 viri
1152 1157 1216 1185 em,
1233 1153 1266 1178 et
1285 1153 1334 1177 est

269 1196 486 1241 propinquior
509 1193 582 1227 albo
607 1204 706 1238 quam
730 1192 901 1236 puniceuS.
930 1191 1061 1224 Dicitur
1083 1198 1194 1223 autem
1217 1200 1332 1233 graece

268 1240 405 1280 xanthos,
430 1239 527 1271 latine
551 1246 660 1270 autem
685 1237 829 1269 citrinus.
854 1236 944 1269 Dicit
967 1246 1047 1279 ergo
1079 1233 1169 1279 quod
1191 1233 1332 1267 xanthos

269 1293 400 1329 apparet
422 1282 585 1316 interdum
602 1282 636 1315 in
653 1280 744 1321 iride,
760 1292 828 1313 non
853 1279 986 1324 quidem
1006 1291 1064 1324 per
1086 1278 1332 1312 refractionem:

269 1330 344 1374 quia
368 1337 445 1361 tunc
469 1336 577 1360 essent
600 1325 710 1370 plures
743 1324 871 1358 colores
895 1324 1091 1368 principales
1121 1335 1220 1368 quam
1245 1331 1332 1363 tres,

268 1383 300 1407 et
313 1373 408 1406 etiam
425 1371 496 1405 talis
514 1371 605 1404 color
620 1379 698 1403 tunc
715 1369 846 1403 deberet
862 1380 1016 1413 apparere
1033 1367 1107 1412 plus
1124 1369 1217 1412 niger
1232 1379 1332 1413 quam

267 1417 378 1458 albus;
402 1415 458 1450 sed
482 1424 631 1449 causatur
665 1414 718 1447 ille
754 1413 846 1447 color
869 1426 927 1458 per
954 1413 1244 1457 iuxtapositionem
1269 1423 1331 1456 pu-

267 1463 350 1495 nicei
364 1470 395 1494 et
406 1460 530 1501 viridis,
544 1461 620 1505 quia
637 1460 815 1503 puniceum
832 1459 980 1503 positum
996 1458 1085 1490 iuxta
1101 1457 1204 1490 viride
1221 1456 1332 1490 album

266 1506 394 1540 videtur
405 1515 417 1538 :-
437 1505 596 1538 contraria
619 1504 707 1537 enim
728 1504 816 1536 iuxta
832 1514 867 1536 se
884 1503 1025 1536 invicem
1049 1502 1156 1546 posita
1179 1501 1333 1535 videntur

266 1552 390 1584 maiora
413 1558 445 1583 et
468 1548 699 1582 manifestiora.
729 1548 803 1581 Hoc
827 1556 937 1581 autem
967 1546 1083 1591 probat
1107 1545 1332 1591 Philosophus

266 1607 323 1640 per
369 1603 487 1627 uatuor
510 1594 611 1638 signa.
637 1593 679 1626 Et
702 1593 828 1637 primo,
861 1592 937 1637 quia
961 1591 1095 1636 quando
1119 1600 1254 1669 apparet
1277 1591 1332 1624 iris

265 1641 299 1673 in
315 1651 358 1672 nu
384 1651 401 1672 e
425 1639 528 1683 spissa
552 1646 584 1671 et
599 1637 693 1671 valde
717 1637 820 1681 nigra,
845 1645 924 1670 tunc
949 1635 1076 1669 colores
1090 1636 1123 1669 vi
1149 1645 1245 1669 entur
1267 1647 1334 1668 ma-

264 1685 350 1717 xime
367 1684 450 1728 puri,
465 1692 498 1716 et
512 1691 646 1727 propter
662 1681 725 1715 hoc
740 1681 880 1714 xanthos
897 1689 1032 1725 apparet
1051 1681 1223 1714 intensior:
1242 1679 1333 1725 quod

265 1729 396 1772 signum
416 1737 465 1762 est
484 1727 574 1772 quod
596 1726 736 1760 xanthos
759 1726 795 1759 fit
835 1737 870 1759 er
892 1726 1183 1769 iuxtapositionem
1201 1725 1332 1769 punicei

265 1782 297 1806 et
319 1772 440 1806 viridis.
458 1773 498 1806 Et
521 1781 599 1805 tunc
616 1772 713 1805 etiam
729 1779 806 1804 xant
830 1781 867 1804 os
884 1770 988 1814 magis
1005 1779 1140 1814 apparet
1155 1781 1255 1814 quam
1272 1781 1332 1814 pu-

264 1819 387 1858 niceus,
404 1829 443 1850 ex
459 1828 498 1850 eo
518 1815 607 1861 quod
627 1815 731 1849 nubes
751 1816 785 1849 in
805 1824 894 1859 parte
911 1815 1063 1848 exteriori
1083 1826 1142 1859 per
1158 1814 1332 1848 circuitum

263 1863 366 1906 nigra,
390 1870 524 1906 propter
547 1861 838 1905 iuxtapositionem
863 1859 995 1904 punicei
1020 1867 1052 1892 et
1075 1859 1160 1903 nigri
1180 1858 1257 1892 facit
1276 1870 1333 1903 ap-

264 1918 376 1958 parere
412 1907 566 1939 uniceum
582 1904 703 1946 album,
715 1914 747 1939 et
762 1916 801 1938 ex
818 1904 1032 1949 consequenti
1048 1903 1189 1937 xanthos
1203 1904 1332 1948 positus

263 1960 347 1984 mter
363 1950 392 1984 al
415 1962 472 1983 um
488 1959 521 1983 et
535 1949 684 1990 viridem,
707 1950 812 1993 magis
836 1957 979 1993 apparet,
996 1957 1028 1982 et
1049 1949 1210 1993 puniceus
1227 1949 1332 2026 magis

264 1995 477 2029 occultatur.-
489 1994 678 2028 Secundum
691 1995 823 2039 signum
836 2003 895 2034 est,
933 1994 985 2027 uia
1002 2001 1222 2027 marcescente
1233 2004 1277 2026 nu
1303 2005 1331 2034 e,

264 2040 346 2074 idest
370 2048 599 2079 evanescente,
624 2039 700 2084 quia
723 2048 801 2072 tunc
832 2049 902 2072 rare
928 2047 940 2071 t
967 2047 999 2071 et
1046 2037 1130 2072 erdit
1153 2037 1331 2071 obscurita-

264 2094 330 2118 tem
354 2093 386 2117 et
408 2083 629 2128 nigredinem,
653 2092 731 2117 tunc
756 2084 916 2128 puniceus
940 2082 976 2116 fit
1001 2094 1017 2115 a
1032 2082 1105 2116 bior
1127 2091 1160 2116 et
1183 2091 1331 2116 mutatur

263 2130 297 2162 in
319 2128 470 2168 xanthos,
487 2137 621 2172 propter
638 2129 928 2172 iuxtapositionem
946 2127 1009 2161 albi
1026 2136 1058 2161 et
1073 2127 1197 2162 viridis.
1210 2147 1228 2153 -
1243 2127 1329 2161 Ter-

262 2174 346 2207 tium
362 2182 394 2206 et
409 2174 590 2206 maximum
614 2174 640 2206 si
666 2184 745 2206 num
769 2181 829 2213 est,
854 2173 930 2217 quia
954 2173 987 2205 in
1013 2171 1092 2206 iride
1116 2171 1199 2206 facta
1219 2184 1237 2206 a
1253 2171 1331 2206 luna

263 2219 296 2251 in
319 2226 416 2251 nocte
430 2243 438 2258 ‚
468 2229 583 2251 omnes
608 2229 647 2251 co
662 2229 735 2251 ores
759 2226 917 2262 apparent
940 2216 1080 2250 albiores
1094 2242 1102 2257 ,
1132 2226 1164 2250 et
1187 2218 1330 2250 maxime

262 2271 396 2307 apparet
417 2262 572 2303 xanthos3
598 2263 674 2307 quia
697 2270 775 2295 tunc
823 2271 934 2306 ropter
963 2261 1195 2295 obscuritatem
1222 2262 1330 2296 noctis

263 2306 405 2341 additam
429 2306 590 2351 nigredini
613 2306 725 2347 nubis,
750 2318 790 2340 co
805 2318 877 2340 ores
902 2307 986 2351 nigri
1011 2306 1152 2340 maxime
1175 2306 1331 2340 videntur

263 2351 402 2392 obscuri,
418 2360 450 2384 et
470 2351 544 2384 ideo
566 2363 627 2396 per
650 2351 940 2396 iuxtapositionem
964 2351 1050 2395 nigri
1078 2351 1212 2384 maioris
1237 2351 1330 2386 color

261 2396 420 2440 puniceus
443 2395 571 2430 videtur
585 2395 688 2429 albior
704 2405 735 2429 et
752 2396 905 2430 citrinus:
931 2396 1007 2440 quia
1027 2397 1159 2440 nigrum
1179 2395 1329 2430 additum

261 2441 356 2484 nigro
385 2439 460 2474 facit
490 2439 600 2474 album
629 2441 717 2474 iuxta
743 2441 865 2474 ositum
890 2451 1045 2485 apparere
1069 2441 1174 2485 magis
1199 2440 1328 2483 album,

262 2486 345 2518 sicut
369 2485 452 2529 ignis
475 2485 528 2518 vel
551 2484 663 2518 lumen
692 2497 709 2518 a
735 2485 840 2519 ditum
871 2485 988 2518 lumini
1017 2484 1093 2519 facit
1117 2498 1135 2519 e
1166 2497 1328 2520 converso

260 2530 391 2573 nigrum
410 2530 645 2574 iuxtapositum
670 2541 823 2574 apparere
845 2531 949 2574 magis
970 2531 1112 2574 nigrum.
1127 2549 1146 2556 -
1159 2530 1327 2571 Quartum

261 2574 393 2617 signum
417 2583 476 2615 est,
498 2574 573 2625 quia
597 2583 738 2608 textores
762 2583 907 2608 texentes
931 2574 1029 2608 flores
1055 2575 1088 2608 in
1113 2576 1230 2620 pannis
1250 2576 1328 2609 seri-

261 2619 326 2652 ceis
354 2617 407 2651 vel
430 2618 560 2651 alterius
590 2619 736 2662 generis,
764 2618 983 2653 diversimode
1016 2621 1147 2664 ponunt
1175 2620 1264 2653 iuxta
1293 2631 1328 2654 se

262 2661 406 2703 colores,
429 2662 611 2696 secundum
635 2663 724 2708 quod
747 2663 864 2697 volunt
888 2675 1020 2698 causare
1045 2665 1253 2709 apparentias
1278 2664 1326 2698 di-

261 2718 370 2740 versas
394 2707 427 2740 in
452 2706 585 2741 diversis
608 2707 744 2741 floribus
767 2707 820 2742 vel
843 2707 966 2752 figuriS.
988 2709 1030 2742 Et
1053 2709 1117 2742 hoc
1143 2710 1241 2743 etiarn
1265 2708 1325 2743 ob-

261 2760 390 2785 servant
420 2752 582 2796 pictores:
616 2763 691 2785 nam
724 2752 819 2786 aliam
852 2754 1075 2805 apparentiam
1107 2753 1204 2787 habet
1235 2753 1328 2788 color

261 2807 445 2846 purpureus
469 2796 596 2840 positus
617 2797 650 2830 in
674 2796 747 2830 lana
770 2796 822 2831 vel
846 2809 950 2831 serico
975 2797 1048 2831 albo
1073 2810 1172 2844 quam
1197 2799 1326 2843 positus

261 2851 294 2872 in
318 2841 423 2884 nigro,
447 2850 479 2873 et
501 2840 618 2874 melius
642 2850 776 2886 apparet
799 2854 915 2875 aurum
940 2843 1087 2894 positum
1111 2844 1145 2876 in
1169 2844 1326 2877 azzurino

262 2895 360 2929 quam
384 2885 417 2917 in
442 2884 535 2919 albot
560 2885 650 2930 quod
674 2897 742 2919 non
766 2894 862 2927 esset,
886 2887 948 2920 nist
982 2886 1110 2920 colores
1134 2887 1325 2933 iuxtapositi

261 2928 330 2962 aliis
351 2928 515 2962 coloribus
538 2930 642 2973 magis
667 2940 859 2975 apparerent
883 2940 914 2964 et
936 2932 1100 2965 variarent
1116 2932 1150 2965 in
1167 2944 1325 2977 apparen-

260 2973 323 3005 tiis.
349 2973 486 3007 Colores
510 2974 608 3007 etiam
636 2974 727 3008 aliter
757 2984 790 3008 et
820 2975 911 3009 aliter
935 2977 1034 3020 positi
1064 2975 1104 3010 ad
1134 2976 1301 3011 lucernam
1316 3005 1324 3019 ,

261 3016 343 3050 idest
366 3017 406 3050 ad
429 3017 555 3058 lumen,
580 3018 762 3052 secundum
798 3021 1032 3064 experientiam
1055 3021 1222 3055 variantur
1250 3033 1324 3066 pro-

261 3069 332 3104 pter
363 3061 522 3095 diversam
554 3062 641 3096 iuxta
667 3064 842 3097 ositionem
876 3064 1031 3099 luminis:
1068 3074 1203 3110 propter
1233 3066 1323 3111 quod

261 3116 356 3149 saepe
385 3105 500 3139 accidit
530 3107 620 3151 quod
674 3109 801 3142 omines
825 3108 1034 3153 decipiuntur
1065 3110 1149 3143 circa
1173 3110 1323 3153 colores,

261 3158 393 3193 propter
417 3149 577 3184 diversam
594 3153 793 3196 positionem
810 3153 960 3187 colorum
978 3155 1065 3187 iuxta
1082 3166 1116 3188 se
1137 3155 1288 3189 invicem.
1305 3174 1323 3181 -

261 3193 388 3227 Deinde
412 3194 575 3239 epilogat,
607 3195 717 3229 dicens
742 3197 832 3248 quod
857 3197 980 3231 dictum
1005 3206 1054 3232 est
1084 3208 1220 3244 propter
1243 3199 1323 3251 quid

260 3237 315 3269 iris
338 3237 434 3271 habet
463 3247 526 3272 tres
558 3238 684 3274 colores
715 3241 946 3286 principaleS‚'
964 3252 996 3276 et
1028 3252 1180 3288 quartum
1213 3255 1323 3278 mlnus

261 3281 489 3333 principalem,
518 3292 549 3316 et
573 3295 672 3328 quare
696 3286 774 3326 iste,
802 3285 855 3319 vel
879 3295 1033 3331 quartus,
1063 3297 1217 3332 appareat
1240 3289 1324 3322 inter

260 3325 442 3369 praedictos
467 3327 602 3361 colores.

316 3371 346 3402 6.
370 3370 497 3404 Deinde
522 3383 596 3405 cum
621 3372 715 3406 dicit:
740 3373 848 3419 Dupla
872 3380 972 3408 autem
993 3384 1065 3416 etc.,
1089 3377 1232 3420 assignat
1249 3388 1323 3410 cau-

260 3423 330 3446 sam
359 3414 565 3458 quorundam
597 3415 760 3450 dictorum
792 3419 881 3462 prius
913 3418 952 3452 de
983 3419 1075 3453 iride.
1107 3421 1243 3454 Dictum
1274 3430 1323 3455 est

260 3457 348 3490 enim
365 3468 472 3501 supra,
497 3459 586 3503 quod
609 3460 704 3494 irides
729 3471 806 3495 sunt
830 3461 913 3496 duae
937 3472 1076 3504 tantum,
1101 3476 1239 3509 quarum
1257 3477 1323 3499 una

260 3509 309 3534 est
325 3502 505 3542 continens,
530 3503 628 3537 altera
652 3514 822 3540 contenta:
847 3506 905 3540 sed
930 3508 1112 3548 continens,
1137 3508 1219 3542 idest
1236 3518 1322 3543 exte-

259 3545 337 3584 rior,
350 3545 447 3580 habet
463 3545 589 3580 colores
606 3547 822 3590 obscuriores,
836 3559 867 3583 et
883 3551 985 3584 modo
1003 3554 1166 3586 contrario
1184 3555 1320 3597 positos.

259 3589 356 3623 Ratio
379 3589 476 3634 primi
499 3599 558 3631 est,
576 3592 651 3636 quia
674 3592 805 3627 reflexio
830 3594 918 3628 iridis
943 3597 1120 3639 superioris
1145 3606 1194 3630 est
1210 3608 1319 3631 remo-

1398 302 1477 342 tior,
1502 310 1571 333 tum
1597 312 1615 333 a
1639 299 1709 333 sole
1733 299 1940 334 illuminante
1963 308 2036 333 tum
2061 301 2161 334 etiam
2184 300 2224 334 ab
2249 301 2363 343 oculo,
2387 303 2473 336 sicut

1398 345 1522 378 dictum
1547 353 1613 377 est:
1634 343 1710 377 ideo
1734 353 1784 377 est
1808 344 1958 384 debilior,
1974 353 2007 378 et
2031 344 2160 378 colores
2182 345 2338 379 videntur
2353 346 2472 380 obscu-

1396 390 1508 422 riores.
1535 389 1645 422 Causa
1668 397 1779 422 autem
1803 388 1952 429 secundi,
1970 390 2048 433 quia
2064 398 2190 434 quanto
2214 391 2320 435 magis
2337 390 2471 425 reflexio

1396 442 1446 466 est
1469 432 1601 474 debilis,
1633 441 1725 466 tanto
1750 433 1843 466 color
1865 442 1916 466 est
1938 434 2085 477 nigrior,
2117 443 2150 467 et
2173 446 2191 468 e
2209 445 2389 477 converso;
2413 435 2471 470 sed

1395 478 1501 511 maior
1525 476 1787 511 circumferentia
1811 478 1981 511 exterioris
2005 477 2095 512 iridis
2120 487 2170 512 est
2191 479 2364 520 remotior,
2383 489 2416 513 et
2431 491 2472 514 ex

1395 522 1611 566 consequenti
1636 521 1771 555 reflexio
1795 530 1846 555 est
1868 521 2022 563 debilior3
2047 531 2080 556 et
2099 522 2175 557 ideo
2199 524 2234 556 in
2250 535 2289 557 ea
2313 532 2362 558 est
2378 524 2472 558 color

1393 566 1562 610 halurgus‚
1580 566 1657 611 quia
1673 574 1723 599 est
1737 567 1844 610 magis
1868 566 2040 608 obscurus,
2057 568 2091 600 in
2115 567 2261 602 secunda
2280 579 2361 602 vero
2384 569 2471 602 eius-

1394 610 1469 644 dem
1486 610 1587 651 iridis,
1613 621 1696 655 quae
1721 619 1771 644 est
1793 611 1904 644 minus
1929 620 2068 653 remota,
2092 612 2260 646 est-color
2281 612 2412 654 viridis,
2436 614 2471 647 in

1392 655 1486 688 tertia
1510 654 1617 688 adhuc
1645 655 1756 689 minus
1784 664 1928 697 remota,
1959 656 2133 701 puniceus.
2166 656 2232 691 Sed
2263 658 2298 691 in
2321 657 2471 692 interiori

1392 700 1498 732 maior
1521 698 1708 744 peripheria
1737 708 1788 733 est
1810 701 2051 746 propinquior:
2083 701 2160 735 ideo
2184 701 2220 735 in
2243 712 2282 735 ea
2304 710 2354 735 est
2378 701 2472 736 color

1391 744 1573 788 puniceus,
1602 745 1637 776 in
1661 743 1824 785 secunda,
1875 757 1938 779 uae
1966 754 2017 779 est
2044 746 2156 779 minus
2185 747 2392 792 propinqua,
2421 755 2472 780 est

1390 788 1503 822 viridis
1520 813 1529 829 ,
1559 788 1594 821 in
1618 788 1712 822 tertia
1738 799 1819 822 vero
1843 799 1862 822 a
1886 789 1952 823 huc
1983 791 2090 834 magis
2119 789 2271 832 remota,
2303 799 2354 824 est
2377 790 2471 825 color

1390 832 1558 876 halurgus.
1593 832 1692 873 Quae
1716 833 1830 867 omnia
1856 834 1935 867 satis
1958 834 2131 868 manifesta
2155 844 2233 869 sunt
2260 834 2384 880 absque
2407 835 2471 870 alia

1390 876 1590 910 deductione
1614 878 1649 910 in
1673 877 1822 911 terminis
1847 878 2093 913 communibus.
2118 879 2209 914 Dicit
2239 888 2352 913 autern
2376 879 2470 925 quod

1391 930 1428 955 ut
1450 922 1485 955 in
1509 921 1659 967 pluribus
1683 933 1753 955 non
1777 931 1938 1001 epiparent
1960 923 2072 968 plures
2096 923 2195 958 irides
2220 924 2366 958 duabus:
2391 925 2469 970 quia

1390 965 1600 999 ascendendo
1624 975 1658 1000 et
1681 966 1801 1000 descen
1826 966 1914 1001 endo
1943 979 1962 1001 a
1984 967 2097 1002 medio
2121 968 2237 1010 nubis,
2261 977 2398 1014 propter
2419 970 2469 1003 ni-

1389 1011 1491 1044 miam
1509 1009 1757 1055 elongationem
1780 1022 1913 1056 semper
1931 1011 2082 1046 refractio
2099 1012 2298 1054 debilitatur,
2315 1014 2360 1047 ita
2376 1013 2468 1059 quod

1389 1055 1473 1089 ultra
1497 1064 1563 1089 tres
1588 1055 1717 1089 colores
1741 1055 1893 1090 refractio
1923 1067 1994 1090 non
2047 1057 2132 1090 ertin
2157 1058 2181 1090 't
2209 1057 2250 1091 ad
2272 1058 2384 1092 visum
2406 1069 2470 1092 no-

1388 1108 1506 1140 strum,
1553 1100 1608 1133 uia
1624 1112 1643 1134 a
1658 1101 1831 1134 remotiori
1855 1111 1987 1154 semper
2034 1110 2048 1135 t
2070 1101 2133 1135 deb
2160 1103 2211 1135 ior
2232 1101 2396 1136 refractio.

1435 1155 1464 1188 7.
1481 1145 1524 1178 Se
1563 1144 1604 1178 ad
1616 1145 1778 1178 maiorem
1795 1144 1995 1180 evidentiam
2017 1145 2151 1180 illorum
2171 1157 2256 1192 quae
2272 1146 2467 1181 Aristoteles

1389 1188 1470 1222 dixit
1494 1189 1536 1223 de
1560 1188 1728 1223 coloribus
1752 1189 1862 1231 iridis,
1894 1199 2028 1236 oportet
2054 1190 2219 1236 quaedam
2249 1190 2467 1226 considerare.

1389 1234 1503 1267 Primo
1529 1233 1676 1279 quidem,
1699 1242 1813 1268 utrum
1837 1234 1967 1269 colores
1991 1234 2083 1270 iridis
2106 1236 2173 1269 sint
2196 1235 2325 1270 colores
2348 1245 2468 1271 secun·

1389 1277 1470 1312 dum
1493 1279 1541 1312 rei
1563 1279 1746 1320 veritatem,
1764 1290 1806 1314 an
1829 1288 1959 1314 tanturn
1982 1279 2167 1314 secundum
2191 1281 2427 1332 apparentiam.
2447 1299 2468 1307 -

1389 1322 1564 1364 Secundo,
1588 1324 1623 1357 in
1647 1334 1716 1369 quo
1740 1324 1807 1358 sint
1829 1323 1959 1358 colores
1983 1324 2075 1359 iridis
2102 1325 2189 1358 sicut
2211 1337 2246 1359 m
2269 1324 2429 1360 subiecto.
2444 1343 2469 1353 -

1389 1367 1518 1409 Tertio,
1535 1376 1648 1402 utrum
1668 1368 1702 1402 id
1719 1368 1811 1414 quod
1827 1369 2016 1403 continetur
2031 1370 2119 1403 inter
2132 1370 2298 1404 minorem
2313 1369 2466 1416 periphe-

1387 1413 1469 1446 riam
1484 1412 1574 1446 iridis
1591 1421 1624 1446 et
1639 1413 1801 1447 maiorem
1812 1413 1840 1453 ⁸,
1860 1414 1902 1447 sit
1917 1413 2103 1448 coloratum
2118 1413 2172 1448 vel
2187 1425 2268 1448 non.
2286 1434 2306 1440 -
2322 1414 2467 1456 Quarto,

1388 1466 1501 1490 utrum
1524 1456 1674 1491 medium
1704 1457 1795 1503 quod
1819 1458 1990 1492 interiacet
2013 1457 2142 1492 duabus
2165 1458 2303 1494 iridibus
2345 1459 2467 1498 sit-«co-

1387 1501 1532 1535 loratum
1552 1501 1664 1536 colore
1681 1503 1836 1547 puniceo.
1850 1521 1870 1529 -
1885 1503 2030 1544 Quinto,
2046 1512 2159 1537 utrum
2175 1484 2468 1548 possibisersiiali·

1389 1545 1523 1591 quando
1547 1547 1678 1580 tertiam
1709 1558 1866 1626 ap‘parere
1890 1547 2019 1589 iridem,
2044 1557 2078 1582 et
2100 1556 2238 1594 propter
2260 1550 2376 1602 qum‘
2390 1558 2468 1583 cau-

1388 1602 1469 1624 sam.
1484 1610 1503 1618 -
1517 1591 1618 1625 Sexto
1641 1591 1742 1625 viden
1765 1603 1824 1625 um
1845 1600 1896 1625 est
1915 1591 1956 1626 de
1973 1602 2071 1626 causa
2083 1592 2258 1627 cuiusdam
2272 1591 2467 1640 tridisquae

1388 1644 1534 1680 apparet,
1550 1635 1616 1670 alio
1639 1635 1744 1670 modo
1760 1647 1796 1670 se
1818 1635 1960 1670 habente
1976 1636 2066 1671 nube
2081 1636 2123 1672 ad
2146 1637 2253 1671 solem
2276 1648 2379 1684 quam
2394 1637 2468 1672 Ari-

1389 1680 1524 1714 stoteles
1549 1680 1651 1722 dixit,
1675 1681 1763 1714 sicut
1787 1680 1963 1715 videbitur.
2400 1695 2401 1699 ¹

1443 1725 1485 1759 Et
1508 1724 1549 1759 ad
1566 1724 1766 1759 evidentiam
1787 1725 1896 1770 primi,
1918 1726 1996 1771 quia
2020 1724 2150 1760 colores
2173 1725 2266 1761 iridis
2289 1734 2467 1762 causum

1387 1781 1428 1803 ex
1451 1769 1646 1804 refractione
1669 1769 1805 1804 luminis
1829 1780 1848 1803 a
1871 1769 2068 1822 corporibus
2090 1770 2336 1816 specularibus,
2354 1771 2466 1817 primo

1387 1814 1570 1848 videndum
1595 1823 1644 1848 est
1667 1823 1780 1848 utrum
1797 1813 1911 1848 lumen
1931 1826 1965 1848 in
1988 1814 2102 1849 medio
2124 1815 2168 1848 sit
2187 1814 2298 1861 aliqua
2313 1814 2466 1862 qadim,

1388 1870 1429 1892 an
1455 1871 1534 1892 non.
1557 1878 1576 1886 -
1602 1859 1768 1900 Secundo,
1793 1867 1905 1892 utrum
1929 1859 2044 1893 lumen
2066 1858 2243 1894 refractum
2267 1860 2302 1894 in
2325 1868 2467 1906 corpore

1387 1915 1402 1937 s
1428 1903 1568 1945 eculari,
1593 1903 1690 1938 faciat
1712 1904 1747 1938 in
1771 1905 1845 1949 ipso
1875 1915 1894 1937 a
1918 1915 1986 1949 quo
2010 1903 2208 1949 refrangitur
2239 1905 2466 1950 apparentiam

1387 1915 1526 1982 alicuius
1560 1948 1682 1982 coloris
1715 1959 1785 1982 non
1817 1949 1987 1982 existentis
2018 1949 2110 1994 prius
2140 1949 2175 1983 in
2207 1960 2248 1983 eo
2279 1949 2466 1984 secundum

1387 1993 1479 2038 quod
1502 1993 1712 2035 huiusmodi,
1737 2001 1794 2027 aut
1817 1994 1953 2038 recipiat
1976 1993 2016 2027 ab
2039 2005 2092 2035 eo,
2116 1993 2169 2027 vel
2192 2005 2272 2028 non.
2432 2015 2434 2019 ν

1443 2038 1556 2072 Primo
1573 2049 1653 2083 ergo
1670 2037 1897 2084 quaerendum
1912 2046 1973 2078 est,
1986 2046 2099 2072 utrum
2115 2037 2230 2072 lumen
2246 2039 2290 2072 sit
2300 2037 2464 2075 inme&

1386 2082 1571 2117 secundum
1595 2094 1667 2116 esse
1690 2082 1792 2124 reale,
1816 2091 1873 2116 aut
1895 2091 2025 2117 tantum
2052 2082 2237 2118 secundum
2260 2093 2334 2118 esse
2355 2083 2465 2119 inuen-

1385 2127 1519 2162 tionale.
1544 2128 1587 2162 Et
1601 2127 1733 2162 videtur
1751 2127 1843 2173 quod
1862 2135 1992 2162 tantum
2008 2127 2126 2162 habeat
2141 2138 2213 2162 esse
2230 2126 2464 2163 intentionnlee

1408 2174 1462 2206 uia
1486 2172 1579 2225 quod
1603 2172 1702 2206 habet
1725 2183 1796 2206 esse
1820 2171 1907 2206 reale
1930 2173 1965 2206 in
1987 2173 2071 2214 alio,
2094 2180 2208 2206 manet
2231 2173 2266 2207 in
2287 2173 2365 2218 ipso
2382 2181 2466 2252 ἕω

1385 2228 1403 2250 a
1427 2226 1566 2251 sentiam
1586 2217 1785 2262 generantis,
1801 2217 1888 2251 sicut
1910 2217 1945 2250 in
1969 2216 2081 2258 simili,
2098 2216 2242 2252 calidum
2257 2225 2292 2252 et
2306 2216 2381 2262 frigi
2404 2226 2464 2252 un

1385 2270 1521 2296 manent
1544 2262 1579 2296 in
1602 2262 1650 2296 eis
1674 2263 1709 2296 in
1733 2261 1854 2308 quibus
1876 2261 1984 2303 fiunt,
2016 2262 2050 2296 in
2078 2261 2226 2296 absentia
2253 2262 2462 2307 generanti&

1385 2307 1441 2341 sed
1471 2315 1585 2341 amoto
1616 2318 1757 2352 corpore
1788 2305 1959 2340 luminoso
1973 2331 1981 2347 ,
2012 2305 2126 2341 lumen
2157 2317 2227 2341 non
2257 2314 2407 2342 remanet
2427 2307 2464 2342 in

1383 2351 1515 2393 medio3
1539 2363 1620 2396 ergo
1636 2360 1697 2385 etc.
1710 2370 1729 2378 -
1743 2350 1914 2385 Secundo:
1931 2350 2084 2385 sensibile
2103 2352 2252 2397 positum
2275 2362 2375 2397 supra
2388 2357 2464 2386 seu*

1384 2408 1459 2430 sum
1476 2396 1661 2430 secundum
1677 2407 1748 2430 esse
1763 2395 1861 2437 reale,
1880 2395 2005 2430 nullam
2025 2395 2104 2430 facit
2121 2397 2357 2438 sensationem,
2376 2396 2463 2431 sieut

1384 2441 1523 2475 habetur
1547 2442 1580 2474 in
1605 2441 1638 2475 11
1661 2440 1696 2475 de
1717 2441 1862 2482 Anima;
1892 2440 1950 2475 sed
1974 2440 2088 2475 lumen
2119 2442 2154 2474 in
2181 2440 2294 2475 medio
2313 2441 2462 2477 existens

1383 2485 1436 2519 vel
1452 2486 1486 2519 in
1503 2497 1614 2526 sensu,
1638 2485 1716 2519 facit
1739 2485 1963 2519 sensationem
1986 2485 2021 2519 in
2045 2493 2119 2519 actu
2132 2497 2142 2527 ;
2167 2495 2248 2530 ergo
2270 2494 2341 2520 non
2362 2484 2462 2520 habet

1383 2530 1428 2564 ibi
1452 2541 1524 2564 esse
1547 2529 1644 2564 reale.
1659 2548 1682 2556 -·
1698 2530 1890 2564 Praeterea:
1915 2530 2026 2564 omnis
2049 2529 2155 2564 forma
2178 2529 2309 2564 realiter
2330 2538 2462 2576 recepta

1383 2575 1418 2608 in
1442 2575 1578 2608 materia
1602 2573 1806 2615 inferiorum,
1822 2574 1921 2608 habet
1942 2575 2162 2616 contrarium3
2187 2574 2245 2609 sed
2266 2574 2402 2608 luminis
2425 2575 2461 2610 in

1382 2619 1495 2653 medio
1510 2619 1593 2653 nihil
1603 2628 1654 2653 est
1667 2620 1887 2660 contrarium3
1903 2630 1983 2663 ergo
1995 2630 2065 2652 non
2079 2627 2131 2652 est
2144 2619 2275 2662 realiter
2289 2627 2461 2665 receptum

1383 2665 1416 2697 in
1434 2663 1555 2698 medio.
1574 2664 1683 2698 Maior
1704 2663 1878 2709 probatur:
1926 2664 1981 2697 uia
2004 2665 2038 2698 in
2062 2663 2128 2697 hoc
2151 2663 2309 2698 differunt
2322 2662 2460 2698 materia

1382 2719 1562 2754 corporum
1584 2709 1795 2754 superiorum
1819 2717 1853 2742 et
1875 2709 1910 2742 in
1924 2708 2081 2750 eriorum,
2105 2708 2182 2754 quia
2201 2709 2338 2743 materia
2359 2718 2460 2754 supe·-

1381 2754 1507 2787 riorum
1524 2753 1623 2787 habet
1637 2753 1779 2787 formam
1796 2764 1880 2799 quae
1897 2752 2044 2798 complet
2056 2761 2165 2787 totum
2178 2754 2250 2787 eius
2263 2753 2459 2799 appetitum,

1381 2806 1415 2832 et
1430 2798 1507 2832 ideo
1523 2809 1592 2832 non
1611 2806 1662 2832 est
1685 2798 1872 2843 susceptiva
1889 2798 2148 2839 contrariorum,
2172 2797 2231 2832 sed
2254 2797 2392 2832 materis
2410 2797 2460 2839 in·-

1381 2842 1539 2877 feriorum
1573 2843 1690 2888 recipit
1718 2842 1859 2877 formam
1890 2853 1959 2876 non
1991 2841 2216 2887 complentem
2245 2850 2357 2876 totum
2385 2836 2458 2877 eim

1381 2888 1582 2932 appetitum:
1607 2899 1688 2932 ergo
1711 2897 1760 2921 est
1784 2888 1972 2932 susceptiva
1995 2887 2257 2928 contrariorum,
2288 2894 2323 2921 et
2351 2885 2459 2921 forms

1379 2941 1510 2977 recepta
1535 2933 1568 2965 in
1593 2944 1631 2966 ea
1653 2931 1799 2972 realiter,
1824 2931 1922 2966 habet
1945 2932 2156 2966 contrarium.
2380 2944 2381 2949 ¹

1434 2977 1500 3010 Pro
1525 2976 1624 3010 huius
1653 2977 1755 3022 igitur
1777 2975 1994 3022 intelligentia
2017 2975 2190 3010 sciendum
2215 2984 2276 3018 est,
2291 2975 2384 3022 quod
2407 2974 2459 3010 ΙΙ-

1379 3033 1458 3055 men
1482 3022 1516 3055 in
1539 3021 1652 3055 medio
1680 3021 1780 3055 habet
1801 3032 1874 3055 esse
1898 3020 2125 3062 intentionale‚
2147 3021 2225 3066 quia
2249 3029 2361 3055 causat
2384 3028 2458 3056 sen·

1379 3067 1566 3107 sationem3
1600 3065 1658 3100 sed
1686 3077 1755 3100 non
1785 3065 1895 3100 solum
1919 3065 2019 3100 habet
2049 3065 2093 3099 ibi
2123 3076 2195 3099 esse
2219 3064 2457 3107 intentionale,

1379 3110 1436 3144 sed
1461 3111 1559 3143 etiam
1577 3110 1675 3144 habet
1690 3122 1762 3144 esse
1781 3110 1868 3144 reale
1888 3119 1921 3144 et
1937 3109 2095 3151 naturale,
2111 3109 2188 3144 licet
2202 3109 2267 3144 tale
2283 3119 2355 3144 esse
2370 3108 2458 3144 reule

1379 3154 1520 3188 debilius
1536 3155 1578 3188 sit
1598 3164 1630 3188 et
1653 3156 1764 3189 minus
1788 3165 1986 3200 permanens
2005 3154 2040 3189 in
2063 3154 2175 3188 medio
2199 3164 2300 3200 quam
2323 3155 2358 3188 in
2382 3163 2456 3188 cor-

1378 3210 1461 3244 pore
1477 3198 1656 3233 luminoso.
1670 3200 1712 3234 Et
1723 3200 1788 3234 hoc
1803 3199 2029 3244 multipliciter
2043 3198 2175 3244 probari
2215 3206 2311 3233 otest.
2325 3198 2456 3233 Primo:

1379 3245 1457 3289 quia
1481 3255 1565 3289 quae
1590 3243 1712 3278 habent
1728 3255 1833 3278 unum
1858 3245 2062 3289 receptivum
2087 3254 2188 3278 secun
2213 3254 2272 3278 um
2291 3252 2456 3286 Μῖνι-ιω,

1379 3288 1500 3322 habent
1524 3289 1623 3322 etiam
1641 3288 1729 3323 idem
1751 3300 1823 3323 esse
1839 3288 1925 3323 reale
1941 3297 1973 3323 et
1989 3287 2133 3323 eundem
2149 3287 2289 3322 modum
2305 3286 2455 3330 essendi3

1379 3332 1436 3366 sed
1460 3333 1574 3367 lumen
1598 3334 1632 3366 in
1654 3345 1793 3378 corpore
1817 3333 1988 3367 luminoso
2011 3341 2045 3367 et
2068 3333 2101 3366 in
2132 3332 2244 3367 medio
2268 3331 2455 3366 illuminato

1379 3377 1418 3410 ab
1438 3389 1490 3418 eo,
1507 3377 1605 3411 habet
1628 3377 1717 3412 idem
1741 3378 1958 3423 receptivum,
1974 3377 2098 3412 scilicet
2145 3377 2352 3422 erspicuum:
2376 3376 2455 3429 quin

1379 3421 1491 3455 lumen
1516 3433 1574 3467 per
1597 3433 1631 3455 se
1657 3431 1708 3456 est
1723 3431 1814 3456 actus
1839 3422 1994 3467 diaphani
2017 3389 2202 3456 secungum
2225 3421 2317 3468 quod
2340 3420 2454 3455 huius·-

1379 3465 1488 3507 modi;
1513 3478 1593 3510 ergo
1617 3466 1715 3500 habet
1739 3466 1826 3501 idem
1843 3478 1934 3508 esse;
1959 3477 2039 3511 ergo
2058 3467 2086 3501 si
2110 3467 2144 3500 in
2169 3477 2237 3500 uno
2261 3465 2360 3500 habet
2381 3475 2454 3500 esse

1378 3510 1484 3550 reale,
1509 3519 1542 3544 et
1565 3512 1599 3544 in
1623 3510 1761 3556 reliquo.
1787 3511 1895 3545 Maior
1919 3511 2092 3556 probatur:
2123 3510 2200 3556 quia
2223 3509 2264 3544 ad
2291 3511 2454 3544 unitatem

1378 3555 1476 3588 unius
1501 3566 1560 3599 per
1583 3566 1617 3588 se
1641 3555 1766 3589 relativi
1790 3556 1940 3601 sequitur
1963 3556 2072 3589 unitas
2103 3555 2252 3596 alterius;
2281 3554 2338 3589 sed
2361 3564 2451 3588 rece-

1379 3598 1492 3642 ptibile
1509 3608 1542 3632 et
1558 3608 1727 3644 receptum
1745 3599 1899 3634 dicuntur
1922 3599 2056 3634 relative
2063 3611 2073 3641 ;
2094 3611 2174 3644 ergo
2191 3600 2218 3633 si
2242 3597 2452 3644 susceptibile
