2782 4134
1015 258 1127 294 CAP.
1158 258 1226 304 III,
1257 257 1408 294 LECT.
1438 256 1489 294 VI

2273 269 2345 304 401

948 491 1250 547 LEcT10
1269 570 1272 574 .
1288 492 1570 548 SEXTA

612 653 754 684 CAUSA
777 653 1020 685 SALSEDINIS
1044 655 1175 685 MARIS
1199 656 1335 686 IUXTA
1358 656 1599 687 OPINIONEM
1622 657 1905 688 ARISTOTELIS

160 799 256 844 ἡμεῖς
280 793 319 830 δὲ
341 795 493 844 λέγωμεν
528 795 637 842 ἀρχήν
667 796 836 837 λαβόντες
869 797 934 834 τήν
967 797 1078 834 αὐτήν
1105 797 1144 834 ἦν
1174 799 1233 828 καὶ

228 855 253 876 π
276 841 410 885 ότερον·
439 842 511 874 ἐπεὶ
536 842 602 888 γαῖρ
626 845 740 874 κεῖται
765 837 889 879 διπλῆν
911 839 1000 874 εἶναι’
1023 841 1087 879 τήν
1111 839 1233 873 ἀναθυ-

226 897 361 933 μασιν,
388 885 452 923 τήν
484 885 544 931 μὲν
579 886 703 932 ύγροὶν,
732 885 796 923 τήν
829 882 867 918 δὲ
891 886 1016 932 ξηροὶν,
1047 883 1151 924 δῆλον
1180 884 1233 919 ὅτι

226 930 362 968 ταύτην
390 931 524 968 οἰητέον
552 930 659 976 ἀρχήν
685 927 771 962 εἶναι
797 931 863 964 τῶν
890 931 1078 973 τοιούτων,
1103 932 1162 962 καὶ
1187 927 1231 967 δή

225 977 284 1008 καὶ
310 975 385 1020 περὶ
410 974 448 1007 οὗ
476 974 650 1020 ἀπορῆσαι
676 973 839 1020 πρότερον
863 973 1066 1021 ἀναγκαῖον,
1085 973 1231 1019 πότερον

225 1022 284 1053 καὶ
309 1020 331 1057 ἤ
356 1018 523 1054 θάλαττα
555 1020 606 1052 ἀεὶ
638 1015 790 1064 διαμένει
822 1021 888 1052 τῶν
922 1020 1035 1052 αὐτῶν
1064 1017 1149 1052 οὖσα
1174 1031 1234 1062 μο-

227 1068 303 1108 ρίων
331 1062 471 1109 ἀριθμῷ,
491 1063 512 1102 ἦ
538 1066 586 1106 τῷ
611 1059 692 1096 εἴδει
715 1066 773 1096 καὶ
798 1065 846 1107 τῷ
873 1066 966 1107 ποσῷ
992 1063 1232 1108 μεταβαλλόν-

228 1121 296 1142 των
323 1106 376 1141 ἀεὶ
401 1110 467 1142 τῶν
498 1110 626 1154 μερῶν,
651 1108 806 1154 καθάπερ
839 1108 902 1152 ἀήρ
933 1111 990 1141 καὶ
1017 1109 1058 1142 vd
1084 1107 1231 1151 πότιμον

229 1149 316 1196 ὕδωρ
340 1154 399 1188 καὶ
425 1154 589 1199 πῦρχοίεὶ
613 1153 678 1200 γάρ
705 1153 789 1185 ἄλλο
814 1156 871 1185 καὶ
895 1154 979 1186 ἄλλο
999 1155 1134 1199 γίνεται
1154 1151 1232 1185 τού-

219 1210 305 1243 των
322 1195 484 1239 ἕκαστον,
503 1198 546 1231 τὸ
563 1194 592 1230 δ’
613 1193 700 1235 εἶδος
726 1201 789 1230 τοῦ
814 1197 963 1236 πλήθους
989 1197 1137 1230 ἑκάστου
1155 1195 1234 1229 τού-

228 1254 296 1283 των
321 1241 426 1285 μένει,
444 1241 602 1285 καθάπερ
621 1242 663 1276 τὸ
685 1243 752 1275 τῶν
776 1241 921 1288 ῥεόντων
948 1237 1085 1275 ὑδάτων
1109 1242 1168 1273 καὶ
1191 1240 1232 1272 τὸ

168 1323 191 1327 „
228 1287 294 1326 τῆς
340 1287 442 1333 λογὸς
466 1288 586 1332 ῥεῦμα.
621 1286 770 1330 Φανερόν
796 1282 840 1324 δή
865 1287 972 1320 τοῦτο
996 1289 1055 1318 καὶ
1074 1284 1231 1326 πιθανόν,

174 1339 177 1341 ’
226 1332 269 1370 ὥς
306 1332 314 1343 ”
345 1330 470 1365 ύνατον
495 1333 544 1376 μή
569 1331 629 1366 τόν
656 1331 763 1364 αὑτὸν
789 1328 875 1363 εἶναι
901 1333 974 1375 περὶ
994 1330 1134 1364 πάντων
1154 1328 1234 1361 τού-

173 1384 177 1385 ’
228 1377 296 1409 των
319 1375 442 1423 λόγον,
468 1379 526 1408 καὶ
551 1371 720 1420 διαφέρειν
746 1376 924 1422 ταχυτῆτι
954 1377 1012 1407 καὶ
1038 1369 1232 1419 βραδυτῆτι

228 1421 292 1459 τῆς
317 1421 537 1468 μεταβολῆς,
565 1419 619 1454 ἐπὶ
652 1419 792 1452 πάντων
827 1432 866 1452 τε
897 1422 955 1452 καὶ
988 1418 1112 1463 φθοράν
1147 1415 1233 1450 εἶναι

226 1467 286 1498 καὶ
310 1466 460 1514 γένεσιν,
487 1464 621 1503 ταύτην
646 1463 764 1509 μέντοι
790 1463 1011 1511 τεταγμένως
1037 1463 1233 1508 συμβαίνειν

229 1511 332 1544 πᾶσιν
359 1509 491 1547 αὐτοῖς.

160 1553 300 1588 Τούτων
325 1551 352 1588 δ’
383 1553 491 1592 οὕτως
524 1551 696 1599 ἐχόντων,
727 1551 908 1597 πειρατέον
943 1546 1135 1584 ἀποδοῦναι
1168 1552 1233 1588 την

230 1600 347 1633 αἰτίαν
371 1599 430 1630 καὶ
455 1600 528 1643 περὶ
555 1597 618 1635 τῆς
645 1595 895 1642 άλμυρότητος.
933 1596 1082 1642 Φανερὸν
1108 1593 1151 1633 δή
1175 1591 1235 1628 διά

229 1645 363 1677 πολλῶν
395 1644 540 1686 σημείων
573 1640 627 1674 ὅτι
658 1643 793 1688 γίνεται
818 1641 976 1679 τοιοῦτος
1003 1642 1019 1674 ὀ
1044 1640 1150 1686 χυμὸς
1175 1636 1235 1673 διά

228 1687 387 1734 σύμμιξίν
413 1698 522 1725 τινος·
549 1686 582 1718 ἔν
608 1698 647 1718 τε
672 1686 737 1732 γάρ
763 1690 836 1724 τοῖς
860 1685 993 1731 σώμασι
1019 1687 1060 1718 τὸ
1081 1685 1235 1719 ἄπεπτό-

228 1743 339 1767 τατον
367 1731 514 1776 άλμυρόν
537 1732 597 1763 καὶ
623 1731 754 1775 πικρὸν,
780 1729 890 1773 ὥσπερ
915 1733 974 1763 καὶ
1001 1730 1164 1776 πρότερον
1190 1731 1233 1762 εἴ-

229 1787 355 1822 πομεν·
384 1775 636 1810 ἀπεπτότατον
661 1775 725 1822 γάρ
752 1775 793 1809 τὸ
819 1778 1021 1830 περίττωμα
1046 1778 1109 1815 τῆς
1131 1776 1233 1822 ὑγρᾶς

228 1823 374 1868 τροφῆς·
401 1820 550 1858 τοιαύτη
581 1817 619 1853 δὲ
643 1821 742 1852 πᾶσα
766 1820 826 1865 μὲν
852 1833 872 1857 η
899 1819 1110 1862 ὑπόστασις,
1136 1818 1235 1865 μάλι-

227 1877 299 1899 στα
316 1862 355 1899 δὲ
380 1867 400 1903 ἡ
427 1866 472 1903 εἰς
494 1865 559 1903 τήν
582 1863 714 1897 κύστιν.
743 1867 884 1910 Σημεῖον
902 1860 931 1896 δ’
954 1864 1008 1897 ὅτι
1026 1863 1233 1901 λεπτοτάτη

230 1911 342 1944 ἐστίν·
369 1909 418 1944 τοὶ
441 1905 479 1942 δὲ
504 1908 705 1952 πεττόμενα
735 1909 855 1943 πάντα
884 1910 1108 1942 συνίστασθαι
1133 1908 1237 1952 πέφυ-

227 1954 478 1988 κεν.”Ἔπειτα
503 1950 612 2000 ἱδρώς,
631 1954 664 1985 ἑν
691 1954 737 1992 οἷς
763 1955 804 1988 τὰ
831 1951 920 1987 αὐτὰ
945 1955 1044 1999 σῶμα
1069 1956 1236 1998 συνεκκρί-

228 2011 347 2042 νεται,
375 2001 391 2033 ὃ
417 2002 509 2032 ποιεῖ
538 1999 599 2033 τὸν
631 1999 739 2044 χυμὸν
772 2000 910 2033 τοῦτον.
949 2000 1089 2044 Ὁμοίως
1115 1995 1152 2031 δὲ
1176 2000 1235 2030 καὶ

229 2044 263 2077 ἒν
289 2048 361 2083 τοϊς
393 2043 591 2088 καομένοις·
618 2045 657 2076 οὖ
681 2044 746 2090 γάρ
775 2043 813 2077 οἲν
839 2044 886 2088 μή
911 2043 1072 2087 κρατήσῃ
1097 2044 1140 2077 ‘ro'
1165 2043 1200 2075 θε
1224 2063 1236 2068 -

227 2088 305 2135 μόν,
332 2089 365 2128 ἐν
390 2089 451 2135 μὲν
477 2093 549 2127 τοῖς
574 2088 708 2134 σώμασι
736 2092 871 2135 γίνεται
897 2091 1113 2134 περίττωσις,
1139 2088 1172 2121 ἐν
1197 2055 1236 2120 §a

229 2137 302 2172 τοῖς
326 2133 505 2179 καιομένοις
531 2133 657 2178 τέφρα·

149 2171 215 2225 -διό
244 2180 305 2211 καὶ
330 2178 394 2216 τήν
419 2177 604 2211 θάλατταν
635 2189 722 2215 τινες
755 2178 792 2210 ἐκ
824 2175 1129 2222 κατακεκαυμένης
1155 2178 1235 2221 φασὶ

228 2221 388 2270 γενέσθαι
413 2224 489 2270 γῆς.
524 2223 571 2255 Το“
596 2217 627 2253 δ’
656 2221 747 2254 οὕτω
780 2222 839 2267 μὲν
870 2222 974 2254 εἰπεῖν
1011 2221 1166 2262 ἄτοπον,
1194 2221 1235 2253 τὸ

229 2266 349 2312 μέντοι
374 2268 411 2300 ἐκ
436 2266 604 2306 τοιαύτης
632 2265 772 2305 ἀληθές·
798 2265 908 2310 ὥσπερ
933 2266 999 2312 γαρ
1023 2267 1082 2297 καὶ
1108 2263 1141 2297 ἑν
1163 2269 1234 2303 τοῖς

230 2310 428 2357 εἰρημένοις,
448 2311 539 2344 οὕτω
563 2312 623 2343 καὶ
641 2310 674 2343 ἐν
693 2312 741 2353 τῷ
761 2310 824 2352 ὅλῳ
851 2311 886 2343 ἔκ
912 2323 951 2343 τε
976 2311 1044 2343 τῶν
1065 2308 1235 2354 φυομένων

227 2358 288 2388 καὶ
311 2356 495 2403 γινομένων
527 2356 625 2389 κατα
655 2355 751 2399 φύσιν
779 2356 830 2388 ἀεὶ
855 2350 908 2386 δεῖ
930 2359 1037 2396 νοεῖν,
1063 2354 1173 2399 ὥσπερ
1201 2355 1236 2386 ἐκ.

230 2401 477 2446 πεπυρωμένων
499 2401 540 2434 τό
556 2401 758 2444 λειπόμενον
785 2401 954 2437 τοιαύτην
973 2396 1060 2431 εἶναι
1080 2400 1159 2446 γῆν,
1178 2400 1237 2430 καὶ

229 2441 274 2483 δή
305 2447 364 2477 καὶ
389 2446 454 2483 την
481 2446 512 2478 ἐν
540 2446 587 2488 τῇ
612 2444 698 2489 ξηρᾷ
725 2444 948 2489 ἀναθυμίασιν
982 2445 1115 2476 πᾶσαν·
1143 2442 1234 2481 αὕτη

228 2490 294 2545 γάρ
323 2492 383 2523 καὶ
409 2490 602 2535 παρέχεται
627 2491 669 2522 τό
694 2490 782 2522 πολύ
807 2490 914 2522 τοῦτο
942 2487 1083 2526 πλῆθος.
1114 2490 1163 2520 Με
1193 2500 1239 2534 ιγ-

229 2546 330 2581 μενης
355 2530 386 2567 δ’
416 2536 529 2576 οὔσης,
555 2534 665 2579 ὥσπερ
691 2537 843 2579 εἴπομεν,
870 2535 932 2571 τῆς
958 2546 996 2567 τε
1023 2527 1158 2576 ἁτμιὸώ
1184 2544 1236 2572 ους

231 2577 489 2624 ἀναθυμιάσεως
518 2581 578 2612 καὶ
603 2580 666 2616 τῆς
696 2580 816 2623 ξηρᾶς,
844 2577 929 2612 ὅταν
960 2578 1167 2614 συνιστῆται
1192 2579 1237 2616 εἰς

229 2623 310 2668 νέφη
343 2627 401 2657 καὶ
435 2620 542 2670 ὕδωρ,
582 2625 771 2669 ἀναγκαῖον
807 2621 1164 2668 ἐμπεριλαμβάνεσθαί
1202 2635 1237 2656 τι

231 2667 360 2707 πλῆθος
389 2669 441 2702 ἀεὶ
466 2669 600 2707 ταύτης
633 2669 696 2707 τῆς
720 2664 911 2712 δυνάμεως,
937 2670 994 2700 καὶ
1020 2667 1237 2714 συγκαταφέ-

230 2712 345 2758 ρεσθαι
371 2713 475 2747 πάλιν
502 2714 534 2746 ἐν
561 2718 632 2752 τοῖς
659 2715 783 2755 ὑετοῖς,
801 2715 861 2745 καὶ
887 2713 983 2746 τοῦτ’
1007 2713 1059 2746 ἀεὶ
1083 2712 1236 2757 γίνεσθαι

229 2757 327 2791 κατά
347 2770 425 2791 τινα
450 2757 563 2799 τάξιν,
582 2759 624 2796 ὠς
643 2753 822 2804 ἐνδέχεται
843 2756 1000 2802 μετέχειν
1019 2757 1066 2790 τοὶ
1084 2756 1237 2790 ἐνταῦθα

231 2800 376 2843 τάξεως.
406 2802 502 2835 ’Όθεν
527 2803 586 2848 μὲν
613 2801 670 2835 οὖν
696 2804 716 2839 η’
742 2802 871 2849 γένεσις
905 2801 1016 2834 ἔνεστι
1042 2803 1104 2834 τοῦ
1134 2803 1237 2846 ἁλμυ-

230 2847 289 2892 ροῦ
315 2847 347 2879 ἐν
374 2848 422 2890 τῷ
448 2843 569 2889 ὕδατι,
597 2850 742 2891 εἴρηται.

163 2893 230 2924 Καὶ
255 2886 316 2924 διαὶ
339 2894 448 2925 τοῦτο
474 2891 523 2924 τά
547 2905 585 2924 τε
612 2891 713 2925 νότια
739 2886 854 2923 ὕδατα
880 2889 1085 2935 πλατύτερα
1109 2892 1167 2921 καὶ
1189 2889 1238 2922 τοὶ

231 2936 356 2982 πρῶτα
389 2937 455 2968 τῶν
486 2937 741 2981 μετοπωρινῶν·
771 2934 787 2967 ὅ
813 2948 851 2967 τε
876 2935 941 2981 γοὶρ
974 2934 1073 2972 νότος
1103 2936 1163 2976 καί
1188 2934 1235 2975 τῷ

231 2980 366 3026 μεγέθει
388 2981 447 3013 καὶ
473 2982 522 3023 τῷ
547 2981 719 3027 πνεύματι
746 2980 988 3017 ἀλεεινότατος
1008 2978 1128 3023 ἄνεμός
1147 2979 1234 3019 ἐστι,

229 3028 288 3058 καὶ
314 3029 391 3058 πνεῖ
415 3026 485 3059 οἱπὸ
511 3025 628 3058 τόπων
653 3025 760 3069 ξηρῶν
783 3026 843 3056 καὶ
868 3023 1017 3068 θερμῶν,
1044 3023 1132 3056 ὥστε
1157 3025 1231 3068 μετ’

233 3067 348 3117 ὂλίγης
382 3066 543 3114 ἀτμίδος·
569 3065 623 3103 διὸ
653 3073 710 3102 καὶ
740 3068 858 3113 θερμός
891 3069 1002 3101 ἐστιν·
1027 3069 1055 3100 εἰ
1079 3068 1144 3114 γάρ
1177 3069 1235 3099 καὶ

230 3114 278 3160 μή
304 3116 476 3156 τοιοῦτος,
497 3116 570 3149 ἀλλ’
593 3114 664 3147 ὅθεν
693 3114 838 3159 ἄρχεται
865 3117 957 3145 πνεῖν
982 3112 1117 3158 ψυχρὸς,
1138 3107 1235 3144 οὐδέν

231 3158 341 3198 ἧττον
367 3160 490 3203 προϊών
515 3155 574 3192 διά
591 3159 632 3192 τό
649 3158 981 3203 συμπεριλαμβάνειν
1003 3157 1134 3194 πολλήν
1156 3156 1238 3189 ἀνα-

231 3204 387 3248 Θυμίασιν
413 3203 516 3249 ξηρᾶν
535 3204 568 3236 ὲν
587 3204 653 3236 τῶν
671 3202 833 3249 σύνεγγυς
850 3201 966 3234 τόπων
985 3200 1103 3245 θερμός
1121 3202 1213 3233 ἐστιν
1226 3213 1233 3220 ·

234 3251 251 3282 ὁ
275 3247 313 3284 δὲ
338 3247 471 3293 βορέας,
493 3247 554 3282 ἅτε
582 3246 603 3280 ἆ.
627 3248 635 3258 ’
658 3248 764 3294 ὑγρῶν
790 3246 920 3287 τόπων,
941 3240 1157 3290 ἀτμιδιόδης·
1183 3240 1235 3276 διὸ

232 3293 372 3340 ψυχρός·
401 3294 449 3334 τῷ
474 3287 504 3324 δ’
528 3293 604 3325 οἱπω
628 3296 675 3324 εῖν
701 3290 824 3335 αἴθριος
851 3289 1016 3330 ἐνταῦθα,
1043 3290 1075 3322 ἑν
1102 3284 1140 3321 δέ
1164 3293 1235 3326 τοῖς

234 3340 399 3374 ἐναντίοις
427 3331 620 3374 ὑδατώδης.
655 3337 795 3380 Ὁμοίως
819 3330 858 3366 δέ
880 3336 938 3366 καὶ
958 3335 973 3366 ὁ
991 3333 1090 3370 νότος
1109 3331 1234 3375 αἴθριος

234 3388 305 3421 τοῖς
331 3383 404 3415 πεὶ
431 3381 494 3417 τήν
526 3380 668 3421 Λιβύην.
702 3379 792 3412 Πολύ
819 3377 875 3410 οὖν
907 3379 939 3410 ἐν
971 3378 1020 3419 τῷ
1043 3388 1235 3421 καταφερο-

233 3427 320 3472 μένῳ
346 3426 363 3458 ὕ
390 3437 449 3458 ατι
474 3424 710 3468 συμβάλλεται
732 3424 906 3463 τοιοῦτον,
925 3424 982 3454 καὶ
1001 3422 1063 3454 τοῦ
1081 3419 1238 3464 μετοπώ-

234 3485 291 3515 ρου
316 3469 458 3504 πλατέα
482 3469 531 3502 τοὶ
555 3464 691 3501 ὕδατα·
719 3466 851 3513 ἀνάγκη
881 3466 946 3512 γοίρ
972 3466 1020 3498 τοὶ
1048 3464 1234 3509 βαρύτατα

234 3517 356 3561 πρῶτα
405 3512 553 3558 ἑρεσθαι·
581 3510 661 3545 ὥστ’
683 3511 716 3544 ἐν
743 3511 831 3549 ὅσοις
857 3511 968 3543 ἔνεστι
989 3510 1051 3547 τῆς
1069 3508 1235 3546 τοιαύτης

233 3563 296 3608 γῆς
315 3527 456 3600 πλῆζθος,
474 3559 568 3603 ῥέπει
594 3555 751 3602 τάχιστα
774 3555 870 3588 κάτω
890 3555 1020 3587 ταῦτα.
1047 3554 1113 3585 Καὶ
1130 3551 1234 3597 θερμῆ

234 3607 265 3652 γ’
288 3606 308 3642 η’
330 3604 495 3637 θάλαττα
520 3597 580 3634 διά
605 3600 714 3634 τοῦτο’
740 3601 849 3633 ἐστιν·
877 3598 997 3631 πάντα
1014 3598 1078 3644 γάρ
1098 3596 1162 3630 ὅσα
1180 3609 1236 3629 πε-

311 3667 380 3699 Opp.
401 3666 431 3690 D.
446 3665 561 3689 ΤιιοιιΑις
581 3664 612 3688 Τ.
633 3663 671 3687 111.

1287 800 1304 819 *
1318 801 1386 831 Nos
1410 808 1517 832 autern
1541 802 1683 833 dicamus
1706 803 1899 844 principium
1922 811 2082 836 sumentes
2101 804 2186 835 idem
2211 805 2301 846 quod
2325 813 2355 836 et

1355 845 1452 886 prius.
1478 846 1641 883 Quoniam
1666 847 1750 877 enim
1774 848 1916 888 positum
1937 855 1983 879 est
1999 849 2160 889 duplicem
2177 859 2243 880 esse
2263 850 2353 880 exha-

1354 890 1525 928 lationem,
1550 890 1630 920 hanc
1654 891 1784 931 quidem
1808 892 1989 931 humidam,
2013 893 2094 924 hanc
2117 903 2192 924 vero
2222 893 2353 933 siccam,

1354 934 1461 974 palam
1492 935 1581 975 quod
1595 935 1658 965 hoc
1679 936 1861 975 putanduam
1878 936 2070 977 principium
2089 947 2156 968 esse
2175 938 2296 969 talium.
2313 939 2354 969 Et

1355 978 1467 1019 utique
1491 985 1521 1009 et
1545 978 1583 1008 de
1607 989 1673 1019 quo
1699 980 1856 1011 dubitasse
1880 981 1967 1021 prius
1991 981 2219 1021 necessarium,
2245 989 2354 1013 utrum

1355 1029 1386 1054 et
1415 1033 1501 1053 mare
1526 1033 1651 1063 semper
1674 1031 1837 1063 permanet
1861 1025 2032 1055 earundem
2059 1025 2191 1056 existens
2214 1026 2354 1066 partium

1355 1074 1512 1105 numer0;
1535 1074 1591 1097 aut
1619 1067 1722 1107 specie
1749 1075 1779 1098 et
1805 1069 1989 1109 quantitate,
2011 1070 2196 1109 permutatis
2229 1080 2354 1111 semper

1354 1111 1508 1151 partibus,
1533 1112 1810 1151 quemadmodum
1826 1123 1877 1143 aer
1892 1120 1922 1143 et
1940 1113 2087 1153 potabilis
2111 1124 2193 1155 aqua
2209 1121 2239 1145 et
2260 1115 2352 1155 ignis.

1332 1179 1336 1183 .
1355 1155 1487 1195 Semper
1511 1155 1597 1185 enim
1620 1155 1706 1186 aliud
1731 1163 1760 1186 et
1784 1157 1870 1187 aliud
1893 1156 1928 1188 fit
1951 1157 2068 1188 horum
2084 1159 2353 1201 unumquodque,

1355 1199 1475 1240 species
1499 1206 1606 1230 autem
1630 1200 1843 1231 multitudinis
1873 1201 2123 1242 uniuscuiusque
2146 1202 2264 1233 horum
2287 1213 2352 1233 ma-

1355 1250 1426 1282 net;
1450 1243 1531 1274 sicut
1550 1253 1631 1284 quae
1648 1244 1817 1275 fluentium
1840 1255 1996 1286 aquarum
2019 1253 2049 1277 et
2068 1246 2214 1277 flammae
2238 1246 2352 1278 fluxus.

1354 1287 1559 1319 Manifestum
1575 1288 1680 1328 itaque
1698 1296 1728 1319 et
1742 1289 1804 1319 hoc
1820 1296 1850 1319 et
1866 1290 2038 1329 probabile,
2049 1291 2138 1331 quod
2157 1290 2353 1331 impossibile

1355 1342 1422 1362 non
1437 1332 1570 1362 eandem
1595 1343 1661 1362 esse
1686 1333 1724 1363 de
1748 1333 1897 1364 omnibus
1924 1334 1972 1364 his
1995 1334 2161 1374 rationem,
2182 1342 2212 1366 et
2233 1335 2354 1366 differre

1354 1377 1521 1407 velocitate
1551 1383 1581 1407 et
1609 1377 1752 1407 tarditate
1784 1378 2045 1418 permutationis;
2076 1379 2110 1409 in
2139 1379 2354 1420 omnibusque

1355 1420 1593 1461 corruptionem
1613 1431 1679 1451 esse
1697 1428 1727 1452 et
1742 1421 1988 1461 generationem,
2005 1422 2067 1453 hoc
2085 1429 2191 1454 tamen
2212 1423 2354 1454 ordinate

1355 1465 1494 1496 accidere
1518 1465 1670 1496 omnibus
1693 1465 1780 1506 ipsis.

1289 1553 1347 1584 His
1376 1560 1484 1584 autem
1511 1553 1555 1583 sic
1579 1563 1611 1584 se
1635 1553 1839 1592 habentibus,
1864 1555 2052 1585 tentandum
2075 1555 2203 1585 reddere
2227 1565 2354 1586 causam

1357 1598 1396 1628 de
1420 1597 1582 1628 salsedine.
1608 1598 1813 1629 Manifestum
1836 1598 1943 1639 itaque
1962 1609 2019 1639 per
2041 1599 2142 1629 multa
2162 1599 2250 1639 signa
2266 1601 2355 1641 quod

1355 1641 1391 1673 fit
1413 1642 1482 1673 talis
1506 1652 1600 1682 sapor
1624 1649 1752 1682 propter
1776 1642 2038 1673 commixtionem
2057 1643 2207 1682 alicuius;
2230 1644 2263 1674 in
2287 1654 2354 1675 cor-

1356 1686 1552 1727 poribusque
1577 1687 1666 1727 quod
1689 1686 1981 1727 indigestissimum‚
2008 1687 2126 1718 salsum
2149 1694 2179 1718 et
2199 1698 2354 1727 amarum,

1357 1731 1439 1762 sicut
1462 1737 1492 1761 et
1522 1731 1608 1771 prius
1642 1731 1788 1762 diximus.
1814 1731 2097 1771 Indigestissimum
2130 1732 2216 1762 enim
2248 1742 2356 1773 super-

1356 1775 1460 1806 fluum
1484 1775 1607 1805 humidi
1633 1775 1790 1806 alimenti:
1815 1775 1884 1806 talis
1907 1782 2014 1806 autem
2038 1775 2142 1806 omnis
2166 1776 2356 1817 hypostasiS,

1356 1819 1493 1850 maxime
1509 1826 1616 1850 autem
1632 1829 1714 1860 quae
1729 1820 1762 1850 in
1778 1820 1890 1850 vesica.
1909 1820 2043 1860 Signum
2059 1827 2177 1859 autem,
2193 1820 2268 1861 quia
2283 1821 2356 1851 sub-

1357 1864 1500 1896 tilissima
1520 1870 1581 1902 est;
1606 1864 1724 1904 digesta
1747 1871 1853 1895 autem
1879 1864 1988 1895 omnia
2011 1871 2152 1895 constare
2174 1871 2246 1895 nata
2271 1871 2357 1895 sunt.

1356 1909 1479 1940 Deinde
1506 1908 1605 1939 sudor
1632 1919 1757 1948 semper
1786 1909 1819 1939 in
1844 1908 1891 1939 his
1914 1909 1947 1939 in
1979 1908 2097 1949 quibus
2126 1909 2212 1939 idem
2242 1919 2357 1949 corpus

1358 1959 1610 1993 consegregatur,
1624 1953 1713 1994 quod
1730 1953 1803 1983 facit
1819 1963 1966 1994 saporem
1981 1953 2076 1983 hunc.
2091 1953 2239 1984 Similiter
2251 1960 2358 1984 autem

1358 2005 1388 2029 et
1407 1998 1439 2028 in
1456 1997 1590 2028 adustis:
1617 1997 1671 2028 ubi
1696 1998 1779 2028 enim
1798 1997 1909 2038 utique
1928 2007 1994 2027 non
2018 1997 2190 2028 obtinuerit
2209 1997 2360 2036 calidum,

1356 2042 1390 2073 in
1407 2041 1595 2083 corporibus
1612 2042 1743 2083 quidem
1762 2041 1797 2073 fit
1816 2041 2028 2083 superfluitas,
2052 2041 2085 2071 in
2109 2041 2227 2073 adustis
2251 2049 2358 2073 autem

1359 2097 1446 2118 cmls.

1290 2183 1423 2222 Propter
1438 2182 1527 2223 quod
1550 2189 1581 2212 et
1604 2191 1689 2211 mare
1704 2181 1837 2221 quidam
1855 2191 1892 2211 ex
1915 2181 2026 2212 adusta
2049 2180 2138 2212 aiunt
2153 2180 2271 2211 factum
2291 2191 2357 2212 esse

1358 2233 1448 2257 terra.
1467 2226 1565 2263 Quod
1589 2226 1632 2256 sic
1656 2225 1787 2266 quidem
1811 2225 1913 2256 dicere
1937 2232 1984 2256 est
2005 2225 2245 2256 inconveniens:
2268 2226 2357 2266 quod

1357 2277 1465 2302 tamen
1488 2280 1526 2301 ex
1549 2269 1614 2308 tali,
1630 2280 1752 2300 verum.
1770 2269 1858 2300 Sicut
1881 2269 1967 2299 enim
1991 2276 2021 2300 et
2043 2269 2076 2299 in
2100 2269 2200 2308 dictis,
2217 2269 2260 2299 sic
2279 2270 2357 2300 etin

1357 2322 1427 2346 toto
1457 2321 1488 2345 et
1511 2324 1547 2345 ex
1571 2314 1771 2344 nascentibus
1802 2320 1832 2344 et
1862 2313 1949 2344 factis
1983 2313 2159 2344 secundum
2191 2319 2356 2352 naturam,

1358 2369 1484 2400 semper
1506 2365 1633 2399 oportet
1656 2358 1840 2398 intelligere,
1865 2357 1945 2388 sicut
1968 2367 2005 2388 ex
2027 2357 2132 2398 ignitis
2156 2357 2244 2398 quod
2264 2358 2355 2388 relin-

1358 2403 1484 2444 quitur,
1509 2403 1605 2434 talem
1629 2412 1696 2433 esse
1724 2409 1856 2433 terram:
1882 2409 1912 2432 et
1934 2402 2040 2442 itaque
2065 2409 2095 2432 et
2118 2412 2188 2432 eam
2218 2411 2300 2442 quae
2323 2402 2356 2432 in

1358 2448 1445 2479 arida
1468 2446 1700 2478 exhalationem
1714 2453 1863 2484 omnem;
1887 2446 1964 2477 haec
1981 2445 2066 2476 enim
2082 2445 2205 2476 exhibet
2222 2446 2356 2476 multam

1357 2492 1438 2523 hanc
1462 2491 1711 2522 multitudinem.
1736 2490 1834 2521 Mixta
1857 2497 1964 2521 autem
1987 2490 2152 2529 existente,
2176 2489 2256 2521 sicut
2279 2490 2356 2520 dixi-

1358 2547 1443 2575 mus,
1462 2546 1619 2576 vaporosa
1642 2535 1838 2566 exhalatione
1862 2541 1892 2566 et
1915 2534 2006 2573 sicca,
2030 2545 2104 2565 cum
2128 2534 2301 2565 constiterit
2322 2535 2356 2564 in

1329 2610 1331 2612 ,
1358 2581 1459 2612 nubes
1476 2587 1506 2611 et
1524 2590 1653 2621 aquam,
1670 2579 1882 2610 necessarium
1898 2586 1944 2610 est
1959 2578 2103 2619 intercipi
2118 2578 2259 2619 aliquam
2273 2579 2355 2609 mul-

1357 2625 1528 2656 titudinem
1544 2634 1668 2664 semper
1691 2624 1786 2655 huius
1805 2623 1940 2662 virtutis,
1956 2630 1986 2654 et
2001 2623 2097 2653 simul
2116 2623 2266 2653 deorsum
2284 2622 2357 2653 ferri

1357 2669 1474 2701 iterum
1490 2679 1564 2700 cum
1580 2668 1705 2709 pluvia;
1721 2675 1751 2699 et
1766 2668 1828 2699 hoc
1844 2678 1968 2708 semper
1984 2667 2051 2698 fieri
2068 2667 2244 2698 secundum
2257 2677 2355 2708 quen-

1357 2714 1433 2744 dam
1449 2713 1605 2751 ordinem,
1615 2719 1652 2744 ut
1668 2712 1821 2753 contingit
1836 2723 1917 2754 quae
1933 2711 1983 2743 hic
1997 2711 2182 2752 participare
2199 2711 2354 2742 ordinem.

1357 2758 1451 2789 Unde
1474 2757 1607 2798 quidem
1634 2757 1729 2798 igitur
1751 2757 1911 2797 generatio
1943 2756 2015 2786 salsi
2038 2755 2119 2786 inest
2141 2756 2173 2786 in
2197 2765 2289 2796 aqua,
2310 2755 2354 2785 di-

1359 2809 1447 2834 ctum
1471 2809 1526 2833 est.

1290 2891 1332 2922 Et
1354 2897 1485 2931 propter
1503 2890 1565 2920 hoc
1581 2889 1731 2920 australes
1746 2899 1846 2930 aquae
1861 2888 1986 2918 latiores
2004 2894 2034 2918 et
2049 2887 2169 2927 primae
2185 2893 2351 2917 autumna-

1356 2935 1447 2966 lium.
1465 2937 1581 2965 Auster
1604 2934 1690 2964 enim
1714 2941 1744 2964 et
1767 2932 1983 2973 magnitudine
2004 2938 2034 2962 et
2057 2931 2167 2971 spiritu
2184 2930 2350 2961 aestuosis-

1358 2979 1458 3010 simus
1482 2985 1528 3009 est
1550 2985 1674 3015 ventus,
1700 2984 1730 3008 et
1753 2977 1806 3007 flat
1822 2987 1839 3006 a
1859 2976 1937 3007 locis
1961 2975 2049 3006 siccis
2066 2982 2096 3005 et
2112 2974 2235 3005 calidis:
2256 2984 2353 3015 quare

1358 3034 1433 3055 cum
1449 3033 1553 3063 pauco
1569 3032 1697 3062 vapore,
1715 3028 1844 3061 propter
1859 3020 1948 3061 quod
1964 3026 1994 3050 et
2014 3019 2132 3049 calidus
2149 3025 2203 3048 est.
2220 3018 2252 3049 Si
2268 3018 2354 3049 enim

1358 3075 1389 3099 et
1412 3078 1478 3098 non
1494 3067 1574 3105 talis,
1591 3066 1646 3096 sed
1661 3066 1746 3096 unde
1761 3064 1872 3104 incipit
1887 3064 1962 3094 flare
1981 3063 2123 3103 frigidus,
2147 3062 2226 3092 nihil
2246 3062 2353 3092 minus

1357 3112 1542 3153 procedenS‚
1559 3117 1727 3150 propterea
1745 3109 1834 3150 quod
1853 3107 2094 3148 comprehendit
2109 3106 2245 3137 multam
2261 3106 2352 3136 exha-

1357 3156 1510 3187 lationem
1523 3155 1639 3185 siccam
1655 3164 1691 3184 ex
1707 3152 1895 3193 propinquis
1910 3151 2000 3189 locis,
2017 3151 2136 3182 calidus
2156 3157 2211 3181 est.
2235 3150 2352 3180 Boreas

1358 3207 1475 3238 autem,
1492 3199 1579 3229 velut
1602 3208 1620 3228 a
1642 3197 1761 3236 frigidis
1784 3196 1873 3234 locis,
1893 3202 2086 3236 vaporosus:
2111 3201 2240 3235 propter
2263 3194 2352 3235 quod

1357 3244 1499 3284 frigidus.
1522 3243 1571 3272 Eo
1595 3248 1702 3272 autem
1718 3241 1806 3281 quod
1825 3240 1991 3280 propellat,
2008 3249 2135 3269 serenus
2153 3238 2221 3269 hic:
2241 3238 2274 3268 in
2293 3248 2352 3278 op-

1357 3287 1468 3328 positis
1493 3293 1599 3317 autem
1623 3295 1774 3326 aquosus.
1798 3284 1946 3315 Similiter
1976 3290 2083 3314 autem
2111 3289 2142 3313 et
2172 3288 2276 3312 auster
2306 3292 2352 3312 se-

1356 3342 1451 3362 renus
1475 3330 1522 3360 his
1547 3330 1602 3370 qui
1619 3329 1698 3360 circa
1722 3328 1866 3369 Lybiam.
1882 3328 2022 3358 Multum
2044 3326 2139 3367 igitur
2153 3326 2186 3356 in
2202 3326 2352 3356 deorsum

1356 3376 1419 3406 lata
1441 3385 1524 3415 aqua
1547 3373 1669 3404 confert
1691 3373 1780 3414 quod
1804 3372 1874 3403 tale.
1899 3372 1940 3403 Et
1956 3378 2112 3402 autumno
2132 3371 2211 3401 latae
2235 3377 2350 3411 aquae:

1357 3429 1483 3450 necesse
1507 3418 1591 3449 enim
1619 3417 1801 3458 gravissima
1823 3416 1927 3457 primo
1953 3415 2082 3454 deferri3
2106 3424 2202 3456 quare
2225 3414 2258 3444 in
2281 3414 2352 3455 qui-

1356 3464 1556 3503 buscumque
1579 3462 1660 3492 inest
1683 3461 1753 3492 talis
1776 3467 1874 3491 terrae
1898 3459 2088 3498 multitudo,
2113 3459 2247 3490 tendunt
2269 3458 2350 3488 citis-

1356 3508 1435 3538 sime
1459 3507 1609 3537 deorsum
1637 3505 1725 3536 haec.
1755 3505 1796 3536 Et
1823 3504 1961 3535 calidum
1990 3504 2084 3535 etiam
2110 3513 2196 3533 mare
2224 3509 2353 3543 propter

1356 3551 1419 3582 hoc
1435 3558 1497 3582 est:
1520 3550 1629 3581 omnia
1649 3550 1733 3580 enim
1752 3559 1973 3590 quaecumque
1988 3548 2086 3589 ignita
2098 3547 2224 3586 fuerint,
2236 3546 2352 3576 habent

1356 3595 1499 3637 potentia
1522 3594 1711 3626 caliditatem
1733 3593 1766 3623 in
1788 3593 1875 3634 ipsis.
1891 3593 2004 3624 Videre
2027 3599 2135 3623 autem
2150 3591 2222 3622 licet
2242 3597 2272 3621 et
2291 3589 2351 3620 cal-

2141 3650 2169 3675 51

2382 810 2390 819 ·
2405 809 2459 837 seq.
2470 815 2521 837 cap.
2532 815 2568 831 111.
