2782 4134
117 1035 128 1046 ¹*
136 1034 268 1059 cf.1ect.1x,
277 1038 321 1059 n.1;

117 1064 138 1082 et
153 1066 201 1087 xm,
215 1065 238 1081 n.
252 1065 275 1085 4.

116 1140 124 1148 ·
139 1138 207 1160 Num.
222 1143 270 1164 seq.

115 1349 123 1357 ·
138 1347 199 1368 Lect-
206 1351 256 1373 xnt,
263 1351 285 1367 n.
295 1351 317 1372 4.

112 1401 121 1410 '
135 1399 195 1421 Lect.
209 1404 254 1426 xw,
262 1404 284 1419 n.
295 1398 317 1420 8.

113 2455 122 2464 ’
137 2454 199 2476 Lect.
214 2461 258 2476 xix.

116 2770 124 2778 ·
135 2768 196 2791 Lect.
204 2775 259 2791 xvm
266 2786 271 2797 ‚
278 2776 321 2798 n.5.

115 2927 124 2935 ¹
134 2925 195 2949 Lect.
210 2933 257 2956 seq.
268 2934 290 2950 n.
299 2935 320 2957 7.

120 3031 128 3039 '¹
143 3030 212 3052 Num.
222 3031 244 3053 6.

119 3058 139 3066 '¹
154 3056 215 3079 Lect-
229 3064 276 3086 seq.

350 327 410 355 lum
431 331 488 353 tres
508 322 614 360 species
636 327 766 349 motuum
788 317 966 354 simplicium.
988 313 1144 349 Quodlibet
1163 317 1259 356 autem
1274 310 1398 337 elemen-

350 373 446 394 torum
460 364 562 392 dicitur
575 361 732 390 secundum
747 359 826 396 quod
841 358 926 385 habet
939 361 1069 383 naturam
1083 353 1120 380 ad
1133 351 1258 386 ahquem
1272 357 1306 376 ex
1316 355 1398 384 prae-

350 405 432 434 dictis
452 403 585 431 motibus.
605 401 656 429 His
676 406 772 428 autem
793 395 959 433 suppositis,
984 400 1098 421 necesse
1119 396 1161 418 est
1181 397 1303 432 corpora
1324 394 1398 430 quae

351 450 416 473 sunt
429 443 459 471 in
476 442 531 471 alio
546 441 655 469 mundo
669 439 773 467 habere
788 437 910 465 eundern
925 440 1035 461 motum
1051 439 1116 459 cum
1130 428 1298 464 corporibus
1313 427 1398 453 huius

351 482 464 518 mundi,
486 488 514 510 et
534 485 740 516 consequenter
753 478 856 504 habere
877 473 997 502 eandem
1014 476 1145 513 naturam
1159 466 1322 509 secundum⁷
1332 473 1396 500 spe-

351 523 495 558 ciem.-9.
508 522 549 548 Ex
569 517 729 556 praemissis
744 514 891 544 deducitur
911 511 1035 540 secunda
1055 515 1127 537 ratio
1148 507 1185 551 ad
1205 510 1396 548 propositum.

351 564 425 590 Nam
436 561 459 589 si
469 568 590 596 corpora
601 566 673 595 quae
684 563 749 584 sunt
760 555 789 583 in
801 553 926 590 quolibet
937 550 1055 583 mundo,
1068 553 1134 575 sunt
1143 546 1271 574 elusdem
1283 552 1396 580 speciei,

351 600 477 638 sequitur
488 599 567 636 quod
577 606 677 626 omnes
691 601 783 632 partes
797 600 887 621 terrae
898 597 925 619 et
938 597 1038 618 omnes
1048 593 1146 632 *partes
1160 584 1233 629 ignis
1243 592 1317 621 quae
1331 588 1398 610 sunt

350 641 381 669 in
395 647 576 677 quocumque
590 637 645 665 alio
667 635 784 668 mundo,
798 633 924 660 feruntur
937 634 1090 665 respective
1104 626 1141 654 ad
1159 625 1286 653 medmm
1301 622 1345 650 vel
1360 622 1397 650 ad

351 686 507 708 extremum
528 677 611 705 huius
628 674 735 703 mundi.
757 672 813 700 Sed
833 671 870 698 ad
890 670 953 703 hoc,
976 677 1041 695 cum
1062 665 1157 694 media
1178 671 1205 692 et
1222 670 1347 692 extrema
1367 661 1397 689 in

352 718 466 747 diversis
486 716 599 745 mundis
613 715 734 743 habeant
748 711 890 739 diversum
904 708 997 742 situm,
1013 715 1127 734 necesse
1142 705 1215 732 foret
1229 703 1309 740 quod
1323 708 1398 730 terra

530 812 779 854 ··‚⁸ostquam
808 801 1060 850 Philosophus
1098 796 1259 835 ostendit
1290 794 1395 854 quod

606 858 824 895 universum
851 866 929 891 non
959 860 1013 890 est
1036 851 1223 889 infinitum
1252 860 1395 896 magni-

553 914 561 928 ²
581 910 752 956 tudine,
781 907 841 945 hic
870 906 1030 944 ostendit
1057 904 1161 954 quod
1198 915 1276 940 non
1309 908 1395 938 sunt

411 990 436 997 a
482 976 487 988 s
547 954 588 993 lt·
604 964 728 1012 plures
756 960 888 998 mundi
917 971 1090 1005 numero,
1119 956 1261 994 nedum
1289 954 1394 1004 quod

348 1019 419 1056 sint
444 1017 576 1056 infiniti
596 1018 625 1053 ²¹².
646 1017 694 1052 Et
719 1014 843 1063 primo
863 1013 951 1051 dicit
976 1012 1022 1049 de
1047 1023 1123 1059 quo
1144 1017 1198 1046 est
1216 1008 1393 1054 intentio;

348 1071 512 1109 secundo
541 1068 732 1117 exequitur
757 1067 1004 1115 propositum,
1031 1064 1098 1101 ibi:
1132 1062 1266 1100 Omnia
1295 1062 1393 1098 enim

347 1130 383 1161 et
411 1128 561 1160 manent
586 1123 605 1143 ’³‘
634 1128 701 1157 etc.

398 1176 495 1213 Dicit
514 1187 599 1222 ergo
618 1173 741 1222 primo
763 1171 880 1220 quod,
896 1171 985 1220 quia
1004 1177 1198 1207 ostensum
1215 1176 1270 1205 est
1290 1167 1394 1217 quod

347 1241 481 1277 corpus
507 1227 618 1264 totius
636 1225 801 1263 universi
819 1238 897 1262 non
918 1232 972 1261 est
989 1223 1189 1269 infinitum,
1210 1229 1323 1258 restat
1342 1220 1394 1258 di-

346 1281 506 1318 cendum
526 1279 628 1328 quod
651 1291 728 1315 non
749 1286 803 1314 est
820 1277 997 1327 possibile
1018 1288 1100 1313 esse
1115 1276 1240 1324 plures
1259 1274 1393 1320 caelos,

344 1334 437 1371 idest
453 1334 578 1382 plures
606 1331 786 1369 mundos:
807 1331 882 1368 iam
912 1330 1013 1367 enim
1042 1341 1155 1377 supra
1182 1329 1202 1349 '¹‘
1231 1328 1394 1365 diximus

343 1387 445 1436 quod
472 1386 519 1423 de
555 1386 628 1422 hoc
648 1393 725 1421 erat
747 1384 1031 1421 intendendum.
1045 1379 1147 1419 -Esi
1161 1388 1288 1418 autern
1305 1393 1394 1418 con-

343 1439 581 1476 siderandum
596 1439 700 1486 quod
716 1450 827 1486 supra
837 1437 857 1458 *
869 1436 1120 1484 Philosophus
1135 1435 1221 1472 fecit
1235 1434 1394 1471 mentio-

342 1505 431 1529 nem
460 1491 563 1540 quod
591 1498 691 1528 extra
720 1491 867 1527 caelum
887 1502 965 1527 non
994 1496 1048 1526 est
1071 1488 1227 1536 aliquod
1256 1500 1394 1537 corpus

342 1557 466 1593 neque
494 1545 641 1582 finitum
668 1556 790 1593 neque
819 1543 1024 1588 infinitum;
1054 1554 1099 1579 ex
1128 1554 1205 1590 quo
1229 1541 1396 1590 sequitur

344 1598 448 1646 quod
466 1610 543 1635 non
563 1597 607 1634 sit
634 1597 726 1634 alius
746 1596 911 1633 mundus
947 1603 1095 1645 praeter
1127 1595 1259 1640 istum;
1298 1602 1396 1632 esset

345 1651 444 1687 enirn
481 1651 632 1698 aliquod
670 1662 806 1699 corpus
830 1656 931 1686 extra
960 1649 1118 1686 caelum.
1154 1649 1202 1685 Et
1229 1648 1328 1696 ideo,
1364 1648 1395 1685 si

344 1703 568 1741 sufficienter
592 1710 687 1740 esset
705 1715 817 1752 supra
844 1703 1047 1752 probatum
1066 1701 1170 1750 quod
1191 1709 1293 1739 extra
1312 1714 1394 1738 cae-

342 1756 420 1793 lum
448 1769 525 1793 non
545 1756 590 1793 sit
617 1756 769 1805 aliquod
789 1768 925 1804 corpus
944 1767 1070 1803 neque
1098 1754 1248 1792 finitum
1268 1767 1394 1803 neque

342 1809 540 1856 infinitum,
569 1809 658 1846 nihil
685 1817 838 1846 restaret
860 1809 1116 1858 probandum.
1147 1808 1224 1846 Sed
1251 1808 1282 1845 si
1310 1808 1395 1857 quis

344 1875 420 1899 non
438 1870 543 1911 putat
561 1863 664 1911 quod
684 1862 720 1899 in
745 1862 999 1911 superioribus
1023 1862 1068 1898 sit
1096 1869 1291 1899 ostensum
1312 1862 1395 1900 uni-

342 1915 533 1953 versaliter
560 1915 607 1952 de
627 1915 857 1964 corporibus,
879 1915 983 1963 quod
1006 1914 1143 1952 scilicet
1162 1915 1395 1964 impossibile

346 1968 390 2005 sit
409 1970 676 2018 quodcumque
706 1981 837 2006 eorum
866 1981 947 2006 esse
977 1976 1077 2006 extra
1105 1970 1307 2016 mundum,
1327 1969 1396 2007 sed

345 2022 466 2058 solum
485 2023 588 2071 quod
616 2022 707 2058 ratio
724 2023 838 2071 'supra
857 2022 902 2059 sit
929 2021 1079 2059 inducta
1100 2022 1147 2059 de
1172 2022 1396 2072 corporibus

345 2087 442 2123 quae
460 2083 651 2123 ponuntur
670 2087 750 2112 esse
770 2075 930 2121 infinita;
951 2075 1161 2113 secundum
1175 2077 1251 2114 hoc
1270 2076 1396 2114 adhuc

345 2135 455 2164 restat
467 2128 675 2165 videndum
691 2141 738 2165 an
758 2128 802 2165 sit
815 2128 991 2178 possibile
1007 2141 1087 2166 esse
1107 2130 1235 2178 plures
1256 2130 1394 2178 caelos,

346 2181 423 2218 sive
450 2181 575 2229 plures
604 2181 778 2218 mundos.

398 2245 433 2271 2.
449 2234 594 2271 Deinde
611 2246 697 2271 eum
713 2234 817 2272 dicit:
838 2235 971 2272 Omnia
987 2237 1084 2273 enim
1100 2242 1135 2273 et
1148 2243 1301 2274 manent
1311 2244 1395 2284 etc.,

342 2287 477 2335 probat
507 2287 760 2336 propositum:
791 2295 826 2324 et
860 2288 984 2337 primo
1022 2289 1183 2327 ostendit
1219 2290 1325 2340 quod
1354 2291 1399 2328 sit

335 2346 486 2376 tantum
513 2352 611 2377 unus
647 2341 826 2387 mundus;
852 2342 1020 2379 seeundo
1048 2342 1200 2392 inquirit
1227 2356 1276 2381 an
1308 2357 1396 2394 pos-

346 2392 449 2429 sibile
478 2392 523 2430 sit
550 2406 630 2430 esse
664 2395 788 2442 plures
817 2395 998 2443 mundos,
1028 2395 1097 2433 ibi:
1131 2397 1240 2439 Quod
1270 2403 1396 2435 autem

345 2457 418 2482 non
445 2445 563 2483 solum
593 2459 686 2484 unus
716 2447 735 2468 *
763 2454 830 2484 etc.
853 2448 962 2485 Circa
988 2449 1155 2498 primum
1185 2450 1261 2487 duo
1291 2451 1395 2488 facit:

344 2498 467 2547 primo
489 2499 649 2536 ostendit
669 2512 748 2537 esse
767 2502 1032 2540 tantummodo
1052 2515 1173 2540 unum
1193 2504 1395 2552 mundum,

346 2551 486 2588 ratione
502 2560 650 2601 sumpta
663 2559 680 2574 α
696 2565 740 2590 ex
759 2553 994 2591 inferioribus
1010 2556 1241 2605 corporibus,
1255 2570 1300 2595 ex
1315 2558 1396 2608 qui-

346 2604 418 2640 bus
433 2616 564 2641 omnes
578 2606 770 2653 ponebant
784 2607 969 2644 mundum
984 2609 1205 2657 consistere;
1227 2612 1396 2649 secundo

348 2656 507 2694 ostendit
537 2657 637 2694 idem
675 2659 925 2697 communiter
952 2674 996 2698 ex
1032 2663 1198 2711 utrisque
1232 2665 1397 2714 corpori-

348 2709 428 2756 bus,
457 2717 534 2746 tam
561 2710 792 2749 inferioribus
816 2725 931 2760 quarn
961 2716 1199 2764 caelestibus,
1230 2717 1300 2755 ibi:
1320 2719 1397 2756 Ad-

346 2762 419 2799 huc
445 2768 567 2800 autem
599 2770 635 2801 et
663 2776 731 2812 per
758 2777 819 2802 eas
849 2767 868 2787 ⁹⁵
897 2774 965 2804 etc.
987 2768 1096 2806 Circa
1122 2770 1290 2818 primurn
1320 2771 1396 2809 duo

346 2815 449 2852 facit:
469 2816 592 2865 primo
613 2817 752 2855 inducit
770 2819 930 2857 rationes
950 2820 999 2858 ad
1017 2823 1253 2872 propositum
1273 2833 1397 2862 osten-

349 2867 532 2914 dendum;
553 2870 719 2908 secundo
747 2872 882 2920 probat
900 2874 1095 2920 quoddam
1124 2877 1228 2924 quod
1256 2891 1396 2927 suppo-

348 2929 480 2968 suerat,
507 2922 575 2959 ibi:
609 2924 717 2965 Quod
742 2931 865 2962 autem
894 2932 948 2962 est
972 2927 1113 2976 aliquid
1139 2931 1159 2951 ἧς
1188 2938 1256 2967 etc.
1287 2932 1397 2970 Circa

348 2973 512 3022 primurn
538 2976 643 3024 ponit
670 2984 743 3014 tres
764 2978 942 3016 rationes:
973 2983 1138 3019 secunda
1171 2983 1299 3032 incipit
1327 2985 1395 3023 ibi:

348 3026 479 3064 Adhuc
498 3040 641 3066 necesse
658 3030 679 3051 ¹¹²
698 3037 785 3078 etc.;
814 3032 920 3069 tertia
938 3032 1006 3070 ibi:
1033 3035 1105 3071 Sed
1130 3037 1252 3074 adhuc
1268 3038 1309 3059 *³
1326 3046 1395 3076 etc.

350 3094 358 3098 *
404 3080 437 3117 3.
459 3079 566 3118 Circa
601 3083 767 3131 primum
795 3085 871 3122 duo
905 3085 1001 3123 facit.
1031 3087 1160 3126 Primo
1196 3091 1399 3138 praemittit

351 3138 422 3168 tres
437 3134 719 3194 suppositiones.
736 3137 907 3184 Quarum
920 3139 1045 3187 prima
1064 3149 1130 3189 est,
1147 3143 1250 3191 quod
1270 3145 1399 3182 omnia

354 3195 510 3233 corpora
546 3197 737 3234 quiescunt
765 3198 800 3227 et
836 3200 1039 3230 moventur
1075 3202 1153 3232 tam
1188 3197 1398 3235 secundum

353 3244 534 3295 naturam,
555 3252 668 3288 quam
684 3242 794 3280 etiam
810 3245 1018 3283 secundum
1034 3246 1264 3287 violentiam.
1283 3251 1398 3298 Quod

354 3290 504 3336 quidem
531 3292 644 3329 habet
675 3295 870 3333 veritatem
898 3297 934 3334 in
963 3301 1186 3348 corporibus
1220 3303 1399 3341 inferiori-

354 3340 436 3389 bus,
465 3354 561 3390 quae
589 3357 676 3383 cum
704 3347 775 3384 sint
810 3351 1034 3396 generabilia
1062 3361 1098 3390 et
1126 3356 1399 3405 corruptibilia,

409 3460 436 3502 ot)
452 3463 554 3488 ratione
564 3469 678 3504 sumpta.
691 3479 710 3486 —-
723 3467 825 3493 ratione
837 3475 971 3503 assumpta
985 3474 1057 3498 codd.
1072 3482 1125 3500 exc.
1139 3476 1167 3500 B.
1181 3490 1200 3495 —
1214 3477 1270 3502 Lin.
1285 3485 1340 3510 seq.
1353 3486 1400 3511 pro

356 3500 503 3527 consistere,
523 3502 637 3524 existere
654 3501 682 3525 P.
695 3515 712 3520 —
727 3502 762 3526 Ibi
776 3503 844 3528 idem
858 3507 1038 3537 communiter,
1054 3509 1121 3534 idem
1135 3512 1291 3537 convem‘ens
1303 3520 1358 3538 esse
1371 3514 1400 3539 P.

357 3567 362 3573 ¹
411 3530 495 3572 β),νεὶ
512 3533 631 3574 quiete-m.
645 3549 664 3554 -
678 3535 804 3577 intellige:
816 3539 856 3563 vel
870 3547 914 3571 per
928 3542 1039 3574 quietem
1057 3544 1202 3575 violentam,
1222 3555 1288 3579 quae
1307 3556 1401 3581 nempe

356 3567 462 3600 impedit
479 3575 511 3592 ne
529 3573 580 3593 sint
598 3577 622 3593 in
640 3570 702 3595 locis
721 3579 786 3603 su1s;
805 3573 824 3597 P
843 3577 961 3608 expungit
980 3579 1019 3603 vel
1037 3579 1156 3610 quietem.
1175 3582 1247 3607 Patet
1261 3590 1291 3607 ex
1309 3583 1400 3609 imme-

1043 237 1114 273 DE
1143 232 1315 270 CAELO
1345 230 1415 267 ET
1443 225 1637 265 MUNDO
1666 224 1760 260 LIB.
1791 222 1805 257 I

1452 314 1525 342 quae
1539 309 1582 331 est
1606 302 1636 330 in
1660 301 1717 329 alio
1742 300 1864 335 rnundo,
1889 299 2011 327 ferretur
2028 307 2143 326 sursum
2164 296 2195 325 in
2218 296 2339 333 proprio
2353 297 2475 333 mundo,
2493 303 2522 326 et

1451 344 1531 381 quod
1545 342 1618 379 ignis
1632 341 1662 368 in
1677 340 1727 368 illo
1741 340 1853 367 mundo
1868 339 1988 367 ferretur
2002 339 2150 372 deorsum,
2165 337 2247 374 quod
2263 345 2326 364 esse
2340 346 2402 365 non
2416 343 2521 374 potest.

1451 385 1527 420 Ergo
1538 380 1731 409 necessarium
1745 385 1788 407 est
1801 388 1912 416 ponere
1926 389 2018 407 unum
2034 378 2130 406 solum
2144 376 2274 405 medium
2286 382 2314 404 et
2325 386 2418 404 unum
2429 384 2521 405 extre-

1450 431 1541 456 mum,
1553 422 1589 449 ad
1603 429 1678 457 quae
1692 419 1820 447 serantur
1832 419 1930 456 gravia
1939 426 1968 447 et
1978 419 2051 447 levia
2064 417 2242 453 ubicumque
2253 415 2318 444 sint.
2331 417 2399 451 Quo
2413 417 2521 453 posito,

1450 460 1627 498 impossibile
1641 465 1684 487 est
1699 467 1761 487 esse
1774 459 1871 499 plures
1885 460 2021 487 mundos.
2031 475 2049 480 -
2063 467 2107 486 10.
2124 457 2154 485 Si
2169 456 2281 485 dicatur
2294 456 2376 500 quod
2396 466 2523 493 corpora

1451 510 1524 538 quae
1545 506 1612 528 sunt
1633 499 1662 527 in
1683 499 1741 527 alio
1762 500 1885 534 mundo,
1906 509 1968 528 non
1990 504 2144 527 moventur
2165 497 2203 525 ad
2224 496 2354 524 medium
2368 496 2414 525 vel
2429 503 2521 525 extre-

1451 550 1531 569 mum
1553 539 1637 567 huius
1659 538 1761 566 mundi
1782 545 1902 575 propter
1923 538 2104 567 distantiam:
2131 536 2324 573 respondetur
2349 538 2430 574 quod
2451 536 2521 565 irra-

1449 579 1586 609 tionabile
1608 585 1650 607 est
1663 585 1795 615 reputare
1817 587 1880 607 esse
1900 579 1988 607 aliam
2009 585 2142 607 naturam
2164 575 2338 612 simplicium
2352 586 2520 613 corporum,

1449 626 1568 657 propter
1588 619 1645 646 hoc
1666 619 1748 655 quod
1768 618 1875 647 distant
1895 619 1961 656 plus
1975 619 2020 647 vel
2041 618 2138 646 minus
2152 627 2170 646 a
2183 615 2308 653 propriis
2329 615 2409 645 locis.
2431 616 2521 645 Diffe-

1450 659 1541 688 rentia
1561 658 1639 686 enim
1661 667 1735 695 quae
1757 664 1799 686 est
1813 659 1975 687 secundum
2002 659 2183 687 velocitatem
2205 662 2233 685 et
2255 655 2437 693 distantiam,
2459 665 2522 685 non

1450 698 1620 728 diversificat
1640 697 1766 734 speciem
1788 704 1885 727 motus
1906 708 2001 736 neque
2022 699 2148 728 mobilis.

1449 792 1542 828 sicut
1560 803 1630 840 per
1648 790 1729 828 vim
1748 790 1913 827 fortioris
1932 791 2076 839 agentis
2094 799 2259 841 possunt
2275 793 2485 842 permutari
2501 794 2521 815 ²⁸

1449 858 1471 882 a
1499 856 1568 882 sua
1596 843 1734 893 specie,
1760 843 1812 880 ita
1840 843 1954 880 etiam
1983 852 2145 893 possunt
2178 846 2371 884 removeri
2400 859 2422 884 a
2451 859 2522 884 suo

1447 899 1533 935 loco
1552 909 1622 946 per
1650 898 1806 936 motum
1819 896 2034 935 violentum
2052 899 2115 936 vel
2135 898 2302 948 quietern
2323 898 2358 937 Ρε
2381 899 2420 937 in
2441 913 2523 938 cor-

1447 951 1605 1001 poribus
1625 957 1754 987 autem
1774 950 1998 988 caelestibus
2017 951 2109 989 nihil
2127 959 2254 1001 potest
2273 965 2357 990 esse
2376 953 2523 991 violen-

1448 1013 1529 1042 tum
1558 1012 1595 1041 et
1623 1011 1726 1043 extra
1749 1010 1939 1053 naturam,
1960 1017 2049 1042 cum
2077 1005 2151 1042 sint
2169 1005 2480 1056 incorruptibilia.
2497 1028 2522 1036 —

1450 1057 1628 1095 Secunda
1655 1057 1867 1106 suppositio
1897 1065 1964 1105 est,
1985 1058 2092 1106 quod
2110 1058 2150 1096 in
2169 1071 2415 1110 quocumque
2435 1062 2523 1098 loco

1448 1111 1573 1160 aliqua
1594 1122 1756 1160 corpora
1780 1117 1938 1148 manent
1956 1111 2171 1149 secundum
2191 1120 2368 1150 naturam
2389 1121 2426 1151 et
2444 1127 2524 1152 non

1447 1176 1516 1214 per
1537 1163 1768 1211 violentiam,
1785 1163 1824 1200 in
1842 1163 1949 1201 illum
1968 1165 2098 1202 locum
2111 1177 2183 1214 per
2201 1173 2377 1204 naturam
2397 1168 2524 1205 ferun-

1447 1225 1523 1255 tur:
1546 1217 1639 1254 etin
1658 1229 1948 1266 quemcumque
1976 1218 2107 1255 locum
2134 1230 2154 1255 e
2183 1231 2372 1257 converso
2397 1220 2524 1270 aliqua

1447 1284 1517 1320 per
1535 1279 1711 1308 naturam
1732 1271 1913 1319 feruntur,
1930 1270 1968 1308 in
1987 1271 2051 1308 illo
2070 1272 2157 1308 loco
2179 1273 2400 1311 naturaliter
2418 1273 2524 1324 quie-

1449 1332 1568 1362 scunt.
1598 1325 1649 1361 Et
1675 1324 1780 1362 idem
1809 1324 2016 1362 dicendum
2055 1333 2112 1362 est
2143 1325 2242 1363 circa
2277 1326 2523 1366 violentiam:

1448 1378 1537 1428 quia
1556 1378 1595 1416 in
1618 1391 1696 1427 quo
1716 1378 1802 1415 loco
1831 1378 1959 1427 aliqua
1978 1378 2179 1428 quiescunt
2195 1391 2267 1429 per
2283 1379 2524 1431 violentiam,

1448 1432 1487 1469 in
1505 1432 1612 1471 illum
1632 1433 1763 1470 locum
1792 1431 1964 1470 feruntur
1980 1445 2052 1482 per
2070 1432 2312 1480 violentiam;
2334 1441 2372 1472 et
2391 1447 2411 1472 e
2432 1446 2523 1473 con-

1446 1498 1561 1523 verso
1578 1515 1587 1534 ,
1626 1485 1658 1523 si
1689 1485 1740 1523 ad
1767 1485 1934 1535 aliquem
1971 1486 2101 1524 locum
2139 1486 2310 1525 feruntur
2344 1499 2416 1537 per
2441 1487 2526 1527 vio-

1448 1539 1624 1588 lentiam,
1653 1539 1693 1577 in
1722 1539 1786 1576 illo
1821 1540 1907 1577 loco
1944 1551 2015 1589 per
2045 1539 2270 1578 violentiam
2308 1541 2522 1590 quiescunt.

1448 1594 1498 1630 Et
1525 1593 1639 1630 huius
1667 1592 1940 1642 suppositionis
1964 1593 2059 1631 ratio
2089 1600 2146 1631 est
2172 1593 2273 1643 quia,
2295 1606 2385 1632 cum
2414 1594 2524 1645 quies

1448 1646 1487 1684 in
1506 1647 1592 1684 loco
1613 1646 1659 1684 sit
1678 1646 1765 1684 finis
1785 1654 1914 1684 motus
1934 1646 2076 1695 localis,
2093 1654 2244 1697 oportet
2264 1655 2417 1686 motum
2434 1661 2526 1700 pro-

1447 1700 1658 1750 portionari
1690 1700 1806 1750 quieti
1822 1729 1832 1748 ,
1868 1700 1964 1738 sicut
1995 1700 2083 1738 finis
2121 1701 2436 1751 proportionatur
2466 1701 2526 1740 his

1449 1766 1550 1803 quae
1569 1761 1658 1791 sunt
1685 1753 1735 1791 ad
1752 1754 1885 1791 finem.
1902 1774 1927 1782 -
1943 1753 2074 1791 Tertia
2096 1754 2309 1804 suppositio
2330 1763 2399 1804 est,
2419 1755 2527 1805 quod

1449 1807 1480 1845 si
1507 1807 1634 1857 aliqua
1670 1807 1743 1844 loci
1781 1807 1942 1845 mutatio
1980 1807 2027 1844 sit
2053 1819 2124 1857 per
2156 1807 2381 1846 violentiam
2414 1807 2527 1846 alicui

1450 1861 1612 1910 corpori,
1634 1860 1823 1898 contraria
1843 1868 1899 1898 est
1927 1860 1962 1898 ei
1981 1860 2197 1898 secundum
2217 1869 2408 1911 naturam,
2429 1861 2526 1900 sicut

1449 1921 1553 1964 patet
1581 1926 1626 1951 ex
1654 1913 1712 1951 his
1740 1926 1840 1963 quae
1870 1916 2034 1964 supra*
2064 1914 2164 1952 dicta
2191 1922 2290 1953 sunt.

1502 1979 1540 2016 4.
1559 1967 1738 2005 Secundo
1754 1967 1821 2005 ibi:
1841 1968 1906 2005 Ad
1922 1967 2088 2005 medium
2104 1968 2230 2018 itaque
2250 1976 2335 2017 etc.,
2352 1981 2399 2006 ex
2416 1980 2527 2019 prae·

1451 2021 1558 2059 dictis
1582 2021 1908 2071 suppositionibus
1933 2029 2219 2070 argumentatur
2240 2024 2259 2044 ²¹²
2279 2022 2338 2070 ad,
2352 2021 2528 2072 proposi·
2555 2026 2566 2037 ⁶

1449 2082 1545 2113 tum.
1566 2075 1696 2112 Primo
1717 2074 1875 2123 quidem
1895 2075 2068 2125 ex'parte
2083 2082 2222 2113 motus.
2245 2076 2287 2114 Si
2316 2076 2420 2114 enim
2440 2083 2529 2114 sunt

1451 2128 1530 2167 duo
1550 2128 1696 2175 mundi,
1718 2135 1871 2178 oportet
1898 2141 1981 2166 esse
2010 2128 2048 2166 in
2075 2136 2240 2179 utroque
2269 2129 2438 2180 aliquam
2456 2137 2528 2167 ter-

1451 2194 1545 2220 ram.
1566 2182 1688 2219 Terra
1708 2194 1798 2232 ergo
1819 2194 1918 2231 quae
1939 2189 1995 2219 est
2013 2182 2051 2220 in
2071 2181 2145 2220 alio
2165 2183 2326 2231 mundo,
2348 2190 2414 2220 aut
2433 2183 2528 2224 fere-

1451 2243 1511 2273 tur
1530 2235 1579 2273 ad
1598 2235 1771 2273 medium
1790 2235 1904 2274 huius
1923 2235 2059 2273 mundi
2079 2248 2150 2286 per
2169 2244 2359 2284 naturam,
2376 2243 2442 2275 aut
2457 2248 2530 2287 per

1451 2289 1686 2327 violentiam.
1717 2288 1758 2326 Si
1793 2301 1864 2338 per
1899 2289 2140 2338 violentiam,
2168 2290 2360 2340 oportebit
2388 2290 2527 2339 dicere,

1452 2343 1666 2380 secundum
1686 2341 1835 2379 tertiam
1863 2342 2183 2392 suppositionem,
2205 2343 2312 2393 quod
2340 2343 2529 2381 contraria

1451 2396 1524 2434 loci
1545 2395 1720 2444 mutatio,
1741 2407 1840 2445 quae
1859 2403 1917 2433 est
1944 2396 1993 2433 ab
2021 2395 2093 2434 isto
2113 2397 2262 2434 mundo
2291 2396 2330 2434 in
2354 2396 2528 2435 medium

1451 2450 1548 2487 illius
1563 2449 1710 2497 mundi,
1726 2449 1772 2486 sit
1787 2449 1820 2486 ei
1835 2449 2050 2487 secundum
2065 2458 2254 2488 naturam.
2271 2451 2322 2487 Et
2335 2450 2411 2488 hoc
2424 2457 2530 2501 patet

1453 2516 1535 2541 esse
1557 2503 1707 2551 falsum,
1729 2502 1818 2552 quia
1837 2515 1860 2539 a
1880 2503 2010 2541 medio
2039 2502 2145 2541 istius
2164 2503 2300 2542 mundi
2328 2515 2528 2554 nunquam

1451 2565 1551 2595 terra
1580 2563 1760 2594 movetur
1787 2556 2002 2594 secundum
2035 2565 2234 2596 naturam:
2264 2569 2357 2606 ergo
2387 2565 2424 2595 et
2451 2557 2528 2607 pri-

1452 2623 1562 2648 mum
1583 2617 1640 2647 est
1666 2610 1817 2657 falsum,
1837 2610 1979 2648 scilicet
1997 2611 2105 2659 quod
2132 2610 2206 2648 sint
2223 2611 2353 2661 plures
2378 2610 2526 2649 mundi.

1510 2665 1542 2702 5.
1569 2664 1749 2701 Secundo
1770 2663 1821 2700 ibi
1844 2668 1875 2700 ⁷:
1900 2665 1951 2700 Et
1977 2664 2013 2701 si
2038 2670 2168 2702 manet
2185 2672 2270 2713 etc.,
2287 2672 2529 2713 argumenta-

1451 2725 1511 2755 tur
1531 2719 1549 2737 *
1570 2717 1620 2754 ad
1638 2717 1742 2754 idern
1773 2729 1818 2754 ex
1845 2724 1952 2767 parte
1976 2717 2123 2767 quietis.
2145 2717 2252 2756 Sicut
2277 2717 2381 2756 enirn
2406 2717 2528 2757 mani-
2555 2728 2568 2740 ·

1451 2771 1590 2808 festum
1619 2778 1675 2808 est
1703 2769 1810 2820 quod
1838 2778 1974 2808 natura
2001 2779 2123 2809 terrae
2142 2783 2223 2810 non
2249 2771 2390 2821 patitur
2422 2770 2530 2822 quod

1451 2831 1655 2863 moveatur
1696 2823 1911 2862 secundum
1954 2832 2131 2862 naturam
2177 2837 2201 2862 a
2238 2823 2368 2862 medio
2414 2823 2529 2862 huius

1452 2877 1599 2925 mundi,
1629 2878 1679 2915 ita
1708 2878 1822 2915 etiam
1851 2885 1975 2915 terrae
2003 2885 2138 2916 natura
2165 2878 2241 2915 hoc
2269 2878 2396 2926 habet,
2421 2877 2529 2927 quod

1451 2931 1490 2968 in
1510 2931 1639 2969 medio
1659 2931 1772 2969 huius
1790 2931 1927 2969 mundi
1945 2931 2116 2980 quiescat
2130 2931 2358 2969 naturaliter.
2375 2931 2417 2969 Si
2437 2943 2528 2980 ergo

1452 2985 1539 3022 inde
1567 2986 1643 3022 huc
1671 2985 1795 3022 delata
1824 2992 1923 3022 terra
1951 2992 2082 3022 manet
2100 2984 2162 3022 hic
2186 2997 2265 3022 non
2292 2997 2362 3035 per
2379 2985 2528 3023 violen-

1451 3038 1563 3085 tiam,
1594 3037 1662 3076 sed
1690 3050 1759 3088 per
1791 3045 1988 3086 naturam,
2023 3038 2193 3088 sequitur
2219 3050 2290 3088 per
2318 3038 2529 3077 secundam

1451 3091 1754 3141 suppositionem
1794 3091 1900 3141 quod
1939 3092 1987 3129 ab
2022 3091 2086 3129 illo
2121 3091 2252 3131 medio
2281 3091 2422 3130 feretur
2451 3092 2530 3130 huc

1453 3145 1666 3183 secundum
1695 3153 1883 3182 naturam.
1914 3145 1964 3182 Et
1990 3145 2066 3183 hoc
2094 3145 2204 3195 ideo,
2231 3145 2322 3194 quia
2349 3157 2449 3183 unus
2473 3151 2530 3182 est

1452 3206 1589 3246 motus,
1609 3199 1672 3237 vel
1700 3211 1779 3236 una
1807 3198 1880 3236 loci
1901 3199 2060 3237 mutatio
2081 3206 2203 3238 terrae
2229 3198 2444 3236 secundum
2463 3209 2529 3236 na-

1453 3259 1595 3290 turam:
1616 3253 1719 3290 unde
1740 3264 1819 3290 non
1838 3260 1964 3301 potest
1983 3265 2067 3290 esse
2087 3252 2195 3302 quod
2218 3259 2379 3301 uterque
2400 3258 2530 3290 motus

1454 3305 1500 3341 sit
1518 3313 1640 3343 terrae
1661 3305 1851 3353 naturalis,
1869 3305 2010 3344 scilicet
2025 3306 2073 3344 ab
2089 3306 2153 3343 illo
2173 3305 2304 3343 medio
2322 3305 2372 3343 ad
2387 3305 2487 3343 istud
2495 3306 2528 3354 ⁸,

1455 3365 1491 3394 et
1519 3359 1566 3395 ab
1596 3359 1666 3397 isto
1695 3359 1746 3397 ad
1773 3359 1876 3397 illud.

1454 3480 1520 3506 diate
1539 3482 1751 3513 praecedentibus
1772 3490 1924 3508 sermonem
1943 3481 1986 3508 hic
2006 3489 2068 3508 ene
2088 3489 2141 3507 non
2161 3482 2248 3507 solum
2269 3482 2301 3508 de
2320 3486 2394 3507 motu
2407 3481 2528 3512 violento,

1454 3516 1500 3540 sed
1520 3517 1595 3541 etiam
1615 3518 1647 3542 de
1665 3518 1779 3543 violenta
1799 3518 1896 3551 quiete.

1525 3551 1534 3582 )
1554 3552 1675 3578 Secundo
1695 3553 1738 3578 ἰὸί.
1748 3567 1767 3572 -
1782 3554 1906 3579 Secundo
1918 3561 1973 3579 om.
1989 3553 2065 3579 codd.
2078 3560 2133 3578 exc.
2147 3553 2221 3584 sEG3
2241 3553 2428 3587 correspondet
2440 3557 2529 3578 umen

1454 3585 1489 3610 illi
1548 3587 1600 3612 imo
1619 3588 1644 3612 in
1664 3588 1744 3621 princ.
1759 3597 1833 3615 num.
1848 3597 1944 3623 praec„
1960 3594 1986 3615 et
2005 3594 2047 3614 eet
2065 3588 2180 3614 formula
2200 3594 2325 3615 consuete
2342 3588 2503 3615 unome-

2552 794 2782 830 mmm.

2555 1921 2775 1952 ‘Luam-‚1⁴-

2558 3308 2714 3333 Ἰιοεοοάά.
