2782 4134
79 1430 87 1438 ’
106 1428 141 1450 Cf.
159 1428 210 1450 lect.
224 1433 281 1454 xxii,

76 1461 98 1476 n.
109 1461 125 1476 ι.

74 1586 82 1595 ·
97 1584 159 1606 Lect.
173 1590 234 1605 xxvi.

74 1955 82 1963 ·
97 1953 159 1975 Lect.
174 1959 222 1981 seq.

76 2064 83 2073 ”
98 2062 167 2085 Num.
182 2069 203 2091 3.

315 350 450 379 ferentiae
477 349 550 377 inter
571 348 675 376 modos
703 344 826 384 ingeniti
847 349 873 371 et
894 342 999 370 modos
1019 339 1121 384 geniti.
1145 337 1241 381 Prima
1262 342 1304 364 est
1324 344 1368 362 se-

316 391 441 419 cundum
470 388 694 416 distinctionem:
716 394 784 413 nam
814 393 846 411 ex
867 388 947 419 parte
969 376 1250 423 ingenita-subaho
1279 374 1368 402 modo

316 428 567 466 comprehenditur
587 426 700 463 negatio
724 421 903 453 determinati
924 420 1004 448 modi
1029 417 1184 454 inexplendi
1210 415 1369 443 secundum

315 469 482 507 potentiam,
495 474 522 495 et
536 467 588 495 sub
602 466 658 494 alio
674 464 831 493 secundum
845 468 956 495 actum;
971 459 1022 487 sed
1036 463 1176 494 quantum
1190 456 1228 483 ad
1241 453 1371 498 negatio-

315 518 382 537 nem
403 506 593 543 incoeptionis
608 506 637 533 in
652 503 808 537 communi,
824 502 876 529 sub
891 500 995 528 eodem
1009 498 1099 525 modo
1117 494 1371 531 comprehenditur

315 548 428 586 negatio
450 546 593 584 potentiae
615 551 642 573 et
662 550 751 572 actus.
774 542 830 570 Sed
852 540 926 568 circa
944 538 1048 566 modos
1068 535 1170 574 geniti,
1188 544 1208 580 ‘e
1230 542 1370 562 converso

316 598 349 617 ex
370 593 449 624 parte
470 584 660 622 incoeptionis
680 583 710 611 in
725 580 872 611 communi
887 578 1098 614 distinguuntur
1115 573 1370 619 modl'secundurn

314 627 474 665 potentiam
495 632 522 653 et
543 625 701 653 secundum
722 628 832 654 actum;
861 619 911 647 sed
932 627 966 645 ex
986 616 1268 660 parte-determinati
1290 613 1371 657 modi

316 666 439 701 essendi,
454 666 506 693 sub
521 674 580 693 uno
595 664 684 692 modo
706 657 957 697 comprehenditur
970 662 1100 700 potentia
1111 661 1148 700 ,ετ
1169 660 1258 700 actus.
1273 670 1293 674 —
1306 652 1371 680 Aha

315 705 473 734 differentia
487 711 528 732 est
542 703 696 732 secundum
709 701 848 729 ordinem.
865 699 938 725 Nam
953 697 982 724 in
997 696 1092 740 modis
1106 699 1241 738 ingentu,¹
1249 693 1278 738 id
1291 693 1371 737 quod

314 745 436 782 pertinet
463 745 500 772 ad
521 742 739 772 determinatum
764 739 884 767 modum
911 737 1111 780 incoeptionis,
1133 739 1324 771 praemlttitur
1346 742 1371 760 e1

315 785 395 822 quod
408 784 529 821 pertinet
549 783 585 811 ad
605 780 817 817 incoeptionem
838 778 868 805 in
889 785 1053 811 commun13
1076 784 1091 803 e
1113 783 1254 820 converso
1274 779 1371 817 autem

315 825 390 854 circa
400 824 503 852 modos
513 822 613 861 geniti.
622 837 641 842 -
653 819 734 848 Ratio
750 818 833 847 huius
848 823 898 851 est,
911 816 979 853 quia
993 815 1083 844 voluit
1093 814 1261 858 Aristoteles
1275 822 1370 850 primo

314 872 423 901 ponere
444 863 547 891 modos
575 860 754 897 imperfectos
777 864 804 886 et
823 863 925 894 postea
946 856 1102 900 perfectos3
1131 860 1246 891 negatio
1273 859 1370 881 autem

314 903 423 940 proprii
444 909 486 930 est
506 901 682 938 imperfecta,
704 898 818 935 negatio
831 906 900 925 vero
922 904 1086 925 communis
1106 894 1246 939 perfecta3
1269 902 1284 921 e
1300 901 1370 921 con—

313 952 396 971 verso
411 940 564 970 affirmatio
580 938 741 968 communis
763 944 805 966 est
826 936 999 973 imperfecta,
1015 933 1170 964 affirmatio
1185 939 1281 962 autem
1302 941 1370 969 pro-

313 982 367 1019 prii
381 982 511 1019 perfecta.
521 998 539 1002 -
550 982 585 1008 Et
595 980 695 1007 eadem
710 979 745 1006 de
760 986 845 1005 causa
859 976 992 1013 partiales
1007 974 1087 1003 modi
1099 974 1258 1002 secundum
1273 978 1369 1016 actum

314 1028 341 1050 et
357 1022 514 1050 secundum
528 1019 686 1056 potentiam
707 1023 855 1054 ponuntur
875 1016 948 1044 uniti
962 1016 1015 1043 sub
1030 1014 1183 1058 negatione
1205 1021 1370 1057 communis

313 1061 393 1090 modi
413 1059 574 1097 incipiendi,
590 1065 618 1087 et
631 1057 756 1091 distincti
778 1057 876 1094 quoad
897 1055 1082 1093 negationem
1096 1053 1274 1091 particularis
1289 1052 1369 1080 modi

484 1159 750 1200 3·-.,=0stquam
779 1150 1032 1199 Philosophus
1059 1154 1285 1197 prosecutus
1315 1153 1370 1183 est

574 1204 772 1253 opiniones
810 1203 970 1241 aliorum
1000 1202 1097 1238 circa
1132 1199 1370 1250 propositam

522 1263 530 1277 ³
549 1257 835 1309 quaestionem
856 1257 903 1294 de
931 1255 1090 1301 mundo,
1116 1267 1166 1291 an
1195 1253 1241 1291 sit
1268 1253 1370 1301 geni-

395 1346 398 1347 .
520 1304 558 1341 ’δῖ’
573 1318 631 1347 tus
660 1318 696 1347 et
733 1309 1001 1359 corruptibilis,
1031 1308 1092 1345 hic
1128 1306 1372 1356 prosequitur

307 1363 538 1414 praedictam
558 1363 820 1412 quaestionem
849 1362 1061 1400 secundum
1087 1373 1197 1398 suam
1223 1360 1370 1410 opinio-

308 1429 397 1455 nem
418 1418 448 1453 *.
479 1418 527 1453 Et
552 1417 676 1466 primo
705 1416 910 1466 praemittit
937 1416 1127 1465 quaedam
1157 1426 1255 1464 quae
1285 1421 1372 1450 sunt

308 1470 517 1508 necessaria
545 1470 594 1507 ad
621 1469 949 1518 investigationem
969 1467 1174 1518 propositi3
1199 1467 1370 1505 secundo

307 1523 546 1573 prosequitur
573 1523 809 1572 propositam
837 1522 1118 1572 quaestionem,
1149 1521 1217 1558 ibi:
1238 1523 1370 1558 Deter-

309 1577 457 1613 minatis
484 1582 607 1614 autem
635 1577 691 1613 his
711 1578 730 1598 ²¹*
751 1584 819 1613 etc.
842 1576 951 1612 Circa
978 1575 1147 1624 primum
1168 1575 1245 1612 duo
1266 1574 1368 1611 facit:

308 1629 433 1678 primo
454 1629 642 1678 distinguit
660 1629 971 1678 multiplicitatem
992 1630 1130 1666 horum
1155 1628 1370 1676 nominum,

309 1682 446 1731 quibus
473 1683 587 1719 utitur
613 1683 652 1720 in
679 1682 911 1732 quaestione,
942 1682 1081 1719 scilicet
1097 1682 1217 1732 geniti
1244 1689 1279 1719 et
1316 1682 1370 1718 in-

308 1735 434 1786 geniti,
456 1735 703 1784 corruptibilis
733 1743 768 1772 et
796 1736 1084 1784 incorruptibilis
1092 1749 1106 1780 ;
1126 1735 1295 1772 secundo
1317 1735 1370 1772 di-

309 1788 459 1836 stinguit
501 1789 815 1838 multiplicitatem
856 1789 1099 1837 quorundam
1145 1788 1369 1835 nominum,

309 1854 407 1890 quae
435 1841 474 1878 in
492 1842 772 1891 praedictorum
802 1842 1021 1880 definitione
1050 1842 1205 1890 cadunt,
1233 1842 1372 1879 scilicet

303 1894 488 1943 possibilis
517 1902 552 1932 et
580 1896 833 1944 impossibilis,
863 1895 934 1933 ibi:
965 1896 1007 1932 Si
1033 1896 1157 1944 itaque
1192 1897 1286 1932 haec
1318 1896 1372 1932 sic

309 1949 446 1985 habent
464 1949 483 1969 ’²‘
504 1956 572 1985 etc.
596 1949 705 1985 Circa
724 1949 892 1998 primum
914 1949 990 1986 duo
1011 1949 1116 1985 facit:
1137 1948 1262 1997 primo
1285 1948 1373 1986 dicit

311 2001 358 2038 de
387 2013 462 2050 quo
493 2009 547 2038 est
574 2001 746 2048 intenti03
776 2002 945 2039 secundo
973 2002 1214 2051 propositum
1242 2014 1373 2052 prose-

310 2053 445 2103 quitur,
474 2053 546 2091 ibi:
575 2055 723 2092 Dicitur
750 2061 874 2092 autem
903 2055 1110 2105 ingenitum
1137 2056 1156 2076 '³
1185 2063 1253 2093 etc.

364 2107 473 2144 Circa
491 2107 659 2156 primum
680 2108 756 2145 duo
777 2107 873 2145 facit.
894 2108 1024 2145 Primo
1045 2108 1133 2146 dicit
1153 2108 1199 2146 de
1219 2122 1298 2158 quo
1319 2115 1374 2146 est

309 2160 484 2197 intentio:
515 2168 552 2197 et
580 2161 667 2198 dicit
695 2161 798 2210 quod
828 2161 926 2198 circa
953 2162 1236 2210 inquisitionem
1265 2175 1372 2213 prae-

311 2213 430 2250 dictae
446 2214 687 2262 quaestionis,
716 2214 842 2263 primo
863 2222 1011 2264 oportet
1035 2215 1263 2264 distinguere
1292 2216 1372 2266 qui-

310 2266 381 2303 bus
410 2267 534 2304 modis
555 2267 679 2316 aliqua
707 2267 882 2305 dicuntur
903 2269 1137 2317 generabilia
1158 2277 1193 2306 et
1220 2270 1372 2320 ingene-

310 2319 456 2366 rabilia,
487 2327 523 2356 et
550 2320 686 2358 iterum
714 2321 968 2369 corruptibilia
999 2329 1036 2359 et
1063 2323 1371 2371 incorruptibilia.

365 2384 400 2409 2.
412 2373 560 2410 Deinde
577 2386 664 2411 cum
676 2373 780 2411 dicit:
791 2374 1051 2423 Multipliciter
1060 2376 1159 2412 enim
1170 2376 1274 2413 dictis
1290 2384 1372 2423 etc.,

311 2425 473 2472 assignat
500 2426 684 2463 rationem
714 2440 805 2464 suae
833 2428 1059 2465 intentionis.
1090 2429 1139 2465 Et
1162 2428 1250 2466 dicit
1268 2430 1374 2478 quod

312 2478 465 2526 quando
507 2479 629 2528 aliqua
671 2480 922 2528 multipliciter
960 2481 1155 2527 dicuntur,
1198 2482 1376 2530 contingit

312 2531 543 2580 quandoque
581 2533 685 2580 quod
713 2532 773 2569 illa
810 2532 1063 2581 multiplicitas
1091 2534 1234 2573 nullam
1268 2534 1374 2571 diffe-

313 2584 472 2620 rentiam
500 2584 652 2622 inducat
671 2592 855 2634 quantum
885 2586 934 2622 ad
953 2586 1138 2623 rationem
1166 2599 1264 2635 quae
1287 2600 1375 2636 pro-

312 2635 477 2684 ponitur,
507 2637 660 2685 quando
689 2637 827 2675 scilicet
845 2644 862 2659 α
890 2637 929 2675 in
957 2638 1017 2675 illa
1046 2639 1188 2676 ratione
1218 2641 1377 2677 sumitur

314 2700 458 2725 nomen
485 2690 609 2726 solum
647 2690 685 2727 in
721 2691 798 2727 una
831 2691 1122 2739 significatione:
1152 2700 1241 2730 tunc
1274 2694 1375 2731 enim

315 2741 565 2790 multiplicitas
589 2742 838 2781 differentiam
867 2744 953 2781 facit
975 2745 1012 2781 in
1042 2745 1197 2792 ratione,
1221 2747 1375 2795 quando

314 2806 458 2831 nomen
486 2796 646 2832 sumitur
673 2796 711 2833 in
740 2796 896 2834 diversis
925 2797 1270 2846 significationibus.
1299 2800 1376 2837 Sed

313 2854 453 2894 tamen,
474 2848 558 2885 licet
585 2849 687 2886 nulla
715 2849 925 2887 differentia
940 2851 1010 2888 fiat
1038 2860 1221 2900 quantum
1251 2853 1299 2890 ad
1320 2866 1375 2890 ra-

313 2900 468 2948 tionem,
489 2909 617 2939 tamen
636 2902 842 2940 intellectus
870 2904 1054 2942 audientis
1075 2906 1230 2943 confuse
1250 2919 1290 2943 se
1310 2907 1376 2944 ha-

314 2953 396 3000 bet,
426 2954 456 2990 si
484 2954 616 3003 aliquis
643 2963 768 2993 utatur
796 2957 954 2994 nomine
992 2958 1095 3006 quod
1124 2959 1377 3008 multipliciter

313 3014 437 3055 potest
465 3007 659 3056 distingui,
690 3016 872 3058 tanquam
911 3010 1084 3059 distingui
1118 3024 1197 3049 non
1224 3021 1374 3062 posset:

315 3059 402 3107 quia
421 3061 573 3108 quando
593 3061 726 3111 aliquis
745 3062 860 3100 utitur
878 3063 1087 3101 indistincte
1108 3065 1264 3103 nomine
1280 3067 1375 3103 mul-

315 3112 427 3161 tiplici
441 3112 477 3159 β,
499 3127 576 3151 non
597 3123 652 3152 est
669 3115 912 3153 manifestum
942 3118 1152 3155 secundum
1172 3131 1289 3168 quam
1310 3132 1375 3157 na-

316 3173 438 3202 turam
463 3166 709 3215 significatam
738 3169 871 3206 accidit
900 3171 1106 3208 conclusio.

372 3219 405 3255 3.
440 3220 586 3258 Deinde
630 3234 716 3259 cum
747 3222 849 3260 dicit:
878 3223 1027 3261 Dicitur
1067 3231 1192 3262 autem
1230 3226 1374 3276 ingeni-

373 3358 399 3390 α)
418 3359 523 3390 quando
541 3360 646 3385 scilicet.
659 3375 679 3380 —
693 3362 754 3394 quia
771 3363 870 3388 scilicet
883 3364 970 3394 codd.;
990 3365 1036 3389 sed
1051 3372 1064 3389 a
1080 3370 1198 3390 contextu
1213 3366 1299 3398 potius
1313 3374 1374 3391 con-

321 3393 444 3418 ditionalis
456 3395 496 3418 vel
515 3396 664 3428 temporalis
682 3397 803 3428 particula
822 3406 900 3431 quam
920 3399 1029 3425 causalis
1048 3401 1149 3425 videtur
1167 3401 1271 3434 requiri.
1285 3415 1304 3419 -
1317 3402 1374 3427 Lin.

322 3435 377 3467 seq.
387 3435 432 3459 pro
446 3431 506 3454 tunc
520 3430 595 3459 enim,
607 3434 668 3456 tunc
681 3435 768 3457 autem
783 3433 815 3464 P3
830 3434 876 3458 sed
886 3442 944 3459 cum
960 3435 1067 3460 lectione
1081 3436 1186 3468 quando
1198 3437 1304 3467 scilicet,
1316 3445 1373 3469 par-

321 3462 396 3487 ticula
412 3465 517 3488 causalis
531 3465 620 3490 melius
631 3467 746 3499 quadrat.
762 3468 840 3492 Paulo
850 3475 908 3500 post
921 3470 1009 3495 eadem
1020 3471 1039 3495 P
1052 3479 1099 3503 pro
1110 3472 1222 3501 ratione,
1233 3472 1374 3498 rationem.

376 3496 400 3529 β)
420 3499 522 3538 nomine
536 3501 679 3532 multiplici.
693 3515 711 3520 —-
724 3503 826 3528 nomine
845 3512 897 3529 om.
912 3505 945 3535 P;
966 3513 1032 3537 quae
1051 3512 1111 3539 post
1130 3515 1210 3539 pauca
1229 3508 1307 3533 verba
1326 3516 1374 3541 pro

323 3534 446 3557 naturam
465 3534 636 3567 significatam
657 3537 716 3569 legit
734 3541 857 3563 naturam
876 3540 1026 3573 significati.

375 3567 400 3600 γ)
420 3567 498 3592 Ponit
515 3572 601 3594 autem
612 3571 710 3601 primo.
724 3585 742 3592 κ
754 3573 831 3598 Ponit
845 3581 908 3607 crgo
918 3576 1008 3607 primo
1024 3577 1057 3606 E;
1072 3578 1163 3610 primo
1177 3586 1229 3604 om.
1244 3579 1272 3604 P.
1286 3592 1303 3597 —
1317 3580 1374 3605 Lin.

323 3609 379 3634 seq.
393 3606 432 3627 est
450 3610 501 3628 om.
515 3604 587 3629 codd.
603 3612 654 3629 exc.
669 3606 724 3631 AsI.

959 263 1031 300 DE
1060 259 1235 298 CAELO
1264 258 1334 294 ET
1363 254 1556 293 MUNDO
1587 254 1683 291 LIB.
1714 255 1728 290 I

1424 331 1595 368 incipiendi;
1625 332 1675 360 sed
1697 332 1727 360 in
1748 329 1945 360 affirmatione
1967 341 1982 359 e
2004 330 2151 359 contrario
2173 339 2203 358 se
2225 331 2320 358 habet.
2335 347 2355 352 -
2372 340 2400 367 7.
2423 331 2495 359 Tres

1424 372 1505 400 modi
1533 371 1742 409 corruptibilis.
1771 373 1799 408 α)
1822 372 1989 400 Secundum
2016 371 2097 408 quod
2123 370 2227 398 dicitur
2254 370 2439 407 corruptibile
2466 370 2496 399 id

1425 412 1520 449 quod,
1543 421 1610 439 cum
1631 411 1710 448 prius
1737 412 1788 447 sit,
1817 412 1962 448 posterius
1982 412 2027 439 vel
2048 420 2109 439 non
2131 417 2173 439 est
2194 410 2238 438 vel
2266 410 2407 448 contingit
2433 420 2496 439 non

1424 461 1501 487 esse,
1530 451 1589 479 sive
1610 460 1662 487 per
1690 451 1908 488 corruptionem
1934 458 1963 480 et
1982 450 2272 485 transmutationem,
2299 450 2357 478 sive
2385 451 2496 487 absque

1424 491 1610 528 corruptione
1631 497 1659 519 et
1679 491 1932 520 transmutatione.
1955 492 1983 527 b)
1998 491 2110 520 Dicitur
2124 490 2310 527 corruptibile
2330 491 2411 527 quod
2425 499 2495 518 con-

1423 531 1507 568 tingit
1526 540 1588 559 non
1610 540 1685 566 esse,
1707 541 1769 559 non
1790 532 2086 568 quomodocumque,
2110 532 2160 559 sed
2181 540 2234 567 per
2254 529 2409 567 specialem
2431 539 2495 558 mo-

1425 572 1495 600 dum
1524 570 1727 607 corruptionis.
1757 574 1783 607 c)
1806 571 1918 600 Dicitur
1945 571 2131 608 corruptibile
2160 571 2241 608 quod
2267 571 2303 598 de
2328 569 2404 598 facili
2432 579 2496 598 cor-

1424 611 1577 648 rumpitur.
1595 627 1613 632 -
1628 612 1656 639 8.
1672 612 1833 646 Quomodo
1855 612 1885 640 hi
1906 612 1989 650 modi
2009 611 2184 640 conveniant
2205 620 2272 639 cum
2294 610 2389 638 modis
2402 610 2498 649 geniti

1425 658 1571 688 quantum*
1589 651 1626 679 ad
1648 651 1791 687 ordinem,
1807 657 1835 680 et
1856 651 1990 680 differant
2011 658 2154 689 quantum
2175 652 2212 679 ad
2234 650 2461 679 distinctionem.
2479 666 2497 672 -

1426 693 1523 726 Quare
1551 690 1747 727 Philosophus
1774 697 1872 720 utatur
1897 692 2017 720 nomine
2037 691 2133 731 geniti
2154 692 2314 720 secundum
2341 696 2447 726 actum,
2469 696 2498 718 et

1425 731 1625 769 corruptibilis
1646 731 1807 759 secundum
1827 731 1998 768 potentiam.
2014 749 2034 753 -
2049 741 2076 768 9.
2092 731 2328 769 Incorruptibilis
2342 730 2429 759 etiarn
2443 739 2497 767 po-

1424 778 1533 799 nuntur
1560 777 1617 798 tres
1646 770 1737 799 modi.
1767 770 1881 800 Primus
1909 772 2070 800 secundum
2098 771 2286 809 negationem
2315 769 2499 799 determinati

1425 811 1506 839 modi
1527 810 1692 846 desitionis‚
1708 817 1796 847 prout
1816 811 1924 840 scilicet
1943 811 2161 849 incorruptibile
2182 811 2286 841 dicitur
2301 811 2382 849 quod
2402 816 2500 847 potest

1425 851 1543 888 quidem
1571 851 1702 879 amittere
1729 860 1809 886 esse,
1838 852 1890 879 sed
1916 851 1978 880 sine
2006 852 2202 889 corruptione.
2229 852 2366 881 Secundo
2395 850 2500 879 dicitur

1424 891 1532 928 aliquid
1554 890 1770 928 incorruptibile
1796 891 1958 920 secundum
1978 891 2165 929 negationem
2193 891 2344 921 desitionis
2365 891 2396 920 in
2417 900 2498 919 corn-

1424 931 1521 966 muni,
1543 937 1631 968 prout
1658 940 1764 968 nempe
1792 931 1822 959 id
1851 932 1932 968 quod
1960 941 2038 960 nunc
2064 939 2107 961 est
2114 954 2122 969 ,
2151 932 2331 970 impossibile
2353 938 2396 960 est
2417 931 2499 968 quod

1423 978 1525 1008 postea
1553 980 1614 999 non
1636 970 1680 999 sit.
1708 972 1745 999 Et
1766 972 1823 1000 hoc
1845 971 1949 1000 dicitur
1972 971 2098 1000 maxime
2125 972 2243 1009 proprie
2270 971 2497 1009 incorruptibile.

1423 1011 1524 1039 Tertio
1546 1012 1637 1040 modo
1664 1011 1768 1040 dicitur
1788 1011 1898 1049 aliquid
1926 1011 2144 1049 incorruptibile
2172 1013 2253 1050 quod
2281 1021 2343 1041 non
2366 1013 2402 1040 de
2423 1010 2499 1040 facili

1424 1058 1628 1088 corrumpitur.

1425 1151 1503 1183 tum
1533 1154 1625 1193 etc.,
1657 1145 1847 1194 distinguit
1874 1145 2069 1195 praedicta
2103 1146 2278 1184 nomina:
2310 1154 2346 1184 et
2373 1146 2499 1196 primo

1426 1199 1634 1249 ingenitum
1674 1207 1710 1236 et
1745 1200 1916 1250 genitum
1926 1213 1940 1245 ,·
1977 1200 2147 1238 secundo
2186 1199 2427 1248 corruptibile
2465 1207 2501 1237 et

1426 1253 1726 1302 incorruptibile,
1756 1252 1824 1290 ibi:
1859 1254 1911 1290 Et
1944 1253 2187 1302 corruptibile
2223 1259 2350 1291 autem
2379 1254 2400 1273 ⁴*
2429 1261 2498 1291 etc.
2528 1265 2538 1275 ·

1426 1306 1538 1343 Circa
1556 1306 1725 1356 primum
1746 1306 1823 1344 duo
1843 1306 1948 1343 facit:
1968 1307 2095 1356 primo
2126 1306 2319 1355 distinguit
2336 1307 2413 1344 hoc
2431 1317 2500 1344 no-

1425 1372 1517 1397 men
1537 1360 1765 1410 ingenitum‚·
1783 1359 1954 1398 secundo
1974 1361 2050 1398 hoc
2069 1372 2215 1398 nomen
2228 1360 2412 1411 genitum,
2429 1358 2498 1398 ibi:

1424 1414 1569 1450 Eodem
1597 1419 1723 1451 autem
1752 1414 1864 1451 modo
1886 1415 1906 1436 ²¹⁵
1927 1421 1996 1452 etc.

1479 1467 1592 1504 Ponit
1620 1474 1749 1504 autem
1778 1467 1904 1516 primo
1933 1472 1948 1494 ⁷
1977 1467 2083 1517 quod
2116 1467 2192 1504 hoc
2220 1479 2366 1504 nomen
2394 1467 2500 1518 inge—

1426 1520 1545 1558 nitum
1575 1520 1709 1558 dicitur
1737 1520 1856 1558 tribus
1885 1521 2024 1559 modis.
2061 1521 2239 1568 Quorum
2267 1520 2416 1570 primus
2445 1527 2502 1558 est

1425 1582 1540 1622 prout
1579 1574 1714 1611 dicitur
1750 1574 1891 1623 aliquid
1931 1574 2164 1623 ingenitum,
2198 1575 2305 1624 quod
2343 1574 2500 1624 quidem

1426 1639 1528 1665 nunc
1557 1635 1624 1676 est,
1645 1628 1713 1665 sed
1741 1627 1846 1676 prius
1865 1640 1944 1665 non
1965 1635 2055 1676 erat,
2075 1628 2126 1665 ita
2145 1635 2275 1665 tamen
2298 1627 2406 1678 quod
2424 1628 2500 1665 hoc

1427 1681 1618 1730 contingat
1645 1681 1726 1718 sine
1747 1681 1993 1729 generatione
2022 1689 2058 1719 et
2081 1681 2397 1719 transmutatione
2418 1680 2500 1718 eius

1426 1734 1532 1783 quod
1566 1747 1648 1772 esse
1678 1734 1827 1784 incipit3
1862 1734 1958 1772 sicut
1977 1734 2092 1784 aliqui
2111 1742 2263 1784 ponunt
2281 1735 2501 1784 exemplum

1427 1788 1474 1825 de
1513 1800 1559 1825 eo
1588 1787 1696 1837 quod
1734 1795 1789 1825 est
1825 1788 1927 1836 tangi
1956 1795 1992 1825 et
2019 1787 2190 1834 moveri3
2230 1787 2360 1826 dicunt
2396 1788 2501 1825 enim

1426 1841 1532 1891 quod
1559 1848 1703 1879 tactum
1741 1849 1778 1878 et
1805 1849 1958 1879 motum
1986 1850 2067 1879 non
2096 1840 2280 1889 contingit
2313 1840 2497 1889 generari.

1426 1896 1476 1932 Et
1502 1896 1578 1932 hoc
1605 1895 1812 1944 probatum
1843 1902 1898 1932 est
1926 1894 1964 1932 in
1991 1895 2026 1932 V
2049 1894 2199 1943 Physic.
2221 1895 2252 1942 *‚
2282 1893 2384 1944 quia,
2411 1906 2500 1932 cum

1427 1948 1619 1996 generatio
1644 1948 1689 1986 sit
1717 1948 1909 1997 quaedam
1939 1948 2085 1998 species
2114 1955 2244 1985 motus
2272 1948 2353 1986 sive
2381 1955 2501 1986 trans-

1427 2001 1669 2049 mutationis,
1708 2002 1740 2039 si
1773 2009 1901 2039 motus
1938 2009 2201 2050 generaretur,
2237 2009 2462 2052 sequeretur
2482 2001 2504 2024 ¹⁸
2530 2009 2539 2018 ·

1427 2055 1533 2103 quod
1553 2054 1771 2092 mutationis
1791 2063 1891 2093 esset
1910 2055 2082 2093 mutatio.
2112 2055 2176 2093 Sic
2204 2067 2295 2104 ergo
2323 2062 2445 2093 tactus
2465 2062 2503 2093 et

1427 2116 1567 2156 motus,
1579 2109 1664 2145 licet
1683 2121 1766 2145 esse
1781 2108 1973 2158 incipiant,
1985 2117 2115 2146 tamen
2130 2109 2308 2147 dicuntur
2321 2108 2500 2158 ingenita,

1427 2161 1515 2211 quia
1542 2174 1620 2199 non
1649 2170 1893 2210 generantur,
1923 2175 1995 2200 nec
2024 2170 2112 2200 nata
2139 2170 2228 2200 sunt
2255 2162 2438 2211 generari.

1482 2215 1661 2253 Secundo
1690 2215 1811 2253 modo
1842 2215 1975 2253 dicitur
2003 2215 2146 2265 aliquid
2170 2229 2254 2254 esse
2274 2216 2500 2265 ingenitum,

1429 2268 1533 2319 quod
1553 2268 1710 2318 quidem
1726 2269 1907 2317 contingit
1925 2269 2008 2307 fieri
2026 2270 2089 2307 vel
2109 2282 2189 2307 non
2208 2269 2304 2316 fieri,
2321 2277 2358 2307 et
2372 2277 2504 2307 tamen

1428 2322 1603 2360 nondum
1632 2330 1687 2359 est
1706 2323 1867 2368 factum3
1897 2322 1993 2359 sicut
2020 2322 2220 2360 hominem
2241 2322 2307 2372 qui
2325 2329 2504 2360 nascetur

1429 2388 1522 2422 cras,
1554 2375 1734 2423 contingit
1762 2375 1801 2412 in
1830 2375 2002 2412 futurum
2030 2375 2114 2412 fieri
2141 2376 2204 2413 vel
2232 2387 2312 2412 non
2340 2375 2436 2423 fieri,
2465 2381 2503 2412 et

1428 2435 1559 2465 tamen
1587 2427 1723 2465 dicitur
1750 2427 1949 2476 ingenitus,
1975 2428 2064 2477 quia
2093 2428 2268 2465 nondum
2299 2436 2354 2465 est
2377 2435 2501 2465 natus.

1431 2480 1609 2517 Similiter
1647 2480 1749 2517 enim
1773 2481 1793 2501 *
1822 2488 1858 2517 et
1885 2482 1959 2518 hoc
1996 2489 2122 2530 potest
2159 2480 2232 2518 dici
2268 2481 2500 2530 ingenitum,

1430 2532 1537 2582 quasi
1565 2545 1640 2570 non
1669 2533 1851 2583 genitum,
1872 2534 1979 2583 quod
2007 2533 2188 2583 contingit
2206 2534 2390 2583 generari,
2412 2534 2503 2584 quia

1430 2586 1604 2623 nondum
1635 2593 1689 2623 est
1716 2594 1949 2634 generatum,
1980 2587 2075 2625 sicut
2104 2595 2140 2625 et
2167 2587 2258 2625 illud
2287 2588 2394 2636 quod
2422 2600 2503 2626 non

1431 2638 1611 2687 contingit
1642 2640 1813 2687 generari
1832 2637 1856 2677 δ.

1484 2693 1615 2730 Tertio
1645 2693 1764 2730 modo
1795 2693 1930 2730 dicitur
1957 2693 2098 2743 aliquid
2131 2694 2360 2742 ingenitum,
2397 2694 2503 2744 quod

1431 2745 1587 2782 omnino
1616 2746 1850 2794 impossibile
1880 2754 1935 2784 est
1962 2747 2045 2784 fieri
2073 2748 2148 2785 hoc
2177 2747 2298 2786 modo
2321 2755 2363 2785 ut
2383 2760 2502 2797 quan-

1431 2799 1558 2847 doque
1587 2799 1633 2836 sit
1662 2807 1698 2836 et
1725 2800 1958 2849 quandoque
1987 2813 2065 2838 non
2095 2801 2152 2849 sit,
2182 2801 2263 2838 sive
2291 2813 2361 2850 per
2389 2813 2502 2850 gene-

1430 2852 1616 2889 rationem
1655 2852 1734 2890 sive
1764 2866 2011 2902 quocumque
2040 2854 2114 2892 alio
2145 2855 2283 2901 mod0;
2313 2862 2349 2892 et
2368 2867 2502 2892 secun·

1431 2905 1523 2942 dum
1562 2906 1637 2943 hoc
1673 2906 1839 2954 ingenita
1877 2907 2052 2945 dicuntur
2086 2920 2186 2958 quae
2224 2920 2303 2945 non
2341 2916 2503 2958 possunt

1431 2971 1532 3006 esse,
1562 2960 1624 2996 vel
1653 2972 1752 3008 quae
1772 2972 1850 2997 non
1870 2969 2033 3009 possunt
2051 2974 2131 2999 non
2152 2974 2246 2999 esse.
2278 2961 2351 2998 Hic
2370 2969 2502 3000 autem

1429 3013 1568 3050 modus
1598 3012 1834 3061 distinguitur
1853 3013 1891 3051 in
1916 3014 2029 3052 duos:
2051 3027 2142 3052 nam
2163 3015 2397 3065 impossibile
2418 3027 2501 3053 esse

1430 3078 1497 3103 seu
1525 3065 1607 3103 fieri
1636 3066 1770 3104 dicitur
1799 3067 1996 3116 dupliciter
2014 3074 2040 3114 ‘;
2071 3081 2148 3106 uno
2173 3069 2294 3107 modo
2314 3069 2500 3117 absolute,

1430 3119 1584 3168 quando
1624 3119 1763 3157 scilicet
1804 3120 2023 3170 simpliciter
2060 3134 2138 3159 non
2177 3130 2233 3159 est
2268 3134 2407 3160 verum
2446 3122 2502 3160 di-

1431 3185 1515 3209 cere
1554 3173 1659 3222 quod
1696 3174 1770 3210 hoc
1808 3174 2013 3224 aliquando
2051 3175 2138 3222 fiat;
2178 3176 2349 3214 secundo
2379 3174 2500 3214 modo

1428 3234 1542 3274 prout
1571 3226 1703 3264 dicitur
1732 3226 1873 3276 aliquid
1906 3227 2140 3278 impossibile
2170 3229 2274 3277 fieri,
2303 3229 2393 3279 quia
2422 3240 2502 3267 non

1482 3366 1507 3401 δ)
1521 3368 1583 3400 quia
1597 3369 1713 3394 nondum
1764 3370 1899 3402 generari.
1909 3385 1927 3389 -
1941 3371 1998 3395 Hoc
2008 3378 2061 3395 om.
2071 3371 2100 3401 P,
2111 3375 2155 3396 aut
2169 3370 2230 3404 quia
2243 3370 2439 3396 homoteleuton
2453 3377 2500 3401 est.

1429 3408 1472 3427 aut
1487 3403 1547 3436 quia
1562 3411 1682 3436 expresse
1698 3411 1854 3437 expunctum
1870 3411 1909 3430 est
1924 3412 2031 3439 propter
2043 3407 2215 3431 omissionem
2229 3406 2301 3431 verbi
2317 3414 2368 3432 non
2384 3407 2410 3432 in
2425 3407 2502 3432 codd.

1429 3446 1481 3463 exc.
1495 3439 1525 3468 Α,
1541 3447 1594 3472 quo
1609 3440 1708 3464 omisso
1727 3449 1822 3466 sensus
1837 3441 1918 3466 abest.
1939 3441 2012 3472 Quae
2027 3450 2058 3467 ex
2074 3442 2206 3467 codicibus
2226 3442 2376 3472 adiecimus,
2392 3450 2499 3468 concor-

1430 3474 1567 3534 damllciim
1587 3476 1748 3507 praecedenti
1767 3477 1891 3502 similiter
1905 3477 1974 3503 enim
1995 3482 2057 3507 etc..
2077 3485 2138 3502 nam
2153 3477 2212 3503 huic
2227 3478 2414 3511 correspondet
2431 3477 2501 3504 sicut

1428 3513 1454 3534 et
1473 3510 1482 3534 i
1503 3518 1518 3534 u
1557 3515 1605 3535 etc.

1481 3545 1502 3577 ε)
1515 3546 1566 3570 Hic
1580 3549 1667 3572 autem
1682 3547 1775 3573 modus
1826 3548 1977 3580 dupliciter.
1986 3562 2005 3568 -
2015 3548 2068 3574 Hic
2083 3548 2177 3574 modus
2190 3549 2368 3583 distitrguitur
2381 3549 2408 3574 in
2423 3548 2498 3578 duos,

1425 3587 1485 3605 nam
1500 3581 1626 3613 possibile
1651 3582 1750 3608 dicitur
1776 3583 1918 3615 dupliciter
1944 3591 2000 3609 esse
2025 3584 2065 3609 vel
2082 3584 2149 3617 fieri
2167 3583 2366 3618 P.-Sequenti
2392 3584 2437 3610 lin.
2450 3591 2500 3617 pro

1424 3617 1538 3648 quando,
1559 3617 1621 3649 qula
1640 3618 1676 3649 A;
1697 3626 1743 3651 pro
1764 3619 1858 3649 dicere,
1880 3619 1934 3645 dict
1953 3620 1987 3650 P,
2008 3619 2109 3645 dicitur
2128 3620 2203 3646 codd.
2223 3627 2276 3646 exc.
2290 3619 2372 3645 AsGl.

2553 1263 2625 1286 Num.
2639 1269 2662 1292 7.

2529 1425 2538 1434 ·
2552 1423 2624 1447 Num.
2638 1430 2658 1454 5.

2530 1901 2539 1910 ·
2548 1899 2608 1929 Οιρ.
2618 1905 2636 1922 ιι
2646 1906 2653 1927 3
2663 1899 2690 1923 S.
2697 1899 2743 1923 Th.

2528 1926 2583 1950 leet.
2589 1932 2625 1955 m,
2633 1932 2657 1949 n.
2666 1933 2682 1956 9
2689 1933 2743 1956 sqq.

2530 2486 2627 2534 {letiam
2636 2492 2684 2514 opt,
2695 2492 2745 2509 om.
