2782 4134
1125 231 1238 288 cAP.
1267 251 1318 299 v,
1349 251 1502 289 LECT.
1532 252 1586 288 xx

1054 469 1357 528 LECTIO
1375 471 1620 528 'NONA

485 624 631 658 RATIO*
645 623 796 662 QUARE
819 623 932 655 POST
954 623 1194 655 PRAEMISSA
1218 624 1526 662 INQUIRENDUM
1550 625 1618 656 SIT
1641 625 1699 656 DE
1724 624 1975 656 INFINITATE
1999 623 2140 656 MUNDI
2154 642 2172 647 -

279 683 375 722 QUO
397 681 562 716 ORDINE
585 681 919 713 PROCEDENDUM
943 699 962 704 -
985 681 1121 712 PRIMA
1143 681 1280 713 RATIO
1303 682 1362 713 AD
1386 682 1659 714 PROBANDUM
1683 683 1806 721 QUOD
1831 682 2094 714 IMPOSSIBILE
2118 681 2200 713 EST
2224 681 2392 714 CORPUS

469 739 594 787 QUQD
618 738 945 771 CIRCULARITER
967 738 1186 770 MOVETUR
1208 739 1310 770 ESSE
1334 739 1563 771 INFINITUM
1587 739 1826 772 SECUNDUM
1848 740 2192 772 MAGNITUDINEM

217 870 312 910 ‘m’
342 871 416 909 ἐπεὶ
448 866 554 909 δῆλον
587 872 662 916 περὶ
693 869 850 911 τούτων,
881 871 943 904 καὶ
975 872 1050 917 περὶ
1084 872 1152 903 τῶν
1177 871 1305 903 λοιπῶν

222 951 228 954 ,
281 915 477 959 σκεπτέον,
494 917 555 948 καὶ
572 917 708 960 πρῶτον
727 915 874 960 πότερον
892 915 967 948 ἔστι
983 927 1017 949 τι
1033 917 1132 961 σῶμα
1152 915 1304 961 ἄπειρον,

293 959 406 1005 ὥσπερ
431 963 462 994 οἰ
487 961 645 993 πλεῖστοι
662 960 729 994 τῶν
750 961 898 1006 ἀρχαίων
924 960 1112 1005 φιλοσόφων
1130 959 1303 1003 ᾠήθησαν,

294 1004 316 1042 ἦ
341 1006 442 1039 τοῦτ’
470 1003 562 1039 ἐστὶν
589 1005 621 1037 ἓν
649 1017 684 1037 τι
708 1005 776 1038 τῶν
804 1000 1002 1038 ἀδυνάτων·

224 1050 278 1084 τὰ
321 1050 361 1094 ἂρ
387 1049 495 1088 οὕτως
521 1047 543 1088 ἦ
568 1049 700 1088 ἐκείνως
733 1049 822 1096 ἕχειν
850 1050 888 1082 οὗ
912 1062 948 1083 τι
972 1049 1087 1095 μικρὰν
1122 1050 1196 1083 ἀλλ’
1225 1048 1303 1082 ὅλον

222 1111 241 1122 ·-
262 1115 275 1123 2
312 1094 444 1141 ιαφὲρει
467 1096 526 1128 καὶ
551 1095 621 1128 πᾶν
647 1093 729 1138 πρὸς
755 1094 820 1131 τήν
846 1097 920 1140 περὶ
948 1096 1011 1133 τῆς
1040 1094 1200 1133 ἀληθείας
1225 1092 1306 1125 θεω-

272 1142 378 1185 ρίαν.
419 1134 547 1186 Σχεδὸν
571 1139 636 1186 γάρ
669 1138 761 1177 αὕτη
787 1140 906 1172 πασῶν
933 1139 1022 1186 ἀρχή
1047 1141 1115 1173 τῶν
1143 1137 1306 1172 ἐναντιώ-

223 1189 474 1231 ‚warde
507 1181 782 1229 ἀποφηναμένοις
815 1195 850 1218 τι
875 1187 950 1230 περὶ
982 1184 1046 1222 τῆς
1072 1183 1150 1223 ὅλης
1174 1182 1303 1227 φύσεως

222 1264 226 1267 ,
287 1231 352 1263 καὶ
375 1229 497 1277 γέγονε
521 1230 582 1261 καὶ
605 1227 732 1276 γένοιτ’
761 1229 822 1270 ἄν,

221 1269 317 1320 οἵπερ
347 1276 408 1307 καὶ
433 1273 476 1307 τό
501 1273 616 1319 μικρὸν
643 1273 845 1318 παραβῆναι
870 1273 934 1312 τῆς
962 1270 1122 1311 ἀληθείας
1155 1271 1302 1317 οἰφιστα-

291 1318 403 1366 μένοις
427 1321 564 1366 γίνεται
589 1317 700 1362 πόρρω
751 1317 984 1363 υριοπλάσιον,
1004 1317 1073 1350 οἷον
1098 1318 1129 1349 εἴ
1154 1328 1205 1354 τις
1223 1315 1303 1349 ἑλά-

240 1388 243 1391 .
317 1374 414 1396 ιστον
432 1360 520 1396 εἶναί
537 1374 575 1396 τι
590 1364 672 1406 φαίη
691 1361 846 1409 μεγεθος·
864 1362 965 1400 οὗτος
982 1362 1049 1410 γάρ
1067 1361 1301 1407 τούλάχιστον

242 1437 245 1445 2
275 1420 418 1456 4«σαι-γα
444 1407 488 1440 ὢν
514 1407 563 1441 τοὶ
593 1407 729 1453 μέγιστ’
760 1405 800 1441 ἄν
831 1406 978 1443 κινήσειε
1004 1407 1070 1440 τῶν
1102 1405 1304 1452 μαθηματι-

290 1454 370 1487 κῶν.
437 1452 541 1486 ούτου
565 1446 595 1483 δ’
625 1454 739 1484 αἴτιον
766 1450 821 1484 ὅτι
845 1452 868 1488 ἡ
895 1451 984 1497 ἀρχῆ
1015 1447 1156 1496 δυνάμει
1181 1451 1302 1495 μείζων

290 1494 317 1535 ἦ
337 1495 486 1544 μεγέθει,
512 1491 630 1537 διόπερ
657 1495 699 1530 τό
725 1496 758 1529 ἐν
786 1494 877 1543 ἀρχῇ
894 1495 1011 1541 μικρὸν
1032 1493 1066 1528 ἒν
1087 1497 1133 1538 τῇ
1152 1497 1301 1540 τελευτῇ

277 1563 279 1565 ·
314 1544 428 1575 ’ίνεται
452 1539 683 1587 παμμέγεθες.
720 1540 767 1572 Τό
791 1535 822 1572 δ’
848 1540 986 1585 ἄπειρον
1011 1542 1072 1574 καὶ
1098 1541 1205 1587 ἀρχῆς
1231 1539 1246 1574 ἔ
1274 1555 1302 1576 ει

271 1554 434 1632 -ἔύναμιν
464 1587 525 1618 καὶ
549 1585 613 1619 τοῦ
645 1585 755 1618 ποσοῦ
781 1584 847 1623 τὴν
871 1587 1061 1632 μεγίστην,
1092 1584 1175 1620 ὥστ’
1205 1553 1301 1622 οὗέὲν

221 1652 228 1660 .
290 1633 426 1667 ἄτοπον
461 1625 533 1664 οὐδ’
563 1630 689 1677 ἄλογον
716 1629 759 1662 τὰ
783 1628 989 1676 θαυμαστήν
1021 1627 1109 1664 εἶναι
1135 1631 1202 1668 τήν
1226 1629 1301 1666 δια-

267 1679 270 1681 *
289 1675 394 1724 φοράν
419 1675 457 1709 ἐκ
481 1675 546 1709 τοῦ
568 1673 689 1716 λαβεῖν
714 1675 758 1712 ὥς
785 1675 859 1709 ἔστι
877 1686 912 1709 τι
935 1675 1035 1720 σῶμα
1053 1675 1204 1721 ἄπειρον.
1244 1677 1302 1711 Διὸ

290 1722 367 1767 περὶ
390 1720 503 1754 αὐτοῦ
525 1719 670 1752 λεκτέον
696 1719 731 1762 ἐξ
759 1719 866 1765 ἀρχῆς
894 1719 1140 1762 ἀναλαβοῦσιν.

213 1762 368 1815 ’ᾼνάγκη
394 1760 439 1803 δὴ
465 1765 534 1798 πᾶν
560 1765 660 1810 σῶμα
677 1763 698 1801 ἦ
717 1765 784 1797 τῶν
812 1766 929 1798 διπλῶν
953 1761 1041 1798 εἶναι
1062 1764 1084 1802 ἥ
1103 1766 1170 1798 τῶν
1188 1765 1301 1800 συνθέ-

258 1816 261 1817 ’
288 1823 371 1854 των,
390 1809 478 1843 ὥστε
502 1811 562 1841 καὶ
588 1809 630 1842 τό
657 1808 795 1853 ἄπειρον
822 1809 844 1848 ἦ
870 1810 1001 1843 ἁπλοῦν
1029 1809 1131 1844 ἔσται
1149 1809 1170 1848 ἧ
1187 1810 1304 1844 σύνθε-

278 1867 364 1890 -τον.
392 1853 502 1887 'Ana
517 1853 584 1899 μήν
604 1855 664 1887 καὶ
684 1853 738 1888 ὅτι
780 1868 795 1888 ε
813 1853 1078 1900 πεπερασμένων
1097 1856 1163 1888 τῶν
1183 1857 1300 1889 α’πλῶν

290 1899 424 1948 ἀνάγκη
450 1898 710 1944 πεπερασμένον
734 1867 822 1933 εἶναι
848 1900 891 1933 τᾶ
917 1898 1092 1943 σύνθετον,
1112 1900 1235 1938 δῆλον·
1257 1901 1299 1935 τό

287 1945 355 1994 γάρ
370 1945 409 1979 ἐκ
426 1943 692 1989 πεπερασμένων
715 1947 775 1978 καὶ
801 1943 925 1982 πλῆθει
941 1946 1000 1978 καὶ
1018 1944 1152 1992 μεγέθει
1169 1949 1301 1993 συγκεί-

222 2022 227 2025 ,
256 2000 258 2005 ’
286 2001 387 2035 μενον
405 1989 623 2046 πεπέρανται
645 1991 704 2021 καί
731 1988 857 2027 πλήθει
880 1991 940 2023 καὶ
956 1988 1110 2037 μεγέθει·
1130 1993 1299 2024 τοσοῦτον

312 2034 355 2080 άρ
375 2035 467 2068 ἔστιν
493 2032 529 2076 εξ
555 2033 641 2067 ὅσων
668 2035 740 2068 ἐστὶ
766 2037 998 2083 συγκείμενον.
1030 2036 1159 2068 Λοιπὸν
1186 2039 1298 2069 τοίνυν

285 2048 372 2114 {derv
397 2078 544 2125 πότερον
568 2074 750 2125 ἐνδέχεταί
775 2092 809 2113 τι
830 2081 898 2112 τῶν
921 2080 1038 2113 α’πλῶν
1058 2080 1195 2126 ἄπειρον
1212 2078 1300 2114 εἶναι

288 2125 332 2160 τὸ
351 2123 509 2172 μέγεθος,
535 2122 557 2160 ἦ
584 2122 682 2158 τοῦτ’
713 2118 898 2158 ἀδύνατον.
934 2125 1230 2180 Προχειρισάμενοι
1254 2120 1299 2163 δή

288 2170 365 2214 περὶ
389 2168 453 2202 τοῦ
478 2167 614 2214 πρώτου
639 2169 708 2200 τῶν
725 2168 910 2214 σωμάτων,
929 2181 1020 2202 ουτω
1037 2171 1215 2215 σκοπῶμεν
1239 2172 1298 2203 καὶ

290 2216 365 2258 περὶ
390 2213 457 2247 τῶν
481 2213 622 2246 λοιπῶν.

212 2257 293 2293 'ovs
316 2259 377 2304 μὲν
404 2260 517 2291 τοίνυν
541 2256 675 2304 ἀνάγκη
693 2257 736 2291 τὸ
759 2257 870 2300 κύκλῳ
887 2257 1068 2302 φερόμενον
1085 2258 1299 2302 πεπεράνθαι

289 2304 374 2346 πᾶν,
400 2303 438 2336 ἐκ
463 2297 572 2336 τῶνδε
596 2297 715 2339 δῆλον.
946 2300 962 2308 ‘

170 2366 171 2369 ¹
220 2348 260 2382 m
283 2348 349 2397 γάρ
369 2347 508 2390 ἄπειρον
529 2346 572 2380 τό
595 2346 706 2388 κύκλῳ
724 2346 904 2392 φερόμενον
924 2347 1036 2392 σῶμα,
1058 2346 1190 2392 ἄπειροι
1209 2347 1300 2380 ἔσον-

283 2403 351 2427 ’ται
376 2394 412 2425 αἱ
439 2391 509 2425 ἀπὸ
534 2392 598 2424 τοῦ
622 2390 727 2436 μέσου
752 2390 1015 2436 ἐκβαλλόμεναι.
1052 2393 1124 2423 Τῶν
1150 2392 1180 2424 δ’
1203 2393 1300 2426 ἀπεί-

288 2449 353 2484 ρων
379 2437 421 2470 τὰ
446 2432 627 2480 διάστημα
661 2436 819 2481 ἄπειρον·
845 2431 1027 2480 διάστημα
1051 2430 1090 2469 δὲ
1114 2436 1204 2483 λέγω
1231 2438 1299 2470 τῶν

286 2482 468 2531 γραμμῶν,
488 2481 526 2514 οὗ
551 2477 656 2526 μηδὲν
683 2481 775 2515 ἔστιν
802 2480 865 2523 ἔξω
889 2480 1008 2522 λαβεῖν
1025 2480 1166 2528 μέγεθος
1190 2481 1300 2515 ἀπτό-

289 2538 389 2574 μενον
415 2529 484 2560 τῶν
508 2527 686 2573 γραμμῶν.
719 2524 822 2560 Τοῦτ’
847 2524 905 2559 οὖν
932 2525 1064 2573 ἀνάγκη
1093 2526 1230 2571 ἄπειρον
1257 2523 1301 2558 εἶ-

288 2584 364 2606 ναι·
391 2573 459 2606 τῶν
483 2573 549 2618 γάρ
574 2570 839 2616 πεπερασμένων
875 2572 927 2605 ἀεὶ
953 2571 1053 2605 ἔσται
1085 2571 1302 2617 πεπερασμέ-

288 2629 358 2651 νον.
392 2617 472 2649 'Eri
496 2617 526 2648 δ’
556 2616 607 2649 ἀεὶ
634 2616 708 2648 ἔστι
733 2617 797 2649 τοῦ
829 2611 988 2654 δοθέντος
1021 2616 1135 2660 μεῖζον
1165 2617 1299 2658 λαβεῖν,

289 2661 378 2696 ὥστε
395 2660 554 2706 καθάπερ
575 2658 712 2706 ἀριθμὸν
729 2660 874 2708 λέγομεν
895 2661 1046 2707 ἄπειρον,
1063 2660 1119 2694 ὅτι
1137 2661 1300 2708 μέγιστος

293 2707 352 2740 οὐκ
370 2706 479 2749 ἔστιν,
498 2707 516 2739 ὁ
533 2705 640 2744 αὐτὸς
662 2705 764 2752 λόγος
788 2708 847 2739 καὶ
866 2708 940 2750 περὶ
958 2707 1022 2739 τοῦ
1040 2701 1298 2751 διαστήματος.

287 2752 328 2784 m
353 2749 411 2784 οὖν
437 2750 480 2784 τό
503 2751 565 2795 μὲν
590 2749 730 2794 ἄπειρον
755 2751 803 2796 μὴ
829 2751 905 2784 ἔστι
929 2747 1085 2793 διελθεῖν,
1105 2752 1245 2795 ἀπείρου
1266 2746 1296 2783 δ’

291 2796 390 2836 ὄντος
415 2795 550 2843 ἀνάγκη
578 2795 716 2840 ἄπειρον
747 2796 789 2828 τὸ
821 2791 1001 2841 διάστημα
1036 2793 1143 2838 εἶναι,
1171 2796 1234 2828 οὐκ
1261 2795 1299 2829 ἂν

292 2835 469 2899 ἐνδέχοιτο
493 2840 674 2879 κινηθῆναι
697 2840 827 2882 κύκλῳ·

222 2883 285 2918 τᾶν
305 2881 336 2918 δ’
356 2886 496 2930 ουρανὸν
524 2887 588 2931 ὁρῶ
618 2897 651 2918 εν
675 2884 785 2927 κύκλῳ
811 2884 1049 2930 στρεφόμενον,
1068 2885 1193 2927 καὶτῷ
1209 2884 1300 2931 λόγῳ

290 2924 329 2962 δὲ
353 2925 555 2976 διωρίσαμεν
603 2942 636 2964 τι
662 2931 736 2963 ἐστί
763 2941 853 2968 τινος
879 2930 900 2967 ἧ
925 2929 1036 2972 κύκλῳ
1060 2932 1200 2968 κίνησις.

278 3027 429 3054 ΞΥΝοΡςιε.
454 3043 489 3048 —
518 3036 541 3055 1.
564 3027 730 3063 Infinitum,
759 3027 805 3056 cui
831 3027 1023 3056 attribuerunt
1048 3026 1136 3064 aliqui
1157 3027 1301 3055 rationem

223 3066 351 3104 perfecti,
367 3066 423 3094 dici
438 3073 534 3103 potest
546 3066 710 3104 tripliciter:
731 3069 761 3104 α)
775 3066 938 3096 secundum
952 3067 1193 3105 magnitudinem,
1213 3068 1242 3102 b)
1257 3076 1301 3095 se·

223 3107 354 3135 cundum
375 3115 541 3142 numerum,
563 3109 590 3142 c)
606 3108 767 3135 secundum
789 3107 1132 3136 durationem.-Textus
1155 3107 1266 3135 divisio.
1282 3123 1301 3128 -

225 3154 252 3175 2.
275 3146 485 3183 inquirendum
506 3146 603 3182 primo
624 3156 662 3174 an
684 3146 720 3175 sit
741 3147 861 3184 aliquod
883 3157 989 3184 corpus
1015 3147 1162 3175 infinitum
1183 3147 1214 3175 in
1234 3153 1300 3175 actu

223 3187 387 3216 secundum
408 3186 650 3223 magnitudinem.
675 3187 773 3221 Quare
793 3187 865 3215 haec
879 3187 1012 3224 quaestio
1027 3187 1145 3216 iteretur
1162 3187 1220 3223 hic,
1234 3193 1301 3224 post

225 3226 302 3256 dicta
315 3226 345 3255 in
357 3228 392 3254 111
403 3227 612 3265 Physicorum.
622 3243 641 3248 -—
655 3226 680 3254 3.
690 3226 792 3254 Differt
801 3233 900 3255 autem
913 3236 975 3255 non
989 3227 1139 3256 modicum
1150 3228 1188 3256 ad
1199 3236 1300 3264 specu-

222 3267 364 3295 lationem
378 3266 506 3295 veritatis
522 3273 619 3294 utrum
641 3266 677 3294 sit
697 3266 742 3294 vel
756 3275 819 3294 non
833 3266 869 3294 sit
883 3266 1004 3303 aliquod
1023 3277 1130 3304 corpus
1143 3267 1194 3295 tali
1209 3268 1300 3295 modo

224 3306 386 3335 infinitum:
409 3306 520 3335 inducit
546 3306 625 3334 enim
647 3306 839 3334 differentiam
861 3306 936 3335 circa
956 3313 1052 3340 toturn
1073 3307 1250 3342 universum,
1273 3313 1301 3335 et

224 3346 302 3375 circa
315 3356 435 3375 omnem
457 3346 721 3375 considerationem
743 3346 914 3374 naturalem.
930 3364 949 3368 —
963 3356 991 3381 4.
1006 3348 1043 3374 Et
1059 3346 1145 3375 huius
1159 3347 1233 3375 ratio
1249 3350 1300 3382 est,

225 3386 295 3424 quia
315 3387 507 3424 principium,
530 3387 582 3415 etsi
604 3386 640 3415 sit
660 3386 810 3414 modicum
832 3386 1001 3423 quantitate,
1024 3393 1067 3414 est
1088 3395 1228 3423 magnum
1243 3387 1300 3415 vir-

224 3433 296 3455 tute.
319 3427 403 3455 Unde
417 3436 499 3456 error
519 3427 654 3456 modicus
675 3427 751 3455 circa
763 3426 952 3463 principium,
968 3426 998 3454 in
1013 3426 1070 3454 fine
1085 3426 1300 3463 multiplicatur,

226 3466 296 3504 quia
316 3466 452 3504 pertingit
479 3468 518 3496 ad
546 3467 647 3496 omnia
674 3467 711 3495 ad
733 3475 807 3504 quae
833 3475 864 3494 se
892 3465 1020 3494 extendit
1046 3465 1136 3494 virtus
1157 3465 1300 3502 principii.

225 3506 374 3535 Infinitum
402 3513 501 3535 autem
528 3508 616 3536 habet
643 3507 787 3536 rationem
813 3505 964 3543 principii,
993 3512 1022 3534 et
1047 3515 1115 3534 cum
1136 3506 1194 3534 hoc
1214 3506 1302 3534 habet

224 3546 315 3575 etiam
337 3547 494 3576 maximam
515 3547 649 3576 virtutem
672 3547 771 3584 quoad
793 3546 993 3584 quantitatem.
1015 3563 1036 3567 -
1058 3546 1084 3574 5.
1107 3546 1184 3580 Quo·
1197 3545 1301 3574 ordine

226 3587 456 3623 procedendum.
486 3588 600 3624 Corpus
622 3597 711 3616 omne
739 3594 789 3615 aut
810 3593 853 3615 est
873 3586 994 3623 simplex
1021 3592 1071 3614 aut
1093 3585 1300 3622 compositum.

226 3626 414 3655 Manifestum
429 3633 472 3655 est
486 3634 584 3656 autem
599 3628 680 3666 quod
695 3637 801 3664 corpus
823 3626 1019 3663 compositum
1041 3635 1102 3654 non
1123 3632 1219 3662 potest
1238 3634 1300 3654 esse

1359 871 1376 888 ⁴¹
1392 873 1454 905 Sed
1478 873 1634 915 quoniam
1650 873 1856 904 manifestum
1876 874 1914 904 de
1937 873 1998 913 his,
2015 880 2047 906 et
2065 874 2104 905 de
2121 873 2250 916 reliquis
2270 874 2435 905 intenden-

1428 918 1508 949 dum
1523 925 1580 949 est.
1604 918 1646 949 Et
1661 918 1766 958 primo
1790 925 1899 949 utrum
1923 925 1970 950 est
1992 928 2109 960 corpus
2124 918 2298 958 infinitum,
2322 929 2435 960 quem-

1427 963 1608 994 admodum
1630 962 1760 1004 plurimi
1783 962 1990 1004 antiquorum
2011 963 2285 1004 philosophorum
2307 970 2435 1004 putave-

1426 1014 1519 1046 runt;
1543 1014 1599 1038 aut
1621 1007 1684 1038 hoc
1706 1017 1811 1037 unum
1835 1014 1881 1038 est
1904 1007 2035 1048 aliquod
2058 1007 2266 1049 impossibile.

1359 1051 1410 1084 Sic
1434 1052 1520 1083 enim
1544 1052 1599 1084 aut
1621 1052 1678 1083 illo
1695 1051 1795 1082 modo
1819 1051 1933 1082 habere
1955 1062 1998 1091 se,
2023 1062 2090 1083 non
2112 1051 2233 1094 aliquid
2255 1051 2435 1091 modicum,

1427 1097 1482 1127 sed
1501 1103 1607 1128 totum
1631 1095 1751 1126 differre
1775 1095 1849 1126 facit
1872 1103 1903 1127 et
1925 1106 2022 1127 omne
2038 1097 2078 1127 ad
2101 1107 2173 1128 eam
2196 1106 2278 1138 quae
2300 1096 2338 1127 de
2356 1096 2435 1127 veri—

1425 1147 1489 1172 tate
1508 1140 1770 1182 speculationem.
1790 1140 1868 1171 Fere
1889 1140 1974 1171 enim
1996 1141 2059 1172 hoc
2076 1141 2225 1172 omnium
2240 1141 2435 1182 principium

1426 1185 1715 1217 contradictionum
1744 1185 1980 1216 enuntiantibus
2009 1185 2129 1227 aliquid
2158 1186 2197 1217 de
2227 1192 2295 1217 tota
2323 1191 2435 1217 natura

1426 1237 1458 1262 et
1480 1229 1541 1261 fuit
1564 1237 1595 1261 et
1618 1229 1675 1260 erit
1698 1229 1820 1270 utique.

1358 1273 1524 1316 Siquidem
1547 1274 1604 1316 qui
1620 1273 1786 1305 modicum
1806 1281 2015 1314 transgressus
2033 1274 2128 1306 fuerit
2142 1285 2161 1305 a
2176 1274 2316 1314 veritate,
2334 1274 2432 1307 disce-

1426 1320 1504 1350 dens
1522 1317 1558 1350 fit
1572 1319 1668 1360 longe
1683 1318 1756 1359 plus
1772 1318 1874 1349 decies
1896 1319 2020 1358 millies,
2037 1326 2115 1360 puta
2129 1319 2154 1350 si
2170 1319 2242 1361 quis
2265 1319 2434 1351 minimam

1425 1364 1566 1405 aliquam
1590 1363 1673 1394 dicat
1697 1373 1764 1394 esse
1788 1363 2058 1404 magnitudinem:
2083 1363 2127 1395 sic
2151 1363 2236 1394 enirn
2259 1363 2433 1395 minimum

1425 1408 1642 1447 introducens,
1653 1407 1791 1438 maxima
1805 1408 1916 1449 utique
1940 1408 2101 1439 amovebit
2121 1408 2431 1440 mathematicorum.

1425 1453 1532 1485 Huius
1548 1459 1656 1484 autem
1675 1463 1780 1491 causa,
1797 1452 1872 1494 quia
1884 1452 2078 1493 principium
2086 1453 2202 1484 virtute
2216 1453 2320 1484 maius
2334 1463 2434 1494 quam

1424 1497 1659 1538 magnitudine:
1679 1504 1875 1538 quapropter
1888 1498 1978 1538 quod
1994 1497 2027 1527 in
2038 1497 2194 1538 principio
2211 1497 2388 1536 modicum,
2400 1498 2434 1528 in

1423 1542 1487 1573 fine
1498 1541 1534 1573 fit
1546 1542 1686 1573 multum
1699 1552 1863 1582 magnum.
1877 1540 2042 1572 Infinitum
2056 1548 2164 1573 autem
2179 1541 2326 1583 principii
2339 1541 2433 1573 habet

1423 1586 1575 1618 virtutem
1594 1593 1624 1618 et
1639 1586 1750 1628 quanti
1766 1586 1948 1618 maximam.
1970 1586 2080 1627 Itaque
2104 1586 2183 1617 nihil
2207 1585 2433 1617 inconveniens

1424 1641 1529 1673 neque
1554 1630 1767 1662 irrationabile
1798 1630 1975 1661 mirabilem
2003 1640 2070 1661 esse
2100 1629 2306 1662 differentiam
2333 1640 2371 1662 ex
2394 1640 2432 1661 eo

1424 1676 1515 1718 quod
1537 1675 1674 1707 sumitur
1689 1675 1780 1718 quod
1794 1682 1840 1706 est
1857 1675 1989 1717 aliquod
2005 1685 2121 1716 corpus
2137 1674 2308 1706 infinitum.
2327 1674 2345 1694 *
2356 1675 2432 1706 Pro-

1424 1727 1494 1762 pter
1516 1721 1607 1762 quod
1623 1721 1662 1751 de
1681 1720 1753 1761 ipso
1777 1720 1949 1752 dicendum
1967 1731 1986 1751 a
2005 1719 2164 1760 principio
2187 1719 2431 1751 resumentibus.

1355 1765 1492 1797 Necesse
1514 1765 1622 1807 itaque
1645 1775 1744 1796 omne
1771 1775 1887 1806 corpus
1908 1772 1964 1796 aut
1978 1764 2173 1805 simplicium
2189 1774 2256 1796 esse
2272 1771 2328 1796 aut
2344 1774 2431 1795 com-

1423 1810 1620 1852 positorum:
1645 1819 1743 1852 quare
1767 1817 1797 1841 et
1819 1809 1982 1841 infinitum
2015 1816 2071 1840 aut
2102 1809 2237 1850 simplex
2265 1816 2320 1840 aut
2346 1819 2432 1840 com-

1423 1855 1576 1896 positum.
1602 1855 1665 1887 Sed
1680 1854 1784 1886 adhuc
1800 1861 1830 1886 et
1853 1855 1953 1896 quod,
1969 1853 2064 1886 finitis
2081 1853 2289 1895 simplicibus,
2307 1863 2433 1885 necesse

1423 1899 1552 1931 finitum
1581 1909 1649 1930 esse
1677 1898 1913 1940 compositum,
1938 1899 2062 1940 palam:
2095 1909 2132 1930 ex
2161 1897 2256 1930 finitis
2285 1898 2371 1929 enim
2403 1905 2434 1929 et

1423 1944 1630 1976 multitudine
1659 1950 1690 1976 et
1712 1944 1931 1984 magnitudine
1963 1943 2199 1984 compositum,
2230 1942 2359 1974 finitum
2387 1949 2434 1974 est

1424 1996 1456 2021 et
1478 1989 1685 2020 multitudine
1709 1996 1739 2020 et
1767 1988 2001 2029 magnitudine:
2034 1995 2160 2020 tantum
2191 1988 2278 2019 enim
2309 1994 2372 2026 est,
2397 1998 2434 2019 ex

1423 2033 1550 2076 quantis
1575 2041 1621 2066 est
1649 2034 1878 2075 compositum.
1902 2033 1920 2052 *
1934 2034 2042 2065 Restat
2069 2033 2166 2074 igitur
2187 2033 2294 2064 videre
2323 2039 2433 2064 utrum

1423 2079 1588 2120 contingat
1606 2078 1739 2120 aliquod
1758 2077 1953 2120 simplicium
1971 2077 2134 2109 infinitum
2150 2088 2217 2109 esse
2239 2077 2431 2118 magnitudi-

1422 2134 1478 2162 ne,
1503 2131 1558 2156 aut
1579 2123 1643 2155 hoc
1662 2123 1869 2164 impossibile.
1893 2123 2228 2164 Praeargumentantes
2259 2129 2366 2154 autem
2395 2122 2434 2153 de

1422 2168 1528 2209 primo
1552 2178 1735 2210 corporum,
1756 2168 1800 2199 sic
1822 2168 2025 2199 intendamus
2049 2174 2080 2199 et
2103 2168 2141 2199 de
2165 2167 2303 2209 reliquis.

1355 2258 1455 2297 Quod
1478 2258 1610 2300 quidem
1633 2258 1729 2299 igitur
1751 2267 1879 2289 necesse
1902 2257 1942 2289 sit
1965 2268 2082 2299 corpus
2105 2258 2195 2300 quod
2214 2257 2432 2290 circumfertur

1422 2302 1551 2334 finitum
1575 2312 1642 2334 esse
1665 2313 1774 2341 omne,
1799 2313 1836 2333 ex
1860 2302 1908 2333 his
1932 2303 2048 2343 palam.

1355 2348 1388 2380 Si
1404 2348 1491 2379 enim
1507 2347 1669 2379 infinitum
1687 2348 1777 2388 quod
1794 2346 2013 2378 circumfertur
2032 2357 2159 2388 corpus,
2179 2347 2320 2378 infinitae
2339 2354 2432 2379 erunt

1422 2403 1505 2434 quae
1529 2403 1547 2424 a
1570 2392 1678 2423 medio
1703 2391 1906 2432 egredientes.
1933 2391 2132 2423 infinitarum
2152 2398 2260 2423 autem
2284 2392 2431 2423 distantia

1422 2436 1561 2468 infinita:
1586 2435 1745 2468 infinitam
1761 2436 1847 2467 enim
1862 2436 2044 2468 distantiam
2068 2436 2139 2467 dico
2153 2436 2321 2475 linearum,
2339 2436 2430 2468 cuius

1423 2482 1546 2513 nullam
1559 2488 1605 2512 est
1624 2488 1708 2512 extra
1720 2491 1845 2512 sumere
1857 2481 2111 2521 magnitudinem
2123 2488 2305 2521 tangentem
2320 2481 2429 2512 lineas.

1423 2527 1516 2558 Hanc
1538 2526 1634 2566 igitur
1657 2535 1783 2557 necesse
1807 2533 1854 2557 est
1875 2525 2033 2557 infinitam
2057 2534 2138 2557 esse:
2163 2525 2325 2557 finitarum
2344 2526 2430 2557 enim

1423 2581 1550 2612 semper
1573 2570 1632 2602 erit
1653 2570 1760 2609 finita3
1785 2571 1889 2602 adhuc
1912 2578 2020 2602 autem
2043 2581 2168 2612 semper
2191 2578 2238 2602 est
2268 2571 2338 2602 data
2362 2582 2430 2602 ma-

1422 2615 1525 2647 iorem
1549 2615 1700 2656 accipere.
1721 2615 1841 2657 Itaque,
1866 2616 2143 2657 quemadmodum
2162 2625 2334 2647 numerum
2358 2616 2430 2647 dici-

1423 2671 1496 2692 mus
1519 2660 1681 2692 infinitum
1704 2660 1780 2702 quia
1798 2660 1956 2691 maximus
1980 2670 2047 2691 non
2071 2667 2133 2700 est,
2158 2661 2269 2691 eadem
2292 2660 2371 2691 ratio
2401 2668 2431 2692 et

1423 2706 1462 2736 de
1491 2705 1647 2738 distantia.
1673 2705 1706 2736 Si
1733 2705 1829 2746 igitur
1857 2704 2019 2736 infinitum
2050 2715 2116 2736 non
2149 2712 2195 2736 est
2223 2705 2429 2746 pertransire,

1422 2749 1549 2782 infinito
1572 2757 1681 2781 autem
1704 2757 1776 2781 ente
1799 2760 1925 2781 necesse
1957 2749 2138 2781 distantiam
2161 2749 2318 2781 infinitam
2342 2760 2428 2790 esse,

1422 2805 1490 2826 non
1513 2795 1625 2837 utique
1649 2795 1810 2836 continget
1833 2795 2085 2826 circummoveri.

1356 2883 1492 2915 Caelum
1515 2890 1624 2914 autern
1646 2883 1793 2914 videmus
1809 2883 2031 2922 circumvolvi3
2049 2889 2079 2914 et
2102 2882 2222 2913 ratione
2239 2882 2429 2913 determina-

1422 2929 1528 2960 vimus
1551 2928 1627 2970 quia
1651 2935 1697 2959 est
1719 2928 1852 2959 alicuius
1877 2927 2034 2959 circularis
2058 2934 2175 2959 motus.

1356 3025 1513 3061 infinitum,
1526 3024 1548 3053 si
1561 3025 1702 3062 simplicia
1713 3025 1770 3053 sint
1782 3024 1964 3053 multitudine
1979 3030 2006 3052 et
2021 3023 2220 3060 magnitudine
2234 3022 2323 3052 finita.
2336 3024 2427 3051 Porro

1355 3066 1386 3094 in
1407 3065 1647 3103 praecedentibus
1668 3072 1818 3094 ostensum
1833 3071 1875 3093 est
1890 3073 2013 3101 corpora
2033 3063 2175 3100 simplicia
2196 3072 2258 3091 esse
2278 3063 2360 3092 finita
2373 3072 2427 3092 nu—

1356 3115 1447 3134 mero.
1476 3107 1573 3134 Restat
1595 3115 1663 3142 ergo
1684 3106 1781 3133 videre
1802 3112 1899 3132 utrum
1928 3104 2047 3140 aliquod
2075 3103 2249 3140 simplicium
2270 3112 2428 3140 corporum

1355 3146 1448 3183 possit
1461 3155 1523 3174 esse
1538 3146 1683 3173 infinitum
1695 3145 1901 3182 magnitudine.
1911 3161 1930 3165 -
1942 3145 1968 3171 6.
1982 3143 2146 3171 Subdivisio
2158 3149 2260 3171 textus.
2270 3144 2345 3172 -Ad
2360 3153 2429 3180 pro-

1355 3186 1484 3223 positum
1499 3186 1714 3214 ostendendum
1736 3191 1882 3221 ponentur
1902 3183 1998 3220 primo
2020 3183 2147 3212 rationes
2167 3183 2303 3220 propriae
2317 3184 2354 3212 de
2369 3183 2428 3212 sin-

1355 3226 1429 3263 gulis
1451 3225 1638 3262 corporibus3
1668 3225 1858 3262 postmodum
1885 3223 2011 3252 rationes
2033 3233 2206 3252 communes
2233 3224 2270 3251 de
2291 3223 2429 3252 omnibus

1356 3267 1441 3302 (lect.
1457 3267 1535 3301 xm).
1565 3265 1664 3293 Primo
1686 3271 1783 3292 autem
1805 3265 1841 3292 de
1863 3263 1958 3300 primo
1987 3272 2127 3300 corpore,
2150 3264 2178 3291 h.
2198 3273 2224 3292 e.
2247 3264 2283 3292 de
2305 3273 2428 3300 corpore

1356 3307 1437 3343 quod
1451 3305 1626 3334 circulariter
1647 3310 1788 3339 movetur,
1810 3304 1952 3340 probatur
1967 3305 2047 3341 quod
2062 3310 2179 3340 oportet
2195 3313 2257 3332 esse
2272 3303 2396 3332 finitum.
2409 3320 2429 3325 —

1357 3356 1383 3383 7.
1400 3346 1502 3373 Prima
1517 3345 1600 3372 ratio.
1624 3345 1738 3380 Corpus
1756 3343 1904 3372 infinitum
1926 3353 1988 3372 non
2005 3350 2104 3382 posset
2118 3344 2229 3372 moveri
2244 3343 2426 3372 circulariter.

1356 3387 1430 3414 Nam
1446 3385 1476 3412 in
1491 3393 1614 3420 corpore
1636 3383 1750 3412 infinito
1772 3383 1864 3412 lineae
1881 3384 2058 3421 egredientes
2073 3393 2090 3412 a
2105 3390 2204 3412 centro
2218 3384 2429 3421 protrahuntur

1356 3426 1385 3454 in
1400 3424 1558 3453 infinitum:
1581 3425 1659 3452 unde
1681 3423 1816 3452 distantia
1836 3424 1911 3453 inter
1931 3433 1980 3453 eas
2001 3431 2044 3453 est
2065 3423 2185 3453 infinita.
2207 3425 2246 3452 Ut
2266 3431 2364 3453 autem
2379 3424 2428 3453 fiat

1356 3472 1454 3494 motus
1475 3464 1630 3499 circularis,
1652 3470 1772 3500 oportet,
1789 3464 1870 3501 quod
1883 3474 1944 3493 una
1957 3464 2033 3493 linea
2053 3464 2201 3501 perveniat
2221 3465 2259 3492 ad
2273 3464 2361 3492 situm
2382 3463 2425 3493 al-

1355 3505 1457 3534 terius:
1480 3514 1549 3541 ergo
1571 3504 1688 3532 deberet
1709 3503 1739 3532 in
1755 3504 1909 3541 hypothesi
1930 3504 2103 3541 pertransire
2125 3504 2249 3541 spatium
2271 3504 2426 3539 infinitum,

1356 3546 1437 3582 quod
1451 3551 1494 3572 est
1508 3544 1698 3580 impossibile.
1713 3545 1790 3581 Ergo
1805 3544 1878 3572 nihil
1890 3554 2022 3581 unquam
2037 3544 2212 3573 circulariter
2225 3551 2398 3573 moveretur.
2408 3559 2428 3565 -

1356 3586 1383 3613 8.
1400 3585 1469 3613 Dari
1483 3591 1581 3612 autem
1595 3590 1710 3612 motum
1732 3584 1909 3620 circularem,
1924 3591 1952 3613 et
1966 3591 2086 3622 apparet
2100 3586 2137 3613 ad
2154 3594 2281 3621 sensum,
2297 3591 2326 3613 et
2340 3592 2428 3621 supra

1356 3625 1443 3653 etiam
1465 3624 1610 3661 (lect.1v)
1631 3634 1684 3661 per
1704 3623 1848 3653 rationem
1869 3626 2025 3661 probatum
2048 3630 2099 3653 est.

2464 884 2473 893 ·
2485 883 2678 913 Cap.v.Text.33.

2459 1687 2469 1697 ⁶
2483 1686 2551 1709 Text.
2565 1694 2601 1717 34.

2461 2044 2470 2054 '¹
2484 2044 2552 2066 Text.
2567 2049 2600 2072 35.
