2782 4134
38 1878 113 1903 mm
125 1878 229 1911 energu-

87 1915 117 1928 .·v¹
135 1914 193 1930 er

1045 297 1158 334 CAP.
1186 296 1238 344 v,
1268 296 1420 333 LECT.
1450 296 1540 334 xlv

253 382 309 412 est
335 375 441 423 quod
469 383 642 423 augetur:
671 382 801 412 utrum
830 374 970 412 scilicet
998 376 1123 412 solum
1147 375 1241 412 illud
1261 375 1321 411 cui

252 428 394 477 aliquid
426 429 650 477 apponitur,
679 441 758 465 non
791 435 919 465 autern
946 428 1038 464 illud
1067 428 1170 477 quod
1203 440 1321 476 appo-

252 480 352 518 nitur
365 487 397 527 ”3
417 482 479 518 vel
498 481 624 530 potius
644 489 803 529 augetur
820 489 1038 529 utrumque.
1055 481 1172 517 Verbi
1191 481 1320 528 gratia,

254 533 351 571 cruri
379 533 536 571 alicuius
564 534 737 571 animalis
765 533 970 583 apponitur
998 534 1158 582 aliquid,
1185 533 1323 570 scilicet

255 587 378 624 cibus:
397 594 527 623 utrum
549 599 638 635 ergo
659 600 745 624 crus
765 594 924 635 augetur
943 593 980 622 et
997 587 1041 623 fit
1059 586 1195 632 maius,
1216 585 1322 622 cibus

254 647 383 677 autern
417 640 481 688 qui
514 640 718 689 apponitur
744 640 807 677 vel
842 639 1010 686 additur,
1040 651 1118 675 non
1147 646 1320 686 augetur,

254 692 323 730 sed
342 701 453 741 auget
471 691 518 729 P?
547 693 676 740 Quare
706 705 796 741 ergo
826 693 943 729 ambo
973 704 1052 728 non
1081 698 1323 739 augmentata

254 745 369 782 sunt?
400 746 614 795 Utrumque
648 746 750 783 enirn
779 747 823 783 fit
856 745 995 792 maius,
1030 752 1067 781 et
1099 743 1190 780 illud
1219 744 1324 791 quod

254 799 459 848 apponitur
491 807 527 836 et
555 800 648 837 illud
683 800 741 836 cui
778 799 1001 848 apponitur;
1041 797 1136 834 sicut
1168 797 1323 845 quando

255 864 344 890 cum
360 852 453 890 vino
473 852 653 890 miscetur
668 865 781 901 aqua,
796 852 948 890 videtur
961 858 1166 899 utrumque
1182 849 1322 898 augeri,
1337 854 1339 858 ’

255 905 344 954 quia
371 913 576 955 utrumque
603 906 647 943 fit
674 906 799 943 maius
823 906 962 943 eodem
982 903 1101 941 modo
1121 908 1150 939 χ.

309 970 345 1006 7.
366 958 517 996 Deinde
542 971 631 996 cum
660 959 764 997 dicit:
793 959 872 996 Aut
898 958 1077 1007 quoniam
1101 956 1211 993 huius
1239 962 1323 1003 etc„

255 1011 369 1048 solvit
395 1012 662 1061 quaestionem
689 1025 759 1062 per
785 1012 874 1050 illud
905 1011 1010 1060 quod
1039 1022 1154 1058 supra
1171 1008 1192 1031 *
1219 1008 1320 1057 posi-

254 1071 337 1101 tum
366 1072 438 1112 est,
468 1065 608 1103 scilicet
635 1066 740 1116 quod
769 1073 919 1115 oportet
945 1064 985 1101 id
1013 1062 1119 1113 quod
1147 1068 1323 1109 augetur,

255 1128 412 1154 manere
433 1119 645 1157 secundum
666 1119 927 1158 substantiam.
949 1117 1041 1154 Ideo
1055 1116 1076 1138 '¹‘
1091 1127 1181 1164 ergo
1201 1127 1323 1151 unum

257 1170 391 1208 dicitur
410 1173 538 1220 augeri
563 1180 599 1210 et
626 1186 706 1210 non
724 1174 839 1222 aliud,
869 1171 1053 1220 quoniam
1080 1169 1205 1215 huius,
1233 1175 1326 1216 puta

253 1224 509 1274 οωτὶεἺ--εω
527 1226 677 1263 additur
703 1226 740 1274 Ψ,
779 1233 910 1264 manet
946 1222 1174 1268 substantia,
1211 1220 1325 1257 huius

256 1285 385 1315 autem
415 1279 520 1328 quod
549 1280 716 1329 additur,
745 1288 838 1330 puta
861 1278 951 1325 cibi,
971 1289 1051 1315 non
1079 1281 1209 1312 manet
1237 1274 1325 1310 sub—

253 1331 412 1369 stantia:
452 1333 685 1370 convertitur
721 1333 823 1371 enim
861 1332 967 1369 cibus
1003 1330 1042 1366 in
1076 1326 1324 1365 substantiam

257 1383 338 1423 eius
367 1385 472 1434 quod
500 1386 662 1424 nutritur
690 1394 727 1424 et
760 1394 930 1435 augetur.
959 1385 1010 1421 Et
1037 1380 1127 1432 quia
1154 1380 1193 1417 in
1221 1379 1325 1416 obie-

257 1437 383 1475 ctione
410 1439 529 1476 fiebat
556 1440 700 1477 mentio
729 1440 777 1477 de
805 1439 1000 1485 mixtione,
1022 1433 1185 1472 ostendit
1213 1433 1326 1470 etiam

254 1490 296 1531 in
322 1491 506 1530 mixtione
534 1493 656 1530 simile
676 1505 770 1531 esse.
791 1494 896 1530 Nam
924 1492 963 1529 id
982 1489 1088 1527 cuius
1117 1486 1325 1524 substantia

256 1551 399 1591 manet,
420 1545 556 1583 dicitur
583 1559 666 1584 esse
695 1547 900 1584 dominans
933 1545 973 1582 in
998 1540 1201 1587 mixtione,
1231 1539 1326 1577 sicut

257 1597 393 1635 dicitur
421 1610 503 1636 esse
529 1599 677 1647 vinum,
704 1600 866 1650 quando
887 1610 1026 1649 parum
1056 1594 1104 1632 de
1133 1606 1233 1643 aqua
1261 1593 1322 1630 ad-

257 1649 438 1689 miscetur
456 1658 475 1673 ·'
495 1653 614 1690 multo
633 1653 743 1691 vino:
766 1661 802 1691 et
829 1654 904 1690 hoc
924 1655 1083 1703 apparet
1103 1659 1148 1684 ΕΚ
1171 1646 1326 1696 propria

257 1704 492 1753 operatione,
512 1718 613 1754 quae
634 1715 689 1744 est
708 1707 866 1745 evidens
890 1707 1040 1756 signum
1069 1700 1228 1750 speciei3
1248 1708 1327 1738 tota

256 1757 362 1795 enim
380 1757 544 1796 mixtura
562 1759 650 1797 facit
669 1761 932 1810 operationem
951 1761 1032 1799 vini
1051 1760 1083 1802 ²¹²,
1104 1754 1244 1792 scilicet
1265 1767 1324 1791 ca-

255 1810 466 1850 letaciendo
497 1819 532 1849 et
561 1814 825 1862 confortando,
847 1827 926 1852 non
954 1821 1083 1852 autem
1112 1813 1199 1850 facit
1227 1821 1326 1863 opus

257 1865 392 1920 aquae.
422 1866 471 1902 Et
490 1865 611 1903 simile
637 1874 692 1904 est
711 1868 759 1905 de
773 1867 794 1890 *
808 1868 1049 1906 alteratione:
1070 1866 1159 1916 quia
1187 1867 1218 1904 si
1240 1879 1326 1916 per-

310 2025 336 2058 υ)
354 2025 422 2059 quid
439 2027 508 2053 illud
524 2031 598 2053 est...
610 2028 682 2060 quod
699 2029 854 2061 apponitur.
871 2043 891 2048 —
908 2029 980 2062 quod
997 2033 1038 2055 est
1056 2029 1085 2055 id
1103 2029 1176 2062 quod
1193 2032 1326 2062 augetur,

257 2062 348 2086 utrum
365 2061 466 2089 scilicet
485 2063 514 2089 id
531 2063 575 2089 cui
598 2064 752 2096 apponitur,
773 2072 826 2090 non
845 2068 935 2090 autem
954 2066 1027 2098 quod
1045 2065 1108 2098 (aut
1126 2065 1198 2098 quod
1217 2072 1268 2090 non
1290 2064 1326 2096 P)

256 2096 402 2129 apponitur
420 2098 505 2124 PCab.

260 2146 262 2148 ·
311 2132 340 2167 φ)
359 2134 435 2159 erun·
451 2134 598 2162 alicuius...
610 2136 659 2161 sed
676 2140 766 2170 auget.
784 2151 803 2156 —
820 2137 871 2161 Pro
890 2136 965 2162 cruri*
978 2137 1001 2161 A
1014 2136 1093 2161 habet
1105 2135 1179 2168 signa
1197 2135 1274 2160 nobis
1289 2135 1327 2159 in-

257 2169 425 2205 explicabilia,
443 2178 512 2204 quae
525 2179 574 2204 pro
589 2172 692 2197 duobus
710 2173 798 2197 verbis
815 2172 900 2205 posim
913 2172 995 2197 videri
1009 2176 1118 2205 possent
1123 2178 1131 2202 ;
1151 2176 1177 2196 et
1190 2170 1328 2204 prosequi-

256 2207 313 2229 tur:
331 2204 457 2231 animalis
470 2207 584 2233 alieuius
601 2208 749 2240 apponitur
760 2208 858 2242 aquuis
871 2208 956 2238 cibus,
976 2214 1038 2233 crus
1052 2210 1169 2241 augetur
1182 2210 1208 2232 et
1219 2207 1256 2232 sit
1269 2207 1327 2239 (fit)

257 2239 357 2269 maius,
376 2241 450 2267 cibus
468 2242 574 2274 quidem
593 2243 704 2268 additus
723 2251 774 2268 non
794 2247 911 2277 augetur
929 2243 976 2268 sed
994 2246 1084 2276 auget.

309 2276 340 2311 χ)
363 2276 509 2311 Utrumque
520 2279 589 2304 enim
602 2280 671 2312 fit...
686 2279 777 2304 eodem
793 2280 882 2304 modo.
894 2293 913 2298 —
930 2279 1076 2310 Utrumque
1093 2278 1163 2303 enim
1177 2277 1260 2310 (enim
1273 2284 1328 2301 om.

257 2310 295 2352 P.)
314 2319 367 2337 non
385 2314 425 2346 fit
443 2314 544 2344 maius,
562 2315 610 2340 sed
628 2315 658 2340 id
675 2315 747 2348 quod
770 2315 918 2347 apponitur
936 2321 1003 2344 non,
1022 2317 1049 2339 et
1068 2314 1096 2339 id
1113 2313 1158 2339 cui
1181 2312 1328 2345 apponitur

257 2353 313 2378 διες
331 2350 359 2373 et
371 2348 440 2374 sicut
453 2350 561 2382 quando
575 2351 666 2376 vinum
681 2350 807 2376 miscetur
820 2357 914 2383 aquae,
930 2349 1036 2375 videtur
1051 2349 1108 2382 (sic.
1117 2350 1173 2374 Aut
1187 2351 1329 2380 utrumque

257 2386 382 2416 augetur,
393 2385 617 2416 quemadmodum
627 2386 735 2419 quando
745 2393 831 2419 aquae
845 2386 971 2411 miscetur
981 2385 1071 2410 vinum
1077 2391 1086 2414 ‚·
1100 2384 1206 2409 uidetur
1215 2383 1285 2408 enim
1296 2382 1327 2415 C)

258 2419 401 2453 uirumque
420 2428 472 2445 non
491 2421 508 2452 (
510 2429 562 2446 non
582 2429 636 2446 om.
651 2421 725 2453 PCb)
743 2421 848 2456 augeri,
869 2421 931 2453 quia
951 2423 1092 2453 utrumque
1111 2427 1163 2444 non
1183 2419 1253 2451 (non
1274 2426 1328 2443 om.

258 2451 385 2488 ¹²0⁶}ss
402 2456 488 2481 maius
507 2457 598 2482 eodem
618 2457 698 2482 modo
713 2457 803 2488 PCab;
826 2464 874 2490 pro
892 2455 956 2489 quia
975 2459 1117 2487 utrumque
1128 2454 1167 2487 fit
1185 2454 1272 2479 maius
1285 2460 1328 2478 eo-

258 2489 318 2515 dem
337 2490 425 2521 modo,
445 2491 508 2524 quia
527 2492 665 2525 utriusque
683 2493 770 2517 maius
787 2493 819 2517 A.

313 2523 342 2559 ψ)
361 2525 447 2556 huius,
461 2530 533 2559 puta
551 2528 647 2557 cruris,
660 2528 704 2553 cui·
721 2527 843 2553 additur.
857 2540 875 2547 -
887 2526 967 2552 huius
984 2526 1090 2559 quidem
1102 2525 1202 2551 scilicet
1219 2525 1263 2550 cui
1281 2524 1330 2549 ad-

283 2560 290 2567 '
349 2565 420 2593 puta
437 2563 526 2588 cruris
543 2563 636 2593 PCab‚·
654 2563 741 2588 statim
760 2563 838 2588 etiam
856 2567 918 2596 post
935 2565 1024 2587 autem
1043 2561 1103 2586 add.
1113 2561 1221 2586 scilicet.
1239 2573 1259 2579 —
1276 2567 1329 2585 non

259 2599 384 2624 mam...
397 2598 470 2624 cibus
488 2606 542 2624 om.
555 2599 610 2628 Ca‚·
627 2599 687 2624 ideo
699 2599 715 2624 b
729 2599 791 2632 legit
804 2601 874 2631 puta
891 2598 973 2628 cibus,
988 2603 1014 2622 et
1027 2605 1081 2622 om.
1095 2604 1149 2622 non
1169 2598 1259 2621 manet
1270 2595 1331 2621 sub-

259 2632 362 2657 stantia
380 2637 406 2658 et
423 2633 510 2663 ciba-35
528 2634 548 2659 P
567 2642 622 2659 om.
635 2634 786 2660 substantia
805 2639 831 2659 et
848 2634 930 2660 cibus.

312 2667 345 2700 ω)
363 2668 398 2694 de
415 2676 487 2702 aqua
504 2669 676 2696 admiscetur.
693 2683 713 2689 —
730 2670 764 2695 de
781 2677 852 2702 aqua
865 2669 980 2702 ponitur
998 2675 1066 2701 quae
1084 2668 1209 2693 miscetur
1226 2667 1258 2692 A.

2367 301 2440 337 313

1378 385 1532 415 maneat
1560 390 1648 414 caro
1668 377 1707 415 in
1726 390 1795 415 sua
1814 378 2021 415 substantia
2039 384 2075 399 ‘²⁰‘
2096 385 2132 415 et
2150 379 2252 427 quod
2273 379 2363 427 quid
2380 385 2443 427 est,

1378 431 1475 468 idest
1503 431 1692 480 quidditas
1729 437 1797 468 seu
1834 431 1980 481 species
2015 431 2094 468 eius
2110 460 2119 478 ,
2154 431 2280 481 aliqua
2316 439 2443 468 autem

1378 484 1504 532 passio
1535 485 1582 521 de
1602 496 1763 521 numero
1792 497 1860 533 per
1888 497 1928 521 se
1957 484 2211 521 accidentium
2249 485 2443 532 adveniat,

1379 549 1477 586 quae
1496 538 1600 586 prius
1619 550 1699 574 non
1717 537 1849 586 inerat,
1866 537 1957 575 illud
1973 537 2080 586 quod
2097 545 2298 586 permanet
2313 538 2445 575 dicitur

1380 602 1461 627 esse
1491 591 1700 628 alteratum.
1725 591 1775 628 Et
1793 590 1961 628 similiter
1989 598 2138 640 oportet
2156 589 2191 619 “³¹³
2216 591 2308 628 illud
2340 590 2445 639 quod

1379 651 1547 690 augetur,
1575 656 1813 692 permanere.

1434 696 1476 733 Id
1496 704 1624 734 autem
1645 709 1721 746 quo
1742 697 1883 746 aliquid
1903 697 2089 743 alteratur,
2111 696 2252 733 scilicet
2270 696 2443 743 alterans,

1381 749 1611 798 quandoque
1632 749 1670 786 in
1689 751 1792 786 nullo
1821 757 2115 787 transmutatum
2145 757 2212 796 est,
2241 761 2367 797 neque
2387 761 2445 785 se-

1381 802 1548 838 cundum
1563 803 1783 851 passionem
1803 815 1926 852 neque
1948 803 2160 840 secundum
2177 802 2443 850 substantiam,

1380 855 1476 892 sicut
1495 855 1676 903 contingit
1690 855 1729 892 in
1747 855 1804 892 his
1824 868 1921 904 quae
1941 864 2057 904 agunt
2080 860 2214 892 et‘non
2241 855 2443 904 patiuntur,

1381 908 1476 945 sicut
1513 921 1676 957 corpora
1713 909 1910 946 caelestia:
1953 909 2186 958 quandoque
2227 920 2322 946 vero
2347 900 2397 945 xet
2424 908 2444 930 '¹‘

1380 962 1507 1011 ipsum
1535 963 1698 999 alterans
1716 962 1855 1009 patitur
1878 969 1914 998 et
1933 969 2216 1008 transmutatur,
2237 961 2331 998 sicut
2352 969 2407 998 est
2425 961 2445 983 ’¹‘

1381 1015 1419 1052 in
1435 1015 1659 1064 corporibus
1675 1015 1926 1062 inferioribus,
1947 1027 2044 1064 quae
2064 1023 2180 1064 agunt
2199 1021 2235 1051 et
2252 1014 2445 1063 patiuntur

1381 1069 1609 1116 adinvicem,
1638 1076 1680 1105 ut
1707 1067 1803 1104 infra
1821 1068 1841 1089 ’¹‘
1863 1068 2015 1117 patebit.
2047 1068 2125 1105 Sed
2152 1068 2191 1105 in
2218 1074 2328 1104 motu
2356 1080 2445 1116 aug-

1382 1122 1521 1169 menti,
1559 1122 1678 1159 virtus
1711 1122 1892 1168 alterans,
1928 1129 1963 1158 et
1997 1134 2095 1170 quae
2132 1129 2187 1158 est
2216 1121 2444 1170 principium

1382 1183 1522 1223 motus,
1543 1187 1584 1212 se
1602 1175 1718 1212 habet
1732 1186 1778 1211 ex
1796 1181 1901 1223 parte
1921 1174 2169 1222 augmentati:
2192 1174 2298 1224 quod
2317 1182 2445 1211 tamen

1381 1229 1432 1265 ita
1460 1229 1607 1276 alterat,
1637 1228 1742 1277 quod
1771 1227 1885 1264 etiam
1914 1228 2090 1264 alteratur
2114 1233 2155 1264 ⁷⁷.
2186 1230 2228 1266 In
2256 1228 2314 1264 his
2343 1227 2445 1264 enirn

1381 1294 1480 1330 quae
1510 1289 1709 1329 augentur,
1740 1288 1795 1321 est
1821 1280 2047 1330 principium
2077 1289 2203 1318 motus
2231 1281 2444 1329 augmenti,

1382 1334 1522 1372 scilicet
1536 1334 1585 1372 ad
1601 1335 1838 1371 alterandum
1858 1342 1893 1371 et
1913 1334 2214 1371 convertendum
2234 1334 2360 1371 cibum
2381 1334 2446 1383 qui

1382 1387 1543 1426 additur.
1574 1388 1674 1435 Quia
1703 1387 1733 1424 si
1757 1387 1831 1424 hoc
1851 1400 1930 1424 non
1957 1395 2066 1432 esset,
2097 1387 2202 1425 cibus
2230 1387 2446 1435 ingrediens

1383 1454 1520 1490 corpus
1550 1441 1602 1478 sic
1629 1440 1749 1488 magis
1777 1448 2020 1488 generaretur
2045 1438 2089 1488 ὃὸ,
2121 1448 2156 1477 et
2184 1441 2370 1489 acciperet
2398 1440 2446 1477 ad

1382 1507 1491 1532 suam
1510 1502 1684 1531 naturam
1705 1494 1795 1531 illud
1817 1506 1955 1543 corpus
1979 1494 2084 1542 quod
2108 1493 2327 1541 ingreditur:
2356 1501 2448 1542 puta

1383 1560 1471 1585 cum
1499 1548 1669 1596 spiritus,
1699 1547 1796 1583 idest
1821 1554 1959 1584 ventus
1988 1559 2056 1584 seu
2084 1559 2149 1584 aer
2175 1553 2213 1593 ἰ,
2243 1546 2448 1594 ingreditur

1381 1609 1507 1638 utrem
1537 1608 1573 1638 et
1601 1600 1687 1637 facit
1715 1612 1803 1636 eum
1830 1600 2035 1637 maiorem:
2067 1600 2131 1637 vel
2157 1600 2323 1648 spiritus,
2353 1599 2448 1636 idest

1383 1654 1522 1701 anima,
1543 1653 1748 1702 ingreditur
1773 1665 1910 1702 corpus
1931 1661 1967 1690 et
1987 1653 2200 1690 conformat
2219 1653 2344 1702 ipsum
2365 1652 2446 1689 sibi.

1383 1707 1460 1745 Sed
1475 1720 1555 1745 non
1570 1715 1626 1744 est
1640 1707 1706 1744 ita:
1723 1706 1933 1756 quinimmo
1946 1706 2051 1743 cibus
2066 1706 2280 1754 ingrediens
2296 1717 2446 1754 corpus,

1382 1761 1563 1811 patiendo
1583 1773 1605 1797 a
1625 1772 1786 1809 corpore
1807 1760 1990 1807 animalis,
2008 1760 2273 1808 corrumpitur,
2291 1771 2448 1796 conver-

1382 1828 1446 1852 sus
1460 1814 1481 1836 '¹‘
1497 1814 1535 1851 in
1556 1826 1695 1863 corpus
1715 1813 1962 1859 animalis;'et
1979 1813 2209 1862 principium
2229 1812 2448 1849 mutationis

1382 1881 1461 1906 non
1482 1875 1537 1905 est
1555 1867 1595 1904 in
1613 1868 1688 1904 hoc
1708 1866 1813 1916 quod
1833 1866 1994 1915 additur,
2011 1866 2079 1903 sed
2093 1866 2132 1903 in
2147 1878 2193 1903 eo
2211 1865 2270 1902 cui
2286 1865 2445 1903 additur.

1436 2028 1482 2060 αα)
1495 2027 1520 2052 si
1529 2029 1690 2060 permaneat
1702 2032 1766 2052 caro
1779 2026 1806 2051 in
1816 2033 1865 2051 sua
1879 2025 2038 2050 substantia.
2047 2038 2065 2044 -
2076 2024 2100 2050 si
2108 2027 2252 2056 permanet
2265 2031 2329 2049 caro
2339 2024 2425 2050 PCab.
2433 2038 2452 2044 —

1382 2063 1433 2088 Pro
1451 2063 1543 2096 aliqua
1561 2066 1659 2091 autem,
1673 2065 1700 2087 et
1713 2061 1804 2094 aliqua
1816 2062 1838 2086 A
1845 2068 1853 2092 ;
1872 2069 1920 2094 pro
1935 2060 2031 2089 inerat,
2046 2063 2113 2090 erat,
2129 2065 2154 2085 et
2167 2066 2222 2084 esse
2235 2065 2293 2084 ante
2307 2060 2451 2085 alteratum

1383 2107 1437 2125 om.
1453 2099 1539 2123 PCab.

1438 2133 1479 2168 ββ)
1500 2134 1536 2158 Et
1553 2132 1677 2158 sfmiliter
1695 2135 1809 2165 oportet.
1827 2146 1845 2151 -
1863 2131 1901 2157 Et
1919 2132 1957 2157 sic
1975 2134 2080 2164 oportet
2093 2131 2125 2155 A.
2142 2144 2162 2149 -
2179 2131 2229 2155 Pro
2249 2130 2320 2162 quod
2336 2134 2452 2163 augetur

1378 2176 1553 2203 permanere,
1568 2169 1640 2201 quod
1648 2171 1792 2201 permanet
1803 2167 1899 2200 augeri
1911 2167 1984 2192 ACa.
1995 2181 2014 2186 -
2026 2167 2089 2191 Post
2106 2166 2201 2191 lineam
2219 2173 2267 2198 pro
2285 2166 2450 2198 quandoque,

1383 2206 1454 2238 quod
1467 2213 1522 2230 om.
1532 2205 1562 2235 A,
1582 2204 1689 2237 quando
1708 2204 1760 2234 Ca‚·
1779 2203 1884 2228 inferius
1904 2208 1964 2235 post
1986 2202 2117 2232 caelestia,
2137 2209 2184 2234 pro
2203 2201 2368 2233 quandoque,
2387 2208 2452 2234 quo-

1383 2241 1456 2266 niam
1475 2241 1516 2265 ed.
1531 2247 1562 2269 a,
1582 2239 1690 2272 quando
1709 2239 1739 2264 C.

1435 2275 1479 2309 γγ)
1499 2282 1527 2300 se
1545 2275 1655 2300 habet...
1669 2274 1741 2307 quod
1758 2274 1839 2299 etiam
1858 2275 2000 2299 alteratur.
2018 2287 2037 2294 -
2056 2273 2094 2297 ita
2112 2279 2140 2297 se
2158 2272 2237 2297 habet
2255 2275 2384 2303 exparte
2402 2279 2451 2296 au-

1382 2311 1503 2345 gumenti
1521 2310 1584 2343 quia
1603 2310 1703 2335 alterat
1720 2313 1747 2334 et
1765 2310 1836 2342 quod
1854 2310 1988 2334 alteratur
2007 2309 2039 2340 C;
2064 2313 2183 2340 corrupte
2202 2315 2250 2340 pro
2268 2308 2450 2340 augmentati,

1383 2346 1522 2380 augmenti
1546 2345 1643 2370 habent
1668 2346 1744 2370 etiam
1769 2345 1862 2374 PAab‚·
1886 2352 1933 2377 pro
1958 2344 2030 2377 quod
2054 2343 2146 2372 etiam,
2167 2346 2196 2368 ut
2214 2342 2294 2367 etiam
2313 2343 2345 2367 A.
2363 2357 2382 2361 -
2400 2343 2451 2367 Pro

1383 2382 1468 2410 enim,
1488 2384 1576 2406 autem
1596 2381 1627 2405 A.

1437 2416 1477 2450 ὃὸ)
1496 2417 1535 2442 sic
1553 2416 1640 2450 magiS
1657 2418 1843 2449 generaretur.
1856 2430 1875 2434 -
1893 2415 1980 2449 magis
1994 2415 2079 2447 ipsum
2092 2414 2164 2447 quod
2177 2417 2353 2448 generaretur
2372 2414 2412 2438 ed.
2424 2420 2450 2443 a,

1385 2453 1473 2486 magis
1492 2452 1578 2484 ipsum
1597 2452 1669 2484 quod
1687 2454 1830 2484 generaret
1844 2451 1873 2482 C,
1887 2451 1974 2484 mag-is
1988 2451 2073 2483 ipsum
2087 2453 2231 2484 generaret
2244 2449 2280 2480 A;
2296 2449 2336 2474 ed.
2350 2450 2365 2474 b
2379 2449 2452 2481 ponit

1385 2492 1412 2514 et
1429 2493 1489 2513 ante
1506 2488 1545 2513 sic
1562 2487 1657 2520 magis,
1677 2491 1703 2511 et
1719 2494 1773 2512 om.
1793 2491 1851 2511 ante
1868 2487 2010 2518 acciperet.
2023 2499 2042 2505 -
2054 2486 2105 2510 Pro
2124 2486 2195 2518 quod
2213 2485 2372 2518 ingreditur,
2391 2491 2452 2509 cum

1386 2524 1468 2557 (quod
1487 2523 1519 2556 C)
1539 2523 1727 2556 ingrederetur
1746 2522 1837 2551 PCab:
1855 2529 1903 2554 pro
1922 2524 2062 2549 naturam,
2082 2521 2223 2546 materiam
2241 2521 2273 2544 A.

1439 2559 1474 2591 εε)
1494 2559 1563 2584 idest
1581 2561 1676 2583 ventus
1699 2565 1744 2583 seu
1763 2565 1820 2583 aer.
1837 2571 1857 2576 -
1874 2564 1919 2582 seu
1938 2561 2031 2583 ventus
2049 2557 2081 2582 A.
2099 2571 2118 2576 —
2136 2557 2186 2581 Pro
2205 2559 2308 2586 utrem,
2333 2558 2452 2580 ventrem

1385 2595 1478 2625 Peab;
1496 2602 1544 2627 pro
1562 2597 1589 2619 et
1599 2594 1681 2627 facit,
1694 2593 1767 2627 facit
1784 2594 1808 2618 A
1814 2601 1822 2624 ;
1841 2600 1889 2625 pro
1908 2594 1950 2618 vel
1967 2593 2085 2625 spiritus,
2099 2595 2126 2617 et
2141 2592 2253 2624 spiritus
2271 2592 2306 2622 A;
2325 2599 2373 2623 pro
2391 2598 2452 2616 con-

1380 2630 1487 2665 format
1512 2630 1598 2662 ipsum
1616 2629 1681 2660 sibi,
1699 2627 1762 2662 fdrt
1780 2628 1937 2662 (sormatP)
1957 2628 2042 2660 ipsum
2062 2628 2097 2660 A,
2116 2627 2252 2661 confortat
2274 2627 2360 2658 ipsum
2383 2626 2453 2652 scili-

1385 2669 1427 2691 cet
1445 2665 1493 2690 Ca.

410 3697 479 3729 Opp.
499 3697 529 3720 D.
545 3696 658 3720 ”summa
678 3696 709 3720 Τ.
725 3696 764 3720 ΠΙ.

2238 3697 2272 3720 40

2562 398 2596 414 αα

2561 600 2592 634 ββ

2472 917 2556 939 'idm

2472 970 2482 980 ⁶
2497 972 2533 991 est
2546 976 2594 992 om.
2605 970 2671 992 rcab.

2473 1081 2483 1092 ⁸
2499 1080 2556 1108 cap.
2567 1086 2613 1108 vu,
2629 1087 2652 1102 n.
2671 1087 2685 1108 9

2562 1444 2590 1469 ὂδ

2570 1559 2593 1576 ΞΕ

2476 1823 2486 1834 “
2494 1829 2629 1844 conversum
2637 1822 2688 1844 rab.
