2690 4062
1078 255 1190 292 CAP.
1222 256 1289 303 lx,
1320 256 1472 294 LECT.
1502 258 1554 294 XI
1797 239 1800 242 ’
2282 272 2412 298 cxxmn

930 487 1232 544 LECTIO
1269 491 1703 548 UNDECIMA

547 639 767 676 SEQUITUR
790 640 848 670 DE
872 640 1100 672 SPECIEBUS
1125 642 1417 679 QUALITATUM
1441 645 1709 676 PASSIVARUM
1733 646 1775 677 lN
1798 646 2089 678 PARTICULARI

207 771 398 803 ’Μαλακτσὶ
420 764 450 802 δ’
479 769 553 803 ἐστὶ
578 770 646 803 τῶν
677 770 888 818 πεπηγότων
920 770 985 804 ὅσα
1010 773 1057 815 μη
1083 771 1118 814 ἐξ
1144 767 1291 813 ὕδατος,

287 814 356 847 οἷον
376 813 588 859 κρύσταλλος
608 815 780 862 (πᾶςιγσίρ
801 815 1013 860 κρύσταλλος
1032 813 1194 860 ὕδατος),
1216 815 1292 850 ἀλλ’

286 857 354 892 ὅσα
377 860 442 905 γῆς
465 860 610 904 μᾶλλον,
631 862 690 892 καὶ
715 860 796 904 μήτ’
818 860 1025 903 ἑξίκμασται
1046 862 1114 894 πᾶν
1134 863 1174 894 τό
1193 863 1292 908 ὑγρόν

285 902 398 949 ὥσπερ
425 904 458 936 ἐν
483 906 596 949 νίτρῳ,
619 902 640 941 ἦ
667 906 756 946 οἱλσὶ,
779 903 862 950 μήτ’
884 906 954 951 ἔχει
980 904 1165 951 ἀνωμάλως
1182 905 1292 952 ὥσπερ

285 949 302 980 ὁ
320 947 480 1004 κέραμος,
499 949 572 982 ἀλλ’
590 949 672 981 εἰσὶν
691 950 800 983 ἑλκτά
815 950 862 995 μή
881 950 967 983 ὄντα
985 946 1126 992 &av-roz,
1141 950 1162 988 ἦ
1180 952 1294 985 ἑλατά

286 993 334 1037 μή
361 1004 447 1026 οντα
474 991 620 1034 ὕδατος,
647 996 705 1026 καὶ
739 996 907 1039 μαλακταῖ
931 997 1029 1040 πυρὶ,
1056 996 1126 1028 οἷον
1157 995 1290 1039 σίδηρος

284 1039 344 1069 καὶ
368 1036 468 1082 κέρας
492 1040 550 1070 καὶ
575 1037 674 1079 ξύλα.

210 1081 312 1114 Ἔστι
335 1076 373 1114 δὲ
407 1085 465 1115 καὶ
500 1083 568 1115 τῶν
600 1084 737 1120 τηκτῶν
766 1086 825 1116 καὶ
859 1085 926 1116 τῶν
957 1081 1120 1120 ἀτηκτων
1153 1084 1201 1118 τοὶ
1232 1086 1292 1130 μὲν

286 1129 436 1173 τεγκτοί,
459 1129 507 1159 τά
530 1123 560 1159 δ’
584 1128 758 1174 ἄτεγκτσὶ,
781 1130 849 1161 οἷον
874 1128 1003 1174 χαλκὸς
1030 1128 1215 1175 ἄτεγκτον,
1234 1141 1293 1167 τη-

284 1173 371 1204 κτόν
390 1170 440 1214 ὃν,
459 1171 544 1218 ἔριον
561 1167 600 1211 δὲ
616 1177 674 1206 καὶ
691 1175 737 1218 γῆ
757 1175 923 1220 τεγκτόν·
947 1174 1110 1219 βρέχεται
1126 1173 1203 1220 γάρ.
1226 1176 1291 1206 Καὶ

466 1218 500 1250 ἐν
525 1211 569 1254 δή
595 1221 740 1260 τηκτὸν,
767 1220 831 1265 οὐχ
856 1219 907 1262 ὑφ’
933 1214 1061 1256 ὕδατος
1085 1213 1124 1250 δὲ
1149 1218 1289 1255 τηκτόν.

278 1260 479 1294 ’Δλλάκαὶ
505 1262 572 1294 τῶν
603 1263 654 1306 ὑφ’
684 1258 811 1302 ὕδατος
844 1263 980 1301 τηκτῶν
1006 1262 1079 1294 ἔνια.
1112 1262 1290 1308 ἄτεγκτοι,

239 1320 243 1322 -
286 1304 356 1338 οἷον
382 1307 493 1350 νίτρον
516 1308 575 1338 καὶ
602 1305 699 1345 ἅλες·
727 1304 807 1341 οὐδὲ
831 1310 896 1355 γάρ
919 1307 1002 1340 ἄλλο
1021 1307 1168 1353 τεγκτόν
1194 1306 1291 1339 οὐδὲν

286 1349 303 1382 ὃ
336 1350 383 1393 μή
418 1351 662 1396 μαλακώτερον
698 1354 834 1398 γίνεται
871 1351 1088 1397 βρεχόμενον.
1122 1351 1221 1383 Ἐνια
1255 1347 1291 1383 δέ

286 1394 423 1439 τεγκτοὲ
448 1393 534 1428 ὄντα
559 1393 598 1428 οὐ
623 1396 741 1434 τηκτά
767 1395 872 1438 ἐστιν,
892 1397 960 1428 οἷον
979 1395 1065 1439 ἔριον
1086 1396 1144 1427 καὶ
1163 1398 1192 1427 οἰ
1212 1407 1294 1438 καρ-

287 1440 358 1470 ποί.
389 1439 489 1471 Ἔστι
513 1436 551 1471 δὲ
577 1442 712 1486 τεγκτοὶ
735 1442 795 1485 μὲν
821 1440 885 1473 ὅσα
909 1442 973 1487 γῆς
999 1439 1085 1472 ὄντα
1118 1439 1187 1484 ἔχει
1212 1441 1292 1477 τους

264 1481 409 1527 ·πόρους
441 1484 572 1527 μείζους
605 1485 673 1517 τῶν
706 1486 770 1517 τοῦ
802 1481 930 1523 ὕδατος
964 1485 1092 1530 ὄγκων,
1123 1484 1229 1517 ὄντων
1254 1483 1292 1516 δέ

284 1529 520 1572 σκληροτέρων
553 1529 616 1562 τοῦ
650 1527 796 1567 ὕδατος·
824 1531 940 1567 τηκτά
969 1525 998 1561 δ’
1027 1524 1131 1561 ὕδατι
1157 1528 1222 1561 ὅσα
1250 1524 1287 1560 δι’

287 1569 380 1605 ὅλου.
407 1573 471 1605 Διαὶ
489 1574 523 1605 τί
540 1568 570 1604 δ’
592 1574 613 1610 ἡ
632 1574 692 1617 μὲν
716 1574 762 1620 γῆ
787 1576 845 1606 καὶ
867 1573 1018 1610 τήκεται
1041 1575 1099 1605 καὶ
1125 1572 1292 1620 τέγγεται

285 1615 356 1649 ὁτι-ὂ
381 1617 445 1649 τοῦ
470 1618 587 1663 ὖγροῦ,
606 1618 648 1650 το
674 1612 712 1652 δὲ
729 1620 840 1662 νίτρον
858 1617 1008 1655 τήκεται
1029 1619 1102 1663 μὲν,
1123 1617 1292 1672 τέγγῖται

284 1653 313 1691 δ’
336 1659 396 1701 οὔ;
424 1659 480 1693 ὅτι
505 1662 538 1694 ὲν
564 1663 624 1707 μὲν
649 1663 698 1704 τῷ
722 1665 822 1707 νίτρῳ
846 1657 884 1694 δι’
910 1662 988 1696 ὅλου
1014 1665 1044 1695 οἱ
1069 1661 1179 1707 πόροι,
1201 1673 1305 1694 ωστε,

284 1715 326 1782 ge
349 1704 535 1749 διαιρεῖται
567 1704 664 1744 εὐθύς
689 1707 756 1739 ὑπὸ
781 1708 844 1740 τοῦ
877 1703 1005 1746 ὕδατος
1036 1707 1085 1740 τοὶ
1108 1706 1230 1752 μόρια,
1257 1706 1291 1739 ἐν

306 1761 324 1782 ε
349 1750 394 1792 τῇ
419 1751 466 1795 γῇ
490 1752 550 1783 καὶ
571 1750 755 1795 παραλλάξ
781 1752 864 1783 εἰσιν
883 1754 913 1784 οἱ
939 1752 1051 1797 πόροι,
1069 1749 1146 1783 ὥσθ’
1167 1750 1292 1784 ὁποτέ-

284 1805 347 1836 ρως
373 1793 414 1827 ἂν
439 1794 600 1838 δέξηται,
625 1794 776 1840 διαφέρει
800 1796 842 1828 τὸ
867 1795 989 1835 πάθος.

210 1879 311 1914 Ἔστι
328 1880 367 1915 δὲ
389 1885 448 1915 καὶ
466 1884 515 1916 ταὶ
532 1885 590 1929 μὲν
610 1884 678 1916 τῶν
695 1882 864 1929 σωμάτων
887 1884 1039 1929 καμπτοί
1054 1886 1111 1916 καὶ
1130 1883 1289 1925 εὖθυντοί,

286 1926 356 1960 οἷον
380 1925 537 1973 κάλαμος
561 1930 619 1961 καὶ
635 1927 752 1975 λόγος,
771 1930 821 1961 τά
844 1924 872 1960 δ’
895 1929 1067 1974 α”καμπτα
1093 1929 1160 1961 τῶν
1178 1927 1291 1972 σωμά-

285 1983 368 2014 των,
395 1972 465 2004 οἷον
488 1972 635 2018 κέραμος
659 1975 718 2005 καὶ
741 1972 844 2011 λίθος.
873 1973 972 2006 Ἔστι
996 1969 1034 2005 δὲ
1058 1973 1209 2026 καμπτοί
1229 1973 1290 2017 μὲν

283 2018 342 2048 καὶ
368 2015 515 2050 εὖθυντοὶ
541 2017 626 2050 ὅσων
656 2016 825 2062 σωμάτων
860 2020 901 2051 τό
932 2018 1038 2063 μῆκος
1069 2012 1220 2050 δυναται
1244 2017 1290 2054 εἰς

283 2058 463 2099 εὐθύτητα
487 2063 524 2094 ἐκ
549 2065 759 2107 περιφερείας
781 2064 841 2094 καὶ
864 2060 899 2103 ἐξ
918 2061 1106 2100 εὐθύτητος
1132 2062 1177 2099 εἰς
1203 2056 1291 2105 περι-

283 2104 420 2183 τέρειαν
447 2106 692 2151 μεταβάλλειν,
709 2108 767 2139 καὶ
788 2107 830 2139 τᾶ
854 2105 1078 2152 κάμπτεσθαι
1101 2109 1159 2138 καὶ
1178 2106 1220 2139 τό
1238 2105 1290 2137 εὖ-

307 2149 442 2182 όνεσθαί
469 2152 542 2184 ἑστι
568 2152 609 2184 τὸ
642 2151 687 2195 εἰς
716 2149 894 2188 εὐθύτητα
919 2151 940 2188 ἦ
966 2150 1176 2196 περιφέρειαν
1201 2149 1290 2194 μεθί-

283 2193 448 2237 στασθαι,
475 2194 497 2232 ἦ
521 2194 703 2228 κινεῖσθαι·
728 2198 786 2227 καὶ
811 2197 876 2242 γάρ
902 2198 945 2228 τό
975 2193 1288 2239 ἀνακαμπτόμενον

282 2240 342 2271 καὶ
375 2241 418 2272 τό
448 2239 792 2295 κατακαμπτόμενον
823 2240 1040 2285 κάμπτεται.
1076 2240 1118 2271 Ἡ
1142 2240 1202 2283 μὲν
1231 2237 1289 2271 οὗν

283 2283 330 2321 εἰς
353 2284 558 2327 κυρτότητα
583 2287 604 2322 ἡ
629 2283 821 2321 κοιλότητα
844 2287 971 2323 κίνησις
996 2285 1059 2317 τοῦ
1079 2283 1206 2327 μήκους
1227 2296 1288 2316 σω-

282 2327 439 2372 ζομένου,
464 2329 590 2374 κάμψις
614 2329 724 2361 ἐστίν·
752 2329 781 2360 εἰ
805 2331 872 2374 γάρ
896 2331 956 2362 καὶ
981 2329 1026 2367 εὶς
1051 2330 1093 2361 τὸ
1118 2327 1211 2369 εὐθύ,
1237 2330 1287 2366 εἴη

285 2371 326 2405 ἂν
352 2371 426 2418 ἅμα
454 2372 666 2419 κεκαμμένον
699 2375 759 2405 καὶ
789 2373 889 2407 εὐθύ·
915 2373 997 2415 ὅπερ
1025 2367 1197 2406 ἀδύνατον
1210 2382 1225 2413 ,’
1247 2374 1289 2406 ‘ro‘

283 2415 363 2449 εὖθῦ
386 2417 591 2463 κεκάμφθαι.
619 2419 685 2450 Καὶ
710 2418 738 2449 εὶ
763 2418 968 2463 κάμπτεται
992 2418 1061 2451 πᾶν
1087 2415 1108 2454 ἦ
1136 2414 1291 2461 ἀνακάμ-

282 2459 349 2506 ψει,
369 2461 391 2500 ἦ
408 2462 643 2508 κατακάμψει,
663 2461 798 2495 τούτων
823 2459 861 2495 δὲ
882 2464 923 2495 το
942 2463 1001 2507 μὲν
1019 2462 1065 2499 εἰς
1086 2463 1129 2494 τὸ
1151 2463 1288 2505 κυρτὸν,

284 2505 326 2538 τὰ
351 2502 381 2538 δ’
402 2507 448 2546 εἰς
466 2507 507 2540 τὸ
532 2509 647 2539 κοῖλον
669 2507 874 2551 μετάβασις,
894 2505 954 2539 οὐκ
975 2505 1013 2539 ἂν
1031 2509 1081 2543 εἴη
1106 2507 1165 2538 καὶ
1183 2507 1227 2544 εἰς
1248 2508 1289 2538 τὸ

271 2549 364 2583 4εὐθύ
383 2551 521 2596 κάμψις,
546 2551 619 2585 ἀλλ’
641 2551 715 2583 ἔστι
739 2551 863 2596 κάμψις
886 2554 946 2583 καὶ
963 2549 1111 2588 εὗθυνσις
1131 2551 1214 2582 ἄλλο
1231 2553 1290 2582 καὶ

285 2595 385 2629 ἄλλο.
420 2598 487 2628 Καὶ
507 2594 640 2629 -ταῧτά
664 2596 739 2628 ἐστι
769 2597 920 2641 καμπτά
949 2597 1007 2627 καὶ
1038 2593 1206 2636 εὖθυντοί,
1230 2596 1289 2626 καὶ

287 2639 460 2684 ἄκαμπτα
483 2643 543 2672 καὶ
569 2638 773 2674 ἀνεόθυντα.

215 2684 282 2716 Καὶ
308 2687 357 2718 τά
379 2687 441 2729 μὲν
463 2684 635 2717 κατακτοὶ
656 2687 716 2716 καὶ
740 2684 896 2730 θραυστοὶ
922 2682 1010 2727 ἅμα,
1036 2682 1058 2720 ἦ
1082 2685 1194 2739 χωρὶς,
1221 2683 1290 2715 οἷον

284 2726 386 2768 ξύλον
416 2730 475 2775 μὲν
509 2730 714 2771 κατακτᾶν,
740 2729 908 2774 θραυστόν
933 2726 965 2760 δ’
994 2726 1054 2769 οὗ,
1079 2729 1291 2772 κρυσταλλος

282 2767 322 2806 δέ
345 2776 405 2806 καὶ
428 2772 520 2812 λίθος
544 2772 727 2819 θραυστόν,
752 2774 934 2806 κατακτὸν
959 2769 988 2805 δ’
1013 2771 1065 2814 οὗ,
1083 2772 1230 2816 κέραμος
1253 2767 1292 2804 δὲ

283 2818 343 2850 καὶ
363 2817 532 2863 θραυστόν
555 2821 613 2850 καὶ
637 2818 833 2851 κατακτόν.
860 2817 1015 2863 Διαφέρει
1038 2813 1085 2859 δ’,
1105 2816 1160 2849 ὅτι
1182 2815 1292 2849 κάτα-

285 2861 332 2904 ξις
359 2862 418 2907 μέν
444 2864 537 2896 ἐστιν
563 2864 584 2900 ἡ
610 2863 655 2901 εἱς
680 2862 818 2909 μεγάλα
842 2862 924 2916 μέρη
950 2859 1110 2906 διαίρεσις
1142 2863 1201 2893 καὶ
1225 2874 1293 2906 χω-

304 2909 412 2951 ισμός,
432 2906 568 2953 θραῧσις
585 2902 617 2939 δ’
638 2908 658 2944 ’ἡ
677 2908 722 2945 εἰς
741 2909 790 2940 τοὶ
806 2918 963 2952 τυγοντα
987 2909 1045 2939 καὶ
1064 2907 1166 2939 πλείω
1184 2902 1288 2939 δυοῖν.

293 2952 366 2984 Οσα
388 2954 452 3006 μὲν
478 2950 535 2986 οὖν
555 2951 646 2985 οὕτω
673 2951 828 2998 πέπηγεν
845 2945 933 2984 ‹iic-ee
957 2952 1102 2989 πολλούς
1121 2949 1208 2994 ἔχειν
1226 2962 1292 2982 πα·

284 2998 551 3074 ἓαλλαττοντας
578 2996 720 3040 πόρους,
747 2996 903 3040 θραυστοὶ
929 2995 1047 3040 (μέχρι
1072 2996 1136 3042 γάρ
1163 2995 1290 3027 τούτου

308 3042 501 3085 ιίσταται),
521 3040 586 3074 ὅσα
610 3037 642 3074 δ’
663 3042 708 3079 εἰς
735 3042 836 3082 πολύ,
855 3043 1024 3073 κατακτοὶ
1046 3039 1109 3072 ὅσα
1127 3036 1154 3072 δ’
1178 3040 1289 3083 ἄμφω,

287 3085 476 3131 ἀμφότερα.

455 3218 628 3258 eterminat
641 3217 681 3251 de
697 3215 911 3250 mollificabili
927 3217 1032 3260 magis
1050 3216 1083 3248 in
1100 3227 1114 3248 s
1141 3214 1244 3255 eciali,
1259 3222 1291 3247 et

347 3288 357 3291 >
418 3264 425 3272 ²
455 3263 551 3306 ponit
565 3274 623 3295 sex
639 3261 846 3295 conditiones
870 3273 950 3305 quas
970 3260 1088 3293 habere
1128 3259 1201 3292 eber
1217 3270 1290 3291 coa-

276 3330 287 3345 ,3
331 3348 334 3349 ⁷
383 3319 414 3351 ᾗ,
455 3306 606 3350 gulatum
623 3306 664 3339 ad
681 3306 745 3339 hoc
770 3305 860 3350 quod
884 3304 1102 3338 mollificetur.
1124 3304 1165 3336 Et
1185 3304 1290 3347 prima

279 3349 292 3397 ’ζ
325 3343 428 3402 Q&
455 3359 515 3390 est,
537 3349 627 3394 quod
651 3350 714 3383 tale
738 3349 949 3393 coagulatum
973 3360 1042 3382 non
1066 3349 1107 3380 sit
1134 3359 1217 3391 aqua
1238 3346 1290 3379 vel

274 3398 287 3404 ''
326 3400 347 3407 “
363 3398 382 3421 ἰ
404 3399 424 3418 ’⁴
435 3396 444 3408 “
456 3406 600 3439 aqueum
616 3406 634 3428 a
646 3394 887 3439 praedominio,
901 3393 957 3426 sed
970 3394 997 3426 si
1014 3401 1065 3425 est
1075 3393 1109 3425 in
1126 3403 1166 3424 eo
1180 3403 1288 3424 exces-

217 3450 274 3473 sus
289 3440 388 3472 unius
405 3450 504 3483 super
520 3438 670 3480 alterum,
685 3439 727 3472 sit
741 3439 846 3482 magis
861 3447 1021 3471 terreum:
1039 3445 1071 3469 et
1086 3444 1220 3480 propter
1237 3435 1289 3468 de-

217 3483 341 3517 fectum
357 3483 467 3523 huius,
484 3482 604 3526 glacies
620 3494 690 3516 non
706 3492 755 3516 est
779 3481 1017 3516 mollificabilis.
1044 3480 1195 3514 Secunda
1212 3491 1288 3512 con-

218 3527 300 3561 ditio
317 3536 376 3568 est,
393 3527 484 3571 quod
504 3535 613 3560 totum
636 3527 812 3561 humidum
836 3538 904 3559 non
929 3527 969 3558 sit
993 3533 1207 3568 evaporatum
1231 3535 1289 3567 per

219 3571 496 3615 coagulationem,
514 3572 591 3616 quia
609 3571 830 3604 mollificabile
855 3570 950 3603 debet
973 3581 1043 3602 esse
1061 3578 1128 3601 tam
1145 3579 1288 3612 aqueum

219 3627 320 3661 quam
336 3625 491 3657 terreum,
507 3615 560 3649 vel
583 3627 652 3649 non
669 3615 812 3649 multum
829 3614 903 3659 plus
920 3623 1079 3647 terreum:
1105 3620 1137 3645 et
1152 3620 1287 3656 propter

1349 772 1367 790 a
1386 775 1611 808 Mollificabilia
1627 786 1733 810 autem
1749 787 1823 811 sunt
1846 781 2086 821 coagulatorum
2101 791 2324 822 quaecumque
2345 791 2411 812 non

1417 829 1454 850 ex
1477 831 1577 870 aqua,
1601 823 1687 853 velut
1709 824 1822 864 glacies
1846 835 1965 866 aquae,
1990 826 2044 856 sed
2068 835 2290 867 quaecumque
2313 832 2411 857 terrae

1415 874 1533 904 magls,
1557 872 1587 896 et
1610 876 1713 908 neque
1736 869 1917 909 evaporavit
1939 876 2045 900 toturn
2067 870 2252 909 humidum,
2277 869 2357 900 sicut
2379 870 2412 900 in

1416 908 1499 939 nitro
1524 917 1578 940 aut
1601 911 1680 949 sale,
1711 922 1815 953 neque
1838 913 1931 944 habet
1960 914 2185 954 irregulariter,
2214 914 2295 945 sicut
2317 914 2412 953 later,
2439 944 2442 946 ,

1416 953 1471 983 sed
1494 960 1550 984 aut
1571 955 1725 986 trahibilia
1747 967 1813 987 non
1837 958 1919 988 entia
1941 958 2177 997 humectabilia‚
2205 965 2261 989 aut
2284 958 2412 989 ductilia

1417 1007 1483 1028 non
1507 998 1590 1030 entia
1613 1010 1729 1040 aquae,
1763 1008 1793 1032 et
1815 1001 2040 1033 mollificabilia
2062 1002 2151 1044 igne,
2174 1002 2262 1034 velut
2291 1001 2412 1033 ferrum

1417 1049 1447 1084 et
1471 1052 1570 1074 cornu
1593 1050 1624 1074 et
1646 1044 1740 1084 ligna.

1349 1083 1430 1117 Sunt
1453 1094 1560 1118 autem
1583 1088 1783 1129 liquabilium
1807 1097 1836 1121 et
1858 1090 2081 1132 illiquabilium
2110 1091 2187 1121 haec
2214 1090 2346 1131 quidem
2363 1090 2411 1120 in-

1415 1131 1587 1181 tingibilia,
1611 1133 1688 1164 haec
1711 1141 1816 1164 autem
1834 1145 1901 1165 non
1928 1135 2127 1175 intingibilia:
2152 1134 2239 1169 velut
2265 1144 2316 1165 aes
2343 1143 2410 1165 non

1415 1175 1606 1215 intingibile,
1635 1177 1856 1218 liquefactibile
1880 1179 2026 1218 existens;
2053 1179 2126 1210 lana
2147 1185 2254 1210 autem
2278 1185 2309 1210 et
2331 1186 2411 1209 terra

1414 1219 1607 1260 intingibile;
1632 1221 1805 1253 madefiunt
1828 1223 1923 1254 enim.
1952 1224 1994 1255 Et
2015 1233 2066 1254 aes
2090 1223 2220 1264 quidem
2242 1223 2410 1263 liquabile,

1415 1274 1482 1294 non
1505 1265 1544 1295 ab
1569 1275 1651 1306 aqua
1678 1273 1784 1297 autem
1811 1267 1971 1307 liquabile.
2001 1267 2063 1298 Sed
2090 1274 2120 1298 et
2143 1268 2182 1298 ab
2205 1277 2287 1307 aqua
2309 1267 2410 1307 liqua-

1415 1308 1528 1339 bilium
1550 1310 1706 1350 quaedam
1731 1321 1796 1341 non
1816 1311 2013 1351 intingibilia,
2029 1311 2116 1342 velut
2131 1311 2250 1342 nitrum
2268 1317 2299 1342 et
2314 1311 2408 1341 sales:

1415 1362 1520 1393 neque
1536 1354 1621 1384 enim
1637 1354 1722 1385 aliud
1738 1355 1913 1395 intingibile
1937 1356 2073 1394 nullum,
2092 1356 2180 1396 quod
2196 1365 2263 1386 non
2279 1355 2408 1385 mollius

1415 1396 1455 1427 sit
1477 1397 1700 1429 madefactum.
1726 1399 1892 1436 Quaedam
1915 1407 2021 1430 autern
2043 1399 2230 1439 intingibilia
2250 1398 2410 1430 existentia

1415 1450 1482 1471 non
1505 1441 1667 1482 liquabilia
1690 1449 1774 1481 sunt,
1797 1444 1884 1474 velut
1904 1444 1976 1474 lana
1999 1450 2030 1474 et
2052 1443 2181 1474 fructus.
2206 1443 2287 1474 Sunt
2302 1449 2409 1474 autem

1415 1484 1603 1525 intingibilia
1618 1486 1748 1527 quidem
1770 1497 1991 1528 quaecumque
2006 1494 2103 1518 terrae
2120 1487 2279 1518 existentia
2293 1487 2410 1518 habent

1415 1539 1513 1569 poros
1537 1530 1672 1561 maiores
1696 1541 1795 1572 aquae
1818 1532 1973 1570 molibus,
2001 1531 2201 1562 existentibus
2229 1531 2408 1562 durioribus

1414 1583 1506 1614 aqua.
1537 1575 1715 1615 Liquabilia
1737 1582 1844 1606 autem
1867 1586 1960 1617 aqua,
1983 1585 2203 1616 quaecumque
2222 1585 2278 1615 per
2292 1581 2406 1606 totum.

1414 1617 1548 1658 Propter
1571 1619 1649 1660 quid
1673 1626 1779 1650 autem
1802 1627 1883 1650 terra
1905 1620 2035 1660 quidem
2059 1627 2089 1651 et
2110 1618 2232 1660 liquefit
2260 1626 2291 1649 et
2313 1618 2407 1650 intin-

1413 1661 1499 1702 gitur
1521 1663 1560 1693 ab
1582 1663 1734 1703 humido,
1764 1664 1883 1695 nitrum
1911 1671 2016 1695 autem
2039 1663 2162 1704 liquefit
2187 1663 2333 1704 quidem,
2359 1663 2409 1693 in-

1415 1706 1546 1746 tingitur
1568 1714 1675 1738 autem
1699 1706 1785 1739 non?
1813 1709 1888 1749 quia
1910 1709 1943 1739 in
1966 1708 2048 1739 nitro
2071 1708 2202 1749 quidem
2225 1717 2280 1747 per
2302 1713 2408 1738 totum

1414 1751 1502 1790 pori;
1525 1762 1622 1792 quare
1649 1752 1834 1784 dividuntur
1855 1763 1932 1783 mox
1959 1753 1998 1783 ab
2025 1762 2108 1793 aqua
2129 1758 2242 1795 partes.
2271 1751 2307 1781 In
2328 1757 2408 1782 terra

1414 1801 1522 1825 autem
1538 1797 1742 1836 permutatim
1757 1803 1831 1828 sunt
1846 1797 1932 1838 pori;
1947 1806 2044 1838 quare
2059 1796 2331 1837 qualitercumque
2346 1794 2408 1825 uti-

1413 1848 1477 1879 que
1500 1840 1681 1881 susceperit,
1705 1841 1805 1872 differt
1828 1841 1943 1882 passio.

1346 1879 1428 1913 Sunt
1451 1891 1560 1916 autern
1583 1891 1614 1916 et
1636 1885 1713 1916 haec
1735 1885 1866 1926 quidem
1890 1894 2062 1925 corporum
2084 1883 2229 1915 flexibilia
2251 1890 2282 1914 et
2304 1882 2408 1922 dirigi-

1413 1927 1502 1968 bilia,
1525 1929 1613 1960 velut
1636 1930 1775 1960 calamus
1799 1936 1829 1961 et
1850 1929 1972 1968 vimen;
2002 1929 2078 1960 haec
2101 1934 2208 1959 autem
2230 1926 2410 1957 inflexibilia

1413 1982 1597 2013 corporum,
1620 1974 1708 2005 velut
1729 1974 1806 2005 later
1829 1980 1859 2005 et
1881 1973 1970 2014 lapis.
1999 1973 2080 2003 Sunt
2102 1978 2208 2003 autem
2230 1970 2411 2002 inflexibilia

1413 2017 1545 2058 quidem
1567 2025 1598 2049 et
1621 2018 1821 2058 indirigibilia
1844 2026 2124 2058 quorumcumque
2147 2025 2318 2058 corporum
2341 2025 2407 2046 non

1413 2069 1519 2103 potest
1540 2062 1710 2103 longitudo
1737 2062 1769 2093 in
1793 2062 2014 2093 rectitudinem
2037 2071 2074 2091 ex
2096 2060 2289 2102 peripheria,
2318 2067 2349 2090 et
2371 2070 2408 2090 ex

1412 2106 1600 2138 rectitudine
1622 2106 1655 2136 in
1671 2106 1882 2147 peripheriam
1904 2105 2085 2147 permutari.
2110 2105 2151 2135 Et
2173 2104 2254 2135 flecti
2269 2110 2300 2135 et
2317 2103 2408 2143 dirigi

1413 2158 1460 2181 est
1489 2151 1522 2181 in
1549 2150 1769 2181 rectitudinem
1805 2157 1860 2182 aut
1889 2150 2099 2191 peripheriam
2125 2148 2326 2179 transmutari
2353 2154 2407 2178 aut

1412 2195 1550 2226 moveri:
1580 2195 1697 2226 etenim
1719 2195 1810 2236 quod
1832 2194 2017 2232 reflectitur,
2047 2200 2077 2224 et
2099 2193 2188 2234 quod
2216 2192 2406 2230 deflectitur,

1412 2246 1568 2270 curvatur.
1593 2239 1658 2277 Qui
1681 2239 1812 2280 quidem
1834 2239 1929 2279 igitur
1951 2239 1991 2269 ad
2014 2238 2242 2269 convexitatem
2262 2242 2316 2267 aut
2332 2246 2406 2266 con-

1412 2283 1578 2315 cavitatem
1594 2290 1701 2314 motus
1719 2283 1918 2323 longitudine
1939 2283 2065 2321 salvata,
2085 2282 2177 2312 flexio
2193 2288 2248 2312 est.
2273 2281 2305 2311 Si
2321 2279 2407 2310 enim

1412 2335 1443 2359 et
1465 2328 1498 2358 in
1522 2335 1660 2367 rectum,
1691 2328 1802 2369 utique
1831 2334 1912 2358 esset
1939 2327 2035 2358 simul
2061 2326 2178 2357 flexum
2209 2331 2239 2356 et
2265 2330 2405 2355 rectum:

1412 2373 1502 2413 quod
1525 2372 1656 2413 quidem
1678 2372 1894 2413 impossibile,
1923 2378 2043 2402 rectum
2066 2370 2184 2401 flexum
2212 2379 2288 2400 esse.
2318 2369 2359 2400 Et
2381 2369 2407 2399 si

1411 2416 1546 2448 flectitur
1569 2427 1680 2455 omne,
1710 2423 1765 2447 aut
1786 2416 1961 2447 reflectetur
1989 2422 2044 2446 aut
2066 2414 2261 2445 deflectetur:
2289 2414 2407 2444 horum

1412 2468 1520 2492 autem
1542 2461 1605 2492 hoc
1627 2461 1758 2502 quidem
1781 2461 1822 2491 ad
1845 2470 2033 2498 convexum,
2057 2459 2118 2489 hoc
2141 2465 2247 2489 autern
2270 2458 2310 2488 ad
2333 2467 2407 2488 con-

1413 2516 1528 2536 cavum
1546 2505 1783 2536 transmutatio:
1808 2514 1874 2536 non
1889 2504 1999 2545 utique
2015 2503 2072 2535 erit
2087 2509 2117 2533 et
2132 2512 2213 2543 quae
2228 2503 2268 2532 ad
2286 2508 2407 2532 rectum

1411 2550 1538 2588 laxatio,
1563 2550 1618 2580 sed
1641 2556 1687 2580 est
1709 2549 1802 2580 flexio
1826 2555 1857 2580 et
1878 2548 2058 2580 rectificatio
2081 2547 2168 2577 aliud
2190 2553 2221 2578 et
2243 2546 2338 2576 aliud.
2367 2545 2409 2575 Et

1412 2594 1490 2624 haec
1506 2601 1580 2625 sunt
1600 2593 1746 2624 flexibilia
1768 2599 1799 2624 et
1820 2592 2038 2632 rectificabilia,
2055 2599 2086 2623 et
2104 2590 2283 2622 inflexibilia
2297 2596 2327 2620 et
2343 2599 2408 2619 non

1413 2638 1631 2669 rectificabilia.

1346 2680 1388 2711 Et
1409 2683 1487 2714 haec
1510 2683 1642 2724 quidem
1665 2681 1840 2722 frangibilia
1857 2687 1888 2712 et
1903 2680 2166 2719 comminuibilia,
2190 2679 2286 2710 simul
2302 2685 2332 2709 et
2348 2678 2410 2708 sin-

1414 2728 1562 2768 gillatim:
1586 2734 1664 2768 puta
1678 2727 1803 2767 lignum
1827 2726 1957 2767 quidem
1980 2725 2153 2765 frangibile,
2171 2723 2409 2755 comminuibile

2438 790 2450 800 ⁸
2465 789 2522 817 Cap.
2531 796 2564 812 ix.

1413 2779 1522 2803 autem
1544 2779 1626 2810 non;
1649 2771 1763 2812 glacies
1786 2778 1892 2801 autern
1909 2777 1939 2801 et
1953 2770 2033 2810 lapis
2056 2768 2304 2806 comminuibile,
2327 2766 2409 2797 fran·
2435 2773 2439 2778 '
2460 2779 2466 2784 ·

1412 2817 1506 2857 gibile
1530 2823 1638 2847 autem
1656 2823 1738 2854 non;
1761 2815 1839 2846 later
1861 2822 1967 2845 autem
1989 2821 2020 2845 et
2037 2813 2208 2853 frangibilis
2227 2818 2258 2843 et
2276 2811 2408 2842 commi-

1414 2860 1553 2891 nuibilis.
1577 2860 1687 2891 Differt
1702 2867 1820 2894 autem,
1844 2859 1919 2900 quia
1942 2858 2051 2889 fractio
2075 2857 2204 2898 quidem
2228 2863 2274 2887 est
2293 2856 2326 2886 in
2342 2865 2407 2885 ma-

1413 2916 1490 2946 gnas
1520 2911 1623 2945 partes
1654 2904 1766 2934 divisio
1798 2910 1828 2934 et
1858 2903 2029 2943 separatio,
2061 2900 2270 2932 comminutio
2301 2906 2407 2930 autem

1413 2950 1447 2980 in
1470 2959 1689 2990 quascumque
1704 2955 1734 2979 et
1748 2948 1853 2988 plures
1873 2948 2005 2977 duabus.
2030 2946 2259 2985 Quaecumque
2278 2944 2407 2984 quidem

1414 2994 1458 3024 sic
1482 2994 1647 3034 coagulata
1670 2999 1744 3023 sunt
1774 2999 1810 3022 ut
1836 2992 1955 3021 multos
1983 2990 2118 3020 habeant
2144 2988 2407 3019 vicissitudinatos

1413 3048 1527 3079 poros,
1557 3036 1823 3074 comminuibilia;
1853 3045 1954 3076 usque
1982 3035 2021 3064 ad
2044 3034 2105 3064 hoc
2133 3033 2218 3063 enim
2241 3032 2406 3073 pertingit:

1413 3092 1634 3123 quaecumque
1656 3088 1762 3111 autem
1785 3080 1825 3110 ad
1845 3080 1994 3117 multum,
2019 3077 2211 3118 frangibilia;
2235 3086 2406 3118 quaecum-

1412 3137 1474 3168 que
1498 3133 1605 3156 autem
1628 3126 1738 3163 ambo,
1762 3125 1868 3154 ambo.

1346 3212 1412 3245 hoc
1429 3212 1551 3244 ninum
1568 3220 1600 3244 et
1616 3210 1662 3244 sal
1686 3221 1754 3243 non
1778 3218 1854 3242 sunt
1877 3208 2117 3250 mollificabilia‚
2138 3208 2195 3242 sed
2219 3209 2326 3242 statim
2342 3209 2406 3242 sol-

1346 3265 1477 3289 vuntur.
1503 3255 1617 3288 Tertia
1641 3254 1787 3288 conditio
1811 3263 1876 3294 est,
1906 3253 1995 3298 quod
2026 3265 2094 3286 non
2117 3253 2255 3286 habeant
2283 3253 2406 3286 siccum

1347 3299 1559 3344 inaequaliter
1589 3299 1804 3343 dispositum,
1834 3310 1875 3331 ne
1906 3299 1979 3341 pori
2008 3299 2071 3330 sint
2102 3298 2277 3330 strictiores
2308 3309 2407 3341 quam

1346 3344 1521 3381 humidum
1538 3355 1692 3387 aqueum,
1710 3342 1799 3387 quod
1815 3351 1864 3375 est
1902 3343 1972 3374 uasi
1991 3342 2124 3375 materia
2140 3341 2406 3382 mollificationis,

1347 3388 1485 3422 diffundi
1510 3388 1635 3432 possit:
1667 3396 1699 3420 et
1730 3395 1863 3431 propter
1917 3397 1957 3419 oc
1985 3385 2099 3419 lateres
2130 3394 2162 3418 et
2191 3385 2315 3430 lapides
2338 3397 2407 3418 non

1346 3432 1587 3467 mollificantur.
1614 3432 1740 3472 Quarta
1763 3442 1840 3464 vero
1865 3439 1930 3470 est,
1955 3430 2044 3474 quod
2067 3441 2135 3463 non
2159 3430 2224 3464 sint
2247 3429 2407 3463 trahibilia

1346 3479 1379 3510 in
1402 3477 1540 3520 longum
1564 3476 1617 3509 vel
1641 3475 1680 3509 ad
1704 3475 1803 3515 latus,
1831 3483 1868 3507 ut
1892 3475 2029 3518 corrigia
2053 3483 2085 3507 et
2107 3486 2245 3515 nervus3
2269 3483 2301 3507 et
2325 3475 2406 3507 ratio

1346 3531 1404 3562 est,
1429 3522 1505 3565 quia
1530 3520 1605 3553 talia
1633 3529 1710 3553 sunt
1732 3521 1874 3559 viscosa,
1903 3530 1985 3562 quae
2014 3529 2083 3551 non
2107 3518 2226 3551 cedunt
2249 3519 2348 3551 tactui
2372 3519 2405 3550 in

1345 3565 1545 3609 profundum
1570 3565 1631 3604 sui,
1655 3564 1711 3597 sed
1735 3572 1822 3596 extra
1846 3561 2075 3596 se'trahuntur
2098 3563 2131 3595 in
2147 3563 2300 3606 longum:
2324 3561 2406 3595 mol-

1343 3609 1493 3643 lificabile
1517 3618 1627 3642 autem
1652 3607 1747 3642 debet
1770 3607 1882 3641 cedere
1906 3608 2005 3640 tactui
2029 3608 2063 3640 in
2087 3619 2136 3648 se,
2164 3607 2248 3639 sicut
2271 3605 2405 3639 manife-
