<?xml version="1.0" encoding="UTF-8"?>
<!DOCTYPE html PUBLIC "-//W3C//DTD XHTML 1.0 Transitional//EN"
    "http://www.w3.org/TR/xhtml1/DTD/xhtml1-transitional.dtd">
<html xmlns="http://www.w3.org/1999/xhtml" xml:lang="en" lang="en">
 <head>
  <title>
</title>
<meta http-equiv="Content-Type" content="text/html;charset=utf-8" />
  <meta name='ocr-system' content='tesseract 3.04.00' />
  <meta name='ocr-capabilities' content='ocr_page ocr_carea ocr_par ocr_line ocrx_word'/>
</head>
<body>
  <div class='ocr_page' id='page_1' title='image "./operaomniaiussui03thom/operaomniaiussui03thom_0338.png"; bbox 0 0 2782 4134; ppageno 0'>
   <div class='ocr_carea' id='block_1_1' title="bbox 124 737 335 786">
    <p class='ocr_par' dir='ltr' id='par_1_1' title="bbox 124 737 335 786">
     <span class='ocr_line' id='line_1_1' title="bbox 125 737 335 759; baseline 0 0"><span class='ocrx_word' id='word_1_1' title='bbox 125 739 134 748; x_wconf 82' lang='lat'><strong>·</strong></span> <span class='ocrx_word' id='word_1_2' title='bbox 149 737 273 759; x_wconf 77' lang='lat' dir='ltr'>secundum</span> <span class='ocrx_word' id='word_1_3' title='bbox 287 743 335 759; x_wconf 89' lang='lat' dir='ltr'>om.</span> 
     </span>
     <span class='ocr_line' id='line_1_2' title="bbox 124 764 190 786; baseline -0.015 0"><span class='ocrx_word' id='word_1_4' title='bbox 124 764 190 786; x_wconf 70' lang='lat' dir='ltr'>Pcab.</span> 
     </span>
    </p>
   </div>
   <div class='ocr_carea' id='block_1_2' title="bbox 211 887 241 912">
    <p class='ocr_par' dir='ltr' id='par_1_2' title="bbox 211 887 241 912">
     <span class='ocr_line' id='line_1_3' title="bbox 211 887 241 912; baseline 0 0"><span class='ocrx_word' id='word_1_5' title='bbox 211 887 241 912; x_wconf 79' lang='grc' dir='ltr'>ὃὸ</span> 
     </span>
    </p>
   </div>
   <div class='ocr_carea' id='block_1_3' title="bbox 121 1211 330 1234">
    <p class='ocr_par' dir='ltr' id='par_1_3' title="bbox 121 1211 330 1234">
     <span class='ocr_line' id='line_1_4' title="bbox 121 1211 330 1234; baseline 0 -1"><span class='ocrx_word' id='word_1_6' title='bbox 121 1213 129 1221; x_wconf 92' lang='grc'>·</span> <span class='ocrx_word' id='word_1_7' title='bbox 145 1211 185 1233; x_wconf 81' lang='lat' dir='ltr'>rei</span> <span class='ocrx_word' id='word_1_8' title='bbox 201 1218 249 1234; x_wconf 88' lang='lat' dir='ltr'>om.</span> <span class='ocrx_word' id='word_1_9' title='bbox 264 1212 330 1234; x_wconf 71' lang='lat' dir='ltr'>reah.</span> 
     </span>
    </p>
   </div>
   <div class='ocr_carea' id='block_1_4' title="bbox 363 293 440 330">
    <p class='ocr_par' dir='ltr' id='par_1_4' title="bbox 363 293 440 330">
     <span class='ocr_line' id='line_1_5' title="bbox 363 293 440 330; baseline -0.026 0"><span class='ocrx_word' id='word_1_10' title='bbox 363 293 440 330; x_wconf 85' lang='lat'>294</span> 
     </span>
    </p>
   </div>
   <div class='ocr_carea' id='block_1_5' title="bbox 867 276 2037 317">
    <p class='ocr_par' dir='ltr' id='par_1_5' title="bbox 867 276 2037 317">
     <span class='ocr_line' id='line_1_6' title="bbox 867 276 2037 317; baseline -0.003 0"><span class='ocrx_word' id='word_1_11' title='bbox 867 281 938 316; x_wconf 93' lang='lat' dir='ltr'>DE</span> <span class='ocrx_word' id='word_1_12' title='bbox 969 277 1356 317; x_wconf 88' lang='lat' dir='ltr'><strong>GENERATIONE</strong></span> <span class='ocrx_word' id='word_1_13' title='bbox 1385 278 1457 314; x_wconf 93' lang='lat' dir='ltr'>ET</span> <span class='ocrx_word' id='word_1_14' title='bbox 1486 276 1868 314; x_wconf 87' lang='lat' dir='ltr'><strong>CORRUPTIONE</strong></span> <span class='ocrx_word' id='word_1_15' title='bbox 1897 278 1991 314; x_wconf 89' lang='lat' dir='ltr'>LIB.</span> <span class='ocrx_word' id='word_1_16' title='bbox 2023 278 2037 313; x_wconf 94' lang='lat' dir='ltr'>I</span> 
     </span>
    </p>
   </div>
   <div class='ocr_carea' id='block_1_6' title="bbox 363 355 2545 406">
    <p class='ocr_par' dir='ltr' id='par_1_6' title="bbox 363 355 2545 406">
     <span class='ocr_line' id='line_1_7' title="bbox 363 355 2545 406; baseline -0.002 -8"><span class='ocrx_word' id='word_1_17' title='bbox 363 360 430 398; x_wconf 92' lang='lat' dir='ltr'>sed</span> <span class='ocrx_word' id='word_1_18' title='bbox 448 360 487 397; x_wconf 92' lang='lat' dir='ltr'>in</span> <span class='ocrx_word' id='word_1_19' title='bbox 506 361 589 397; x_wconf 90' lang='lat' dir='ltr'>solo</span> <span class='ocrx_word' id='word_1_20' title='bbox 614 359 807 397; x_wconf 82' lang='lat' dir='ltr'><strong>sentiente.</strong></span> <span class='ocrx_word' id='word_1_21' title='bbox 830 359 916 396; x_wconf 91' lang='lat' dir='ltr'>Hoc</span> <span class='ocrx_word' id='word_1_22' title='bbox 944 365 1072 395; x_wconf 88' lang='lat' dir='ltr'>autem</span> <span class='ocrx_word' id='word_1_23' title='bbox 1093 370 1172 394; x_wconf 91' lang='lat' dir='ltr'>non</span> <span class='ocrx_word' id='word_1_24' title='bbox 1192 364 1248 393; x_wconf 92' lang='lat' dir='ltr'>est</span> <span class='ocrx_word' id='word_1_25' title='bbox 1274 367 1424 403; x_wconf 87' lang='lat' dir='ltr'>verum,</span> <span class='ocrx_word' id='word_1_26' title='bbox 1479 355 1692 393; x_wconf 91' lang='lat' dir='ltr'>secundum</span> <span class='ocrx_word' id='word_1_27' title='bbox 1718 356 1929 405; x_wconf 85' lang='lat' dir='ltr'>veritatem,</span> <span class='ocrx_word' id='word_1_28' title='bbox 1949 356 2070 404; x_wconf 86' lang='lat' dir='ltr'>magis</span> <span class='ocrx_word' id='word_1_29' title='bbox 2099 362 2155 393; x_wconf 88' lang='lat' dir='ltr'>est</span> <span class='ocrx_word' id='word_1_30' title='bbox 2177 356 2369 404; x_wconf 85' lang='lat' dir='ltr'>generatio</span> <span class='ocrx_word' id='word_1_31' title='bbox 2403 356 2545 406; x_wconf 90' lang='lat' dir='ltr'>simpli-</span> 
     </span>
    </p>
   </div>
   <div class='ocr_carea' id='block_1_7' title="bbox 357 410 1427 1362">
    <p class='ocr_par' dir='ltr' id='par_1_7' title="bbox 360 410 1425 513">
     <span class='ocr_line' id='line_1_8' title="bbox 363 410 1425 463; baseline -0.006 -12"><span class='ocrx_word' id='word_1_32' title='bbox 363 414 468 463; x_wconf 92' lang='lat' dir='ltr'>quod</span> <span class='ocrx_word' id='word_1_33' title='bbox 486 415 587 451; x_wconf 90' lang='lat' dir='ltr'>nulla</span> <span class='ocrx_word' id='word_1_34' title='bbox 605 413 744 451; x_wconf 87' lang='lat' dir='ltr'>veritas</span> <span class='ocrx_word' id='word_1_35' title='bbox 760 412 805 450; x_wconf 91' lang='lat' dir='ltr'>sit</span> <span class='ocrx_word' id='word_1_36' title='bbox 825 412 863 449; x_wconf 92' lang='lat' dir='ltr'>in</span> <span class='ocrx_word' id='word_1_37' title='bbox 882 413 1006 448; x_wconf 91' lang='lat' dir='ltr'>rebus.</span> <span class='ocrx_word' id='word_1_38' title='bbox 1023 410 1146 457; x_wconf 92' lang='lat' dir='ltr'>Unde,</span> <span class='ocrx_word' id='word_1_39' title='bbox 1163 410 1425 446; x_wconf 85' lang='lat' dir='ltr'>subtrahentes</span> 
     </span>
     <span class='ocr_line' id='line_1_9' title="bbox 360 466 1139 513; baseline -0.006 -9"><span class='ocrx_word' id='word_1_40' title='bbox 360 467 558 505; x_wconf 85' lang='lat' dir='ltr'>veritatem</span> <span class='ocrx_word' id='word_1_41' title='bbox 577 479 717 513; x_wconf 89' lang='lat' dir='ltr'>rerum,</span> <span class='ocrx_word' id='word_1_42' title='bbox 739 466 867 502; x_wconf 87' lang='lat' dir='ltr'>dicunt</span> <span class='ocrx_word' id='word_1_43' title='bbox 885 477 964 501; x_wconf 91' lang='lat' dir='ltr'>non</span> <span class='ocrx_word' id='word_1_44' title='bbox 990 475 1139 500; x_wconf 81' lang='lat' dir='ltr'>verum.</span> 
     </span>
    </p>

    <p class='ocr_par' dir='ltr' id='par_1_8' title="bbox 357 516 1427 1362">
     <span class='ocr_line' id='line_1_10' title="bbox 418 516 1425 566; baseline -0.007 -9"><span class='ocrx_word' id='word_1_45' title='bbox 418 521 452 557; x_wconf 90' lang='lat'>8.</span> <span class='ocrx_word' id='word_1_46' title='bbox 473 519 622 557; x_wconf 90' lang='lat' dir='ltr'><strong>Deinde</strong></span> <span class='ocrx_word' id='word_1_47' title='bbox 638 531 727 556; x_wconf 90' lang='lat' dir='ltr'>cum</span> <span class='ocrx_word' id='word_1_48' title='bbox 743 518 846 556; x_wconf 88' lang='lat' dir='ltr'>dicit:</span> <span class='ocrx_word' id='word_1_49' title='bbox 872 517 1064 566; x_wconf 78' lang='lat' dir='ltr'><em>Contingit</em></span> <span class='ocrx_word' id='word_1_50' title='bbox 1077 516 1200 563; x_wconf 84' lang='lat' dir='ltr'>itaque</span> <span class='ocrx_word' id='word_1_51' title='bbox 1220 522 1303 562; x_wconf 87' lang='lat' dir='ltr'>etc.‚</span> <span class='ocrx_word' id='word_1_52' title='bbox 1321 526 1425 551; x_wconf 90' lang='lat' dir='ltr'>com-</span> 
     </span>
     <span class='ocr_line' id='line_1_11' title="bbox 362 567 1427 622; baseline -0.007 -11"><span class='ocrx_word' id='word_1_53' title='bbox 362 581 470 622; x_wconf 89' lang='lat' dir='ltr'>parat</span> <span class='ocrx_word' id='word_1_54' title='bbox 497 574 598 610; x_wconf 93' lang='lat' dir='ltr'>hunc</span> <span class='ocrx_word' id='word_1_55' title='bbox 626 572 787 609; x_wconf 88' lang='lat' dir='ltr'>modum</span> <span class='ocrx_word' id='word_1_56' title='bbox 813 569 992 607; x_wconf 90' lang='lat' dir='ltr'>secundo.</span> <span class='ocrx_word' id='word_1_57' title='bbox 1020 569 1070 605; x_wconf 92' lang='lat' dir='ltr'>Et</span> <span class='ocrx_word' id='word_1_58' title='bbox 1089 568 1176 605; x_wconf 89' lang='lat' dir='ltr'>dicit</span> <span class='ocrx_word' id='word_1_59' title='bbox 1196 568 1302 617; x_wconf 92' lang='lat' dir='ltr'>quod</span> <span class='ocrx_word' id='word_1_60' title='bbox 1320 567 1427 604; x_wconf 87' lang='lat' dir='ltr'>aliter</span> 
     </span>
     <span class='ocr_line' id='line_1_12' title="bbox 364 621 1424 674; baseline -0.007 -11"><span class='ocrx_word' id='word_1_61' title='bbox 364 625 544 674; x_wconf 86' lang='lat' dir='ltr'>contingit</span> <span class='ocrx_word' id='word_1_62' title='bbox 570 624 740 673; x_wconf 90' lang='lat' dir='ltr'>generari</span> <span class='ocrx_word' id='word_1_63' title='bbox 767 622 985 671; x_wconf 90' lang='lat' dir='ltr'>simpliciter</span> <span class='ocrx_word' id='word_1_64' title='bbox 1014 629 1049 658; x_wconf 89' lang='lat' dir='ltr'>et</span> <span class='ocrx_word' id='word_1_65' title='bbox 1074 621 1267 670; x_wconf 92' lang='lat' dir='ltr'>corrumpi</span> <span class='ocrx_word' id='word_1_66' title='bbox 1293 632 1424 657; x_wconf 83' lang='lat' dir='ltr'>secun—</span> 
     </span>
     <span class='ocr_line' id='line_1_13' title="bbox 363 674 1424 726; baseline -0.006 -10"><span class='ocrx_word' id='word_1_67' title='bbox 363 679 452 716; x_wconf 83' lang='lat' dir='ltr'>dum</span> <span class='ocrx_word' id='word_1_68' title='bbox 481 679 713 726; x_wconf 83' lang='lat' dir='ltr'><strong><em>opinionem,</em></strong></span> <span class='ocrx_word' id='word_1_69' title='bbox 748 688 845 725; x_wconf 92' lang='lat' dir='ltr'>quae</span> <span class='ocrx_word' id='word_1_70' title='bbox 872 674 1034 724; x_wconf 84' lang='lat' dir='ltr'>pertinet</span> <span class='ocrx_word' id='word_1_71' title='bbox 1062 674 1111 711; x_wconf 89' lang='lat' dir='ltr'>ad</span> <span class='ocrx_word' id='word_1_72' title='bbox 1142 675 1244 711; x_wconf 88' lang='lat' dir='ltr'>hunc</span> <span class='ocrx_word' id='word_1_73' title='bbox 1271 674 1424 711; x_wconf 87' lang='lat' dir='ltr'>tertium</span> 
     </span>
     <span class='ocr_line' id='line_1_14' title="bbox 363 728 1424 778; baseline -0.006 -9"><span class='ocrx_word' id='word_1_74' title='bbox 363 731 537 778; x_wconf 92' lang='lat' dir='ltr'>modum,</span> <span class='ocrx_word' id='word_1_75' title='bbox 559 739 595 768; x_wconf 90' lang='lat' dir='ltr'>et</span> <span class='ocrx_word' id='word_1_76' title='bbox 621 730 823 767; x_wconf 84' lang='lat' dir='ltr'>secundum</span> <span class='ocrx_word' id='word_1_77' title='bbox 842 728 862 750; x_wconf 65' lang='lat'>‘³‘</span> <span class='ocrx_word' id='word_1_78' title='bbox 880 728 939 764; x_wconf 85' lang='lat' dir='ltr'>rei</span> <span class='ocrx_word' id='word_1_79' title='bbox 962 728 1169 774; x_wconf 80' lang='lat' dir='ltr'>veritatem,</span> <span class='ocrx_word' id='word_1_80' title='bbox 1199 739 1316 776; x_wconf 87' lang='lat' dir='ltr'>quam</span> <span class='ocrx_word' id='word_1_81' title='bbox 1343 735 1424 764; x_wconf 91' lang='lat' dir='ltr'>tan-</span> 
     </span>
     <span class='ocr_line' id='line_1_15' title="bbox 364 780 1422 833; baseline -0.003 -12"><span class='ocrx_word' id='word_1_82' title='bbox 364 784 416 833; x_wconf 85' lang='lat' dir='ltr'>git</span> <span class='ocrx_word' id='word_1_83' title='bbox 443 784 632 821; x_wconf 84' lang='lat' dir='ltr'>secundus</span> <span class='ocrx_word' id='word_1_84' title='bbox 660 782 811 819; x_wconf 87' lang='lat' dir='ltr'>modus.</span> <span class='ocrx_word' id='word_1_85' title='bbox 842 780 942 827; x_wconf 87' lang='lat' dir='ltr'>Quia</span> <span class='ocrx_word' id='word_1_86' title='bbox 959 781 1121 829; x_wconf 83' lang='lat' dir='ltr'>spiritus,</span> <span class='ocrx_word' id='word_1_87' title='bbox 1150 780 1246 818; x_wconf 92' lang='lat' dir='ltr'>idest</span> <span class='ocrx_word' id='word_1_88' title='bbox 1272 788 1422 828; x_wconf 79' lang='lat' dir='ltr'>ventuS,</span> 
     </span>
     <span class='ocr_line' id='line_1_16' title="bbox 363 834 1423 880; baseline -0.004 -6"><span class='ocrx_word' id='word_1_89' title='bbox 363 844 399 874; x_wconf 92' lang='lat' dir='ltr'>et</span> <span class='ocrx_word' id='word_1_90' title='bbox 427 849 492 873; x_wconf 94' lang='lat' dir='ltr'>aer</span> <span class='ocrx_word' id='word_1_91' title='bbox 519 836 644 873; x_wconf 90' lang='lat' dir='ltr'>minus</span> <span class='ocrx_word' id='word_1_92' title='bbox 672 842 758 872; x_wconf 92' lang='lat' dir='ltr'>sunt</span> <span class='ocrx_word' id='word_1_93' title='bbox 785 834 988 871; x_wconf 85' lang='lat' dir='ltr'>secundum</span> <span class='ocrx_word' id='word_1_94' title='bbox 1016 846 1178 880; x_wconf 82' lang='lat' dir='ltr'>sensum,</span> <span class='ocrx_word' id='word_1_95' title='bbox 1200 834 1296 871; x_wconf 92' lang='lat' dir='ltr'>idest</span> <span class='ocrx_word' id='word_1_96' title='bbox 1320 834 1351 871; x_wconf 94' lang='lat' dir='ltr'>si</span> <span class='ocrx_word' id='word_1_97' title='bbox 1369 834 1423 870; x_wconf 91' lang='lat' dir='ltr'>iu-</span> 
     </span>
     <span class='ocr_line' id='line_1_17' title="bbox 363 887 1422 936; baseline -0.003 -9"><span class='ocrx_word' id='word_1_98' title='bbox 363 889 505 927; x_wconf 89' lang='lat' dir='ltr'>dicetur</span> <span class='ocrx_word' id='word_1_99' title='bbox 524 887 553 910; x_wconf 68' lang='grc' dir='ltr'>δδ</span> <span class='ocrx_word' id='word_1_100' title='bbox 572 901 652 925; x_wconf 90' lang='lat' dir='ltr'>esse</span> <span class='ocrx_word' id='word_1_101' title='bbox 681 887 733 924; x_wconf 92' lang='lat' dir='ltr'>rei</span> <span class='ocrx_word' id='word_1_102' title='bbox 762 899 807 924; x_wconf 84' lang='lat' dir='ltr'>ex</span> <span class='ocrx_word' id='word_1_103' title='bbox 835 888 910 924; x_wconf 91' lang='lat' dir='ltr'>hoc</span> <span class='ocrx_word' id='word_1_104' title='bbox 938 887 1043 936; x_wconf 92' lang='lat' dir='ltr'>quod</span> <span class='ocrx_word' id='word_1_105' title='bbox 1072 887 1238 924; x_wconf 84' lang='lat' dir='ltr'>sentitur.</span> <span class='ocrx_word' id='word_1_106' title='bbox 1268 888 1318 924; x_wconf 94' lang='lat' dir='ltr'>Et</span> <span class='ocrx_word' id='word_1_107' title='bbox 1335 887 1422 924; x_wconf 89' lang='lat' dir='ltr'>ideo</span> 
     </span>
     <span class='ocr_line' id='line_1_18' title="bbox 361 939 1422 991; baseline -0.003 -12"><span class='ocrx_word' id='word_1_108' title='bbox 361 954 626 991; x_wconf 90' lang='lat' dir='ltr'>quaecumque</span> <span class='ocrx_word' id='word_1_109' title='bbox 655 940 871 989; x_wconf 91' lang='lat' dir='ltr'>simpliciter</span> <span class='ocrx_word' id='word_1_110' title='bbox 899 948 1205 989; x_wconf 91' lang='lat' dir='ltr'>corrumpuntur,</span> <span class='ocrx_word' id='word_1_111' title='bbox 1236 939 1422 987; x_wconf 90' lang='lat' dir='ltr'>dicuntur,</span> 
     </span>
     <span class='ocr_line' id='line_1_19' title="bbox 361 993 1423 1043; baseline -0.002 -11"><span class='ocrx_word' id='word_1_112' title='bbox 361 995 571 1032; x_wconf 90' lang='lat' dir='ltr'>secundum</span> <span class='ocrx_word' id='word_1_113' title='bbox 601 994 753 1031; x_wconf 90' lang='lat' dir='ltr'>tertium</span> <span class='ocrx_word' id='word_1_114' title='bbox 781 993 958 1041; x_wconf 90' lang='lat' dir='ltr'>modum,</span> <span class='ocrx_word' id='word_1_115' title='bbox 989 993 1183 1043; x_wconf 89' lang='lat' dir='ltr'>corrumpi</span> <span class='ocrx_word' id='word_1_116' title='bbox 1210 1005 1279 1042; x_wconf 91' lang='lat' dir='ltr'>per</span> <span class='ocrx_word' id='word_1_117' title='bbox 1304 1000 1423 1030; x_wconf 92' lang='lat' dir='ltr'>trans—</span> 
     </span>
     <span class='ocr_line' id='line_1_20' title="bbox 361 1046 1424 1096; baseline -0.003 -11"><span class='ocrx_word' id='word_1_118' title='bbox 361 1048 609 1085; x_wconf 88' lang='lat' dir='ltr'>mutationem</span> <span class='ocrx_word' id='word_1_119' title='bbox 630 1047 669 1084; x_wconf 90' lang='lat' dir='ltr'>in</span> <span class='ocrx_word' id='word_1_120' title='bbox 689 1059 734 1084; x_wconf 90' lang='lat' dir='ltr'>ea</span> <span class='ocrx_word' id='word_1_121' title='bbox 761 1059 860 1096; x_wconf 90' lang='lat' dir='ltr'>quae</span> <span class='ocrx_word' id='word_1_122' title='bbox 889 1059 968 1084; x_wconf 92' lang='lat' dir='ltr'>non</span> <span class='ocrx_word' id='word_1_123' title='bbox 996 1047 1223 1092; x_wconf 78' lang='lat' dir='ltr'>sentiuntur3</span> <span class='ocrx_word' id='word_1_124' title='bbox 1252 1046 1424 1094; x_wconf 90' lang='lat' dir='ltr'>generari</span> 
     </span>
     <span class='ocr_line' id='line_1_21' title="bbox 360 1099 1423 1149; baseline -0.003 -11"><span class='ocrx_word' id='word_1_125' title='bbox 360 1109 487 1138; x_wconf 89' lang='lat' dir='ltr'>autem</span> <span class='ocrx_word' id='word_1_126' title='bbox 516 1100 752 1149; x_wconf 88' lang='lat' dir='ltr'>simpliciter,</span> <span class='ocrx_word' id='word_1_127' title='bbox 784 1101 938 1149; x_wconf 89' lang='lat' dir='ltr'>quando</span> <span class='ocrx_word' id='word_1_128' title='bbox 967 1107 1266 1138; x_wconf 85' lang='lat' dir='ltr'>transmutantur</span> <span class='ocrx_word' id='word_1_129' title='bbox 1293 1099 1331 1136; x_wconf 91' lang='lat' dir='ltr'>in</span> <span class='ocrx_word' id='word_1_130' title='bbox 1359 1099 1423 1136; x_wconf 86' lang='lat' dir='ltr'>ali-</span> 
     </span>
     <span class='ocr_line' id='line_1_22' title="bbox 359 1153 1424 1204; baseline -0.002 -13"><span class='ocrx_word' id='word_1_131' title='bbox 359 1154 464 1204; x_wconf 91' lang='lat' dir='ltr'>quod</span> <span class='ocrx_word' id='word_1_132' title='bbox 483 1153 658 1201; x_wconf 86' lang='lat' dir='ltr'>tangibile</span> <span class='ocrx_word' id='word_1_133' title='bbox 680 1161 715 1190; x_wconf 91' lang='lat' dir='ltr'>et</span> <span class='ocrx_word' id='word_1_134' title='bbox 728 1153 930 1203; x_wconf 84' lang='lat' dir='ltr'>palpabile,</span> <span class='ocrx_word' id='word_1_135' title='bbox 947 1153 1042 1190; x_wconf 92' lang='lat' dir='ltr'>sicut</span> <span class='ocrx_word' id='word_1_136' title='bbox 1057 1153 1210 1202; x_wconf 89' lang='lat' dir='ltr'>quando</span> <span class='ocrx_word' id='word_1_137' title='bbox 1230 1159 1424 1189; x_wconf 86' lang='lat' dir='ltr'>mutantur</span> 
     </span>
     <span class='ocr_line' id='line_1_23' title="bbox 357 1205 1422 1244; baseline -0.002 0"><span class='ocrx_word' id='word_1_138' title='bbox 357 1207 395 1244; x_wconf 91' lang='lat' dir='ltr'>in</span> <span class='ocrx_word' id='word_1_139' title='bbox 423 1214 575 1244; x_wconf 88' lang='lat' dir='ltr'>terram.</span> <span class='ocrx_word' id='word_1_140' title='bbox 606 1207 682 1244; x_wconf 89' lang='lat' dir='ltr'>Sed</span> <span class='ocrx_word' id='word_1_141' title='bbox 710 1207 925 1244; x_wconf 75' lang='lat' dir='ltr'>secundum</span> <span class='ocrx_word' id='word_1_142' title='bbox 951 1206 1005 1244; x_wconf 89' lang='lat' dir='ltr'>rei</span> <span class='ocrx_word' id='word_1_143' title='bbox 1024 1206 1044 1228; x_wconf 70' lang='lat'>&#39;¹‘</span> <span class='ocrx_word' id='word_1_144' title='bbox 1061 1206 1261 1244; x_wconf 82' lang='lat' dir='ltr'>veritatem</span> <span class='ocrx_word' id='word_1_145' title='bbox 1286 1205 1422 1243; x_wconf 87' lang='lat' dir='ltr'>accidit</span> 
     </span>
     <span class='ocr_line' id='line_1_24' title="bbox 358 1258 1423 1308; baseline -0.001 -11"><span class='ocrx_word' id='word_1_146' title='bbox 358 1260 598 1297; x_wconf 89' lang='lat' dir='ltr'>contrarium.</span> <span class='ocrx_word' id='word_1_147' title='bbox 638 1260 740 1307; x_wconf 88' lang='lat' dir='ltr'>Quia</span> <span class='ocrx_word' id='word_1_148' title='bbox 773 1272 838 1297; x_wconf 87' lang='lat' dir='ltr'>aer</span> <span class='ocrx_word' id='word_1_149' title='bbox 869 1260 990 1308; x_wconf 89' lang='lat' dir='ltr'>magis</span> <span class='ocrx_word' id='word_1_150' title='bbox 1020 1267 1075 1296; x_wconf 91' lang='lat' dir='ltr'>est</span> <span class='ocrx_word' id='word_1_151' title='bbox 1105 1260 1181 1296; x_wconf 93' lang='lat' dir='ltr'>hoc</span> <span class='ocrx_word' id='word_1_152' title='bbox 1217 1258 1358 1308; x_wconf 89' lang='lat' dir='ltr'>aliquid</span> <span class='ocrx_word' id='word_1_153' title='bbox 1388 1266 1423 1296; x_wconf 89' lang='lat' dir='ltr'>et</span> 
     </span>
     <span class='ocr_line' id='line_1_25' title="bbox 357 1312 1420 1362; baseline -0.001 -12"><span class='ocrx_word' id='word_1_154' title='bbox 357 1313 503 1362; x_wconf 90' lang='lat' dir='ltr'>species</span> <span class='ocrx_word' id='word_1_155' title='bbox 523 1325 641 1361; x_wconf 90' lang='lat' dir='ltr'>quam</span> <span class='ocrx_word' id='word_1_156' title='bbox 659 1321 771 1361; x_wconf 89' lang='lat' dir='ltr'>terra,</span> <span class='ocrx_word' id='word_1_157' title='bbox 793 1321 828 1350; x_wconf 91' lang='lat' dir='ltr'>et</span> <span class='ocrx_word' id='word_1_158' title='bbox 849 1321 903 1350; x_wconf 92' lang='lat' dir='ltr'>est</span> <span class='ocrx_word' id='word_1_159' title='bbox 930 1312 1132 1362; x_wconf 87' lang='lat' dir='ltr'>perfectius</span> <span class='ocrx_word' id='word_1_160' title='bbox 1152 1325 1240 1349; x_wconf 88' lang='lat' dir='ltr'>ens:</span> <span class='ocrx_word' id='word_1_161' title='bbox 1262 1320 1298 1349; x_wconf 91' lang='lat' dir='ltr'>et</span> <span class='ocrx_word' id='word_1_162' title='bbox 1321 1312 1420 1359; x_wconf 89' lang='lat' dir='ltr'>ideo,</span> 
     </span>
    </p>
   </div>
   <div class='ocr_carea' id='block_1_8' title="bbox 350 1469 1425 1611">
    <p class='ocr_par' dir='ltr' id='par_1_9' title="bbox 350 1469 1425 1611">
     <span class='ocr_line' id='line_1_26' title="bbox 409 1469 1424 1504; baseline 0.001 -9"><span class='ocrx_word' id='word_1_163' title='bbox 409 1469 449 1503; x_wconf 80' lang='grc' dir='ltr'>ὃὸ)</span> <span class='ocrx_word' id='word_1_164' title='bbox 466 1470 608 1496; x_wconf 80' lang='lat' dir='ltr'>iudicetur.</span> <span class='ocrx_word' id='word_1_165' title='bbox 621 1484 640 1490; x_wconf 87' lang='lat'><em>-</em></span> <span class='ocrx_word' id='word_1_166' title='bbox 652 1470 691 1496; x_wconf 85' lang='lat' dir='ltr'>ita</span> <span class='ocrx_word' id='word_1_167' title='bbox 706 1470 813 1496; x_wconf 80' lang='lat' dir='ltr'>dicatur</span> <span class='ocrx_word' id='word_1_168' title='bbox 825 1471 884 1496; x_wconf 85' lang='grc' dir='ltr'>Α.-</span> <span class='ocrx_word' id='word_1_169' title='bbox 898 1471 948 1495; x_wconf 87' lang='lat' dir='ltr'>Pro</span> <span class='ocrx_word' id='word_1_170' title='bbox 963 1471 999 1496; x_wconf 81' lang='lat' dir='ltr'>Et</span> <span class='ocrx_word' id='word_1_171' title='bbox 1013 1470 1071 1496; x_wconf 83' lang='lat' dir='ltr'>ideo</span> <span class='ocrx_word' id='word_1_172' title='bbox 1080 1488 1105 1496; x_wconf 87' lang='lat'>...</span> <span class='ocrx_word' id='word_1_173' title='bbox 1118 1471 1246 1504; x_wconf 79' lang='lat' dir='ltr'>generari</span> <span class='ocrx_word' id='word_1_174' title='bbox 1259 1474 1348 1496; x_wconf 80' lang='lat' dir='ltr'>autem</span> <span class='ocrx_word' id='word_1_175' title='bbox 1362 1471 1424 1497; x_wconf 76' lang='lat' dir='ltr'>sim-</span> 
     </span>
     <span class='ocr_line' id='line_1_27' title="bbox 350 1506 1424 1539; baseline 0.002 -9"><span class='ocrx_word' id='word_1_176' title='bbox 350 1506 468 1539; x_wconf 80' lang='lat' dir='ltr'>pliciter,</span> <span class='ocrx_word' id='word_1_177' title='bbox 483 1506 519 1530; x_wconf 87' lang='lat' dir='ltr'>Pb</span> <span class='ocrx_word' id='word_1_178' title='bbox 535 1506 631 1539; x_wconf 83' lang='lat' dir='ltr'>legunt.</span> <span class='ocrx_word' id='word_1_179' title='bbox 648 1506 684 1531; x_wconf 84' lang='lat' dir='ltr'>Et</span> <span class='ocrx_word' id='word_1_180' title='bbox 698 1506 757 1531; x_wconf 82' lang='lat' dir='ltr'>ideo</span> <span class='ocrx_word' id='word_1_181' title='bbox 770 1513 948 1539; x_wconf 82' lang='lat' dir='ltr'>quaecumque</span> <span class='ocrx_word' id='word_1_182' title='bbox 962 1510 1180 1539; x_wconf 82' lang='lat' dir='ltr'>corrumpuntur,</span> <span class='ocrx_word' id='word_1_183' title='bbox 1195 1506 1322 1532; x_wconf 82' lang='lat' dir='ltr'>dicuntur</span> <span class='ocrx_word' id='word_1_184' title='bbox 1334 1514 1424 1532; x_wconf 85' lang='lat' dir='ltr'>secun-</span> 
     </span>
     <span class='ocr_line' id='line_1_28' title="bbox 356 1541 1424 1576; baseline 0.002 -10"><span class='ocrx_word' id='word_1_185' title='bbox 356 1542 420 1567; x_wconf 87' lang='lat' dir='ltr'>dum</span> <span class='ocrx_word' id='word_1_186' title='bbox 435 1541 544 1566; x_wconf 79' lang='lat' dir='ltr'>tertium</span> <span class='ocrx_word' id='word_1_187' title='bbox 557 1542 664 1567; x_wconf 83' lang='lat' dir='ltr'>modum</span> <span class='ocrx_word' id='word_1_188' title='bbox 679 1542 823 1574; x_wconf 81' lang='lat' dir='ltr'>corrumpi,</span> <span class='ocrx_word' id='word_1_189' title='bbox 838 1545 864 1566; x_wconf 86' lang='lat' dir='ltr'>et</span> <span class='ocrx_word' id='word_1_190' title='bbox 874 1549 926 1574; x_wconf 83' lang='lat' dir='ltr'>per</span> <span class='ocrx_word' id='word_1_191' title='bbox 940 1542 1190 1567; x_wconf 76' lang='lat' dir='ltr'>transmutationem</span> <span class='ocrx_word' id='word_1_192' title='bbox 1209 1549 1277 1576; x_wconf 60' lang='lat' dir='ltr'>quae</span> <span class='ocrx_word' id='word_1_193' title='bbox 1295 1549 1347 1567; x_wconf 80' lang='lat' dir='ltr'>non</span> <span class='ocrx_word' id='word_1_194' title='bbox 1366 1549 1424 1568; x_wconf 84' lang='lat' dir='ltr'>sen-</span> 
     </span>
     <span class='ocr_line' id='line_1_29' title="bbox 357 1577 1425 1611; baseline 0.001 -9"><span class='ocrx_word' id='word_1_195' title='bbox 357 1577 461 1602; x_wconf 82' lang='lat' dir='ltr'>tiuntur</span> <span class='ocrx_word' id='word_1_196' title='bbox 478 1577 606 1610; x_wconf 80' lang='lat' dir='ltr'>generari</span> <span class='ocrx_word' id='word_1_197' title='bbox 612 1586 620 1602; x_wconf 92' lang='grc'>.-</span> <span class='ocrx_word' id='word_1_198' title='bbox 638 1580 687 1602; x_wconf 82' lang='lat' dir='ltr'>aut</span> <span class='ocrx_word' id='word_1_199' title='bbox 705 1577 875 1610; x_wconf 80' lang='lat' dir='ltr'>simpliciter;</span> <span class='ocrx_word' id='word_1_200' title='bbox 894 1577 972 1608; x_wconf 87' lang='lat' dir='ltr'>idem,</span> <span class='ocrx_word' id='word_1_201' title='bbox 987 1577 1089 1603; x_wconf 80' lang='lat' dir='ltr'>sublata</span> <span class='ocrx_word' id='word_1_202' title='bbox 1107 1578 1321 1611; x_wconf 81' lang='lat' dir='ltr'>interpunctione,</span> <span class='ocrx_word' id='word_1_203' title='bbox 1340 1585 1373 1608; x_wconf 71' lang='grc' dir='ltr'>ας</span> <span class='ocrx_word' id='word_1_204' title='bbox 1392 1578 1425 1604; x_wconf 86' lang='lat' dir='ltr'>cf.</span> 
     </span>
    </p>
   </div>
   <div class='ocr_carea' id='block_1_9' title="bbox 1479 408 2547 564">
    <p class='ocr_par' dir='ltr' id='par_1_10' title="bbox 1479 408 2547 564">
     <span class='ocr_line' id='line_1_30' title="bbox 1480 408 2437 458; baseline 0.002 -14"><span class='ocrx_word' id='word_1_205' title='bbox 1480 408 1570 445; x_wconf 91' lang='lat' dir='ltr'>citer</span> <span class='ocrx_word' id='word_1_206' title='bbox 1598 408 1629 445; x_wconf 90' lang='lat' dir='ltr'>si</span> <span class='ocrx_word' id='word_1_207' title='bbox 1658 421 1702 446; x_wconf 85' lang='lat' dir='ltr'>ex</span> <span class='ocrx_word' id='word_1_208' title='bbox 1730 416 1829 446; x_wconf 90' lang='lat' dir='ltr'>terra</span> <span class='ocrx_word' id='word_1_209' title='bbox 1855 410 1923 447; x_wconf 89' lang='lat' dir='ltr'>fiat</span> <span class='ocrx_word' id='word_1_210' title='bbox 1951 422 2026 457; x_wconf 89' lang='lat' dir='ltr'>aer,</span> <span class='ocrx_word' id='word_1_211' title='bbox 2048 421 2166 458; x_wconf 90' lang='lat' dir='ltr'>quam</span> <span class='ocrx_word' id='word_1_212' title='bbox 2195 421 2216 446; x_wconf 90' lang='lat' dir='ltr'>e</span> <span class='ocrx_word' id='word_1_213' title='bbox 2237 421 2437 447; x_wconf 87' lang='lat' dir='ltr'>converso.</span> 
     </span>
     <span class='ocr_line' id='line_1_31' title="bbox 1533 462 2543 512; baseline 0.002 -14"><span class='ocrx_word' id='word_1_214' title='bbox 1533 474 1570 509; x_wconf 85' lang='lat'>9.</span> <span class='ocrx_word' id='word_1_215' title='bbox 1590 462 1742 500; x_wconf 89' lang='lat' dir='ltr'>Deinde</span> <span class='ocrx_word' id='word_1_216' title='bbox 1762 475 1850 500; x_wconf 89' lang='lat' dir='ltr'>cum</span> <span class='ocrx_word' id='word_1_217' title='bbox 1880 463 1987 500; x_wconf 88' lang='lat' dir='ltr'>dicit:</span> <span class='ocrx_word' id='word_1_218' title='bbox 2016 464 2109 499; x_wconf 80' lang='lat' dir='ltr'>Esse</span> <span class='ocrx_word' id='word_1_219' title='bbox 2137 462 2285 511; x_wconf 85' lang='lat' dir='ltr'>quidem</span> <span class='ocrx_word' id='word_1_220' title='bbox 2314 463 2432 512; x_wconf 84' lang='lat' dir='ltr'>igitur</span> <span class='ocrx_word' id='word_1_221' title='bbox 2460 470 2543 511; x_wconf 89' lang='lat' dir='ltr'>etc.‚</span> 
     </span>
     <span class='ocr_line' id='line_1_32' title="bbox 1479 515 2547 564; baseline 0.001 -13"><span class='ocrx_word' id='word_1_222' title='bbox 1479 515 1642 564; x_wconf 88' lang='lat' dir='ltr'>epilogat</span> <span class='ocrx_word' id='word_1_223' title='bbox 1670 527 1768 563; x_wconf 91' lang='lat' dir='ltr'>quae</span> <span class='ocrx_word' id='word_1_224' title='bbox 1798 516 1897 553; x_wconf 91' lang='lat' dir='ltr'>dicta</span> <span class='ocrx_word' id='word_1_225' title='bbox 1925 523 2023 553; x_wconf 90' lang='lat' dir='ltr'>sunt.</span> <span class='ocrx_word' id='word_1_226' title='bbox 2044 517 2094 552; x_wconf 89' lang='lat' dir='ltr'>Et</span> <span class='ocrx_word' id='word_1_227' title='bbox 2122 515 2210 552; x_wconf 91' lang='lat' dir='ltr'>dicit</span> <span class='ocrx_word' id='word_1_228' title='bbox 2229 515 2334 564; x_wconf 92' lang='lat' dir='ltr'>quod</span> <span class='ocrx_word' id='word_1_229' title='bbox 2363 515 2462 553; x_wconf 89' lang='lat' dir='ltr'>dicta</span> <span class='ocrx_word' id='word_1_230' title='bbox 2490 523 2547 553; x_wconf 90' lang='lat' dir='ltr'>est</span> 
     </span>
    </p>
   </div>
   <div class='ocr_carea' id='block_1_10' title="bbox 1479 568 2782 623">
    <p class='ocr_par' dir='ltr' id='par_1_11' title="bbox 1479 568 2782 623">
     <span class='ocr_line' id='line_1_33' title="bbox 1479 568 2782 623; baseline 0 -19"><span class='ocrx_word' id='word_1_231' title='bbox 1479 580 1593 605; x_wconf 87' lang='lat' dir='ltr'>causa</span> <span class='ocrx_word' id='word_1_232' title='bbox 1612 580 1731 616; x_wconf 87' lang='lat' dir='ltr'>quare</span> <span class='ocrx_word' id='word_1_233' title='bbox 1751 569 1943 618; x_wconf 89' lang='lat' dir='ltr'>quaedam</span> <span class='ocrx_word' id='word_1_234' title='bbox 1962 569 2155 618; x_wconf 90' lang='lat' dir='ltr'>generatio</span> <span class='ocrx_word' id='word_1_235' title='bbox 2176 568 2220 605; x_wconf 93' lang='lat' dir='ltr'>sit</span> <span class='ocrx_word' id='word_1_236' title='bbox 2233 568 2254 590; x_wconf 75' lang='lat'>&#39;¹‘</span> <span class='ocrx_word' id='word_1_237' title='bbox 2268 568 2439 618; x_wconf 89' lang='lat' dir='ltr'>simplex,</span> <span class='ocrx_word' id='word_1_238' title='bbox 2455 581 2544 606; x_wconf 90' lang='lat' dir='ltr'>cum</span> <span class='ocrx_word' id='word_1_239' title='bbox 2572 576 2638 623; x_wconf 28' lang='grc' dir='ltr'>Εἶτ’</span> <span class='ocrx_word' id='word_1_240' title='bbox 2658 577 2782 604; x_wconf 68' lang='lat' dir='ltr'>generatio</span> 
     </span>
    </p>
   </div>
   <div class='ocr_carea' id='block_1_11' title="bbox 1476 621 2545 1362">
    <p class='ocr_par' dir='ltr' id='par_1_12' title="bbox 1476 621 2545 1362">
     <span class='ocr_line' id='line_1_34' title="bbox 1477 621 2544 671; baseline 0.001 -13"><span class='ocrx_word' id='word_1_241' title='bbox 1477 629 1608 658; x_wconf 90' lang='lat' dir='ltr'>tamen</span> <span class='ocrx_word' id='word_1_242' title='bbox 1621 621 1668 658; x_wconf 92' lang='lat' dir='ltr'>sit</span> <span class='ocrx_word' id='word_1_243' title='bbox 1687 622 1877 671; x_wconf 87' lang='lat' dir='ltr'>corruptio</span> <span class='ocrx_word' id='word_1_244' title='bbox 1893 622 2067 669; x_wconf 82' lang='lat' dir='ltr'>alicuius3</span> <span class='ocrx_word' id='word_1_245' title='bbox 2085 630 2121 659; x_wconf 92' lang='lat' dir='ltr'>et</span> <span class='ocrx_word' id='word_1_246' title='bbox 2140 621 2332 671; x_wconf 91' lang='lat' dir='ltr'>quaedam</span> <span class='ocrx_word' id='word_1_247' title='bbox 2352 622 2544 671; x_wconf 89' lang='lat' dir='ltr'>corruptio</span> 
     </span>
     <span class='ocr_line' id='line_1_35' title="bbox 1477 674 2545 724; baseline 0.001 -13"><span class='ocrx_word' id='word_1_248' title='bbox 1477 674 1650 723; x_wconf 78' lang='lat' dir='ltr'>simplex,</span> <span class='ocrx_word' id='word_1_249' title='bbox 1671 687 1761 712; x_wconf 88' lang='lat' dir='ltr'>cum</span> <span class='ocrx_word' id='word_1_250' title='bbox 1788 683 1917 713; x_wconf 91' lang='lat' dir='ltr'>tamen</span> <span class='ocrx_word' id='word_1_251' title='bbox 1944 676 1990 713; x_wconf 88' lang='lat' dir='ltr'>sit</span> <span class='ocrx_word' id='word_1_252' title='bbox 2017 675 2209 724; x_wconf 90' lang='lat' dir='ltr'>generatio</span> <span class='ocrx_word' id='word_1_253' title='bbox 2238 675 2407 712; x_wconf 91' lang='lat' dir='ltr'>alicuius.</span> <span class='ocrx_word' id='word_1_254' title='bbox 2438 675 2545 712; x_wconf 87' lang='lat' dir='ltr'>Haec</span> 
     </span>
     <span class='ocr_line' id='line_1_36' title="bbox 1479 727 2544 778; baseline 0.001 -14"><span class='ocrx_word' id='word_1_255' title='bbox 1479 727 1580 765; x_wconf 91' lang='lat' dir='ltr'>enim</span> <span class='ocrx_word' id='word_1_256' title='bbox 1610 727 1788 766; x_wconf 85' lang='lat' dir='ltr'>differunt</span> <span class='ocrx_word' id='word_1_257' title='bbox 1823 741 1894 778; x_wconf 90' lang='lat' dir='ltr'>per</span> <span class='ocrx_word' id='word_1_258' title='bbox 1920 729 2142 775; x_wconf 87' lang='lat' dir='ltr'>materiam,</span> <span class='ocrx_word' id='word_1_259' title='bbox 2168 728 2264 766; x_wconf 90' lang='lat' dir='ltr'>idest</span> <span class='ocrx_word' id='word_1_260' title='bbox 2291 741 2360 778; x_wconf 92' lang='lat' dir='ltr'>per</span> <span class='ocrx_word' id='word_1_261' title='bbox 2386 728 2427 765; x_wconf 93' lang='lat' dir='ltr'>id</span> <span class='ocrx_word' id='word_1_262' title='bbox 2453 733 2477 749; x_wconf 81' lang='lat'><strong>“</strong></span> <span class='ocrx_word' id='word_1_263' title='bbox 2505 728 2544 765; x_wconf 93' lang='lat' dir='ltr'>in</span> 
     </span>
     <span class='ocr_line' id='line_1_37' title="bbox 1478 781 2544 831; baseline 0.001 -13"><span class='ocrx_word' id='word_1_264' title='bbox 1478 781 1583 830; x_wconf 92' lang='lat' dir='ltr'>quod</span> <span class='ocrx_word' id='word_1_265' title='bbox 1606 781 1748 830; x_wconf 82' lang='lat' dir='ltr'>aliquid</span> <span class='ocrx_word' id='word_1_266' title='bbox 1775 789 2047 819; x_wconf 88' lang='lat' dir='ltr'>transmutatur</span> <span class='ocrx_word' id='word_1_267' title='bbox 2074 794 2142 831; x_wconf 89' lang='lat' dir='ltr'>per</span> <span class='ocrx_word' id='word_1_268' title='bbox 2169 782 2454 830; x_wconf 89' lang='lat' dir='ltr'>generationem</span> <span class='ocrx_word' id='word_1_269' title='bbox 2481 782 2544 819; x_wconf 85' lang='lat' dir='ltr'>vel</span> 
     </span>
     <span class='ocr_line' id='line_1_38' title="bbox 1478 834 2543 885; baseline 0.001 -14"><span class='ocrx_word' id='word_1_270' title='bbox 1478 834 1782 883; x_wconf 91' lang='lat' dir='ltr'>corruptionem:</span> <span class='ocrx_word' id='word_1_271' title='bbox 1812 843 1877 872; x_wconf 91' lang='lat' dir='ltr'>aut</span> <span class='ocrx_word' id='word_1_272' title='bbox 1902 835 1992 885; x_wconf 91' lang='lat' dir='ltr'>quia</span> <span class='ocrx_word' id='word_1_273' title='bbox 2011 843 2066 872; x_wconf 90' lang='lat' dir='ltr'>est</span> <span class='ocrx_word' id='word_1_274' title='bbox 2092 836 2308 880; x_wconf 81' lang='lat' dir='ltr'>substantia,</span> <span class='ocrx_word' id='word_1_275' title='bbox 2339 835 2437 872; x_wconf 89' lang='lat' dir='ltr'>idest</span> <span class='ocrx_word' id='word_1_276' title='bbox 2465 847 2543 883; x_wconf 91' lang='lat' dir='ltr'>ens,</span> 
     </span>
     <span class='ocr_line' id='line_1_39' title="bbox 1476 887 2545 938; baseline 0.001 -14"><span class='ocrx_word' id='word_1_277' title='bbox 1476 888 1538 924; x_wconf 88' lang='lat' dir='ltr'>vel</span> <span class='ocrx_word' id='word_1_278' title='bbox 1567 900 1657 935; x_wconf 87' lang='lat' dir='ltr'>non,</span> <span class='ocrx_word' id='word_1_279' title='bbox 1678 887 1772 924; x_wconf 89' lang='lat' dir='ltr'>sicut</span> <span class='ocrx_word' id='word_1_280' title='bbox 1792 888 1988 925; x_wconf 87' lang='lat' dir='ltr'>dicebatur</span> <span class='ocrx_word' id='word_1_281' title='bbox 2004 888 2046 926; x_wconf 93' lang='lat' dir='ltr'>in</span> <span class='ocrx_word' id='word_1_282' title='bbox 2062 889 2187 938; x_wconf 91' lang='lat' dir='ltr'>primo</span> <span class='ocrx_word' id='word_1_283' title='bbox 2207 888 2349 935; x_wconf 91' lang='lat' dir='ltr'>modo;</span> <span class='ocrx_word' id='word_1_284' title='bbox 2370 895 2436 925; x_wconf 94' lang='lat' dir='ltr'>aut</span> <span class='ocrx_word' id='word_1_285' title='bbox 2454 887 2545 937; x_wconf 84' lang='lat' dir='ltr'>quia</span> 
     </span>
     <span class='ocr_line' id='line_1_40' title="bbox 1476 940 2544 991; baseline 0.003 -15"><span class='ocrx_word' id='word_1_286' title='bbox 1476 941 1551 977; x_wconf 89' lang='lat' dir='ltr'>hoc</span> <span class='ocrx_word' id='word_1_287' title='bbox 1587 940 1733 989; x_wconf 78' lang='lat' dir='ltr'>magis,</span> <span class='ocrx_word' id='word_1_288' title='bbox 1767 940 1843 978; x_wconf 90' lang='lat' dir='ltr'>hoc</span> <span class='ocrx_word' id='word_1_289' title='bbox 1869 953 1964 979; x_wconf 88' lang='lat' dir='ltr'>vero</span> <span class='ocrx_word' id='word_1_290' title='bbox 1993 954 2090 990; x_wconf 89' lang='lat' dir='ltr'>non,</span> <span class='ocrx_word' id='word_1_291' title='bbox 2125 942 2214 991; x_wconf 91' lang='lat' dir='ltr'>quia</span> <span class='ocrx_word' id='word_1_292' title='bbox 2247 941 2386 979; x_wconf 89' lang='lat' dir='ltr'>scilicet</span> <span class='ocrx_word' id='word_1_293' title='bbox 2421 953 2544 978; x_wconf 90' lang='lat' dir='ltr'>unum</span> 
     </span>
     <span class='ocr_line' id='line_1_41' title="bbox 1478 993 2544 1045; baseline 0.003 -16"><span class='ocrx_word' id='word_1_294' title='bbox 1478 1001 1534 1030; x_wconf 92' lang='lat' dir='ltr'>est</span> <span class='ocrx_word' id='word_1_295' title='bbox 1550 993 1752 1042; x_wconf 85' lang='lat' dir='ltr'>perfectius</span> <span class='ocrx_word' id='word_1_296' title='bbox 1774 1005 1849 1031; x_wconf 85' lang='lat' dir='ltr'>ens</span> <span class='ocrx_word' id='word_1_297' title='bbox 1877 1006 1996 1042; x_wconf 90' lang='lat' dir='ltr'>quam</span> <span class='ocrx_word' id='word_1_298' title='bbox 2024 995 2142 1042; x_wconf 89' lang='lat' dir='ltr'>aliud,</span> <span class='ocrx_word' id='word_1_299' title='bbox 2172 995 2277 1044; x_wconf 92' lang='lat' dir='ltr'>quod</span> <span class='ocrx_word' id='word_1_300' title='bbox 2304 995 2466 1045; x_wconf 89' lang='lat' dir='ltr'>pertinet</span> <span class='ocrx_word' id='word_1_301' title='bbox 2494 995 2544 1032; x_wconf 89' lang='lat' dir='ltr'>ad</span> 
     </span>
     <span class='ocr_line' id='line_1_42' title="bbox 1477 1046 2544 1097; baseline 0.002 -14"><span class='ocrx_word' id='word_1_302' title='bbox 1477 1046 1692 1083; x_wconf 85' lang='lat' dir='ltr'>secundum</span> <span class='ocrx_word' id='word_1_303' title='bbox 1709 1046 1891 1094; x_wconf 90' lang='lat' dir='ltr'>modum;</span> <span class='ocrx_word' id='word_1_304' title='bbox 1921 1055 1985 1084; x_wconf 91' lang='lat' dir='ltr'>aut</span> <span class='ocrx_word' id='word_1_305' title='bbox 2003 1047 2093 1097; x_wconf 89' lang='lat' dir='ltr'>quia</span> <span class='ocrx_word' id='word_1_306' title='bbox 2111 1048 2271 1085; x_wconf 89' lang='lat' dir='ltr'>materia</span> <span class='ocrx_word' id='word_1_307' title='bbox 2290 1061 2335 1085; x_wconf 88' lang='lat' dir='ltr'>ex</span> <span class='ocrx_word' id='word_1_308' title='bbox 2354 1061 2431 1097; x_wconf 91' lang='lat' dir='ltr'>qua</span> <span class='ocrx_word' id='word_1_309' title='bbox 2450 1056 2487 1085; x_wconf 91' lang='lat' dir='ltr'>et</span> <span class='ocrx_word' id='word_1_310' title='bbox 2505 1048 2544 1085; x_wconf 92' lang='lat' dir='ltr'>in</span> 
     </span>
     <span class='ocr_line' id='line_1_43' title="bbox 1478 1099 2544 1149; baseline 0.002 -13"><span class='ocrx_word' id='word_1_311' title='bbox 1478 1111 1596 1147; x_wconf 89' lang='lat' dir='ltr'>quam</span> <span class='ocrx_word' id='word_1_312' title='bbox 1625 1099 1766 1148; x_wconf 89' lang='lat' dir='ltr'>aliquid</span> <span class='ocrx_word' id='word_1_313' title='bbox 1793 1107 2076 1147; x_wconf 88' lang='lat' dir='ltr'>transmutatur,</span> <span class='ocrx_word' id='word_1_314' title='bbox 2097 1108 2153 1138; x_wconf 93' lang='lat' dir='ltr'>est</span> <span class='ocrx_word' id='word_1_315' title='bbox 2181 1101 2301 1149; x_wconf 89' lang='lat' dir='ltr'>magis</span> <span class='ocrx_word' id='word_1_316' title='bbox 2328 1102 2391 1139; x_wconf 82' lang='lat' dir='ltr'>vel</span> <span class='ocrx_word' id='word_1_317' title='bbox 2417 1101 2544 1139; x_wconf 89' lang='lat' dir='ltr'>minus</span> 
     </span>
     <span class='ocr_line' id='line_1_44' title="bbox 1478 1152 2544 1202; baseline 0.002 -13"><span class='ocrx_word' id='word_1_318' title='bbox 1478 1152 1675 1200; x_wconf 88' lang='lat' dir='ltr'>sensibilis,</span> <span class='ocrx_word' id='word_1_319' title='bbox 1705 1153 1810 1202; x_wconf 91' lang='lat' dir='ltr'>quod</span> <span class='ocrx_word' id='word_1_320' title='bbox 1833 1153 1995 1202; x_wconf 87' lang='lat' dir='ltr'>pertinet</span> <span class='ocrx_word' id='word_1_321' title='bbox 2023 1153 2072 1190; x_wconf 90' lang='lat' dir='ltr'>ad</span> <span class='ocrx_word' id='word_1_322' title='bbox 2100 1154 2253 1191; x_wconf 89' lang='lat' dir='ltr'>tertium</span> <span class='ocrx_word' id='word_1_323' title='bbox 2272 1154 2445 1191; x_wconf 89' lang='lat' dir='ltr'>modum.</span> <span class='ocrx_word' id='word_1_324' title='bbox 2466 1155 2544 1191; x_wconf 91' lang='lat' dir='ltr'>Vo-</span> 
     </span>
     <span class='ocr_line' id='line_1_45' title="bbox 1478 1205 2544 1255; baseline 0.002 -13"><span class='ocrx_word' id='word_1_325' title='bbox 1478 1214 1537 1244; x_wconf 90' lang='lat' dir='ltr'>cat</span> <span class='ocrx_word' id='word_1_326' title='bbox 1565 1213 1693 1243; x_wconf 89' lang='lat' dir='ltr'>autem</span> <span class='ocrx_word' id='word_1_327' title='bbox 1722 1205 1784 1243; x_wconf 90' lang='lat' dir='ltr'>hic</span> <span class='ocrx_word' id='word_1_328' title='bbox 1811 1205 2032 1254; x_wconf 61' lang='lat' dir='ltr'>materiam,</span> <span class='ocrx_word' id='word_1_329' title='bbox 2061 1219 2141 1244; x_wconf 89' lang='lat' dir='ltr'>non</span> <span class='ocrx_word' id='word_1_330' title='bbox 2168 1219 2323 1255; x_wconf 87' lang='lat' dir='ltr'>puram,</span> <span class='ocrx_word' id='word_1_331' title='bbox 2357 1207 2426 1244; x_wconf 90' lang='lat' dir='ltr'>sed</span> <span class='ocrx_word' id='word_1_332' title='bbox 2461 1219 2544 1244; x_wconf 88' lang='lat' dir='ltr'>rem</span> 
     </span>
     <span class='ocr_line' id='line_1_46' title="bbox 1477 1259 2545 1309; baseline 0.001 -13"><span class='ocrx_word' id='word_1_333' title='bbox 1477 1271 1523 1296; x_wconf 87' lang='lat' dir='ltr'>ex</span> <span class='ocrx_word' id='word_1_334' title='bbox 1551 1272 1628 1308; x_wconf 91' lang='lat' dir='ltr'>qua</span> <span class='ocrx_word' id='word_1_335' title='bbox 1655 1259 1685 1286; x_wconf 64' lang='grc' dir='ltr'>ἔς</span> <span class='ocrx_word' id='word_1_336' title='bbox 1713 1259 1855 1308; x_wconf 87' lang='lat' dir='ltr'>aliquid</span> <span class='ocrx_word' id='word_1_337' title='bbox 1888 1267 2108 1308; x_wconf 85' lang='lat' dir='ltr'>generatur,</span> <span class='ocrx_word' id='word_1_338' title='bbox 2143 1261 2206 1297; x_wconf 88' lang='lat' dir='ltr'>vel</span> <span class='ocrx_word' id='word_1_339' title='bbox 2240 1260 2280 1298; x_wconf 90' lang='lat' dir='ltr'>in</span> <span class='ocrx_word' id='word_1_340' title='bbox 2312 1272 2430 1309; x_wconf 87' lang='lat' dir='ltr'>quarn</span> <span class='ocrx_word' id='word_1_341' title='bbox 2463 1271 2545 1297; x_wconf 91' lang='lat' dir='ltr'>cor-</span> 
     </span>
     <span class='ocr_line' id='line_1_47' title="bbox 1477 1320 1675 1362; baseline 0 -12"><span class='ocrx_word' id='word_1_342' title='bbox 1477 1320 1675 1362; x_wconf 77' lang='lat' dir='ltr'>rumpitur.</span> 
     </span>
    </p>
   </div>
   <div class='ocr_carea' id='block_1_12' title="bbox 1478 1472 2547 1614">
    <p class='ocr_par' dir='ltr' id='par_1_13' title="bbox 1478 1472 2546 1544">
     <span class='ocr_line' id='line_1_48' title="bbox 1532 1472 2546 1506; baseline 0.004 -9"><span class='ocrx_word' id='word_1_343' title='bbox 1532 1472 1567 1505; x_wconf 84' lang='grc' dir='ltr'>εε)</span> <span class='ocrx_word' id='word_1_344' title='bbox 1581 1472 1656 1497; x_wconf 82' lang='lat' dir='ltr'>Haec</span> <span class='ocrx_word' id='word_1_345' title='bbox 1667 1472 1737 1498; x_wconf 80' lang='lat' dir='ltr'>enim</span> <span class='ocrx_word' id='word_1_346' title='bbox 1757 1472 1918 1506; x_wconf 78' lang='lat' dir='ltr'>differunt...</span> <span class='ocrx_word' id='word_1_347' title='bbox 1927 1479 1980 1505; x_wconf 77' lang='lat' dir='ltr'>per</span> <span class='ocrx_word' id='word_1_348' title='bbox 1993 1472 2030 1498; x_wconf 83' lang='lat' dir='ltr'>id.</span> <span class='ocrx_word' id='word_1_349' title='bbox 2043 1486 2062 1492; x_wconf 94' lang='lat'>—</span> <span class='ocrx_word' id='word_1_350' title='bbox 2074 1472 2134 1498; x_wconf 81' lang='lat' dir='ltr'>Hoc</span> <span class='ocrx_word' id='word_1_351' title='bbox 2146 1472 2216 1498; x_wconf 82' lang='lat' dir='ltr'>em&#39;m</span> <span class='ocrx_word' id='word_1_352' title='bbox 2235 1472 2265 1498; x_wconf 83' lang='lat' dir='ltr'>di</span> <span class='ocrx_word' id='word_1_353' title='bbox 2284 1475 2327 1498; x_wconf 81' lang='lat' dir='ltr'>ert</span> <span class='ocrx_word' id='word_1_354' title='bbox 2334 1477 2449 1506; x_wconf 71' lang='lat' dir='ltr'>propter</span> <span class='ocrx_word' id='word_1_355' title='bbox 2462 1477 2546 1502; x_wconf 61' lang='lat' dir='ltr'>mdo-</span> 
     </span>
     <span class='ocr_line' id='line_1_49' title="bbox 1478 1507 2545 1544; baseline 0.004 -12"><span class='ocrx_word' id='word_1_356' title='bbox 1478 1507 1556 1537; x_wconf 84' lang='lat' dir='ltr'>riam,</span> <span class='ocrx_word' id='word_1_357' title='bbox 1577 1507 1645 1533; x_wconf 81' lang='lat' dir='ltr'>idest</span> <span class='ocrx_word' id='word_1_358' title='bbox 1657 1510 1773 1541; x_wconf 76' lang='lat' dir='ltr'>propter</span> <span class='ocrx_word' id='word_1_359' title='bbox 1786 1507 1814 1533; x_wconf 79' lang='lat' dir='ltr'>id</span> <span class='ocrx_word' id='word_1_360' title='bbox 1827 1509 1850 1533; x_wconf 88' lang='grc' dir='ltr'>Α</span> <span class='ocrx_word' id='word_1_361' title='bbox 1855 1516 1862 1539; x_wconf 90' lang='grc'><strong>;</strong></span> <span class='ocrx_word' id='word_1_362' title='bbox 1882 1509 1959 1533; x_wconf 78' lang='lat' dir='ltr'>etiarn</span> <span class='ocrx_word' id='word_1_363' title='bbox 1973 1508 1994 1533; x_wconf 92' lang='lat' dir='ltr'>C</span> <span class='ocrx_word' id='word_1_364' title='bbox 2009 1508 2071 1541; x_wconf 86' lang='lat' dir='ltr'>legit</span> <span class='ocrx_word' id='word_1_365' title='bbox 2083 1511 2207 1541; x_wconf 73' lang='lat' dir='ltr'>propter.</span> <span class='ocrx_word' id='word_1_366' title='bbox 2219 1522 2238 1527; x_wconf 95' lang='lat'><strong>—</strong></span> <span class='ocrx_word' id='word_1_367' title='bbox 2274 1514 2317 1534; x_wconf 90' lang='lat' dir='ltr'>ost</span> <span class='ocrx_word' id='word_1_368' title='bbox 2329 1513 2382 1534; x_wconf 71' lang='lat' dir='ltr'>tres</span> <span class='ocrx_word' id='word_1_369' title='bbox 2402 1509 2482 1535; x_wconf 70' lang='lat' dir='ltr'>lineas</span> <span class='ocrx_word' id='word_1_370' title='bbox 2494 1517 2545 1544; x_wconf 85' lang='lat' dir='ltr'>pro</span> 
     </span>
    </p>

    <p class='ocr_par' dir='ltr' id='par_1_14' title="bbox 1478 1542 2547 1614">
     <span class='ocr_line' id='line_1_50' title="bbox 1478 1542 2045 1573; baseline 0.002 -5"><span class='ocrx_word' id='word_1_371' title='bbox 1478 1542 1527 1568; x_wconf 86' lang='lat' dir='ltr'>hoc</span> <span class='ocrx_word' id='word_1_372' title='bbox 1545 1550 1609 1568; x_wconf 79' lang='lat' dir='ltr'>vero</span> <span class='ocrx_word' id='word_1_373' title='bbox 1628 1550 1688 1573; x_wconf 82' lang='lat' dir='ltr'>non,</span> <span class='ocrx_word' id='word_1_374' title='bbox 1709 1543 1758 1568; x_wconf 80' lang='lat' dir='ltr'>hoc</span> <span class='ocrx_word' id='word_1_375' title='bbox 1776 1550 1839 1569; x_wconf 84' lang='lat' dir='ltr'>vero</span> <span class='ocrx_word' id='word_1_376' title='bbox 1853 1543 1940 1569; x_wconf 80' lang='lat' dir='ltr'>minus</span> <span class='ocrx_word' id='word_1_377' title='bbox 1959 1543 2045 1569; x_wconf 80' lang='lat' dir='ltr'>PCab.</span> 
     </span>
     <span class='ocr_line' id='line_1_51' title="bbox 1591 1579 2547 1614; baseline 0.003 -10"><span class='ocrx_word' id='word_1_378' title='bbox 1591 1579 1639 1604; x_wconf 81' lang='lat' dir='ltr'>sed</span> <span class='ocrx_word' id='word_1_379' title='bbox 1657 1585 1713 1604; x_wconf 83' lang='lat' dir='ltr'>rem</span> <span class='ocrx_word' id='word_1_380' title='bbox 1732 1586 1770 1604; x_wconf 79' lang='lat' dir='ltr'>ex</span> <span class='ocrx_word' id='word_1_381' title='bbox 1787 1586 1849 1611; x_wconf 83' lang='lat' dir='ltr'>qua.</span> <span class='ocrx_word' id='word_1_382' title='bbox 1862 1592 1882 1599; x_wconf 84' lang='lat'>-</span> <span class='ocrx_word' id='word_1_383' title='bbox 1898 1579 1946 1605; x_wconf 62' lang='lat' dir='ltr'>ted</span> <span class='ocrx_word' id='word_1_384' title='bbox 1963 1579 2032 1605; x_wconf 73' lang='lat' dir='ltr'>sicut</span> <span class='ocrx_word' id='word_1_385' title='bbox 2049 1586 2088 1605; x_wconf 75' lang='lat' dir='ltr'>ex</span> <span class='ocrx_word' id='word_1_386' title='bbox 2109 1586 2181 1613; x_wconf 82' lang='lat' dir='ltr'>aqua</span> <span class='ocrx_word' id='word_1_387' title='bbox 2203 1580 2227 1605; x_wconf 83' lang='grc' dir='ltr'><strong>Α</strong></span> <span class='ocrx_word' id='word_1_388' title='bbox 2233 1598 2241 1612; x_wconf 85' lang='grc'><em>,</em></span> <span class='ocrx_word' id='word_1_389' title='bbox 2260 1579 2308 1606; x_wconf 74' lang='lat' dir='ltr'>sed</span> <span class='ocrx_word' id='word_1_390' title='bbox 2326 1587 2417 1614; x_wconf 78' lang='lat' dir='ltr'>regem</span> <span class='ocrx_word' id='word_1_391' title='bbox 2431 1587 2470 1606; x_wconf 82' lang='lat' dir='ltr'>ex</span> <span class='ocrx_word' id='word_1_392' title='bbox 2490 1587 2547 1614; x_wconf 66' lang='lat' dir='ltr'>qu</span> 
     </span>
    </p>
   </div>
   <div class='ocr_carea' id='block_1_13' title="bbox 356 1612 2546 1650">
    <p class='ocr_par' dir='ltr' id='par_1_15' title="bbox 356 1612 2546 1650">
     <span class='ocr_line' id='line_1_52' title="bbox 356 1612 2546 1650; baseline 0.002 -13"><span class='ocrx_word' id='word_1_393' title='bbox 356 1617 467 1648; x_wconf 76' lang='lat' dir='ltr'>textui-123</span> <span class='ocrx_word' id='word_1_394' title='bbox 487 1620 535 1645; x_wconf 85' lang='lat' dir='ltr'>pro</span> <span class='ocrx_word' id='word_1_395' title='bbox 554 1612 580 1637; x_wconf 83' lang='lat' dir='ltr'>in</span> <span class='ocrx_word' id='word_1_396' title='bbox 601 1619 632 1638; x_wconf 84' lang='lat' dir='ltr'>ea</span> <span class='ocrx_word' id='word_1_397' title='bbox 650 1620 718 1645; x_wconf 82' lang='lat' dir='ltr'>quae</span> <span class='ocrx_word' id='word_1_398' title='bbox 737 1620 788 1638; x_wconf 85' lang='lat' dir='ltr'>non</span> <span class='ocrx_word' id='word_1_399' title='bbox 807 1612 968 1642; x_wconf 81' lang='lat' dir='ltr'>sentiuntur,</span> <span class='ocrx_word' id='word_1_400' title='bbox 988 1613 1013 1638; x_wconf 80' lang='lat' dir='ltr'>in</span> <span class='ocrx_word' id='word_1_401' title='bbox 1029 1613 1079 1638; x_wconf 85' lang='lat' dir='ltr'>hoc</span> <span class='ocrx_word' id='word_1_402' title='bbox 1097 1620 1165 1646; x_wconf 74' lang='lat' dir='ltr'>quae</span> <span class='ocrx_word' id='word_1_403' title='bbox 1181 1614 1334 1639; x_wconf 76' lang='lat' dir='ltr'>sentiuntur</span> <span class='ocrx_word' id='word_1_404' title='bbox 1347 1613 1370 1638; x_wconf 83' lang='grc' dir='ltr'>Α</span> <span class='ocrx_word' id='word_1_405' title='bbox 1376 1622 1384 1646; x_wconf 88' lang='lat'>;</span> <span class='ocrx_word' id='word_1_406' title='bbox 1404 1613 1424 1639; x_wconf 94' lang='lat' dir='ltr'>C</span> <span class='ocrx_word' id='word_1_407' title='bbox 1479 1614 1520 1639; x_wconf 88' lang='lat' dir='ltr'>ed.</span> <span class='ocrx_word' id='word_1_408' title='bbox 1533 1621 1565 1644; x_wconf 81' lang='lat' dir='ltr'>a,-</span> <span class='ocrx_word' id='word_1_409' title='bbox 1580 1614 1600 1639; x_wconf 95' lang='lat' dir='ltr'>C</span> <span class='ocrx_word' id='word_1_410' title='bbox 1613 1621 1703 1648; x_wconf 80' lang='lat' dir='ltr'>regem</span> <span class='ocrx_word' id='word_1_411' title='bbox 1722 1613 1894 1639; x_wconf 80' lang='lat' dir='ltr'>transcribere</span> <span class='ocrx_word' id='word_1_412' title='bbox 1911 1615 2017 1647; x_wconf 82' lang='lat' dir='ltr'>nolens,</span> <span class='ocrx_word' id='word_1_413' title='bbox 2031 1620 2057 1640; x_wconf 87' lang='lat' dir='ltr'>et</span> <span class='ocrx_word' id='word_1_414' title='bbox 2071 1615 2199 1648; x_wconf 86' lang='lat' dir='ltr'>corrigere</span> <span class='ocrx_word' id='word_1_415' title='bbox 2219 1616 2351 1649; x_wconf 82' lang='lat' dir='ltr'>nesciens,</span> <span class='ocrx_word' id='word_1_416' title='bbox 2371 1623 2418 1649; x_wconf 85' lang='lat' dir='ltr'>pro</span> <span class='ocrx_word' id='word_1_417' title='bbox 2437 1624 2470 1642; x_wconf 86' lang='lat' dir='ltr'>eo</span> <span class='ocrx_word' id='word_1_418' title='bbox 2485 1623 2546 1650; x_wconf 74' lang='lat' dir='ltr'>spa-</span> 
     </span>
    </p>
   </div>
   <div class='ocr_carea' id='block_1_14' title="bbox 355 1648 1388 1682">
    <p class='ocr_par' dir='ltr' id='par_1_16' title="bbox 355 1648 1388 1682">
     <span class='ocr_line' id='line_1_53' title="bbox 355 1648 1388 1682; baseline 0.001 -9"><span class='ocrx_word' id='word_1_419' title='bbox 355 1656 410 1673; x_wconf 89' lang='lat' dir='ltr'>om.</span> <span class='ocrx_word' id='word_1_420' title='bbox 422 1648 536 1680; x_wconf 86' lang='lat' dir='ltr'>primum</span> <span class='ocrx_word' id='word_1_421' title='bbox 555 1648 712 1680; x_wconf 79' lang='lat' dir='ltr'>simpliciter</span> <span class='ocrx_word' id='word_1_422' title='bbox 729 1653 758 1673; x_wconf 88' lang='lat' dir='ltr'>ut</span> <span class='ocrx_word' id='word_1_423' title='bbox 776 1648 838 1679; x_wconf 80' lang='lat' dir='ltr'>Pab,</span> <span class='ocrx_word' id='word_1_424' title='bbox 859 1653 884 1673; x_wconf 84' lang='lat' dir='ltr'>et</span> <span class='ocrx_word' id='word_1_425' title='bbox 903 1656 955 1674; x_wconf 85' lang='lat' dir='ltr'>non</span> <span class='ocrx_word' id='word_1_426' title='bbox 975 1653 1003 1674; x_wconf 88' lang='lat' dir='ltr'>ut</span> <span class='ocrx_word' id='word_1_427' title='bbox 1021 1649 1053 1679; x_wconf 81' lang='lat' dir='ltr'>A,</span> <span class='ocrx_word' id='word_1_428' title='bbox 1072 1649 1171 1682; x_wconf 76' lang='lat' dir='ltr'>reliqua</span> <span class='ocrx_word' id='word_1_429' title='bbox 1189 1648 1267 1674; x_wconf 77' lang='lat' dir='ltr'>habet</span> <span class='ocrx_word' id='word_1_430' title='bbox 1284 1653 1313 1674; x_wconf 83' lang='lat' dir='ltr'>ut</span> <span class='ocrx_word' id='word_1_431' title='bbox 1331 1657 1388 1675; x_wconf 82' lang='lat' dir='ltr'>nos.</span> 
     </span>
    </p>
   </div>
   <div class='ocr_carea' id='block_1_15' title="bbox 1478 1650 2196 1684">
    <p class='ocr_par' dir='ltr' id='par_1_17' title="bbox 1478 1650 2196 1684">
     <span class='ocr_line' id='line_1_54' title="bbox 1478 1650 2196 1684; baseline 0.003 -10"><span class='ocrx_word' id='word_1_432' title='bbox 1478 1650 1543 1674; x_wconf 79' lang='lat' dir='ltr'>tium</span> <span class='ocrx_word' id='word_1_433' title='bbox 1561 1650 1678 1683; x_wconf 88' lang='lat' dir='ltr'>quinque</span> <span class='ocrx_word' id='word_1_434' title='bbox 1696 1650 1838 1675; x_wconf 82' lang='lat' dir='ltr'>litterarum</span> <span class='ocrx_word' id='word_1_435' title='bbox 1857 1658 1936 1683; x_wconf 73' lang='lat' dir='ltr'>capax</span> <span class='ocrx_word' id='word_1_436' title='bbox 1954 1658 2065 1676; x_wconf 81' lang='lat' dir='ltr'>vacuum</span> <span class='ocrx_word' id='word_1_437' title='bbox 2085 1651 2196 1684; x_wconf 86' lang='lat' dir='ltr'>reliquit.</span> 
     </span>
    </p>
   </div>
   <div class='ocr_carea' id='block_1_16' title="bbox 1106 2306 1773 2818">
    <p class='ocr_par' dir='ltr' id='par_1_18' title="bbox 1106 2306 1773 2818">
     <span class='ocr_line' id='line_1_55' title="bbox 1106 2306 1773 2818; baseline 0 1316"><span class='ocrx_word' id='word_1_438' title='bbox 1106 2306 1773 2818; x_wconf 95' lang='lat' dir='ltr'> </span> 
     </span>
    </p>
   </div>
   <div class='ocr_carea' id='block_1_17' title="bbox 2665 739 2689 755">
    <p class='ocr_par' dir='ltr' id='par_1_19' title="bbox 2665 739 2689 755">
     <span class='ocr_line' id='line_1_56' title="bbox 2665 739 2689 755; baseline 0 0"><span class='ocrx_word' id='word_1_439' title='bbox 2665 739 2689 755; x_wconf 73' lang='grc' dir='ltr'>ΞΕ</span> 
     </span>
    </p>
   </div>
  </div>
 </body>
</html>
