2690 4062
195 297 245 323 est
268 288 427 322 subtilior.
453 288 495 322 Et
518 288 600 322 illud
624 288 715 333 quod
745 288 942 333 refrangitur
972 290 1155 324 secundum
1182 291 1267 324 veri-

195 342 306 374 tatem,
323 341 372 366 est
392 332 506 366 lumen
529 341 723 376 generatum
747 345 765 366 a
789 344 927 377 corpore
950 333 1062 368 lucido
1083 334 1266 368 secundum

195 377 373 418 directum,
397 376 455 410 sed
480 376 608 410 colores
640 378 697 421 qui
727 387 864 410 movent
892 379 1104 422 perspicuum
1133 378 1266 423 quando

195 430 246 456 est
267 420 502 462 illuminatum,
527 420 676 454 colorant
699 422 819 465 ipsum.

252 466 283 499 8.
307 465 437 500 Deinde
462 476 539 498 cum
563 465 661 498 dicit:
685 466 727 499 Et
744 472 801 510 per
823 466 900 499 diem
923 467 1042 510 quidem
1065 476 1136 508 etc„
1160 479 1266 511 regre-

196 510 284 545 ditur
306 509 348 543 ad
370 509 615 543 numerandum
639 509 802 554 quaedam
826 510 888 543 alia
911 510 1091 544 accidentia
1110 512 1195 544 circa
1213 512 1267 544 iri-

196 554 281 589 dem.
306 554 356 588 Ex
376 565 444 598 quo
467 562 558 598 patet
581 554 672 598 quod
692 554 772 588 haec
796 566 871 598 pars
896 555 1080 588 continuari
1107 555 1203 588 debet
1226 555 1267 589 ad

194 599 286 633 illam
304 607 432 643 partem
451 599 571 643 in-qua
594 608 766 632 enumerat
788 598 851 632 alia
874 598 1054 632 accidentia
1077 600 1185 633 iridis:
1211 599 1268 633 sed

195 652 245 678 est
260 643 327 677 huc
343 643 541 687 transposita
565 652 701 687 propter
724 642 859 687 aliquod
876 643 1036 676 accidens.
1061 644 1152 677 Dicit
1167 644 1267 687 igitur

196 687 287 733 quod
309 688 366 721 iris
390 687 431 721 de
455 687 507 721 die
531 696 685 731 apparet,
714 696 849 732 propter
876 687 1106 721 refractionem
1133 687 1268 722 luminis

195 732 276 766 solis
291 744 310 766 a
325 731 414 765 nube
436 730 546 765 rorida
568 731 630 764 sibi
654 733 818 776 opposita.
845 731 910 765 Sed
932 732 972 766 de
997 741 1094 765 nocte
1118 732 1270 766 dixerunt

196 776 332 822 quidam
348 777 562 821 antiquorum
578 777 685 820 ipsam
706 788 775 810 non
791 788 947 821 apparere
963 788 1022 821 per
1038 776 1268 810 refractionem

195 821 346 856 luminis:
365 822 442 866 quia
457 821 492 854 in
506 829 605 854 nocte
621 832 695 854 raro
711 821 758 861 fit,
775 830 910 866 propter
926 821 1017 866 quod
1032 821 1152 855 latebat
1167 822 1268 866 ipsos.

93 875 96 876 ’
149 879 155 882 ·
196 866 285 900 Sunt
305 874 417 899 autem
441 873 506 898 tres
537 876 654 899 causae
685 875 821 910 propter
847 877 929 910 quas
959 877 1032 899 raro
1066 878 1106 911 ap
1133 875 1201 899 aret
1229 865 1268 900 de

194 918 306 945 nocte.
337 910 448 944 Prima
476 918 547 951 est,
579 911 656 955 quia
687 910 816 944 colores
847 910 1065 944 obscurantur
1120 923 1138 944 e
1170 919 1269 944 nocte

191 962 332 1001 propter
350 954 585 988 obscuritatem
608 955 726 988 noctis.
753 954 905 989 Secunda
929 966 1026 988 causa
1045 964 1105 996 est,
1121 956 1198 1000 quia
1214 956 1269 988 iris

182 1007 266 1034 *non
289 1008 400 1044 potest
423 1010 580 1043 apparere
603 1011 712 1044 neque
734 999 805 1033 fieri
829 999 870 1033 de
892 1008 1001 1040 nocte,
1021 1000 1084 1033 nisi
1106 999 1216 1033 solum
1235 1001 1270 1033 in

185 1053 267 1078 'uno
290 1043 343 1077 die
365 1043 506 1077 naturali
529 1045 663 1077 mensis.
689 1044 805 1078 Tertia
828 1052 888 1084 est,
913 1045 990 1088 quia
1013 1045 1068 1077 iris
1091 1056 1161 1078 non
1176 1044 1214 1077 fit
1228 1043 1267 1077 de

187 1097 295 1123 ‘nocte
319 1089 384 1122 nisi
402 1087 481 1122 luna
501 1089 659 1122 existente
699 1088 773 1122 lena
789 1089 824 1122 in
844 1089 981 1129 oriente,
997 1090 1080 1122 etin
1099 1088 1269 1122 occidente

194 1132 285 1167 nube
308 1133 464 1178 opposita
484 1133 645 1169 existente
691 1145 779 1167 ensa.
803 1133 846 1167 Et
864 1132 919 1166 illa
934 1144 1008 1166 raro
1026 1132 1126 1166 simul
1142 1133 1270 1166 contin-

184 1177 592 1223 ·gunt‚§ignum-autein
615 1189 705 1212 rarae
729 1178 944 1222 apparitionis
972 1178 1044 1210 eius
1073 1177 1151 1211 dicit
1180 1189 1269 1217 esse,

194 1219 283 1268 (1⁸13
290 1221 325 1256 in
337 1222 577 1267 quinquaginta
596 1223 691 1256 annis
706 1233 776 1255 non
792 1222 940 1266 percepit
954 1233 1028 1255 eam
1043 1222 1107 1254 nisi
1123 1221 1172 1254 bis
1189 1221 1268 1254 fieri.

184 1284 203 1295 ·-
248 1266 284 1310 9.
308 1265 439 1301 Deinde
464 1277 541 1299 cum
565 1266 661 1300 dicit:
693 1266 784 1309 Quod
809 1266 929 1311 quidem
954 1266 1050 1310 igitur
1071 1274 1151 1306 etc.‚
1179 1274 1269 1310 post-

182 1320 299 1357 -vquam
321 1310 548 1355 Philosophus
573 1311 802 1345 determinavit
831 1310 872 1344 de
896 1311 1003 1344 causis
1026 1309 1270 1354 praedictorum

192 1354 404 1399 insgmerali,
423 1355 620 1389 determinat
643 1355 684 1389 de
708 1356 755 1389 eis
778 1355 884 1399 magis
905 1355 941 1388 in
959 1354 1102 1399 speciali.
1128 1355 1170 1388 Et
1189 1354 1270 1388 divi-

182 1397 286 1437 ditur
307 1400 343 1434 in
366 1408 475 1444 partes
499 1400 600 1434 duas:
624 1400 659 1433 in
682 1400 788 1444 prima
811 1399 991 1443 praemittit
1014 1398 1174 1443 quasdam
1193 1410 1270 1443 sup-

110 1459 132 1491 '2
236 1444 239 1447 ’
263 1443 381 1478 'tiones
404 1445 604 1478 necessarias
632 1443 674 1477 ad
696 1444 924 1488 propositum;
952 1442 1100 1476 secundo
1130 1443 1271 1477 declarat

103 1511 121 1534 :
181 1452 373 1530 mum,
396 1488 455 1522 ibi:
479 1489 583 1524 Primo
599 1494 704 1522 autem
717 1487 753 1522 de
768 1488 878 1533 figura
891 1487 908 1504 ²⁸¹
924 1496 986 1520 etc.
1011 1487 1109 1521 Circa
1124 1488 1270 1532 primum

96 1535 138 1570 ‘vs
183 1542 278 1578 >ergo
301 1532 403 1574 dicit,
434 1533 526 1577 quod
549 1541 682 1576 oportet
708 1543 898 1576 supponere
921 1531 1039 1576 aliqua.
1072 1532 1115 1566 Et
1137 1533 1246 1576 primo
1261 1557 1270 1572 ,

95 1597 100 1604 π
116 1574 124 1582 ”
182 1587 193 1604 ⁷
227 1576 291 1612 'od
304 1577 387 1612 radii
401 1577 544 1612 visuales
560 1576 777 1622 procedentes
800 1576 839 1610 ab
856 1575 967 1617 oculo,
983 1575 1215 1620 refranguntur
1230 1576 1269 1610 ab

182 1587 311 1668 -fflquo
333 1621 530 1667 prohibente
553 1633 673 1657 eorum
700 1622 857 1655 directam
885 1621 1112 1655 alterationem
1135 1630 1272 1666 propter

180 1666 397 1712 Wgroeuitienn
416 1667 503 1700 sicut
521 1666 560 1700 ab
581 1677 676 1711 aqua,
692 1674 725 1700 et
747 1677 822 1699 aere
844 1666 1030 1710 ingrossato
1054 1674 1190 1710 propter
1209 1665 1269 1699 hu-

181 1709 382 1750 J‘fllidimtem
412 1720 445 1745 et
471 1711 704 1755 frigiditatem,
735 1719 768 1744 et
794 1709 1022 1744 universaliter
1051 1709 1091 1744 ab
1115 1709 1270 1744 omnibus

178 1754 393 1800 &ool-poribus
415 1757 540 1800 grossis
564 1754 760 1789 habentibus
784 1754 917 1800 planam
943 1763 976 1788 et
998 1754 1107 1788 lenem
1130 1754 1269 1799 superfi-

181 1800 307 1841 tdim,
329 1809 467 1845 propter
494 1811 595 1845 quam
625 1798 834 1833 uniformiter
856 1799 1062 1844 recipiuntur
1091 1807 1124 1832 et
1146 1798 1269 1833 restan-

179 1852 322 1892 guntin
336 1843 378 1878 ad
394 1844 436 1878 ali
459 1844 530 1879 uod
553 1854 674 1889 corpus
689 1843 848 1878 lucidum.
866 1863 884 1869 -
903 1843 1058 1878 Secundo
1081 1855 1144 1888 sup
1171 1855 1270 1878 onere

197 1897 347 1934 oportet,
371 1901 439 1934 quo
485 1900 625 1934 corpora
648 1888 830 1933 specularia
853 1899 872 1921 a
895 1888 1015 1933 quibus
1039 1887 1076 1922 fit
1098 1899 1133 1921 re
1147 1889 1270 1929 tactio,

196 1933 233 1974 in
248 1932 369 1979 quibus
386 1942 521 1978 apparet
537 1934 664 1978 species
679 1932 828 1974 visibilis,
841 1942 918 1966 sunt
933 1932 1091 1978 duplicia:
1109 1932 1270 1977 quaedam

197 1985 278 2013 sunt
299 1978 335 2012 in
358 1977 478 2023 quibus
506 1986 642 2023 apparet
663 1977 769 2021 figura
796 1986 830 2011 et
853 1977 948 2011 color
975 1977 1096 2011 obiecti
1120 1977 1271 2011 determi-

159 2028 289 2067 -Τῃῃεε,
317 2022 481 2068 quaedam
504 2031 616 2056 autem
639 2031 717 2055 sunt
740 2023 775 2055 in
799 2021 918 2067 quibus
942 2030 1102 2067 apparent
1125 2022 1270 2063 colores,

181 2074 268 2102 mon
290 2075 403 2101 autem
425 2066 531 2111 figura
554 2067 780 2107 determinata,
804 2066 890 2100 sicut
912 2075 990 2100 sunt
1012 2065 1067 2099 illa
1091 2078 1175 2111 quae
1195 2076 1272 2100 sunt

196 2110 293 2146 valde
315 2123 427 2157 parva,
450 2120 484 2146 et
505 2123 575 2145 non
598 2120 741 2156 possunt
764 2110 866 2145 dividi
889 2111 924 2144 in
947 2119 1056 2156 partes
1076 2123 1160 2156 quae
1180 2122 1270 2144 com—

178 2154 444 2208 ‘fptehendantur
467 2168 486 2190 a
507 2157 600 2190 visu:
625 2167 725 2201 quare
748 2155 946 2201 relinquitur
975 2155 1066 2200 quod
1094 2156 1129 2189 in
1152 2155 1271 2189 talibus

180 2212 209 2225 1¹5
227 2222 230 2226 .

179 2296 204 2311 μ’
242 2307 283 2346 Ᾰᾱ)
301 2308 404 2337 Defis
420 2313 545 2336 autem...
564 2308 598 2334 de
621 2309 690 2334 aliis.
707 2322 727 2328 —
745 2317 760 2333 «
780 2309 820 2334 De
842 2308 882 2334 his
902 2314 988 2334 autem
1014 2313 1189 2342 supponatur,
1208 2308 1270 2341 quia

1062 213 1175 250 CAP.
1206 213 1256 260 ΙΙ,
1286 211 1433 250 LECT.
1464 214 1514 250 III

2330 227 2389 253 XCI

1323 291 1415 324 solus
1432 291 1524 325 color
1540 291 1716 336 apparebit.
1734 311 1752 316 -
1769 291 1886 325 Tertio
1904 292 2160 336 supponendum
2177 302 2235 334 est,
2249 294 2338 338 quod
2357 294 2392 327 in

1324 335 1518 380 corporibus
1543 335 1767 380 specularibus
1792 336 1969 381 aliquando
1993 346 2128 381 apparet
2151 337 2242 371 color
2265 338 2391 379 clarus,

1324 379 1456 424 quando
1481 380 1605 414 scilicet
1628 380 1801 425 speculum
1832 390 1881 414 est
1907 392 2030 425 purum
2053 390 2085 414 et
2107 381 2291 423 mundum,
2323 394 2391 415 non

1323 424 1446 457 habens
1471 424 1615 469 aliquem
1639 424 1786 458 colorem
1810 434 2011 466 extraneum,
2028 434 2061 458 et
2075 425 2222 459 medium
2243 426 2391 460 similiter

1323 477 1373 502 est
1395 480 1540 513 purum,
1572 478 1604 503 et
1634 471 1725 503 visus
1757 478 1806 503 est
1828 469 1944 510 fortis,
1975 469 2059 503 idest
2089 469 2171 503 bene
2202 469 2250 504 dis
2276 471 2390 504 ositus.

1323 512 1512 558 Aliquando
1544 522 1655 547 autem
1679 513 1771 547 color
1802 514 1950 558 corporis
1975 514 2051 547 clari
2075 523 2208 558 apparet
2232 482 2390 548 obscurus

1323 566 1459 601 propter
1482 557 1647 591 defectum
1670 558 1808 592 alicuius
1832 559 1974 592 istorum
1997 559 2106 592 trium.
2130 559 2182 592 De
2206 558 2257 591 his
2281 568 2391 592 autem

1324 601 1586 635 demonstratum
1605 611 1655 636 est
1674 603 1708 636 in
1726 602 1810 636 libro
1834 603 1869 636 de
1888 603 1982 637 Sensu
1998 609 2024 636 et
2040 603 2172 644 Sensato,
2189 602 2242 636 vel
2258 604 2292 636 in
2307 603 2391 636 libro

1324 645 1358 678 de
1378 645 1482 686 sensu,
1503 646 1587 680 idest
1602 648 1636 680 in
1653 648 1860 691 Perspectiva
1880 648 2068 681 communi:
2087 659 2177 681 nunc
2196 656 2307 681 autem
2322 648 2391 681 istis

1324 691 1504 733 suppositis
1529 690 1705 724 dicendum
1729 700 1778 724 est
1802 691 1841 725 de
1865 691 1935 725 aliis
1956 702 1982 725 α.

1381 733 1637 777 Intelligendum
1651 745 1700 768 est
1716 745 1826 769 autem
1851 737 1934 769 circa
1953 736 2095 781 primam
2114 736 2391 780 suppositionem,

1325 778 1416 822 quod
1440 779 1524 811 visio
1548 790 1615 812 non
1639 779 1676 812 fit
1699 780 1960 821 extramittendo,
1985 780 2042 814 sed
2065 781 2154 814 intus
2182 779 2392 824 accipiend0‚

1325 821 1409 855 idest
1427 822 1508 856 radii
1530 823 1672 856 visuales
1695 835 1755 868 per
1801 836 1863 858 uos
1886 824 2040 858 videntur
2062 837 2113 858 res
2138 824 2176 858 ab
2201 833 2303 865 extra,
2322 836 2391 858 non

1348 866 1510 900 rocedunt
1526 867 1565 900 ab
1582 867 1680 901 oculo
1705 868 1745 902 ad
1761 880 1781 902 o
1805 869 1926 902 iectum
1950 869 2008 903 sed
2032 869 2071 902 ab
2096 869 2225 903 obiecto
2249 868 2298 903 ad.
2313 881 2392 902 ocu-

1337 923 1404 945 um.
1430 912 1472 945 Et
1494 911 1570 945 ideo
1593 912 1675 945 radii
1705 913 1846 947 visuales
1876 913 2107 957 refranguntur
2136 925 2155 947 a
2185 913 2321 958 speculo
2351 913 2393 947 ad

1324 957 1451 996 visum,
1483 967 1552 990 non
1575 965 1686 990 autem
1710 957 1750 990 ad
1774 957 1879 991 solem
1906 957 1959 991 vel
1982 958 2070 991 aliud
2099 957 2283 998 obiectum,
2315 958 2392 1003 quia

1324 1012 1394 1034 non
1410 999 1643 1045 refianguntur
1658 1000 1699 1035 ad
1715 1001 1749 1035 id
1765 1013 1783 1035 a
1799 1014 1866 1046 quo
1890 1002 2083 1046 procedunt.
2110 1002 2175 1036 Sed
2198 1002 2391 1035 Aristoteles

1324 1044 1474 1089 loquitur
1488 1044 1542 1078 hic
1558 1045 1742 1079 secundum
1766 1047 1980 1079 communem
2004 1047 2196 1090 opinionem
2215 1047 2392 1091 perspecti-

1324 1100 1444 1122 vorum
1461 1090 1513 1122 sui
1527 1098 1594 1123 tem
1619 1090 1697 1131 oris,
1721 1091 1777 1135 qui
1797 1090 1959 1124 habebant
1983 1091 2178 1124 contrariam
2197 1091 2391 1135 opinionem

1326 1133 1431 1167 dictis.
1462 1134 1534 1168 Nec
1557 1145 1592 1167 re
1607 1143 1656 1167 ert
1680 1134 1720 1168 ad
1744 1135 1964 1179 propositum,
1994 1135 2228 1180 quodcumque
2250 1136 2391 1168 istorum

1326 1177 1463 1218 dicatur,
1485 1178 1562 1222 quia
1584 1178 1704 1212 eodem
1727 1178 1830 1212 modo
1854 1178 2007 1212 accidunt
2030 1180 2142 1213 omnia
2161 1180 2245 1212 circa
2263 1179 2339 1212 halo
2359 1187 2392 1212 et

1325 1221 1453 1263 iridem,
1477 1234 1689 1267 quocumque
1713 1224 1853 1256 istorum
1877 1224 1998 1268 posito.

1381 1266 1434 1300 Ad
1448 1267 1608 1300 maiorem
1625 1276 1736 1300 autem
1753 1267 1931 1301 claritatem
1947 1267 2111 1301 dictorum
2127 1276 2159 1301 et
2175 1267 2391 1301 dicendorum

1325 1310 1470 1344 notanda
1493 1320 1571 1344 sunt
1594 1307 1671 1345 duo.
1704 1312 1853 1345 Primum
1876 1321 1926 1345 est
1949 1311 2039 1356 quod
2070 1311 2111 1345 ad
2141 1311 2320 1357 quamlibet
2342 1323 2391 1345 re-

1325 1355 1519 1389 fractionem
1550 1356 1610 1388 tria
1642 1355 1843 1389 concurrunt
1871 1355 1910 1389 de
1933 1357 2144 1389 necessitate:
2175 1357 2320 1401 primum
2343 1364 2392 1389 est

1326 1399 1494 1433 obiectum
1540 1399 1608 1433 uod
1636 1401 1797 1444 imprimit
1823 1399 2071 1433 similitudinem
2095 1412 2189 1433 suam
2215 1401 2250 1434 in
2272 1412 2287 1433 s
2313 1412 2390 1433 ecu-

1325 1444 1407 1484 lum,
1455 1452 1511 1477 uta
1546 1455 1648 1477 umen
1671 1444 1770 1484 solis,
1798 1453 1830 1477 et
1853 1444 1918 1477 hoc
1941 1443 2039 1478 habet
2061 1445 2223 1478 rationem
2245 1412 2388 1486 retiacti3

1326 1499 1426 1532 specu
1441 1499 1500 1521 um
1531 1487 1622 1533 quod
1650 1488 1844 1522 determinat
1871 1489 2035 1522 actionem
2066 1488 2184 1522 obiecti
2215 1497 2247 1522 et
2276 1489 2392 1533 recipit

1326 1532 1577 1566 similitudinem
1600 1533 1688 1573 eius,
1720 1532 1811 1577 quod
1841 1532 1939 1566 habet
1966 1533 2128 1566 rationem
2158 1532 2391 1577 refrangentis;

1326 1586 1359 1610 et
1381 1577 1483 1617 visus,
1500 1577 1558 1621 qui
1573 1576 1672 1610 habet
1694 1578 1856 1610 rationem
1880 1578 1950 1610 eius
1967 1576 2007 1610 ad
2031 1577 2121 1622 quod
2136 1577 2173 1610 fit
2196 1577 2358 1611 refractio.
2372 1597 2391 1602 -

1328 1620 1483 1655 Secundo
1506 1620 1691 1655 notandum
1716 1630 1776 1662 est,
1793 1621 1883 1666 quod
1903 1621 2013 1655 radius
2036 1621 2169 1655 visualis
2193 1631 2242 1655 est
2260 1621 2392 1666 triplex:

1327 1665 1451 1699 scilicet
1473 1674 1592 1706 rectus,
1609 1666 1666 1710 qui
1713 1677 1748 1699 er
1770 1665 1919 1699 medium
1942 1665 2105 1699 uniforme
2128 1666 2227 1699 libere
2239 1665 2393 1711 procedit

1327 1722 1345 1744 a
1369 1722 1409 1744 co
1451 1721 1508 1743 ore
1531 1709 1644 1744 lucido
1668 1677 1710 1743 ag
1735 1711 1862 1751 visum;
1887 1710 2032 1744 secundo
2056 1710 2209 1751 reflexus,
2234 1711 2290 1755 qui
2313 1721 2392 1755 pro-

1327 1764 1398 1799 pter
1444 1755 1617 1788 ensitatem
1640 1754 1778 1788 alicuius
1801 1754 1902 1788 medii
1917 1766 1986 1788 non
2002 1763 2111 1799 potest
2133 1754 2269 1788 ulterius
2289 1763 2391 1788 trans—

1326 1800 1390 1840 ire,
1418 1798 1476 1832 sed
1501 1798 1678 1832 reflectitur
1701 1807 1733 1832 et
1755 1799 1926 1832 revertitur
1949 1799 1989 1832 ad
2010 1810 2128 1843 corpus
2152 1799 2356 1833 luminosum
2374 1811 2394 1833 a

1327 1855 1395 1888 quo
1419 1843 1582 1888 procedit:
1607 1843 1693 1876 sicut
1716 1843 1833 1877 accidit
1856 1843 1895 1876 de
1918 1843 2016 1877 radiis
2036 1843 2206 1884 solaribus,
2226 1844 2282 1895 qui
2301 1843 2392 1877 refle-

1327 1897 1461 1921 ctuntur
1483 1900 1502 1921 a
1525 1896 1609 1921 terra
1640 1899 1774 1921 sursum
1797 1899 1911 1921 versus
1943 1887 2068 1929 solem,
2099 1888 2184 1921 sicut
2213 1899 2322 1921 V1sum
2345 1897 2395 1921 est

1327 1944 1445 1977 supra;
1469 1933 1566 1966 tertio
1590 1940 1639 1965 est
1661 1931 1771 1966 radius
1794 1931 1961 1973 refractus,
1985 1933 2042 1984 qui
2065 1941 2200 1977 propter
2219 1944 2394 1966 occursum

1327 1976 1466 2010 alicuius
1489 1976 1589 2010 medii
1620 1988 1689 2010 non
1718 1975 1853 2021 quidem
1884 1976 2063 2021 impeditur
2092 1976 2235 2010 totaliter
2258 1976 2394 2010 ulterius

1327 2021 1516 2066 procedere,
1532 2021 1637 2054 immo
1653 2020 1802 2065 procedit
1821 2032 1926 2066 usque
1943 2021 1984 2055 ad
2002 2022 2122 2062 visum,
2139 2021 2197 2055 sed
2210 2033 2280 2054 non
2295 2030 2393 2062 recte,

1328 2067 1405 2111 quia
1428 2065 1551 2099 recedit
1574 2077 1592 2098 a
1616 2065 1887 2110 perpendiculari.
1916 2065 2110 2099 Aristoteles
2134 2074 2243 2099 tamen
2266 2065 2393 2099 indiffe-

1327 2119 1434 2144 renter
1458 2110 1561 2143 utitur
1584 2110 1654 2143 istis
1678 2109 1885 2150 nominibus,
1915 2121 1991 2143 cum
2016 2110 2094 2144 dicit
2119 2109 2209 2155 quod
2231 2111 2321 2143 visus
2344 2122 2393 2144 re-

1327 2155 1487 2199 frangitur
1510 2154 1551 2188 ad
1574 2153 1709 2199 aliquod
1733 2165 1853 2199 corpus
1876 2153 2033 2188 lucidum.

1323 2307 1552 2341 consequentibus,
1572 2307 1713 2341 suppositis
1732 2306 1773 2332 his
1792 2307 2017 2340 quemadmodum
2036 2311 2141 2332 ostensa
2164 2311 2225 2332 sunt
2243 2311 2286 2332 aut
2308 2307 2335 2332 in
2353 2306 2393 2332 his

183 2338 408 2379 ί,γῲικπιεητιίιιιιι
426 2350 467 2372 est
489 2345 556 2370 libro
574 2345 607 2370 de
626 2352 707 2370 sensu
725 2349 752 2370 et
775 2344 955 2374 sensibilibus,
974 2349 1001 2369 et
1017 2344 1078 2369 ideo
1101 2344 1217 2369 dicamus
1237 2344 1270 2369 de
1324 2351 1393 2377 quae
1411 2344 1444 2369 de
1463 2351 1551 2374 sensu,
1566 2349 1610 2368 aut
1628 2344 1654 2368 in
1672 2343 1848 2376 perspectivis.
1869 2352 1884 2367 »
1903 2343 2003 2368 Petrus.
