2782 4134
117 1366 125 1374 '¹
143 1364 174 1386 Ca
193 1369 253 1390 .vn,
268 1369 322 1388 n.1;

116 1390 171 1412 S.T
188 1405 194 1411 .
209 1391 314 1412 lect-xiv,

114 1684 125 1694 ⁸
139 1686 213 1705 aulem
223 1689 236 1704 Ρ
250 1686 271 1704 et
282 1689 321 1704 co-

115 1710 176 1732 dices
191 1715 238 1731 exc.
248 1715 270 1731 A.

116 1954 124 1961 ·
139 1951 200 1973 Lect.
212 1957 242 1977 iv,
251 1957 273 1973 n.
282 1951 303 1972 8.

219 2111 226 2126 ι

115 2217 123 2224 ·
137 2221 166 2236 ne
182 2220 210 2236 ue
221 2220 268 2236 om.
278 2220 290 2235 Ρ
303 2218 324 2235 et

115 2241 158 2263 cod
177 2256 183 2261 .
198 2246 246 2262 exc.
260 2247 282 2262 Α.

117 2322 125 2329 ·
135 2320 159 2341 ίη
169 2325 215 2341 om.
226 2326 238 2340 P
253 2322 275 2340 et
285 2325 326 2341 co-

118 2346 179 2368 dices
193 2351 241 2367 exc.
256 2351 285 2367 Λι.

122 2586 129 2593 ·
137 2585 252 2606 alteratur
259 2582 327 2605 codd.

122 2790 129 2798 '
136 2790 264 2810 tamenom.
271 2789 332 2810 codi-

124 2821 169 2836 ces.

126 3057 134 3065 ·
150 3056 263 3078 rationem
273 3063 331 3079 scm.

125 3156 136 3167 ⁴
150 3158 223 3178 motus
236 3162 259 3178 P.

357 282 426 319 158

352 361 527 398 inferiora
555 371 729 408 corpora,
758 358 797 394 in
823 357 907 404 igne
936 362 1063 391 autem
1092 352 1279 389 invenitur
1307 351 1410 387 calor

355 421 391 451 et
418 414 559 450 lumen.

413 478 470 503 10.
492 464 567 502 Sed
595 463 719 501 adhuc
747 461 903 499 dubium
919 465 983 505 est,
1001 470 1046 494 ex
1065 469 1140 505 qua
1167 463 1300 493 natura
1319 466 1408 491 con-

353 519 467 566 tingat
498 517 603 566 quod
630 523 756 553 motus
783 514 920 550 habeat
938 511 1115 548 virtutem
1142 507 1304 556 igniendi
1328 506 1409 544 sive

355 569 602 608 calefaciendi.

406 623 467 660 Ad
488 622 591 671 quod
610 618 812 669 respondet
839 619 1028 653 Averroes
1054 614 1091 651 in
1111 626 1179 651 suo
1201 613 1410 650 Commen-

354 683 392 712 to
419 675 523 724 quod
550 672 746 723 proprium
772 677 826 706 est
845 668 954 706 calidi
973 679 1054 704 esse
1074 666 1238 712 mobile;
1269 673 1304 702 et
1322 665 1410 702 ideo

356 740 443 765 cum
472 726 610 776 aliquid
642 731 726 762 actu
761 729 959 768 movetur,
996 720 1039 757 fit
1068 719 1180 756 etiam
1209 726 1296 756 actu
1325 717 1410 755 cali-

357 780 460 818 dum.
476 800 500 807 —
521 779 597 816 Sed
623 779 697 814 hoc
715 787 792 813 non
811 774 960 812 videtur
977 785 1114 810 verum
1133 770 1157 809 ⁹.
1178 771 1309 809 Primo
1330 770 1411 819 qui-

357 833 444 870 dem
482 831 566 881 quia
595 828 740 867 moveri
767 839 845 863 non
873 834 928 863 est
955 825 1154 875 proprium
1184 824 1313 872 calidi,
1343 824 1411 860 sed

357 885 550 922 cuiuslibet
569 881 732 930 corporis
747 879 940 916 naturalis:
965 890 1057 916 nam
1073 891 1117 915 ea
1136 890 1235 927 quae
1250 889 1410 915 moven-

354 945 413 974 tur
440 944 546 974 motu
574 942 686 981 rect0,
701 934 739 970 in
767 932 841 969 suis
861 931 951 969 locis
975 931 1184 980 quiescunt,
1207 937 1412 967 moventur

354 998 480 1027 autem
506 986 693 1025 existentia
721 993 823 1022 extra
860 997 928 1022 sua
956 984 1057 1030 loca;
1087 995 1247 1032 corpora
1283 989 1411 1019 autem

355 1041 524 1079 caelestia
544 1046 745 1077 moventur
773 1037 998 1074 circulariter
1025 1037 1063 1074 in
1092 1036 1168 1073 suis
1187 1035 1291 1083 locis,
1312 1047 1411 1084 quae

352 1107 475 1143 neque
494 1100 579 1130 sunt
594 1091 711 1129 calida
730 1103 853 1138 neque
873 1090 1016 1137 frigida.
1039 1088 1217 1126 Secundo
1233 1088 1323 1137 quia
1342 1101 1411 1137 po-

352 1147 483 1185 sterius
511 1158 588 1182 non
617 1152 670 1181 est
699 1156 812 1181 causa
838 1143 990 1192 prioris:
1020 1142 1051 1179 si
1079 1154 1168 1190 ergo
1197 1141 1347 1179 moveri
1366 1141 1413 1179 sit

350 1199 542 1249 proprium
571 1197 702 1243 calidi,
736 1196 855 1245 magis
889 1197 992 1233 calor
1020 1195 1086 1232 erit
1115 1207 1229 1236 causa
1261 1202 1410 1243 motus,

352 1265 465 1302 quam
486 1264 507 1288 e
527 1262 724 1287 converso.

403 1306 451 1342 Et
482 1304 567 1341 ideo
605 1303 808 1340 dicendum
841 1309 897 1339 est
934 1302 1039 1350 quod
1055 1331 1065 1349 ,
1098 1301 1193 1339 sicut
1229 1302 1414 1351 probatur

350 1358 388 1395 in
401 1358 486 1394 VIII
497 1356 644 1405 Physic.
658 1357 689 1403 ²²²,
701 1362 828 1392 motus
848 1355 976 1392 localis
992 1362 1047 1391 est
1060 1354 1206 1404 primus
1221 1362 1409 1392 motuum.

351 1412 393 1447 In
420 1409 587 1459 quolibet
621 1416 747 1446 autem
780 1420 918 1456 genere
951 1407 990 1445 id
1018 1408 1124 1457 quod
1157 1415 1212 1444 est
1244 1407 1412 1457 primum

351 1471 404 1500 est
423 1475 535 1500 causa
556 1474 688 1498 eorum
708 1473 806 1510 quae
826 1468 913 1498 sunt
930 1468 1018 1510 post
1036 1461 1075 1498 in
1095 1460 1235 1498 eodem
1254 1473 1410 1509 genere:

349 1516 450 1553 unde
469 1522 595 1552 motus
614 1514 741 1551 localis
761 1521 816 1551 est
844 1526 958 1551 causa
977 1514 1217 1562 alterationis,
1239 1526 1336 1563 quae
1357 1522 1413 1551 est

349 1569 470 1618 prima
497 1568 590 1604 inter
617 1567 709 1604 alios
738 1574 886 1614 motus;
917 1575 953 1604 et
980 1567 1183 1616 praecipue
1213 1575 1269 1604 est
1298 1579 1412 1604 causa

348 1622 491 1671 primae
520 1620 755 1668 alterationis,
783 1633 881 1669 quae
911 1628 966 1657 est
995 1620 1200 1658 calefactio.
1230 1620 1411 1658 Alteratio

350 1675 450 1712 enim
466 1676 485 1693 ’³
505 1674 715 1710 secundum
736 1685 871 1710 omnes
899 1673 989 1710 alias
1009 1674 1217 1722 qualitates,
1239 1680 1414 1711 causatur

351 1740 395 1765 ex
414 1726 628 1764 alteratione
647 1726 858 1775 primarum
879 1734 1042 1776 quatuor
1061 1726 1296 1775 qualitatum;
1318 1727 1414 1764 inter

349 1793 441 1829 quas
470 1781 565 1817 duae
595 1779 756 1827 activae,
787 1779 927 1816 scilicet
955 1779 1119 1817 calidum
1148 1787 1184 1816 et
1212 1779 1410 1828 frigidum,

350 1841 433 1871 sunt
460 1832 603 1882 priores
640 1832 825 1881 passivis,
860 1833 998 1870 scilicet
1034 1832 1195 1870 humido
1225 1841 1261 1870 et
1289 1833 1411 1880 sicco;

351 1886 512 1923 calidum
540 1893 665 1922 autem
694 1893 748 1923 est
776 1885 879 1935 prius
904 1886 1049 1934 frigido,
1071 1886 1166 1923 sicut
1194 1886 1316 1923 forma
1338 1886 1411 1935 pri-

349 1939 511 1986 vatione,
531 1946 572 1976 ut
589 1945 691 1987 patet
707 1951 751 1976 ex
771 1951 886 1989 supra
902 1940 921 1961 ²³
942 1939 1060 1977 dictis.
1081 1939 1193 1977 Unde
1212 1947 1339 1977 motus
1358 1940 1412 1976 lo-

350 1992 437 2029 calis
455 1991 604 2041 proprie
630 2000 684 2029 est
713 2004 826 2029 causa
846 1992 1110 2029 calefactionis.
1138 1992 1264 2029 Habet
1282 2000 1411 2030 autem

350 2046 423 2082 hoc
450 2045 573 2082 omnis
602 2053 727 2082 motus
746 2045 875 2082 localis
905 2058 950 2082 ex
976 2045 1113 2083 virtute
1137 2053 1264 2082 motus
1294 2046 1412 2083 caele-

351 2098 433 2146 stis,
463 2098 526 2146 qui
555 2106 608 2135 est
640 2099 785 2147 primus
813 2098 992 2136 localium
1024 2106 1201 2136 motuum
1229 2105 1248 2136 ¹.

409 2163 464 2188 ιι.
486 2151 686 2188 Dubitatur
713 2159 841 2188 autem
869 2151 1036 2199 ulterius,
1071 2163 1160 2188 cum
1193 2152 1251 2189 sol
1279 2151 1412 2189 imme-

352 2203 449 2241 diate
480 2216 558 2241 non
589 2212 714 2252 tangat
742 2217 867 2254 neque
897 2206 916 2224 ⁴*
945 2217 1074 2242 aerem
1102 2216 1228 2253 neque
1266 2205 1411 2253 ignem,

352 2258 547 2306 quomodo
589 2270 633 2294 ex
669 2266 778 2295 motu
806 2257 892 2295 solis
922 2265 1095 2295 causatur
1125 2259 1228 2295 calor
1258 2258 1296 2295 in
1324 2270 1411 2295 aere

352 2317 388 2347 et
413 2310 451 2347 in
470 2310 490 2331 '¹‘
513 2310 617 2358 igne:
647 2323 725 2348 non
754 2310 855 2348 enim
881 2310 1008 2348 media
1037 2323 1198 2360 corpora
1227 2311 1411 2358 caelestia,

353 2362 487 2400 scilicet
514 2364 696 2412 sphaerae
723 2364 899 2412 Veneris,
934 2363 1113 2401 Mercurii
1143 2372 1179 2401 et
1206 2364 1331 2412 lunae,
1366 2377 1412 2401 ex

353 2423 459 2453 motu
486 2416 574 2454 solis
602 2417 788 2454 calefiunt.

405 2468 466 2506 Ad
485 2469 589 2517 quod
613 2471 815 2519 respondet
842 2470 1058 2508 Alexander
1076 2470 1181 2518 quod
1209 2470 1298 2508 nihil
1325 2482 1414 2519 pro-

353 2521 455 2558 hibet
483 2522 529 2558 ab
558 2523 680 2571 aliquo
718 2530 851 2572 agente
889 2523 1028 2572 aliquid
1063 2523 1209 2560 alterari
1236 2536 1306 2573 per
1333 2535 1413 2560 me-

356 2574 469 2622 dium,
479 2574 529 2611 ita
543 2583 670 2613 tamen
685 2576 790 2624 quod
804 2576 893 2614 illud
908 2576 1080 2614 medium
1095 2589 1173 2613 non
1189 2577 1365 2614 alteretur
1376 2577 1412 2623 *3

356 2627 448 2664 sicut
475 2627 586 2676 piscis
614 2629 678 2677 qui
706 2629 838 2666 dicitur
863 2635 1013 2678 stupor,
1043 2629 1240 2679 stupefacit
1277 2642 1414 2667 manus

355 2679 548 2728 piscatoris
572 2682 758 2719 mediante
778 2681 863 2730 reti,
893 2682 998 2731 quod
1026 2689 1154 2719 tamen
1182 2695 1261 2720 non
1289 2691 1415 2732 stupe-

357 2733 432 2770 scit.
454 2734 600 2782 Recipit
617 2741 744 2772 tamen
764 2735 967 2783 aliqualiter
991 2735 1283 2785 impressionem
1302 2736 1415 2786 piscis

357 2786 566 2823 secundum
604 2799 713 2824 suum
750 2788 932 2835 modum,
974 2789 1047 2825 alio
1086 2796 1216 2826 tamen
1242 2790 1262 2810 '⁸
1295 2790 1414 2827 modo

357 2850 472 2886 quam
511 2852 656 2877 manus.
697 2842 749 2877 Ita
778 2841 890 2878 etiam
919 2842 975 2878 sol
1003 2841 1182 2890 imprimit
1210 2842 1350 2891 aliquid
1378 2842 1416 2880 in

358 2903 517 2940 corpora
551 2893 721 2930 caelestia
748 2894 896 2942 media,
935 2906 1013 2931 non
1041 2902 1168 2932 tamen
1207 2895 1417 2933 calefactio-

358 2956 462 2990 nem;
492 2944 558 2982 sed
581 2945 775 2995 impressio
797 2947 884 2984 solis
912 2947 1086 2996 pervenit
1113 2947 1163 2985 ad
1182 2960 1343 2998 corpora
1361 2948 1415 2985 in-

357 2996 492 3034 feriora
505 3010 573 3046 per
587 2999 747 3036 modum
768 2999 1032 3047 calefactionis,
1049 3002 1260 3038 secundum
1282 3014 1415 3039 eorum

359 3049 622 3088 conditionem.
643 3073 666 3079 -
688 3051 763 3089 Sed
794 3060 923 3090 contra
956 3053 1054 3090 hanc
1092 3053 1380 3103 responsionem
1397 3055 1417 3076 ³³

358 3101 505 3139 videtur
533 3116 634 3151 esse,
671 3105 773 3152 quod
802 3105 1018 3143 Aristoteles
1057 3106 1143 3143 dicit
1176 3107 1279 3156 quod
1314 3108 1417 3144 calor

361 3162 532 3192 causatur
555 3155 593 3192 in
612 3168 696 3194 aere
716 3157 799 3194 trito
818 3159 880 3195 vel
902 3171 1122 3208 compresso
1142 3171 1210 3208 per
1230 3168 1379 3198 motum
1397 3162 1416 3182 *

361 3207 563 3254 stellarum3
583 3209 657 3245 hoc
676 3217 803 3247 autem
822 3223 900 3247 non
921 3219 975 3248 est
993 3211 1185 3260 possibile,
1203 3213 1306 3262 quod
1327 3226 1416 3251 con-

415 3326 438 3360 Θ)
454 3328 507 3368 8.εεί
521 3329 569 3354 hoc
583 3337 634 3355 non
654 3331 758 3356 videtur
777 3339 876 3358 verum.
887 3346 906 3353 —-
918 3334 953 3359 lta
966 3334 995 3359 P.
1016 3335 1070 3360 Sed
1084 3335 1148 3361 haec
1161 3336 1232 3361 ratio
1247 3344 1298 3362 non
1313 3337 1418 3362 videtur

363 3369 517 3402 conveniens
535 3365 629 3396 ACsE;
649 3367 756 3391 eandem
774 3367 910 3393 lectionem
929 3369 1058 3395 insinuant
1077 3376 1139 3402 cen,
1159 3371 1307 3397 omittentes
1325 3379 1420 3398 conve-

365 3404 445 3425 mens,
464 3405 511 3429 pro
530 3406 581 3430 quo
600 3400 623 3424 sl
642 3401 769 3426 substituit
787 3403 882 3428 valere.

383 3467 388 3471 ¹
419 3432 436 3463 ι)
459 3432 532 3457 Unde
551 3437 636 3459 motus
650 3436 771 3461 localis...
784 3437 906 3463 localium
922 3443 1049 3465 motuum.
1062 3454 1080 3459 -
1094 3442 1163 3466 Haec
1183 3442 1272 3471 lectio,
1291 3450 1358 3476 quae
1376 3451 1418 3468 or-

365 3466 448 3491 dinate
461 3471 486 3491 et
503 3469 636 3500 perspicue
655 3470 755 3496 exhibet
773 3473 963 3498 conclusionem
983 3482 998 3499 a
1016 3483 1038 3499 s.
1051 3475 1152 3501 Thoma
1166 3477 1298 3508 intentam,
1312 3478 1419 3503 traditur

366 3508 380 3525 a
394 3502 470 3542 codd..
482 3502 571 3542 ACsE.
590 3504 638 3528 Alii
653 3506 726 3530 codd.
740 3505 848 3532 habent:
871 3508 944 3533 Unde
958 3512 1043 3535 motus
1056 3511 1147 3536 localis
1160 3519 1198 3537 ex
1216 3512 1314 3538 virtute
1333 3516 1419 3538 motus

364 3536 483 3576 caelestis
493 3543 536 3568 qui
546 3540 584 3562 est
590 3538 694 3569 primus
706 3541 828 3566 localium
842 3546 974 3572 motuum,·
987 3546 1107 3570 omittunt
1117 3554 1210 3579 nempe
1222 3547 1419 3573 homoteleuton

361 3578 474 3611 proprie
491 3574 561 3597 est...
575 3577 660 3598 motus
680 3575 777 3600 localis.
800 3576 883 3602 Etiam
902 3578 921 3602 P
940 3578 1002 3603 haec
1021 3581 1098 3605 verba
1117 3582 1223 3613 omittit,
1243 3583 1289 3607 sed
1309 3583 1372 3616 ipsa,
1391 3589 1420 3609 ut

366 3611 519 3631 sententiam
538 3608 671 3640 compleat,
686 3614 744 3641 post
762 3611 882 3636 localium
902 3616 1018 3638 motuum
1039 3615 1107 3640 addit
1125 3620 1163 3641 est
1181 3624 1262 3643 causa
1279 3619 1385 3644 caloris.

1043 275 1113 311 DE
1144 272 1317 310 CAELO
1347 271 1418 308 ET
1447 268 1642 306 MUNDO
1672 269 1767 305 LIB.
1798 270 1830 305 II

1463 347 1560 385 tritio
1589 348 1652 384 vel
1686 348 1922 396 compressio
1952 359 1974 384 a
2001 354 2110 384 motu
2139 346 2226 383 solis
2258 346 2456 395 perveniat
2484 347 2534 384 ad

1465 412 1606 447 aerem,
1627 400 1700 437 nisi
1723 400 1853 438 media
1881 413 2043 449 corpora
2073 399 2247 437 caelestia
2276 407 2533 446 conterantur;

1465 453 1570 502 quod
1599 460 1656 490 est
1682 452 1930 502 impossibile.

1514 506 1564 542 Et
1577 505 1665 548 ideo
1680 508 1872 543 Averroes
1887 506 1926 543 in
1938 507 2172 543 Commento
2189 505 2277 542 dicit
2291 506 2396 554 quod
2410 513 2535 542 totum

1467 571 1605 607 corpus
1621 559 1781 595 caeleste
1801 567 1982 596 movetur
2001 566 2109 596 motu
2130 558 2265 596 diurno
2285 557 2394 606 quasi
2411 570 2535 595 unum

1467 624 1621 660 corpus,
1650 612 1714 648 vel
1736 612 1757 632 '³‘
1780 612 1887 661 quasi
1914 625 2037 649 unum
2066 612 2207 649 animal
2235 618 2378 658 totum,
2407 619 2536 648 motus

1466 672 1595 701 autem
1622 665 1863 713 planetarum
1890 665 2034 714 proprii
2061 673 2149 702 sunt
2171 664 2280 714 quasi
2301 671 2429 702 motus
2451 677 2537 713 par-

1465 718 1561 755 tium
1582 717 1766 754 animalis.
1793 718 1982 755 Causatur
2001 727 2130 756 autem
2151 719 2254 755 calor
2266 718 2307 755 in
2326 730 2413 755 aere
2427 730 2536 767 prae-

1467 771 1576 820 cipue
1597 783 1643 807 ex
1657 777 1766 807 motu
1784 770 1899 808 totius
1919 771 2022 819 caeli,
2043 771 2108 821 qui
2129 779 2185 808 est
2210 778 2338 808 motus
2359 771 2534 808 diurnus:

1465 824 1569 861 unde
1591 831 1627 860 et
1645 823 1867 860 Aristoteles
1891 823 1979 861 dicit
1997 824 2103 874 quod
2123 824 2413 874 approximante
2437 825 2536 872 sole,

1468 884 1503 913 et
1523 876 1667 913 oriente
1692 883 1729 913 et
1748 889 1864 925 super
1882 889 1953 914 nos
1974 877 2172 926 existente,
2197 885 2399 926 generatur
2418 878 2536 924 calor3

1467 929 1574 977 quod
1588 929 1744 977 quidem
1759 929 1804 966 fit
1820 942 1890 979 per
1903 937 2055 967 motum
2076 930 2266 968 diurnum.
2288 931 2537 968 Manifestum

1467 990 1523 1019 est
1542 990 1672 1019 autern
1691 982 1799 1031 quod
1818 995 1957 1032 corpus
1977 983 2140 1021 alterans
2158 996 2238 1021 non
2257 985 2389 1021 alterat
2411 985 2537 1022 solum

1467 1035 1682 1072 secundum
1711 1043 1923 1073 extremam
1946 1036 2203 1085 superficiem,
2223 1049 2301 1085 qua
2319 1037 2436 1085 tangit
2455 1050 2538 1074 cor-

1465 1101 1539 1137 pus
1554 1089 1766 1136 alteratum,
1787 1089 1856 1141 sed
1874 1089 2089 1127 secundum
2109 1102 2220 1127 suarn
2239 1097 2360 1127 totam
2378 1091 2536 1139 profun-

1468 1141 1622 1179 ditatem
1651 1142 1714 1179 vel
1743 1141 1970 1190 grossitiem:
1992 1150 2029 1180 et
2046 1142 2158 1180 huius
2177 1143 2329 1191 signum
2349 1151 2420 1191 est,
2450 1143 2539 1194 quia

1468 1207 1607 1245 corpus
1622 1202 1736 1232 tenue
1751 1207 1831 1232 non
1846 1202 1903 1232 est
1916 1194 1968 1232 ita
1978 1195 2114 1233 efficax
2125 1196 2175 1233 ad
2189 1197 2428 1234 alterandum
2443 1196 2540 1234 sicut

1468 1261 1607 1298 corpus
1626 1248 1772 1285 habens
1783 1248 1803 1269 *
1818 1248 2116 1298 profunditatem
2130 1249 2194 1286 vel
2209 1249 2432 1298 grossitiem,
2449 1262 2538 1299 sup—

1466 1302 1591 1350 posita
1610 1301 1804 1339 identitate
1823 1309 1992 1339 naturae.
2019 1302 2070 1339 Et
2091 1301 2143 1339 ita
2161 1309 2285 1340 totum
2305 1303 2457 1340 caelum
2476 1315 2537 1342 ca,-

1467 1354 1592 1392 lefacit
1610 1367 1690 1392 non
1718 1355 1844 1392 solum
1877 1355 2091 1392 secundum
2120 1354 2297 1393 infimam
2321 1356 2537 1405 sphaeram,

1468 1407 1537 1445 sed
1564 1407 1777 1445 secundum
1806 1415 1927 1445 totam
1954 1407 2167 1456 grossitiem
2197 1408 2303 1456 caeli,
2323 1408 2432 1457 quasi
2459 1421 2539 1448 um

1467 1461 1698 1501 alteratione.
1719 1462 1768 1498 Et
1796 1461 1884 1498 ideo
1914 1461 2083 1499 alteratio
2104 1461 2274 1511 sequitur
2292 1461 2330 1499 in
2349 1462 2428 1500 istis
2446 1461 2539 1501 infe.-

1467 1514 1629 1552 rioribus
1652 1527 1732 1552 non
1751 1515 1876 1551 solum
1897 1514 2110 1552 secundum
2130 1515 2267 1552 orbem
2290 1516 2416 1563 lunae,
2437 1514 2504 1566 qui
2518 1516 2540 1553 2¹²

1466 1567 1688 1605 immediate
1718 1567 1896 1616 contingit
1922 1567 2100 1605 inferiora
2129 1580 2308 1618 corpora;
2333 1568 2403 1606 sed
2426 1568 2542 1607 etiam

1467 1620 1681 1658 secundum
1699 1620 1878 1658 virtutem
1897 1621 2102 1669 stellarum,
2122 1621 2162 1658 in
2181 1621 2320 1671 quibus
2340 1629 2397 1659 est
2418 1621 2541 1671 magis

1468 1673 1633 1711 adunata
1652 1681 1689 1711 et
1717 1674 1825 1723 quasi
1845 1682 2100 1712 commassata
2119 1674 2240 1712 virtus
2266 1675 2390 1713 activa
2419 1675 2540 1713 caele-

1468 1727 1531 1764 stis
1560 1727 1751 1776 corporis;
1791 1734 1827 1764 et
1863 1727 2069 1777 praecipue
2107 1727 2322 1766 secundum
2357 1727 2539 1767 virtutem

1468 1780 1570 1827 solis,
1596 1780 1699 1829 qui*
1717 1779 1864 1818 excedit
1883 1780 1955 1818 alia
1973 1793 2136 1830 corpora
2163 1781 2301 1819 virtute
2330 1789 2368 1819 et
2395 1781 2541 1831 magni-

1466 1833 1609 1872 tudine.
1635 1833 1737 1880 Quia
1755 1833 1866 1882 igitur
1883 1841 2007 1871 totum
2028 1835 2177 1872 caelum
2206 1834 2282 1883 agit
2307 1842 2350 1872 ut
2371 1835 2391 1856 ²⁸¹
2417 1847 2540 1873 unum

1468 1899 1606 1936 corpus
1635 1887 1848 1925 secundum
1868 1894 2018 1924 motum
2040 1887 2233 1936 diurnum,
2254 1900 2334 1926 non
2354 1895 2411 1926 est
2433 1887 2539 1927 intel-
2570 1896 2579 1906 ”

1466 1940 1662 1988 ligendum
1692 1939 1799 1989 quod
1817 1952 1993 1977 seorsum
2012 1941 2032 1962 ⁸²
2058 1953 2136 1978 una
2155 1941 2318 1990 sphaera
2345 1940 2540 1991 imprimat

1466 1993 1506 2030 in
1525 1993 1655 2039 aliam;
1671 1993 1740 2030 sed
1760 1993 1864 2042 quod
1883 2001 2006 2031 totum
2027 1994 2176 2031 caelum
2191 2007 2270 2032 una
2288 1994 2540 2044 impressione

1467 2047 1596 2084 alteret
1614 2047 1634 2067 *
1652 2045 1868 2083 inferiorem
1889 2058 2017 2083 aerem
2043 2046 2181 2085 virtute
2201 2046 2289 2085 solis
2319 2054 2355 2085 et
2382 2047 2540 2086 aliarum
2566 2056 2578 2067 ·

1466 2099 1670 2146 stellarum,
1700 2099 1856 2149 quando
1885 2099 1997 2137 nobis
2025 2100 2346 2150 appropinquant.

1522 2152 1601 2190 Sed
1629 2152 1744 2190 etiam
1771 2153 1868 2190 haec
1895 2152 1990 2190 ratio
2017 2154 2037 2174 *²
2065 2165 2147 2191 non
2172 2153 2325 2191 videtur
2353 2165 2436 2191 esse
2464 2153 2541 2192 suf-
2568 2163 2579 2175 ⁸

1466 2205 1610 2253 ficiens,
1635 2213 1677 2242 ut
1696 2205 1914 2254 Simplicius
1942 2205 2029 2243 dicit
2050 2207 2081 2244 *.
2112 2206 2243 2244 Primo
2263 2206 2420 2256 quidem
2440 2205 2540 2256 quia,

1467 2258 1497 2295 si
1525 2258 1739 2296 secundum
1775 2257 2041 2296 contritionem
2069 2260 2132 2297 vel
2170 2259 2502 2309 compressionem
2521 2261 2541 2282 ⁸
2570 2268 2709 2300 ‘floro-⁸1

1467 2311 1563 2349 aeris
1593 2323 1638 2348 ex
1667 2319 1776 2348 motu
1805 2311 1973 2349 caelestis
2003 2312 2189 2362 corporis,
2218 2320 2418 2362 praesente
2447 2313 2540 2362 sole,
2570 2327 2579 2337 ·

1468 2372 1686 2402 causaretur
1715 2365 1819 2402 calor
1846 2364 1953 2412 aeris,
1978 2366 2104 2415 primo
2133 2365 2291 2416 quidem
2318 2374 2543 2416 sequeretur
2567 2374 2580 2386 ·

1468 2417 1573 2468 quod
1601 2417 1686 2455 loca
1704 2430 1804 2466 quae
1833 2426 1920 2456 sunt
1947 2418 2135 2466 inferiora,
2156 2419 2282 2457 minus
2312 2419 2541 2469 calefierent,

1467 2479 1652 2519 tanquam
1671 2470 1793 2519 magis
1812 2479 1961 2510 remota
1981 2485 2004 2510 a
2023 2479 2132 2510 motu
2152 2471 2412 2510 calefaciente:
2439 2485 2543 2511 nunc

1469 2532 1595 2561 autem
1624 2524 1801 2562 videmus
1836 2525 2087 2573 contrarium,
2117 2538 2209 2564 narn
2236 2525 2276 2564 in
2303 2525 2458 2575 planitie
2486 2534 2542 2565 est

1468 2577 1591 2614 maior
1606 2578 1708 2615 calor
1722 2590 1839 2627 quam
1854 2578 1894 2616 in
1907 2579 2116 2617 montibus.
2138 2578 2319 2616 Secundo
2335 2578 2436 2629 quia,
2452 2591 2541 2617 cum

1469 2631 1632 2680 sphaera
1650 2638 1772 2668 terrae
1792 2631 1870 2669 fere
1891 2644 1931 2670 se
1955 2633 2095 2670 habeat
2112 2644 2182 2682 per
2201 2631 2364 2670 modum
2383 2632 2515 2682 puncti
2529 2638 2543 2655 ⁸

1469 2683 1518 2721 ad
1546 2684 1750 2733 sphaeram
1779 2684 1879 2732 solis,
1900 2686 1957 2723 sol
1983 2698 2099 2735 supra
2125 2692 2266 2723 terram
2296 2685 2459 2724 existens
2487 2685 2542 2724 vi-

1470 2737 1579 2774 detur
1607 2749 1652 2774 ex
1681 2737 1788 2775 omni
1815 2746 1923 2788 parte
1943 2739 2052 2789 quasi
2081 2738 2290 2787 aequaliter
2318 2751 2400 2777 esse
2429 2738 2542 2777 nobis

1468 2790 1727 2840 propinquus;
1758 2798 1794 2828 et
1820 2791 1870 2829 ita
1899 2804 1978 2830 non
2007 2792 2164 2830 deberet
2193 2804 2276 2830 esse
2304 2799 2409 2829 tanta
2435 2791 2542 2830 diffe-

1470 2843 1588 2880 rentia
1618 2843 1871 2882 calefactionis
1900 2857 1946 2882 ex
1974 2846 2066 2893 sole,
2091 2851 2234 2896 quanta
2261 2852 2420 2894 apparet
2447 2844 2544 2883 inter

1470 2909 1586 2934 mane
1606 2903 1643 2934 et
1670 2897 1883 2945 meridiem,
1914 2906 1951 2936 et
1977 2898 2073 2936 inter
2099 2898 2270 2936 hiemem
2290 2905 2327 2934 et
2345 2905 2542 2936 aestatem.

1471 2950 1601 2987 Tertio
1630 2949 1717 2999 quia
1746 2951 1849 2988 nulla
1883 2951 1975 2988 ratio
2016 2959 2114 2989 esset
2142 2963 2261 3000 quare
2289 2950 2418 2988 minor
2446 2957 2544 2989 esset

1472 3003 1574 3040 calor
1601 3003 1640 3040 in
1668 3002 1760 3041 locis
1788 3004 1993 3050 umbrosis,
2014 3017 2132 3054 quam
2160 3004 2199 3042 in
2225 3003 2316 3041 locis
2336 3004 2374 3042 in
2403 3003 2541 3054 quibus

1472 3055 1563 3093 radii
1601 3055 1690 3093 solis
1726 3057 1940 3106 percutiunt
1962 3056 1986 3094 λ.
2015 3078 2040 3086 -·
2069 3058 2119 3095 Et
2147 3057 2293 3095 eisdem
2334 3057 2544 3096 rationibus

1470 3110 1655 3158 probatur
1671 3111 1691 3131 *
1707 3110 1812 3159 quod
1832 3110 1889 3147 sol
1908 3122 1987 3148 non
2007 3110 2176 3148 calefacit
2195 3109 2303 3160 quasi
2323 3110 2458 3159 igneae
2477 3123 2544 3150 na-

1472 3169 1578 3199 turae
1608 3170 1780 3200 exlstens.

1526 3216 1574 3252 Et
1594 3215 1681 3253 ideo
1703 3215 1918 3265 Simplicius
1947 3216 2034 3254 dicit
2058 3216 2164 3266 quod
2189 3229 2212 3254 a
2231 3216 2320 3255 solis
2341 3217 2362 3238 ‘¹
2383 3229 2544 3267 corpore

1526 3338 1551 3371 κ)
1563 3340 1626 3372 sere
1645 3347 1672 3365 se
1691 3340 1787 3365 habeat
1804 3346 1857 3372 per
1881 3340 1988 3365 modum
2008 3340 2115 3373 puncti.
2132 3353 2152 3360 -
2170 3340 2206 3365 lta
2225 3339 2313 3370 codd„
2333 3346 2387 3365 exc.
2406 3340 2478 3372 quod
2496 3347 2545 3373 pm

1465 3373 1527 3407 sere
1545 3381 1573 3399 se
1585 3375 1693 3404 habeat,
1707 3375 1729 3400 D
1745 3375 1804 3401 hab.
1817 3375 1879 3409 sere
1892 3375 2020 3405 habeant,
2035 3381 2061 3400 et
2075 3383 2122 3408 pro
2135 3375 2242 3408 puncti,
2257 3375 2278 3400 Β
2293 3375 2427 3407 perducti,
2442 3375 2470 3408 pl
2483 3382 2544 3404 ras..

1473 3409 1494 3433 D
1510 3410 1622 3442 spatium
1637 3410 1734 3436 album.
1746 3411 1765 3435 Ρ
1779 3419 1839 3436 orn-1
1841 3411 1917 3445 fere.-
1928 3421 1940 3434 c
1953 3411 2083 3444 siquidem
2096 3415 2121 3436 et
2133 3411 2166 3436 ad
2179 3411 2244 3436 solis
2257 3409 2395 3443 sphaeram
2407 3415 2476 3435 tem
2483 3410 2546 3445 sere

1473 3445 1559 3477 puncti
1579 3450 1604 3470 et
1623 3446 1702 3471 centri
1721 3447 1847 3471 rationem
1866 3446 1944 3471 habet
1958 3445 2061 3480 (Simpl.
2075 3454 2119 3480 op.
2134 3445 2185 3477 cit„
2198 3446 2242 3471 fol.
2256 3453 2290 3479 70
2309 3453 2395 3477 verso,
2415 3446 2466 3471 ool.
2482 3446 2517 3479 2).
2530 3455 2543 3469 »

1472 3493 1490 3498 —
1503 3480 1565 3504 Post
1590 3481 1654 3505 duas
1674 3481 1754 3506 lineas
1778 3490 1825 3514 pro
1844 3485 1870 3507 et
1894 3482 1946 3512 ita,
1966 3483 1989 3507 Α
2008 3486 2034 3507 et
2053 3482 2127 3512 ideo;
2151 3489 2200 3515 pro
2225 3483 2304 3507 tanta
2327 3481 2401 3507 multi
2423 3485 2545 3514 corrupte

1473 3519 1620 3540 musam.-
1634 3516 1691 3541 Lin.
1707 3524 1763 3550 seq.
1777 3517 1799 3542 D
1818 3525 1871 3542 om.
1884 3521 2008 3550 apparet.

1527 3549 1555 3584 λ)
1576 3551 1601 3576 ίη
1622 3552 1749 3583 quibus...
1763 3552 1928 3584 percutiunt.
1941 3566 1959 3572 -
1978 3553 2019 3578 Sic
2033 3551 2150 3578 ABCDG
2169 3550 2246 3582 (vide
2265 3552 2342 3578 etiam
2357 3551 2430 3581 infin,
2449 3550 2544 3577 radiis-s

1473 3585 1570 3610 solaris
1588 3587 1708 3618 percutit
1731 3591 1881 3617 terram,...
1901 3588 1974 3613 radii
1999 3588 2100 3614 solares
2118 3588 2276 3620 percutiunt
2302 3587 2427 3619 terram).
2448 3586 2498 3612 Pro
2517 3585 2544 3611 in

1474 3621 1576 3652 quibus,
1587 3621 1630 3646 ubi
1641 3622 1660 3646 E
1667 3630 1674 3653 ς
1688 3630 1735 3655 pro
1742 3623 1897 3654 percutiunt
1906 3623 2069 3656 perveniunt
2078 3623 2106 3653 Ρ,
2112 3623 2304 3656 percutiuntur
2314 3623 2332 3655 1,
2339 3625 2504 3656 percurrunt
2514 3621 2544 3646 F.

2565 618 2780 646 'quadrantium-

2561 651 2608 673 pus
2625 645 2662 667 uel
2675 650 2723 668 om.
2733 651 2754 667 ν.

2566 1261 2694 1289 ‘nimam
2701 1260 2779 1283 adda.

2568 1519 2648 1546 'qnae
2655 1517 2780 1541 eoddsxc.

2566 1550 2627 1567 ner.

2567 1837 2782 1866 'querneodd-

2568 1869 2658 1886 exau.

2573 3114 2738 3144 ,Μ

2572 3141 2637 3164 diae·
2649 3146 2700 3164 exe.
2715 3140 2750 3163 nd.

2573 3226 2582 3235 ·
2597 3224 2711 3248 count.
