2782 4134
0 2209 6 2292 ‘t

0 2301 15 2638 ἰ.

57 569 67 579 '
81 567 140 589 dicit
153 573 174 588 P.

53 733 63 742 ·
84 730 222 753 nominatur
242 737 256 752 A
264 746 270 757 ,

53 757 190 780 donuinam·
196 764 219 784 Β,
228 757 270 778 de-

53 784 147 807 rivam
152 790 173 810 νς
180 784 269 806 efitext.

52 891 63 901 ·
69 880 242 912 determinatur
246 895 270 911 1².

51 1097 144 1120 ‘mn

0 1274 3 1295 ,
51 1259 141 1283 ’.ιοα
159 1265 191 1287 ιι·
211 1244 268 1282 Did.

0 1301 3 1304 >
50 1275 270 1315 lib-Ibimeamd.

50 1473 205 1497 sssum».

57 2169 69 2179 ⁶
82 2167 155 2191 Num.
167 2173 219 2197 κς.

1140 266 1252 303 CAP.
1284 267 1356 314 IX,
1388 266 1540 303 LECT.
1571 267 1660 303 XXI

297 347 483 384 finitatem
507 346 730 384 durationis:
751 359 830 384 non
858 345 1014 395 quidem
1034 345 1087 382 sic
1116 346 1222 394 quod
1245 346 1372 395 ipsum

298 407 496 437 aeternum
547 400 782 438 distendatur
829 399 1043 436 secundum
1090 400 1372 436 successionem

297 453 488 502 praeteriti
518 461 554 490 et
582 454 707 501 futuri,
729 453 824 490 sicut
844 452 1010 501 spatium
1039 452 1223 501 temporis
1252 465 1371 502 quan-

297 514 550 556 tumcumque
579 507 636 554 sit,
659 506 749 556 quia
767 505 850 543 talis
873 505 1064 542 successio
1094 506 1265 554 sequitur
1287 518 1371 542 mo-

297 567 393 607 tum,
410 560 471 596 illa
486 567 615 597 autem
636 566 723 597 sunt
736 558 886 608 penitus
901 558 1114 595 immobilia
1130 572 1229 608 quae
1246 559 1336 596 dixit
1351 559 1371 580 ’⁸

297 613 439 650 habere
476 613 595 650 vitam
632 613 670 650 in
708 619 880 657 aetern03
911 613 978 648 sed
1013 619 1213 649 aeternum
1247 620 1371 649 totum

298 666 411 703 simul
450 666 631 713 existens,
663 664 956 713 comprehendit
992 677 1109 701 omne
1146 673 1299 714 tempus
1337 673 1373 701 et

298 729 458 756 omnem
472 719 710 757 infinitatem.
727 719 777 755 Et
791 718 1062 755 denominatur
1078 719 1097 739 *
1118 718 1156 755 in
1170 731 1307 766 graeco
1323 718 1372 754 ab

296 774 372 810 hoc
391 773 497 822 quod
522 780 578 809 est
594 783 743 820 semper
761 783 849 808 esse.
871 771 921 808 Et
939 771 1021 808 talis
1041 771 1139 817 finis,
1162 771 1225 820 qui
1254 779 1371 808 aeter-

297 838 391 863 num
412 825 557 872 dicitur,
579 832 635 861 est
653 824 891 871 immortalis,
914 824 1003 872 quia
1022 824 1101 861 vita
1120 825 1181 861 illa
1201 837 1280 861 non
1299 832 1371 861 ter-

296 879 462 916 minatur
477 878 497 899 *
517 885 656 924 morte;
678 886 714 915 et
734 877 898 924 divinus,
921 878 1010 927 quia
1037 878 1184 915 excedit
1212 890 1371 915 ornnem

294 931 506 982 materiam,
528 931 776 980 quantitatem
811 938 848 968 et
876 939 1039 968 motum.

358 997 415 1022 10.
436 984 586 1022 Deinde
608 997 696 1022 cum
718 984 823 1022 dicit:
850 985 957 1022 Unde
975 991 1011 1021 et
1027 985 1111 1022 aliis
1141 992 1224 1032 etc.,
1246 991 1371 1022 osten-

298 1037 351 1075 dit
378 1037 617 1075 influentiam
648 1051 785 1075 eorum
814 1038 852 1075 in
885 1038 968 1075 alia.
996 1039 1065 1075 Est
1092 1046 1222 1075 autem
1250 1037 1372 1075 mani-

297 1091 436 1128 festum
456 1091 562 1140 quod
591 1092 640 1128 ab
670 1104 716 1128 eo
738 1092 844 1140 quod
865 1099 920 1129 est
939 1091 1268 1141 perfectissimum,
1289 1092 1332 1128 fit
1352 1091 1372 1112 *

298 1144 482 1182 derivatio
511 1145 562 1182 ad
591 1145 663 1182 alia
686 1158 785 1195 quae
806 1153 893 1182 sunt
919 1145 1046 1183 minus
1064 1145 1248 1195 perfecta;
1278 1145 1374 1181 sicut

298 1197 465 1241 calidum
482 1197 680 1235 derivatur
708 1199 757 1236 ab
786 1198 873 1247 igne
893 1199 942 1236 ad
962 1199 1034 1236 alia
1063 1211 1161 1248 quae
1191 1206 1278 1235 sunt
1303 1198 1373 1235 mi-

298 1263 370 1288 nus
390 1251 523 1299 calida,
543 1259 585 1288 ut
607 1251 742 1289 dicitur
760 1252 799 1289 in
819 1254 850 1289 II
870 1253 1090 1301 Metaphys.
1113 1253 1132 1273 *
1151 1251 1264 1290 Unde
1285 1263 1374 1288 cum

297 1305 368 1342 ista
397 1304 497 1342 entia
524 1305 692 1342 habeant
714 1305 834 1343 vitam
854 1305 1039 1365 optimam
1069 1314 1105 1342 et
1132 1317 1201 1355 per
1229 1317 1269 1341 se
1298 1305 1373 1341 sus-

298 1358 618 1406 ficientissimam,
658 1366 695 1396 et
727 1371 810 1396 esse
844 1359 1122 1408 sempiternum
1160 1364 1200 1404 π,
1241 1370 1373 1395 conse-

300 1423 422 1462 quens
451 1419 507 1449 est
535 1411 641 1461 quod
668 1412 757 1450 inde
786 1412 1093 1449 communicetur
1120 1412 1200 1449 aliis
1230 1424 1314 1448 esse
1339 1419 1375 1448 et

298 1464 444 1502 vivere
466 1466 558 1502 Non
577 1465 598 1486 ³⁸
617 1473 745 1502 tamen
765 1465 972 1514 aequaliter
1000 1465 1199 1502 omnibus:
1229 1465 1297 1502 sed
1316 1464 1374 1502 his

300 1517 458 1567 quidem
487 1518 643 1564 clarius,
663 1518 760 1556 idest
779 1518 993 1556 evidentius
1014 1526 1050 1556 et
1067 1518 1283 1568 perfectius,
1305 1518 1374 1555 sci-

299 1570 386 1608 licet
403 1571 463 1608 his
486 1583 587 1620 quae
614 1572 758 1608 habent
786 1584 870 1609 esse
898 1572 1174 1621 sempiternum
1192 1577 1208 1602 Ρ
1236 1572 1374 1610 eadem

300 1636 464 1662 numero
494 1624 700 1672 existentia,
722 1632 758 1662 et
785 1625 843 1662 his
872 1637 971 1674 quae
999 1626 1142 1663 habent
1167 1625 1288 1662 vitam
1317 1637 1374 1662 ra-

299 1677 505 1725 tionalem3
534 1678 592 1715 his
620 1686 750 1716 autem
779 1679 994 1726 obscurius,
1023 1679 1121 1716 idest
1148 1678 1310 1716 debilius
1339 1686 1376 1716 et

299 1730 572 1780 imperfectius,
602 1732 697 1769 sicut
724 1731 783 1769 his
811 1745 910 1782 quae
935 1740 1023 1770 sunt
1042 1732 1275 1782 sempiterna
1295 1745 1374 1769 non

301 1785 516 1822 secundum
539 1785 643 1822 idem
660 1797 823 1822 numero
844 1787 912 1824 sed
931 1786 1146 1823 secundum
1165 1785 1269 1823 idern
1289 1798 1374 1835 spe—

301 1838 379 1886 cie,
410 1846 446 1876 et
469 1850 569 1887 quae
597 1839 740 1876 habent
767 1838 887 1877 vitam
916 1839 1134 1877 sensibilem
1162 1840 1225 1876 vel
1258 1839 1374 1876 nutri-

300 1892 430 1929 tivam.

361 1957 418 1982 11.
444 1944 594 1982 Deinde
624 1957 713 1982 cum
744 1945 847 1982 dicit:
875 1946 1026 1983 Etenim
1055 1946 1373 1995 quemadmodum

300 1998 338 2035 in
367 1998 546 2048 encycliis
575 2005 658 2045 etc.,
688 1998 904 2036 manifestat
926 1999 1032 2049 quod
1052 1999 1197 2037 dixerat
1216 1999 1264 2036 de
1285 2011 1374 2036 con-

301 2051 445 2090 ditione
463 2051 749 2101 praedictorum
774 2052 918 2090 entium
942 2065 1040 2102 quae
1061 2060 1148 2090 sunt
1168 2060 1271 2090 extra
1290 2065 1374 2090 cae-

299 2105 393 2142 lum.
424 2105 473 2142 Et
501 2105 627 2154 primo
655 2105 837 2155 proponit
864 2106 971 2155 quod
998 2106 1173 2152 intendit;
1203 2106 1374 2144 secundo

300 2157 446 2196 inducit
473 2158 651 2205 rationes,
680 2158 746 2196 ibi:
775 2159 913 2208 Neque
941 2160 1041 2197 enim
1069 2159 1176 2197 aliud
1193 2159 1213 2180 '¹‘
1234 2166 1304 2197 etc.

355 2211 467 2248 Circa
494 2211 663 2261 primum
695 2212 1018 2250 considerandum
1057 2220 1112 2250 est
1139 2213 1244 2260 quod
1273 2213 1375 2262 apud

299 2264 554 2314 philosophos
583 2272 690 2302 erant
715 2265 792 2302 duo
813 2277 954 2314 genera
982 2265 1219 2314 dogmatum.
1248 2266 1377 2312 Quae-

302 2319 393 2356 dam
423 2318 525 2356 enim
555 2325 662 2355 erant
689 2331 788 2368 quae
812 2331 835 2355 a
857 2319 1044 2368 principio
1073 2319 1287 2356 secundum
1316 2331 1376 2355 or-

302 2372 433 2409 dinem
463 2371 657 2410 doctrinae
687 2371 918 2409 multitudini
946 2373 1250 2422 apponebantur,
1277 2384 1376 2421 quae

302 2425 458 2474 quidem
486 2426 728 2463 vocabantur
764 2425 991 2474 encyclia.
959 2432 996 2447 ‘·
1025 2426 1217 2475 quaedam
1246 2434 1375 2462 autem

303 2486 410 2516 erant
433 2479 555 2528 magis
574 2478 737 2526 subtilia,
761 2491 859 2528 quae
883 2480 1201 2529 proponebantur
1229 2479 1376 2516 audito—

302 2532 407 2570 ribus
435 2532 512 2570 iam
540 2532 745 2582 provectis,
766 2545 866 2581 quae
893 2533 1134 2570 vocabantur
1151 2538 1376 2583 syntagma-

302 2586 387 2632 tica,
403 2586 502 2623 idest
521 2585 766 2634 coordinalia,
782 2587 845 2623 vel
865 2587 1136 2633 acroamatica‚
1156 2586 1253 2624 idest
1272 2586 1378 2624 audi-

301 2639 467 2677 tionalia.
494 2641 687 2688 Dogmata
712 2648 841 2677 autem
861 2640 1182 2690 philosophorum
1202 2640 1379 2678 dicuntur

295 2693 634 2743 philosophemata.
651 2715 676 2722 -
702 2693 802 2731 Dicit
830 2706 920 2742 ergo
953 2694 1060 2743 quod
1088 2693 1127 2731 in
1155 2693 1378 2731 huiusmodi

302 2878 410 2911 intelligi
428 2886 458 2903 ac
471 2882 585 2911 praeter
602 2879 664 2908 hoc,
685 2879 756 2912 quod
776 2878 893 2911 explicite
911 2878 1023 2904 insinuat
1040 2879 1088 2903 tria
1106 2879 1171 2904 tradi
1190 2879 1222 2904 ab
1240 2879 1380 2904 Aristotele

302 2914 370 2939 circa
385 2913 600 2947 significationem
614 2914 693 2939 huius
708 2914 821 2939 nominis
839 2917 993 2945 aeternum5
1009 2915 1081 2947 quod
1095 2914 1173 2939 etiam
1188 2920 1228 2940 est
1246 2914 1380 2940 conforme

303 2949 506 2981 interpretationi
525 2950 657 2982 Simplicii.
677 2950 822 2974 ‹Tradens
847 2955 935 2974 autem
960 2950 1015 2975 aevi
1036 2949 1207 2983 significatum
1229 2951 1300 2983 quod
1319 2958 1379 2983 pro-

303 2984 404 3009 ximum
421 2984 505 3014 nobis,
525 2985 596 3018 quod
613 2986 732 3011 continet
756 2988 859 3017 tempus
878 2985 949 3010 vitae
968 2985 1186 3018 uniuscuiusque,
1207 2986 1323 3011 ascendit
1347 2986 1379 3011 ab

303 3019 351 3044 illo
370 3019 402 3044 ad
421 3021 533 3045 caeleste
556 3028 662 3050 aevum,
686 3021 774 3046 dicens
792 3021 937 3046 secundum
956 3021 1068 3046 eandem
1089 3025 1179 3046 autem
1198 3022 1332 3047 rationem
1354 3025 1381 3047 et

305 3054 352 3086 qui
363 3055 450 3080 omnis
461 3055 632 3088 caelifinis...
645 3056 745 3081 Deinde
754 3056 786 3081 ab
801 3056 851 3081 hoc
861 3056 893 3081 ad
906 3057 1147 3089 supermundanum
1162 3065 1264 3088 aevum,
1275 3058 1380 3090 quando

306 3090 367 3114 dicit
385 3093 412 3115 et
430 3091 502 3122 quod
520 3098 597 3116 omne
615 3094 719 3123 tempus
733 3095 760 3117 et
779 3092 938 3125 infinitatem
953 3092 1092 3117 continens
1103 3093 1171 3126 finis
1183 3100 1277 3117 aevum
1293 3096 1340 3123 est,
1356 3098 1382 3118 et

306 3126 378 3158 quod
401 3125 648 3158 principalissimum
670 3126 734 3158 hoc,
753 3135 768 3152 a
787 3135 840 3160 quo
866 3132 892 3152 et
915 3135 975 3152 esse
993 3133 1019 3152 et
1036 3129 1124 3153 w'vere
1148 3133 1198 3153 etc.
1220 3138 1233 3151 »
1254 3129 1316 3153 Ibid.
1341 3128 1380 3154 Cf.

306 3161 371 3186 infra
390 3161 434 3186 lib.
449 3161 478 3190 11,
494 3161 551 3186 lect.
560 3169 578 3192 1,
589 3169 615 3186 n.
631 3169 655 3186 2.
665 3175 682 3180 -
691 3161 773 3186 Paulo
785 3162 850 3187 infra
863 3170 911 3194 pro
923 3163 1008 3195 ipsum
1019 3166 1166 3193 aeternum,
1178 3164 1264 3196 ipsum
1277 3165 1379 3189 caelum

306 3197 326 3221 P
342 3202 367 3221 et
390 3197 466 3222 codd.
481 3204 534 3222 exc.
549 3197 608 3228 AE;
629 3197 676 3221 sed
689 3197 721 3221 cf.
735 3202 796 3229 post
813 3198 877 3222 duas
898 3198 978 3223 lineas
996 3199 1044 3224 sed
1067 3202 1206 3224 aeternum
1226 3205 1289 3230 etc.,
1309 3200 1380 3232 quod

305 3232 367 3258 huic
386 3233 444 3257 loco
460 3233 654 3264 correspondet.

360 3267 390 3302 π)
405 3268 605 3300 sempiternum.
614 3268 788 3302 —peuffectum
803 3267 833 3298 P,
843 3268 951 3293 forsitan
965 3274 1070 3301 propter
1079 3270 1305 3302 perfectissimum
1310 3278 1320 3301 ,·
1333 3271 1380 3295 sed

307 3308 378 3337 patet
397 3304 468 3336 quod
489 3313 502 3326 ι
513 3303 593 3328 vitam
612 3303 739 3336 optimam
758 3308 784 3327 et
801 3311 848 3336 per
869 3311 899 3328 se
914 3303 1167 3334 sufficientissimam,
1188 3310 1214 3330 et
1232 3313 1292 3330 esse
1310 3313 1380 3330 sem-

251 3353 253 3355 ·
306 3340 437 3372 piternum
448 3348 462 3362 ›
478 3344 519 3364 est
533 3339 646 3372 analysis
660 3339 728 3363 illius
745 3348 758 3361 ‹
771 3339 842 3371 quod
857 3344 898 3363 est
910 3339 1130 3371 perfectissimum
1141 3349 1165 3364 2.

362 3373 387 3408 ρ)
407 3375 504 3400 habent
516 3382 571 3400 esse
585 3375 784 3406 sempiternum.
793 3388 813 3393 —
824 3377 887 3399 sunt
900 3375 1063 3406 sempiterna
1077 3375 1106 3406 P,
1119 3375 1185 3400 forte
1199 3380 1228 3400 ut
1242 3375 1381 3401 conformi-

305 3415 347 3434 ter
366 3410 464 3442 legatur
483 3411 516 3435 ad
534 3410 575 3435 his
595 3417 662 3442 quae
686 3413 749 3435 sunt
766 3410 928 3442 sempiterna
947 3415 1007 3442 post
1026 3411 1091 3435 duas
1111 3410 1155 3435 lin.
1162 3417 1169 3440 ;
1190 3411 1236 3435 sed
1249 3411 1310 3444 quia
1322 3412 1380 3436 talis

307 3445 476 3470 conformitas
490 3446 598 3471 omnino
614 3445 753 3470 materialis
773 3450 887 3478 apparet,
900 3453 953 3469 non
968 3450 1008 3470 est
1028 3453 1073 3470 cur
1086 3453 1101 3469 a
1115 3446 1191 3470 codd.
1207 3447 1381 3472 recederetur.

362 3479 389 3515 σ)
405 3481 534 3515 euryclia.
543 3495 563 3500 -
571 3481 616 3506 AC
627 3486 797 3513 corrumpunt
810 3482 834 3506 cl
848 3481 874 3505 in
885 3481 916 3511 d‚·
930 3481 1000 3505 idem
1009 3486 1070 3513 post
1083 3486 1194 3513 quatuor
1208 3481 1290 3506 lineas
1300 3483 1380 3507 ΑΕΘ.

308 3516 328 3541 P
341 3516 419 3541 habet
437 3517 593 3547 enchiridia,
609 3518 680 3550 quod
695 3525 743 3541 nec
758 3524 817 3541 cum
837 3516 967 3541 codicibus
987 3524 1034 3541 nec
1049 3524 1108 3540 cum
1123 3521 1193 3541 textu
1207 3524 1300 3548 graeco
1319 3525 1380 3542 con-

307 3552 387 3576 venit.
400 3553 483 3576 —Pro
497 3553 708 3586 syntagmatica,
722 3552 943 3585 sintagigmatica
957 3552 988 3582 D,
1003 3553 1318 3585 syncategreumataIoe-
1299 3553 1382 3577 -Pro

306 3588 505 3617 acroamatica,
530 3588 702 3614 akuamatica
727 3588 816 3618 codd.
836 3592 956 3620 corrupte
978 3592 1007 3612 ut
1026 3587 1128 3612 videtur
1146 3595 1194 3620 pro
1217 3588 1381 3613 acusmatica

308 3618 565 3656 (ἄκουσματικά).-
577 3623 628 3649 Pro
647 3624 894 3656 philosophemata,
909 3623 1151 3655 philosophismata
1170 3623 1198 3653 P,
1217 3623 1283 3648 forte
1302 3624 1381 3648 corri-

2454 271 2502 319 87

1430 346 1607 395 encycliis
1626 346 2022 396 philosophematibus
2043 347 2140 384 circa
2156 360 2214 384 res
2230 348 2389 396 divinas,
2406 351 2503 386 mul-

1428 399 1537 436 toties
1555 399 1776 449 philosophi
1795 406 1810 420 ²
1839 400 2048 436 rationibus
2076 401 2368 438 manifestabant
2396 403 2501 451 quod

1428 466 1584 490 necesse
1615 461 1670 490 est
1698 465 1815 490 omne
1850 453 2024 490 divinum
2054 466 2137 490 esse
2165 454 2500 502 intransmutabile,

1428 507 1535 555 quasi
1550 519 1629 543 non
1648 507 1864 543 subiectum
1884 507 2017 554 motui,
2040 514 2077 543 et
2090 507 2273 555 primum,
2294 508 2403 556 quasi
2422 520 2501 545 non

1428 559 1642 597 subiectum
1671 559 1847 609 tempori,
1870 567 1906 596 et
1932 572 2136 605 summum,
2167 560 2275 608 quasi
2304 573 2383 598 non
2412 573 2501 598 con-

1427 620 1574 649 tentum
1612 614 1719 650 loco:
1757 614 1926 650 divinum
1960 621 2088 650 autem
2128 613 2305 650 dicebant
2341 626 2500 651 omnem

1428 666 1679 703 substantiam
1718 674 1933 715 separatam
1962 667 1993 703 ²³.
2024 667 2072 703 Et
2108 667 2184 703 hoc
2221 674 2414 704 attestatur
2442 667 2499 704 his

1428 731 1527 768 quae
1557 719 1656 756 dicta
1684 727 1772 756 sunt
1799 719 1846 756 de
1876 719 2096 757 huiusmodi
2126 719 2287 757 entibus.

1488 783 1545 809 12.
1567 772 1716 809 Deinde
1747 785 1835 809 cum
1866 773 1969 810 dicit:
1999 773 2136 822 Neque
2154 773 2254 810 enim
2283 773 2389 810 aliud
2416 780 2498 821 etc.,

1426 825 1536 873 ponit
1564 825 1728 862 rationes
1749 825 1798 862 ad
1827 826 2108 863 ostendendum
2129 826 2235 875 quod
2255 826 2410 873 dixerat,
2431 826 2500 863 sci-

1427 878 1514 915 licet
1543 878 1648 927 quod
1677 878 1846 927 primum
1875 887 1912 916 et
1943 892 2169 929 supremum
2199 880 2245 917 sit
2272 880 2500 917 intransmu-

1427 931 1552 968 tabile.
1588 933 1638 968 Et
1673 931 1800 981 primo
1839 933 2003 969 ostendit
2038 932 2298 982 propositum;
2329 933 2499 970 secundo

1427 985 1538 1022 infert
1566 986 1761 1034 quandam
1797 986 2084 1023 conclusionem
2118 999 2163 1023 ex
2197 987 2325 1035 dictis,
2355 986 2423 1024 ibi:
2452 988 2504 1024 Et

1428 1038 1640 1075 incessabili
1666 1039 1830 1087 itaque*
1850 1046 1919 1075 etc.

1484 1091 1594 1128 Circa
1630 1092 1800 1141 primum
1838 1092 1946 1140 ponit
1981 1092 2075 1129 duas
2114 1093 2300 1130 rationes:
2336 1105 2500 1143 quarum

1427 1145 1553 1194 prima
1571 1145 1654 1182 talis
1675 1152 1740 1182 est.
1772 1146 1935 1194 Semper
1955 1158 2118 1183 movens
2145 1154 2181 1183 et
2209 1159 2325 1194 agens
2345 1155 2402 1184 est
2420 1159 2501 1184 me-

1428 1198 1500 1235 lius
1529 1206 1636 1235 moto
1667 1206 1703 1235 et
1729 1211 1864 1247 passo;
1896 1199 1963 1236 sed
1997 1212 2075 1236 non
2106 1208 2161 1236 est
2188 1199 2329 1248 aliquid
2364 1200 2502 1238 melius

1427 1251 1555 1300 primo
1585 1259 1622 1288 et
1650 1264 1806 1288 summo
1836 1252 1978 1298 divino,
1999 1252 2105 1301 quod
2124 1253 2244 1301 possit
2271 1253 2398 1302 ipsum
2419 1265 2502 1290 mo-

1428 1317 1540 1352 vere,
1577 1305 1667 1353 quia
1699 1305 1790 1342 illud
1825 1313 1923 1342 esset
1959 1306 2084 1342 adhuc
2118 1306 2302 1352 divinius;
2331 1306 2501 1356 primum

1430 1370 1520 1406 ergo
1550 1358 1723 1396 divinum
1761 1371 1840 1395 non
1876 1366 2075 1407 movetur,
2114 1359 2203 1408 quia
2241 1356 2361 1396 omne
2396 1360 2501 1409 quod

1429 1419 1609 1449 movetur
1636 1424 1792 1449 necesse
1822 1419 1877 1449 est
1905 1412 1953 1449 ab
1983 1413 2056 1449 alio
2077 1413 2238 1460 moveri,
2260 1421 2301 1450 ut
2318 1414 2503 1462 probatur

1429 1465 1468 1502 in
1496 1466 1565 1502 VII
1596 1473 1632 1502 et
1659 1466 1746 1502 VIII
1775 1466 1925 1514 Physic.
1949 1467 1968 1487 *²

1490 1520 1547 1556 13.
1570 1519 1789 1556 Secundam
1819 1519 2006 1556 rationem
2035 1518 2143 1568 ponit
2171 1518 2238 1555 ibi:
2267 1519 2404 1567 Neque
2435 1520 2501 1556 ha-

1430 1573 1491 1609 bet
1510 1584 1678 1622 pravum
1708 1579 1795 1608 etc.:
1826 1584 1923 1620 quae
1945 1572 2027 1609 talis
2047 1579 2113 1609 est.
2142 1572 2271 1609 Omne
2293 1573 2397 1621 quod
2417 1585 2501 1609 mo-

1429 1633 1558 1673 vetur,
1589 1632 1654 1662 aut
1686 1632 1865 1662 movetur
1898 1625 1946 1663 ad
1984 1626 2059 1662 hoc
2092 1626 2196 1674 quod
2231 1625 2369 1662 evadat
2396 1630 2410 1646 ⁹
2438 1625 2501 1662 ali-

1431 1678 1536 1728 quod
1564 1679 1728 1726 malum,
1750 1687 1815 1716 aut
1843 1678 1892 1715 ad
1919 1679 1995 1716 hoc
2024 1678 2129 1728 quod
2158 1678 2327 1728 acquirat
2346 1678 2501 1727 aliquod

1430 1733 1604 1779 bonum3
1645 1732 1712 1770 sed
1749 1732 1919 1782 primum
1957 1745 2037 1769 non
2079 1732 2194 1769 habet
2231 1732 2385 1780 aliquod
2420 1744 2500 1769 ma-

1429 1787 1510 1823 lum
1539 1786 1645 1835 quod
1672 1785 1793 1835 possit
1821 1785 1998 1833 evadere,
2019 1786 2040 1806 *
2067 1798 2192 1834 neque
2211 1785 2354 1834 indiget
2373 1785 2500 1834 aliquo

1430 1841 1535 1877 bono
1565 1840 1671 1888 quod
1702 1839 1821 1888 possit
1853 1839 2069 1888 acquirere,
2104 1838 2194 1888 quia
2223 1846 2279 1875 est
2310 1838 2501 1888 perfectis-

1429 1893 1588 1939 simum3
1619 1905 1709 1941 ergo
1738 1893 1907 1942 primum
1932 1905 2011 1929 non
2040 1899 2229 1929 movetur.
2245 1913 2269 1920 -
2287 1893 2417 1929 Potest
2436 1904 2501 1928 au-

1429 1955 1508 1984 tem
1539 1954 1574 1984 et
1602 1946 1655 1984 sic
1683 1946 1841 1983 formari
1870 1945 1964 1983 ratio
1994 1946 2026 1982 *.
2063 1946 2192 1982 Omne
2227 1946 2334 1995 quod
2366 1958 2501 1982 move-

1429 2008 1501 2047 tur,
1532 2009 1597 2037 aut
1625 2007 1805 2037 movetur
1833 2001 1880 2037 ad
1905 1999 2041 2036 melius
2070 2006 2135 2036 aut
2154 1999 2203 2036 ad
2222 1998 2404 2045 deterius;
2434 1998 2503 2036 sed

1429 2061 1609 2092 neutrum
1629 2060 1754 2103 potest
1769 2054 1854 2090 Deo
1876 2052 2093 2099 convenire,
2110 2052 2324 2089 secundum
2341 2064 2386 2089 ea
2405 2064 2503 2101 quae

1429 2108 1493 2145 hic
1517 2107 1708 2153 dicuntum
1739 2118 1828 2154 ergo
1854 2107 1961 2143 Deus
1989 2107 2092 2143 nullo
2121 2105 2242 2143 modo
2271 2113 2460 2142 movetur.
2477 2126 2501 2133 -

1431 2161 1481 2198 Et
1518 2168 1574 2198 est
1610 2160 1885 2198 attendendum
1923 2160 2028 2208 quod
2066 2159 2161 2196 haec
2204 2159 2374 2196 secunda
2408 2158 2501 2195 ratio

1429 2221 1556 2264 potest
1582 2213 1712 2251 induci
1740 2213 1789 2251 ad
1818 2213 1893 2250 hoc
1921 2213 2028 2262 quod
2055 2225 2134 2250 non
2162 2219 2367 2250 moveatur
2395 2225 2417 2249 a
2445 2224 2503 2249 se-

1430 2267 1515 2317 ipso
1543 2271 1570 2303 P.

1492 2332 1548 2368 14.
1570 2319 1719 2357 Deinde
1741 2331 1829 2355 cum
1851 2318 1956 2356 dicit:
1975 2319 2028 2355 Et
2044 2318 2256 2355 incessabili
2273 2319 2398 2367 itaque
2417 2325 2500 2365 etc.,

1431 2373 1542 2411 infert
1561 2372 1848 2410 conclusionem
1875 2384 1920 2408 ex
1940 2371 2058 2409 dictis.
2087 2373 2136 2408 Et
2164 2372 2253 2409 dicit
2273 2371 2503 2408 rationabili-

1431 2433 1503 2473 ter,
1532 2426 1628 2464 idest
1654 2425 1913 2475 probabiliter,
1944 2425 2052 2474 sequi
2081 2425 2186 2474 quod
2213 2425 2305 2462 illud
2332 2424 2502 2474 primum

1432 2492 1597 2517 movens
1624 2479 1793 2528 primum
1817 2478 1961 2515 mobile
1980 2483 2008 2525 ἵ,
2027 2486 2185 2515 moveat
2212 2486 2321 2515 motu
2339 2478 2503 2514 incessa-

2528 672 2539 682 ⁸
2548 672 2582 693 Cf.
2594 672 2632 693 lib.
2641 672 2669 699 ΙΙ,
2685 673 2739 694 lect.

2529 704 2560 725 xv,
2576 704 2598 720 n.
2613 705 2633 726 5.

2530 1048 2539 1056 '¹
2553 1047 2624 1069 Num.
2640 1053 2671 1075 ¹4-

2530 1473 2743 1500 'Lib.VII,c.1;

2530 1489 2743 1521 S.'l·h.1ec't.1.-

2528 1526 2581 1547 Lib.
2591 1526 2654 1553 VIII,
2670 1532 2690 1548 c.
2706 1533 2743 1552 1v;

2529 1552 2602 1574 S..Th
2610 1543 2695 1575 leet.vn
2707 1559 2743 1581 sq.

2628 1638 2642 1653 υ

2528 1796 2538 1807 “
2551 1795 2595 1816 sed
2607 1795 2661 1817 add.
2670 1795 2740 1818 codd.

2530 1957 2538 1965 ·
2547 1955 2611 1976 ratio
2617 1961 2665 1977 om.
2672 1955 2742 1977 codd.

2530 1987 2579 2004 exc.
2593 1988 2623 2004 st.

1432 2533 1506 2571 bili.
1524 2534 1803 2582 Quaecumque
1824 2532 1926 2568 enim
1942 2539 2047 2568 mota
2067 2531 2277 2580 quiescunt,
2293 2539 2385 2568 tunc
2399 2531 2503 2580 quie·
2545 2561 2551 2565 .

1433 2594 1543 2624 scunt
1558 2586 1713 2636 quando
1729 2586 1956 2635 perveniunt
1971 2585 2020 2622 ad
2034 2585 2234 2634 proprium
2250 2586 2391 2632 locum,
2409 2585 2506 2621 sicut

1432 2648 1535 2690 patet
1563 2640 1602 2678 in
1623 2639 1803 2688 gravibus
1824 2647 1861 2676 et
1887 2638 2052 2684 levibus;
2083 2639 2151 2676 sed
2170 2639 2245 2675 hoc
2274 2650 2353 2675 non
2380 2645 2506 2687 potest

1434 2694 1508 2731 dici
1534 2694 1573 2731 in
1598 2693 1725 2743 primo
1754 2692 1899 2740 mobili,
1921 2692 2027 2742 quod
2056 2691 2282 2729 circulariter
2309 2699 2505 2739 movetur,

1433 2879 1519 2912 gendo
1529 2878 1767 2911 philosophimata,
1780 2879 1852 2911 quod
1871 2887 1918 2912 per
1937 2879 2083 2904 itacismum
2096 2878 2192 2904 habent
2205 2879 2315 2903 codices.
2328 2892 2347 2897 —
2361 2878 2412 2903 Pro
2426 2885 2506 2911 ency-

1432 2915 1491 2940 cliis
1504 2914 1779 2946 philosophematibus
1794 2915 1813 2939 P
1827 2915 1875 2939 sibi
1895 2919 2017 2939 constans
2036 2915 2097 2947 legit
2115 2914 2269 2940 enchiridiis
2283 2913 2507 2946 philosophisma-

1434 2950 1516 2979 tibus,
1536 2950 1578 2974 hic
1597 2955 1622 2975 et
1640 2950 1666 2974 in
1684 2950 1814 2975 versione.

1489 2986 1514 3019 τ)
1521 2985 1702 3018 philosophi.-
1711 2986 1767 3010 Hoc
1778 2993 1831 3010 om.
1839 2986 1858 3010 P
1869 2986 1966 3010 incuria
1975 2985 2136 3018 typographi,
2149 2993 2208 3009 nam
2223 2984 2333 3009 occurrit
2343 2983 2368 3008 in
2379 2983 2419 3008 ed.
2431 2982 2506 3008 1516.

1488 3021 1513 3054 υ)
1530 3024 1582 3046 aut
1601 3024 1722 3046 movetur
1740 3021 1777 3046 ad
1795 3021 1845 3046 hoc
1863 3021 1935 3054 quod
1953 3021 2091 3046 evadam·
2101 3023 2150 3045 aut
2167 3020 2205 3044 ad
2218 3020 2267 3044 hoc
2280 3023 2402 3044 movetur
2416 3022 2446 3044 ut
2458 3019 2506 3053 su-

1433 3057 1493 3090 giat
1506 3057 1535 3088 P,
1550 3057 1702 3089 corrigendo
1720 3057 1891 3081 omissionem
1911 3056 2079 3081 homoteleuti
2098 3056 2221 3080 evadat..
2224 3055 2293 3080 ,hoc
2307 3055 2397 3086 quod·
2391 3063 2416 3079 ιιι
2431 3054 2506 3079 codd.

1434 3100 1487 3117 exc.
1502 3093 1538 3124 A;
1557 3098 1618 3126 post
1636 3093 1732 3117 bonum
1748 3092 1816 3117 sEFI
1831 3092 1929 3116 addunt
1942 3092 1982 3116 vel
1996 3089 2062 3124 (aut
2076 3091 2148 3123 quod
2162 3090 2212 3123 sE)
2224 3091 2322 3124 fugiat
2337 3090 2446 3123 (evadat
2459 3089 2505 3124 sF)

1433 3128 1544 3160 aliquod
1563 3128 1672 3152 malum.
1691 3128 1742 3152 Pro
1760 3127 1896 3160 acquirat,
1916 3127 2038 3159 requirat
2057 3127 2122 3151 PsF.

1488 3163 1517 3197 φ)
1535 3171 1553 3188 a
1572 3163 1667 3195 seipso.
1686 3177 1704 3182 -
1723 3164 1781 3187 Hoc
1799 3171 1852 3187 om.
1872 3163 1891 3186 P
1912 3168 1937 3187 et
1955 3162 2031 3186 codd.
2046 3169 2099 3186 exc.
2114 3162 2151 3192 A;
2178 3161 2224 3186 sed
2248 3169 2280 3186 eo
2302 3161 2416 3192 omisso,
2441 3161 2506 3186 haec

1434 3199 1632 3228 animadversio,
1652 3199 1689 3223 Et
1707 3202 1747 3223 est
1764 3198 1956 3223 attendendum
1976 3202 2032 3226 etc.,
2052 3198 2138 3222 locum
2157 3205 2210 3221 non
2228 3196 2315 3221 habet.

1486 3234 1516 3268 γ)
1537 3234 1604 3259 illud
1618 3234 1738 3266 primum
1758 3241 1864 3258 movens
1879 3233 1999 3264 primum
2019 3233 2155 3257 mobile.—-
2167 3233 2202 3257 Ita
2216 3233 2250 3264 A,
2264 3237 2290 3257 et
2308 3232 2428 3257 convenit
2446 3239 2507 3256 cum

1434 3270 1602 3295 conclusione
1621 3269 1698 3299 infra,
1717 3276 1783 3302 ergo
1797 3269 1918 3300 primum
1938 3268 2032 3293 mobile
2047 3271 2169 3293 movetur
2182 3275 2200 3292 a
2210 3268 2302 3300 primo
2316 3270 2419 3293 motare
2431 3270 2506 3292 motu

1434 3305 1589 3330 incessabili.
1609 3305 1664 3330 Cet.
1684 3304 1780 3329 habent
1799 3304 1866 3328 illud
1879 3304 2000 3336 primum
2020 3304 2165 3332 immobile,·
2184 3304 2203 3328 P
2217 3303 2279 3336 legit
2298 3303 2370 3328 istud
2385 3303 2506 3335 primum

1434 3341 1541 3370 mobile,
1562 3340 1633 3372 quod
1652 3347 1699 3372 pro
1714 3342 1819 3364 moveat
1837 3339 1938 3364 videtur
1957 3347 2106 3372 supponere
2118 3342 2265 3369 moveatur,
2282 3339 2506 3371 quemadmodum

1434 3376 1502 3401 iuxta
1514 3375 1674 3407 Simplicium
1694 3375 1797 3406 legebat
1815 3375 1968 3399 Alexander.
1988 3384 2002 3398 α
2018 3375 2068 3400 Sed
2089 3375 2195 3407 quidem
2210 3374 2281 3407 quod
2300 3374 2359 3399 fecit
2377 3379 2403 3399 et
2421 3373 2507 3406 priora

1434 3412 1466 3436 de
1485 3411 1640 3435 caelestibus
1655 3410 1781 3442 suspicari
1796 3409 1839 3442 (cf.
1854 3418 1897 3435 nn.
1911 3418 1935 3442 7,
1949 3409 1985 3444 8),
1995 3410 2045 3435 hoc
2059 3410 2171 3435 maxime
2185 3410 2295 3435 verbum
2308 3415 2356 3439 est,
2372 3410 2469 3435 scilicet
2480 3413 2507 3435 et

1435 3446 1583 3472 incessabili
1602 3446 1690 3478 itaque
1703 3449 1775 3470 motu
1795 3449 1822 3470 et
1841 3449 1962 3470 movetur
1981 3446 2179 3471 rationabiliter
2194 3445 2244 3478 (cf.
2257 3450 2318 3470 text.
2333 3445 2506 3478 graecum)

1435 3483 1460 3507 Si
1474 3489 1537 3506 vero
1556 3481 1589 3506 sit
1607 3481 1670 3505 haec
1690 3482 1823 3514 scriptura,
1838 3486 1868 3505 ut
1885 3482 1910 3505 in
1930 3482 2088 3514 quibusdam
2107 3482 2192 3506 inveni
2211 3481 2410 3514 exemplaribus,
2425 3484 2451 3506 et
2466 3481 2506 3506 in-

1435 3517 1555 3543 cessabili
1574 3517 1662 3549 itaque
1681 3519 1754 3542 motu
1774 3520 1860 3542 movet
1879 3517 2088 3547 rationabiliter,
2113 3517 2159 3542 sed
2178 3525 2230 3541 non
2250 3520 2378 3546 movetur,
2399 3522 2428 3541 ut
2446 3517 2507 3541 Ale-

1435 3553 1532 3578 xandro
1550 3553 1658 3581 videtur,
1678 3557 1703 3576 et
1721 3552 1771 3577 hoc
1789 3557 1815 3577 et
1833 3552 1920 3577 omnia
1939 3553 2117 3585 praecedentia
2131 3553 2256 3586 possibile
2270 3553 2326 3577 sine
2340 3552 2461 3577 violentia
2474 3553 2506 3576 ad

1436 3588 1623 3613 intellectuales
1649 3592 1674 3612 et
1698 3587 1846 3612 immobiles
1872 3596 1976 3619 causas,
1997 3594 2022 3613 et
2041 3593 2112 3614 extra
2130 3588 2257 3613 mundum
2282 3588 2362 3613 dictas
2381 3593 2507 3620 tanquam

1437 3623 1670 3656 supermundanas.
1689 3623 1813 3648 reducere
1825 3634 1848 3649 ιι.
1873 3623 1936 3649 Ibid.
