2782 4134
161 3098 178 3146 ἶ,
188 3098 224 3153 Εξ.
235 3099 286 3121 lect.
298 3106 374 3127 praec.

162 3584 170 3593 ⁵
177 3582 267 3605 ncilicet
275 3589 324 3605 om.
335 3590 373 3606 ra.

164 3638 173 3647 ·
189 3636 250 3659 Lect.
262 3643 294 3658 iv.

422 281 497 327 390

411 356 565 389 Ἀτοπον
591 351 629 388 δὲ
653 357 710 388 καὶ
737 356 778 388 τὸ
803 355 904 400 μόνον
930 358 1105 400 φροντίσαι
1131 356 1194 387 τοῦ
1220 356 1336 396 ἡλίου,
1363 356 1429 387 τῶν
1455 350 1486 385 δ’

488 400 597 433 ἄλλων
626 400 757 443 ἄστρων
784 395 936 445 παριδεῖν
963 400 1089 437 αὐτούς
1115 399 1178 436 τήν
1212 401 1405 442 σωτηρίαν,
1433 410 1488 432 το·
1522 407 1524 409 “

486 444 617 477 σούτων
642 447 700 476 καὶ
725 444 767 477 τὸ
793 443 920 482 πλῆθος
944 447 1001 476 καὶ
1028 444 1068 476 το
1093 443 1231 488 μέγεθος
1258 443 1376 476 ὄντων.

419 491 463 523 Τὸ
489 486 518 521 δ’
540 485 628 521 αὑτό
654 490 830 533 συμβαίνει
854 491 912 520 καὶ
939 488 1074 524 τούτοις
1103 487 1226 533 ἄλογον
1252 489 1308 519 καὶ
1335 491 1406 525 τοῖς
1425 487 1489 531 φά-

485 546 600 566 σκουσι
634 534 674 565 τὸ
709 534 842 577 πρῶτον
872 534 974 579 ὑγρᾶς
1008 532 1106 569 οὔσης
1137 533 1196 563 καὶ
1227 533 1290 569 τῆς
1316 532 1401 577 γῆς,
1428 534 1487 564 καὶ

487 580 548 611 τοῦ
573 577 700 622 κόσμου
727 578 789 608 τοῦ
821 579 895 619 περὶ
921 576 985 612 την
1010 577 1073 622 γῆν
1101 576 1167 607 ὑπὸ
1198 576 1261 607 τοῦ
1296 577 1392 613 ἡλίου
1419 576 1487 621 θερ-

485 622 708 667 μαινομένου,
745 621 827 664 ἀέρα
859 619 1017 663 γενέσθαι
1050 622 1107 651 καὶ
1141 620 1201 652 τὸν
1235 619 1311 652 ὅλον
1344 618 1486 665 οὐρανόν

486 666 696 708 αὐξηθῆναι,
730 668 788 697 καὶ
822 667 947 697 τοῦτον
983 663 1170 707 πνεύματά
1204 677 1241 698 τε
1273 664 1486 710 παρέχεσθαι

482 714 540 743 καὶ
567 711 629 748 τοὶς
656 710 785 755 τροπάς
811 710 921 741 αὐτοῦ
951 712 1076 740 ποιεῖν·
1103 710 1250 754 φανερῶς
1275 711 1340 756 γάρ
1367 711 1418 744 ἀεὶ
1444 711 1486 744 τό

486 755 632 800 ἀναχθέν
666 755 789 797 ὁρῶμεν
826 753 1040 793 καταβαῖνον
1072 753 1176 785 πάλιν
1211 750 1315 797 ὕδωρ·
1344 755 1407 789 κᾶν
1437 755 1484 800 μή

483 802 561 832 κατ’
583 798 737 832 ἐνιαυτὸν
762 792 914 839 ἀποδιδῷ
934 799 993 829 καὶ
1009 796 1086 828 καθ’
1108 797 1256 837 ἑκάστην
1276 800 1396 843 ὁμοίως
1421 799 1487 845 χώ-

482 856 556 889 ραν,
578 844 650 877 ἀλλ’
673 842 706 875 ἔν
731 842 770 887 γέ
796 854 864 875 τισι
882 840 1109 888 τεταγμένοις
1131 842 1264 888 χρόνοις
1293 841 1482 877 ἀποδίδωσι

483 890 550 921 πᾶν
577 889 617 921 τό
640 887 783 930 ληφθὲν,
816 888 857 923 ὠς
889 886 970 918 οὔτε
995 889 1206 932 τρεφομένων
1238 888 1305 922 τῶν
1337 888 1482 930 ἄνωθεν,

482 934 560 965 οὔτε
579 934 641 965 τοῦ
659 933 717 976 μὲν
743 930 904 975 μένοντος
931 929 1026 975 ἀέρος
1051 927 1116 970 ἤδη
1143 933 1234 976 μετά
1254 934 1319 970 τήν
1340 933 1482 980 γένεσιν,

482 978 544 1010 τοῦ
568 972 606 1008 δὲ
636 977 813 1022 γινομένου
844 977 903 1007 καὶ
935 974 1148 1020 φθειρομένου
1178 976 1280 1010 πάλιν
1307 978 1351 1015 εἷς
1378 974 1481 1023 ὕδωρ,

482 1019 555 1054 ἀλλ’
581 1022 701 1064 ὁμοίως
729 1021 884 1057 ἅπαντος
905 1015 1129 1064 διαλυομένου
1153 1024 1210 1054 καὶ
1235 1022 1482 1067 συνισταμένου

481 1065 583 1098 πάλιν
610 1066 654 1103 εἰς
681 1061 779 1111 ὕδωρ.

413 1110 458 1142 Τὸ
475 1110 534 1155 μὲν
554 1108 610 1142 οὖν
632 1110 779 1155 πότιμον
803 1109 863 1140 καὶ
884 1108 990 1154 γλυκύ
1011 1103 1071 1141 διαὶ
1094 1109 1294 1154 κουφότητα
1313 1111 1380 1143 πᾶν
1401 1109 1484 1143 ἀνά-

478 1166 593 1201 γεται,
613 1154 655 1187 τὸ
680 1151 709 1186 δ’
732 1153 879 1198 ἁλμυρὸν
906 1153 1067 1197 ὑπομένει
1092 1149 1151 1186 διά
1175 1153 1276 1198 βάρος
1303 1156 1363 1187 οὐκ
1381 1155 1414 1187 ἑν
1433 1156 1480 1197 τῷ

479 1197 588 1231 αὐτοῦ
615 1200 722 1240 οἰκείῳ
748 1198 862 1239 τόπῳ·
890 1197 998 1230 τοῦτο
1022 1198 1088 1244 γάρ
1112 1198 1245 1235 οἰητέον
1268 1199 1482 1244 άπορηθῆναί

477 1256 515 1276 τε
541 1243 780 1287 προσηκόντως
804 1242 953 1287 (ἄλογον
978 1242 1043 1288 γάρ
1069 1243 1098 1274 εἰ
1122 1242 1172 1287 μή
1196 1246 1246 1282 τίς
1272 1241 1347 1276 ἐστι
1376 1243 1482 1282 τόπος

479 1283 606 1326 ὕδατος
641 1287 750 1333 ὥσπερ
784 1288 851 1320 τῶν
885 1288 996 1320 ἄλλων
1029 1289 1228 1332 στοιχείων)
1254 1289 1313 1320 καὶ
1347 1288 1481 1326 ταύτην

477 1329 562 1364 εἶναι
586 1332 700 1364 λύσιν·
729 1334 762 1365 ὃν
788 1331 854 1378 γάρ
881 1331 1005 1376 ὁρῶμεν
1035 1332 1255 1376 κατέχουσαν
1282 1332 1390 1365 τόπον
1416 1334 1481 1370 τήν

477 1376 675 1418 θάλατταν,
703 1378 802 1414 οὗτος
829 1375 889 1408 οὐκ
915 1375 988 1408 ἔστι
1014 1374 1206 1418 θαλάττης,
1236 1377 1326 1410 ἀλλοὶ
1350 1378 1480 1421 μᾶλλον

478 1416 619 1460 ὕδατος.
645 1423 814 1454 Φαίνεται
831 1416 869 1453 δὲ
886 1419 1079 1461 θαλάττης,
1100 1419 1154 1453 ὅτι
1179 1421 1221 1454 τὸ
1246 1421 1305 1466 μὲν
1334 1423 1480 1467 άλμυρόν

478 1466 638 1511 ὑπομένει
670 1467 730 1499 διά
754 1465 795 1499 τὸ
828 1465 949 1510 βάρος,
977 1464 1018 1497 τὸ
1042 1460 1080 1497 δὲ
1104 1466 1210 1511 γλυκύ
1241 1468 1299 1498 καὶ
1333 1466 1480 1511 πότιμον

478 1510 648 1557 ἀνάγεται
674 1506 734 1543 διαὶ
758 1509 822 1547 τήν
846 1509 1062 1553 κουφότητα,
1080 1510 1235 1555 καθάπερ
1261 1511 1294 1543 ὲν
1321 1515 1392 1550 τοῖς
1414 1513 1479 1545 τῶν

475 1554 568 1598 ζῴων
594 1555 763 1599 σώμασιν·
789 1556 847 1586 καὶΙ
863 1555 928 1601 γάρ
947 1554 979 1586 ἑν
997 1554 1136 1592 τούτοις
1153 1556 1216 1593 τῆς
1235 1556 1359 1600 τροφῆς
1377 1557 1481 1588 εἰσελ-

476 1599 597 1638 θούσης
622 1602 793 1646 γλυκείας,
814 1600 834 1636 ἢ
853 1600 916 1638 τῆς
938 1599 1039 1644 ύγρᾶς
1065 1600 1190 1644 τροφῆς
1210 1599 1400 1639 ὑπόστασις
1420 1603 1479 1633 καὶ

476 1644 518 1677 τὸ
544 1647 746 1690 περίττωμα
771 1646 932 1689 φαίνεται
957 1643 1074 1687 πικρὸν
1101 1642 1136 1676 ὂν
1160 1645 1219 1676 καὶ
1243 1644 1407 1690 οἱλμυρόν·
1435 1645 1478 1678 τό

475 1690 540 1735 γάρ
561 1689 666 1736 γλυκύ
690 1691 749 1721 καὶ
770 1688 917 1731 πότιμον
936 1687 1002 1720 ὑπὸ
1019 1688 1082 1726 τῆς
1102 1688 1251 1733 ἐμφύτου
1269 1688 1478 1734 θερμότητος

476 1734 631 1769 ἑλκυσθὲν
665 1735 709 1772 εἰς
743 1734 805 1772 τοίς
838 1732 967 1776 σάρκας
998 1734 1056 1764 καὶ
1091 1732 1156 1770 τήν
1184 1733 1291 1771 ἄλλην
1316 1734 1478 1775 σύνταξιν

475 1778 555 1818 ἦλθε
583 1780 649 1811 τῶν
681 1779 806 1823 μερῶν,
833 1779 874 1816 ὠς
900 1776 1046 1809 ἕκαστον
1076 1777 1235 1820 πέφυκεν.
1268 1777 1394 1823 ’Ὠσπερ
1421 1778 1477 1812 οὖν

473 1825 586 1865 κάκεῖ,
611 1826 640 1855 εἴ
664 1835 714 1861 τις
742 1824 803 1861 τῆς
830 1825 978 1864 ποτίμου
1004 1823 1129 1866 τροφῆς
1155 1823 1203 1865 μή
1221 1824 1349 1867 νομίζοι
1369 1822 1476 1856 τόπον

474 1867 560 1902 εἶναι
578 1868 641 1905 τήν
666 1870 812 1909 κοιλίαν,
833 1867 887 1900 ὅτι
908 1865 1041 1922 ταχέως
1066 1867 1284 1910 ἀφανίζεται,
1306 1868 1396 1901 ἀλλά
1414 1869 1476 1901 τοῦ

475 1913 752 1958 περιττώματος,
773 1911 825 1945 ὅτι
847 1910 941 1945 τοῦθ’
964 1912 1025 1956 ορᾷ
1051 1911 1233 1956 ύπομένον,
1254 1910 1314 1944 οὐκ
1331 1911 1372 1955 ιὀὲν
1395 1914 1478 1945 ὐπο-

471 1958 646 2002 λαμβάνοι
678 1958 813 1998 καλῶς,
843 1958 962 2001 ὁμοίως
996 1952 1034 1989 δὲ
1065 1958 1124 1988 καὶ
1157 1955 1189 1989 ἐν
1217 1956 1373 1995 τούτοις·
1401 1958 1476 1990 ἔστι

472 2004 552 2051 γοὶρ,
576 2002 686 2047 ὥσπερ
710 2001 868 2048 λέγομεν,
888 2001 987 2038 οὗτος
1007 2003 1023 2034 ὁ
1042 2000 1148 2039 τόπος
1167 1996 1313 2040 ὕδατος·
1339 1997 1392 2034 διὸ
1416 2003 1475 2034 καὶ

475 2051 504 2081 οἱ
530 2050 682 2092 ποταμοὶ
707 2046 835 2091 ῥέουσιν
861 2047 905 2084 εἰς
932 2045 1040 2078 αὐτὸν
1074 2045 1227 2084 ἅπαντες
1255 2048 1313 2078 καὶ
1339 2048 1407 2079 πᾶν
1434 2047 1475 2080 το“

472 2091 647 2140 γινόμενον
674 2087 778 2135 ὕδωρ·
806 2093 849 2129 εἴς
876 2103 914 2123 τε
939 2091 1004 2136 γάρ
1029 2091 1071 2124 τὸ
1095 2090 1304 2123 κοιλότατον
1324 2092 1344 2129 ἡ
1367 2090 1472 2136 ῥύσις,

470 2140 528 2170 καὶ
548 2138 568 2174 ἡ
586 2136 752 2169 θάλαττα
776 2136 836 2168 τόν
856 2138 1016 2168 τοιοῦτον
1043 2134 1160 2180 ἐπέχει
1185 2135 1248 2174 τῆς
1289 2136 1328 2174 ῆς
1345 2135 1472 2169 τόπον·

473 2181 565 2215 οἱλλοέ1
590 2181 631 2213 τὸ
656 2181 715 2226 μέν
743 2179 950 2226 ἀναφέρεται
976 2180 1068 2236 ταχυ
1093 2177 1153 2213 διαὶ
1170 2180 1229 2213 τὸν
1247 2180 1268 2218 ἦ
1294 2192 1342 2212 ιον
1362 2180 1470 2222 ἅπαν,

471 2227 512 2261 τὰ
536 2221 565 2258 δ’
595 2227 822 2259 ὑπολείπεται
847 2222 907 2258 διαὶ
931 2225 996 2262 τήν
1022 2224 1195 2270 ειρημένην
1206 2226 1351 2275 ἢαἰτίαν.

464 2312 613 2340 SYNOP51s.
631 2328 665 2344 :-
687 2320 710 2339 1.
727 2312 940 2348 Argumentum
962 2317 989 2339 et
1011 2310 1113 2338 divisio
1135 2317 1237 2338 textus.
1252 2327 1271 2331 *
1286 2317 1313 2339 2.
1328 2309 1475 2347 Antiquo-

403 2361 468 2380 rum
496 2351 676 2380 Naturalium
703 2350 804 2387 opinio
832 2351 869 2379 de
891 2357 995 2379 namra
1022 2350 1110 2379 maris
1131 2350 1199 2386 fuit,
1222 2351 1302 2387 quod
1331 2359 1410 2378 mare
1438 2349 1475 2378 sit

403 2391 577 2429 principium
599 2397 626 2419 et
647 2400 753 2427 corpus
778 2390 867 2418 totius
888 2399 997 2428 aquae,
1026 2390 1109 2428 quasi
1130 2390 1212 2419 locus
1237 2389 1375 2418 naturalis
1403 2389 1473 2418 eius.

402 2433 478 2460 Nam
500 2431 573 2459 sicut
593 2431 718 2459 aliorum
739 2431 950 2458 elementorum
972 2430 1129 2459 multitudo
1151 2437 1194 2458 est
1212 2430 1242 2458 in
1262 2439 1355 2458 unum
1376 2430 1474 2458 locum

403 2478 592 2508 congregata,
614 2470 653 2498 ita
675 2470 846 2499 rationabile
874 2477 916 2499 est
937 2471 1018 2507 quod
1039 2470 1126 2499 etiam
1154 2479 1298 2507 aquarum
1319 2469 1474 2498 multitudo

403 2511 439 2539 sit
459 2510 564 2539 alicubi
586 2517 773 2548 congregata,
800 2510 883 2547 quasi
911 2510 940 2538 in
966 2510 1086 2547 proprio
1112 2510 1178 2538 loco
1200 2516 1228 2538 et
1249 2509 1387 2538 naturali:
1410 2509 1474 2548 talis

403 2557 500 2579 autem
515 2551 596 2578 locus
611 2560 671 2578 non
692 2556 787 2586 potest
808 2559 870 2578 esse
885 2549 940 2578 nisi
955 2559 1050 2578 mare:
1072 2559 1090 2578 a
1111 2559 1171 2586 quo
1193 2549 1315 2586 proinde
1331 2549 1472 2584 oriuntur,

403 2597 431 2619 et
451 2590 482 2618 in
503 2591 583 2627 quod
604 2591 725 2618 redeunt
740 2599 843 2618 omnes
858 2599 960 2626 aquae.
976 2606 995 2611 —
1009 2589 1073 2618 Alia
1088 2589 1161 2617 ratio
1176 2595 1295 2626 propter
1316 2598 1404 2626 quam
1419 2598 1472 2626 po-

403 2631 511 2658 nebant
532 2639 611 2658 mare
632 2639 694 2658 esse
715 2629 889 2666 principium
911 2629 1008 2657 omnis
1029 2638 1131 2666 aquae.
1153 2645 1173 2650 -
1195 2629 1355 2663 Quomodo
1377 2629 1473 2657 exclu-

403 2671 510 2698 debant
530 2669 724 2698 obiectionem
746 2669 827 2706 quod
848 2678 924 2706 aqua
945 2669 1114 2704 fluviorum,
1140 2678 1206 2697 cum
1228 2668 1265 2696 sit
1285 2668 1389 2704 dulcis,
1411 2678 1472 2697 non

402 2709 515 2738 videtur
531 2709 620 2737 fluere
642 2718 660 2737 a
681 2709 763 2737 mari.
778 2725 797 2730 -
814 2709 839 2737 3.
861 2708 1026 2737 Subdivisio
1047 2715 1149 2737 textus.
1165 2725 1185 2729 -
1199 2708 1349 2736 Dubitalio
1370 2714 1472 2737 contra

403 2750 456 2778 hoc
478 2750 554 2786 quod
581 2758 663 2777 mare
685 2754 727 2777 est
748 2749 828 2777 Iocus
854 2749 998 2776 naturalis
1018 2757 1118 2785 aquae.
1148 2749 1246 2783 Quare
1267 2748 1297 2776 in
1318 2748 1472 2785 hypothesi

402 2798 479 2826 aqua
497 2789 583 2817 maris
605 2795 647 2817 est
666 2789 753 2823 salsa,
776 2797 842 2817 cum
864 2789 978 2816 salsedo
999 2797 1061 2816 non
1082 2788 1118 2816 sit
1132 2797 1165 2816 ex
1180 2794 1282 2816 natura
1302 2797 1405 2825 aquae,
1421 2789 1472 2816 sed

402 2838 436 2857 ex
457 2829 554 2866 aliqua
574 2828 830 2863 transmutatione,
856 2835 884 2856 et
904 2828 935 2856 in
956 2828 1076 2865 proprio
1097 2828 1164 2856 loco
1186 2837 1274 2856 omne
1295 2828 1471 2856 elementum

401 2869 531 2897 videatur
545 2877 607 2897 esse
628 2868 894 2899 intransmutabile?
908 2884 928 2890 -
942 2877 971 2903 4.
991 2868 1056 2896 Alia
1077 2874 1169 2896 textus
1191 2867 1357 2896 subdivisio.
1372 2885 1392 2889 —
1406 2868 1471 2896 Sol—

401 2909 477 2937 vitur
497 2908 654 2944 dubitatio,
680 2914 708 2936 et
731 2908 816 2936 simul
837 2907 959 2936 traditur
979 2914 1057 2937 recta
1081 2907 1182 2945 opinio
1209 2909 1244 2936 de
1267 2908 1349 2937 mari.
1372 2908 1470 2936 Primo

431 3022 438 3030 .
465 3012 483 3045 ¹]
631 2991 698 3042 goie
732 2991 861 3040 incipit
902 2991 1093 3040 inquirere
1127 2991 1327 3029 veritatem
1371 2992 1468 3029 circa

516 3062 526 3072 v
562 3060 572 3080 2
625 3043 652 3099 ,Ξ
665 3045 865 3094 opiniones
881 3057 976 3093 quas
994 3046 1212 3082 habuerunt
1226 3045 1369 3094 antiqui
1389 3046 1467 3082 Na-

528 3133 541 3140 „
590 3115 601 3146 J.
629 3100 647 3147 ξ’
664 3099 802 3135 rurales
832 3098 878 3135 de
908 3098 1005 3135 mari
1024 3098 1055 3136 ²⁸.
1086 3099 1136 3135 Et
1158 3098 1284 3148 primo
1305 3099 1470 3136 ostendit

473 3150 479 3158 '
630 3151 645 3181 ’ί
665 3152 712 3189 de
742 3164 818 3200 quo
849 3159 905 3189 est
932 3151 1107 3189 intentio:
1138 3151 1268 3189 dicens
1288 3152 1394 3200 quod
1414 3159 1470 3189 est

402 3204 448 3241 de
477 3204 719 3252 generatione
748 3205 875 3252 maris,
897 3205 927 3242 si
948 3213 1003 3242 est
1022 3205 1181 3250 factum;
1203 3213 1240 3242 et
1259 3205 1306 3243 de
1331 3218 1468 3255 sapore

387 3257 503 3304 eius,
537 3270 636 3306 quae
673 3258 720 3295 sit
758 3271 872 3295 causa
906 3258 1102 3296 salsedinis
1137 3266 1173 3296 et
1205 3259 1468 3296 amaritudinis

402 3323 530 3359 1psius.

456 3362 635 3400 Secundo
670 3364 737 3400 ibi:
772 3365 897 3401 Causa
925 3365 1073 3413 quidem
1110 3365 1227 3415 igitur
1255 3373 1324 3403 etc.
1343 3395 1352 3413 ,
1383 3377 1467 3402 exe-

403 3415 528 3464 quitur
554 3417 805 3465 propositum.
827 3418 876 3454 Et
895 3417 1075 3455 dividitur
1102 3418 1140 3455 in
1158 3426 1285 3467 partes
1314 3426 1407 3456 tres:
1429 3419 1467 3456 in

401 3468 525 3516 prima
555 3468 778 3507 determinat
798 3470 844 3507 de
873 3479 1007 3508 natura
1027 3471 1153 3518 maris,
1174 3480 1302 3509 utrum
1327 3472 1468 3509 scilicet

402 3520 448 3558 sit
475 3522 653 3558 naturalis
682 3523 788 3559 locus
817 3535 954 3571 aquae;
987 3525 1023 3561 in
1044 3525 1212 3562 secunda
1241 3525 1467 3562 determinat

403 3574 449 3610 de
479 3574 722 3622 generatione
752 3575 847 3621 eius,
881 3584 1008 3613 utrum
1038 3577 1177 3614 scilicet
1201 3578 1221 3600 ’¹‘
1249 3579 1295 3615 sit
1324 3579 1465 3615 factum

401 3628 462 3663 vel
491 3639 580 3674 non,
612 3627 674 3675 ibi,
695 3629 754 3664 De
781 3628 962 3666 salsedine
990 3636 1115 3666 autem
1134 3630 1154 3652 *
1183 3638 1270 3677 etc.;
1301 3631 1338 3668 in
1359 3632 1465 3668 tertia

1127 279 1716 316 METEOROLOGICORUM
1745 280 1839 316 LIB.
1871 282 1903 317 ΙΙ

1545 357 1773 388 inconveniens
1791 365 1898 389 autern
1922 366 1952 390 et
1976 359 2083 390 solum
2101 369 2225 390 curasse
2241 360 2279 390 de
2296 360 2380 399 sole,
2403 361 2540 393 aliorum
2559 373 2617 394 au·-

1610 409 1676 432 tem
1699 410 1857 434 astrorum
1880 404 1968 444 ipsos
1992 404 2148 444 negligere
2167 404 2313 444 salutem,
2326 405 2420 436 tantis
2443 413 2474 437 et
2489 407 2613 447 magni-

1608 446 1718 477 tudine
1743 454 1773 478 et
1795 448 2001 479 multitudine
2025 448 2237 479 existentibus.

1543 490 1631 520 Idem
1647 498 1755 522 autem
1778 492 1890 523 accidit
1905 500 1936 523 et
1954 492 2002 523 his
2018 492 2241 531 irrationabile,
2257 499 2288 524 et
2303 493 2490 533 dicentibus,
2506 495 2612 535 primo

1608 535 1742 566 humida
1772 536 1922 572 existente
1945 543 2040 576 terra,
2065 543 2095 567 et
2118 537 2242 567 mundo
2266 537 2322 578 qui
2353 537 2433 568 circa
2456 545 2571 569 terram
2594 550 2614 570 a

1609 579 1676 610 sole
1700 579 1870 617 calefacto,
1899 591 2004 611 aerem
2037 581 2156 611 factum
2187 591 2273 619 esse,
2297 588 2328 612 et
2351 588 2458 612 totum
2488 583 2613 614 caelum

1608 631 1866 664 augmentatum;
1900 632 1933 658 et
1962 625 2024 656 hoc
2055 625 2181 665 spiritus
2205 625 2366 665 exhibere,
2391 633 2421 657 et
2450 627 2612 658 versiones

1606 668 1707 708 ipsius
1730 668 1841 700 facere.
1872 669 2038 700 Manifeste
2070 669 2157 700 enim
2179 680 2304 710 semper
2327 680 2455 701 sursum
2478 672 2612 702 ductum

1607 713 1753 744 videmus
1782 714 1975 744 descendens
2002 714 2118 745 iterum
2141 714 2174 744 in
2198 722 2332 755 aquam:
2363 722 2393 746 et
2416 715 2442 745 si
2465 725 2532 746 non
2557 726 2613 757 per

1608 767 1713 788 unum
1728 758 1876 789 reddatur
1899 765 1930 789 et
1945 769 2002 799 per
2017 758 2156 799 singulas
2175 759 2319 799 regiones
2336 759 2489 798 similiter,
2507 761 2562 790 sed
2578 761 2611 791 in

1607 801 1784 842 aliquibus,
1810 802 1962 833 ordinatis
1990 803 2206 844 temporibus,
2235 803 2376 834 redditur
2406 814 2502 835 omne
2525 814 2611 835 acce-

1607 853 1715 886 ptum:
1739 847 1827 877 velut
1850 857 1954 888 neque
1978 847 2059 878 alitis
2083 847 2311 888 superioribus,
2336 858 2440 889 neque
2459 848 2522 879 hoc
2541 849 2611 890 qui-

1607 890 1681 920 dem
1697 897 1845 921 manente
1869 901 1939 922 aere
1961 891 2026 921 iam
2049 899 2123 932 post
2145 892 2393 932 generationem,
2417 892 2480 923 hoc
2503 899 2609 924 autem

1606 934 1690 965 facto
1715 942 1745 966 et
1768 943 1919 976 corrupto
1943 935 2059 966 iterum
2082 936 2116 967 in
2139 947 2267 977 aquarn.

1537 1111 1679 1142 Potabile
1703 1112 1835 1153 quidem
1857 1112 1953 1152 igitur
1975 1118 2006 1143 et
2029 1113 2121 1143 dulce
2144 1119 2276 1153 propter
2298 1113 2458 1144 levitatem
2481 1123 2609 1146 sursum

1605 1156 1731 1187 ducitur
1766 1166 1883 1195 omne,
1914 1156 2035 1187 salsum
2065 1163 2174 1188 autem
2202 1158 2315 1188 subtus
2345 1164 2453 1189 manet
2479 1165 2609 1200 propter

1603 1201 1824 1241 gravedinem,
1849 1208 1886 1232 ut
1907 1201 1940 1231 in
1957 1211 1996 1231 eo
2018 1201 2074 1242 qui
2096 1201 2197 1242 ipsius
2222 1201 2422 1233 convenienti
2444 1203 2518 1233 loco
2535 1213 2610 1244 pro-

1603 1245 1685 1285 prio.
1710 1246 1783 1276 Hoc
1807 1245 1892 1276 enim
1910 1246 2092 1286 putandum
2108 1246 2321 1277 dubitandum
2336 1256 2403 1277 esse
2419 1247 2609 1278 convenien-

1603 1296 1650 1320 ter
1674 1288 1907 1333 (irrationabile
1930 1289 2017 1321 enim
2040 1290 2066 1320 si
2090 1300 2157 1321 non
2181 1290 2294 1331 aliquis
2318 1297 2365 1322 est
2386 1291 2478 1322 locus
2506 1301 2608 1333 aquae

1603 1334 1685 1365 sicut
1701 1341 1732 1365 et
1747 1334 1885 1365 aliorum
1905 1333 2163 1377 elementorum),
2175 1341 2206 1366 et
2220 1334 2302 1365 hanc
2318 1345 2385 1366 esse
2400 1335 2607 1368 solutionem.

1604 1379 1711 1416 Quem
1735 1379 1820 1409 enim
1843 1379 1989 1410 videmus
2012 1379 2123 1410 locum
2146 1388 2308 1420 occupans
2331 1390 2433 1419 mare,
2457 1379 2516 1412 iste
2539 1390 2606 1412 non

1604 1430 1651 1454 est
1666 1423 1772 1462 maris,
1792 1424 1847 1454 sed
1866 1424 1974 1454 solum
1994 1431 2109 1465 aquae:
2134 1423 2260 1455 videtur
2273 1431 2381 1455 autem
2397 1424 2509 1464 maris,
2531 1425 2609 1467 quia

1603 1468 1693 1508 quod
1716 1468 1835 1498 salsum
1859 1468 1990 1509 quidem
2014 1468 2165 1499 deorsum
2188 1475 2296 1499 manet
2318 1476 2450 1509 propter
2464 1470 2604 1511 pondus,

1602 1512 1695 1543 dulce
1711 1519 1818 1543 autem
1835 1519 1866 1543 et
1888 1512 2027 1553 potabile
2051 1523 2179 1543 sursum
2203 1513 2330 1544 ducitur
2352 1520 2482 1555 propter
2496 1513 2607 1546 levita-

1601 1563 1681 1596 tem,
1706 1557 1983 1598 quemadmodum
2002 1557 2034 1588 in
2051 1556 2239 1588 animalium
2255 1557 2453 1599 corporibus.
2477 1556 2607 1590 Etenim

1601 1601 1634 1631 in
1658 1601 1718 1639 his,
1739 1601 1891 1632 alimento
1915 1601 2110 1642 ingrediente
2133 1602 2218 1632 dulci
2233 1601 2358 1633 humidi
2378 1602 2526 1635 elementi
2548 1602 2606 1645 hy-

1600 1646 1736 1686 postasis
1752 1652 1783 1676 et
1798 1645 1998 1686 superfluum
2021 1652 2152 1687 apparet
2174 1656 2230 1677 ens
2245 1656 2391 1677 amarum
2415 1653 2446 1678 et
2468 1643 2604 1679 salsum:

1602 1690 1694 1721 dulce
1718 1690 1804 1721 enim
1827 1697 1858 1722 et
1880 1690 2031 1730 potabile,
2048 1691 2086 1721 ab
2106 1690 2216 1722 innato
2241 1691 2344 1722 calore
2369 1698 2548 1732 attractum,
2570 1692 2606 1724 in

1600 1745 1708 1765 carnes
1733 1741 1764 1765 et
1781 1734 1875 1765 aliam
1892 1735 2150 1776 compactionem
2164 1735 2251 1766 venit
2269 1735 2426 1776 partium,
2451 1743 2488 1767 ut
2507 1746 2605 1778 quae-

1599 1779 1675 1810 libet
1698 1786 1771 1810 nata
1794 1786 1849 1810 est.
1875 1779 1963 1810 Sicut
1985 1779 2081 1819 igitur
2098 1779 2142 1810 ibi
2161 1779 2388 1813 inconveniens
2414 1780 2440 1811 si
2455 1780 2528 1823 quis
2543 1791 2604 1822 po-

1599 1823 1702 1854 tabilis
1727 1823 1868 1854 alimenti
1898 1834 1966 1854 non
1996 1831 2087 1864 putet
2115 1823 2226 1854 locum
2253 1833 2320 1855 esse
2342 1831 2504 1865 ventrem,
2527 1825 2604 1867 quia

1600 1867 1663 1899 cito
1688 1868 1880 1906 absumitur,
1905 1868 1960 1899 sed
1984 1867 2148 1909 superflui,
2172 1867 2248 1909 quia
2270 1868 2333 1899 hoc
2356 1875 2403 1900 est
2425 1869 2603 1910 subsidens,

1598 1922 1664 1943 non
1688 1912 1798 1953 utique
1823 1912 2012 1943 existimabit
2034 1913 2126 1950 bene,
2146 1912 2290 1944 similiter
2312 1920 2420 1944 autem
2438 1919 2470 1945 et
2483 1913 2520 1945 in
2534 1913 2602 1945 his:

1597 1963 1644 1988 est
1667 1957 1798 1998 quidem
1822 1957 1919 1995 enim,
1934 1957 2014 1988 sicut
2035 1957 2182 1995 dicimus,
2197 1957 2288 1988 locus
2309 1957 2368 1989 iste
2391 1967 2503 2000 aquae.
2525 1958 2603 1990 Pro-

1597 2008 1667 2042 pter
1689 2002 1779 2043 quod
1803 2008 1833 2032 et
1856 2001 1944 2048 fluyii
1968 2001 2074 2032 fluunt
2095 2001 2129 2031 in
2152 2001 2260 2042 ipsum
2288 2011 2417 2042 omnes,
2441 2009 2473 2034 et
2495 2003 2604 2035 omnis

1597 2056 1679 2087 quae
1698 2045 1734 2078 fit
1749 2053 1848 2088 aqua:
1875 2045 1986 2087 utique
2003 2046 2088 2076 enim
2105 2045 2137 2076 in
2153 2046 2244 2087 quod
2262 2046 2401 2077 maxime
2425 2057 2604 2080 concavum

1595 2090 1715 2130 fluxus,
1740 2098 1771 2122 et
1794 2101 1880 2122 mare
1904 2091 2000 2121 talem
2017 2090 2139 2121 obtinet
2162 2090 2282 2122 locum.
2307 2091 2369 2122 Sed
2392 2091 2455 2123 boc
2470 2091 2603 2135 quidem

1596 2145 1724 2166 sursum
1748 2135 1846 2166 fertur
1869 2135 1931 2166 cito
1955 2141 2086 2176 propter
2109 2134 2227 2175 solem,
2250 2135 2313 2167 hoc
2336 2142 2445 2168 autem
2467 2136 2602 2168 derelin-

1595 2179 1705 2220 quitur
1727 2186 1858 2220 propter
1881 2179 1999 2211 dictam
2022 2189 2163 2210 causam.

1529 2315 1626 2337 autern
1649 2318 1683 2337 ex
1703 2307 1971 2345 praedeterminatis
1993 2307 2126 2336 statuitur
2144 2309 2225 2345 quod
2239 2317 2354 2346 semper
2374 2309 2534 2338 secundum
2549 2318 2602 2339 na·

1529 2355 1624 2377 turam
1646 2358 1680 2377 ex
1695 2355 1777 2376 motu
1798 2347 1877 2383 solis,
1894 2348 1964 2377 illud
1986 2349 2067 2385 quod
2088 2355 2132 2376 est
2152 2348 2278 2377 maxime
2298 2348 2403 2377 subtile
2423 2355 2452 2378 et
2472 2348 2599 2379 maxime

1529 2389 1612 2417 dulce
1634 2388 1663 2417 in
1685 2397 1771 2425 aqua,
1793 2397 1954 2425 evaporans
1974 2388 2064 2416 fertur
2084 2387 2222 2417 continue
2242 2388 2274 2417 in
2292 2388 2474 2426 superiorem
2491 2389 2602 2426 locum,

1528 2435 1557 2457 et
1577 2428 1681 2456 iterum
1703 2429 1915 2457 condensatum
1937 2427 2086 2457 descendit
2107 2429 2245 2462 deorsum
2273 2427 2303 2456 in
2324 2435 2442 2458 terram.
2456 2446 2477 2451 —
2492 2430 2519 2459 5.
2541 2431 2600 2458 De-

1527 2468 1642 2496 risibilis
1665 2468 1766 2505 opinio
1781 2477 1884 2497 eorum
1900 2468 1950 2505 qui
1964 2467 2097 2496 dixerunt
2111 2468 2204 2497 solem
2225 2467 2315 2496 cibari
2334 2468 2456 2498 humido
2474 2477 2599 2507 aquoso,

1527 2515 1661 2545 putantes
1682 2507 1778 2545 ipsum
1793 2517 1856 2536 esse
1870 2514 1990 2536 naturae
2009 2507 2119 2545 igneae.
2135 2523 2153 2529 -
2169 2509 2197 2536 6.
2213 2509 2398 2544 Improbatur
2411 2509 2484 2538 haec
2496 2509 2599 2546 opinio

1528 2547 1657 2585 quinque
1679 2547 1848 2576 rationibus.
1880 2548 2012 2582 Quarum
2033 2547 2136 2576 ultima
2163 2553 2206 2576 est
2227 2547 2314 2576 etiam
2340 2554 2443 2577 contra
2467 2557 2520 2578 eos
2547 2549 2599 2587 qui

1527 2587 1661 2616 dixerunt
1688 2593 1780 2616 totam
1805 2593 1911 2615 terram
1933 2596 1951 2615 a
1971 2586 2114 2624 principio
2142 2586 2229 2615 fuisse
2255 2594 2423 2624 coopertam
2449 2588 2549 2627 aquis,
2571 2595 2600 2619 et

1527 2634 1629 2664 postea
1654 2636 1687 2655 ex
1708 2636 1785 2664 aqua
1805 2633 1980 2664 evaporante
2008 2633 2128 2664 propter
2151 2627 2277 2656 calorem
2299 2627 2384 2663 solis,
2406 2637 2469 2657 esse
2484 2628 2597 2664 ‚facturn

1527 2676 1624 2695 aerem
1646 2667 1699 2703 (cf.
1714 2667 1777 2695 lect.
1799 2667 1932 2704 praeced.
1947 2676 1975 2695 n.
1990 2669 2038 2702 4).
2054 2683 2073 2687 —-
2093 2676 2120 2704 7.
2141 2667 2332 2696 Concluditur
2357 2667 2463 2697 solutio
2484 2669 2597 2698 dubita-

1527 2707 1613 2735 tionis
1629 2707 1812 2745 praemissae
1834 2709 1932 2743 (num.
1950 2707 1991 2742 3).
2014 2708 2093 2735 Mare
2115 2713 2158 2735 est
2178 2707 2260 2736 locus
2281 2707 2420 2736 naturalis
2438 2717 2532 2746 aquae
2553 2708 2598 2738 in-

1527 2753 1669 2784 quantum
1691 2754 1734 2775 est
1755 2756 1840 2784 aqua,
1861 2753 1890 2775 et
1911 2747 2007 2775 omnis
2028 2756 2105 2784 aqua
2126 2754 2260 2776 movetur
2280 2748 2318 2775 ad
2340 2747 2435 2785 ipsum
2456 2754 2598 2786 tanquam

1525 2788 1563 2815 ad
1585 2788 1683 2815 locum
1705 2787 1870 2824 proprium:
1893 2786 2006 2815 videtur
2033 2793 2130 2815 autem
2155 2796 2218 2816 esse
2242 2787 2324 2816 locus
2345 2788 2484 2817 naturalis
2502 2797 2597 2826 aquae

1525 2827 1613 2855 maris
1634 2827 1739 2862 solum,
1754 2834 1874 2864 propter
1894 2827 1950 2856 hoc
1972 2827 2053 2864 quod
2074 2827 2182 2855 salsum
2204 2833 2302 2856 manet
2322 2828 2460 2857 deorsum
2477 2835 2598 2866 propter

1525 2867 1703 2904 gravitatem,
1719 2867 1802 2895 dulce
1823 2873 1921 2896 autem
1936 2873 2074 2903 evaporat
2087 2876 2203 2896 sursum
2217 2874 2337 2905 propter
2356 2867 2512 2898 levitatem.
2533 2869 2596 2898 Ma-

1525 2907 1674 2936 nifestatur
1695 2907 1800 2936 solutio
1821 2917 1874 2944 per
1895 2907 2068 2944 exemplum.

1524 2991 1749 3029 determinat
1769 2991 1816 3028 de
1837 3003 1974 3040 sapore
1995 2990 2122 3038 maris,
2144 3003 2261 3041 quare
2282 2990 2423 3029 scilicet
2450 2991 2497 3030 sit
2523 2991 2595 3030 sal-

1523 3057 1626 3091 sum,
1657 3044 1723 3082 ibi:
1754 3045 1814 3082 De
1839 3044 2024 3082 salsedine
2059 3050 2186 3082 autem
2214 3044 2272 3082 his
2299 3045 2449 3094 quidem
2468 3044 2489 3068 *
2521 3052 2592 3085 etc.
2623 3060 2633 3070 ·

1523 3098 1653 3135 Prima
1688 3106 1816 3135 autem
1852 3110 1941 3147 pars
1978 3097 2158 3135 dividitur
2185 3097 2224 3135 in
2251 3106 2378 3147 partes
2411 3098 2525 3136 duas:
2554 3098 2595 3137 in

1523 3151 1646 3200 prima
1675 3151 1839 3188 ostendit
1867 3151 2091 3200 opinionem
2120 3150 2366 3200 antiquorum
2390 3152 2438 3189 de
2458 3159 2594 3190 natura
2625 3174 2634 3181 κ

1523 3205 1654 3251 maris,
1684 3204 1722 3242 in
1751 3205 1920 3242 secunda
1939 3204 2068 3242 obiicit
2095 3212 2227 3242 contra
2247 3217 2346 3252 eam,
2367 3204 2437 3243 ibi:
2471 3205 2593 3255 Oppo-

1523 3258 1625 3295 nitur
1652 3263 1777 3295 autem
1797 3257 1817 3279 ’¹‘
1846 3265 1916 3295 etc.

1577 3323 1612 3349 2.
1643 3311 1743 3348 Dicit
1771 3324 1861 3360 ergo
1890 3310 2015 3360 primo
2049 3310 2155 3360 quod
2188 3310 2331 3360 antiqui
2363 3318 2594 3360 putaverunt

1522 3365 1628 3413 quod
1647 3377 1752 3402 mare
1773 3364 1819 3401 sit
1838 3364 2067 3413 principium
2087 3363 2212 3402 omnis
2240 3376 2377 3413 aquae,
2398 3372 2435 3402 et
2453 3364 2594 3414 quod*
2621 3373 2630 3382 ·

1522 3418 1567 3455 sit
1586 3417 1795 3455 substantia
1815 3425 1852 3455 et
1871 3430 2011 3467 corpus
2032 3417 2147 3455 totius
2166 3429 2302 3467 aquae,
2323 3417 2466 3467 quasi*
2485 3430 2591 3456 mare
2619 3431 2630 3442 ·

1521 3471 1567 3508 sit
1594 3471 1774 3509 naturalis
1803 3471 1909 3508 locus
1938 3483 2072 3520 aquae.
2094 3472 2144 3509 Et
2168 3483 2282 3508 causa
2310 3470 2495 3509 inducens
2523 3483 2592 3509 eos

1521 3525 1570 3562 ad
1588 3525 1664 3562 hoc
1683 3525 1761 3571 fuit,
1779 3525 1885 3574 quod
1903 3524 2106 3562 videbatur
2125 3524 2348 3562 rationabile
2368 3536 2451 3562 esse
2471 3523 2589 3574 quod,

1520 3578 1616 3615 sicut
1643 3578 1818 3615 omnium
1847 3577 2010 3615 aliorum
2031 3577 2346 3616 elementorum*
2365 3576 2588 3626 magnitudo
2617 3592 2627 3601 ·

1521 3639 1576 3668 est
1596 3639 1823 3679 congregata
1839 3630 1876 3667 in
1893 3643 2013 3668 unum
2030 3631 2171 3678 locum,
2189 3638 2224 3668 et
2244 3638 2300 3668 est
2317 3642 2440 3668 unum
2453 3629 2475 3652 *³
2487 3629 2588 3679 prin·
2617 3623 2666 3654 Ψ·
