2704 4108
215 1394 667 1431 ·mpunleaionemcumbom

1027 225 1358 263 PROOEMIUM
1386 225 1426 262 S.
1447 225 1681 263 THOMAE
2441 227 2461 263 3

250 308 327 345 hoc
359 306 456 344 libro
490 306 748 357 principaliter
778 305 993 343 intenderet
1021 306 1069 343 de
1105 305 1332 355 corporibus

251 360 509 410 simplicibus,
545 367 739 411 oporteret
775 359 883 408 quod
918 358 1051 396 omnia
1084 371 1184 407 quae
1220 358 1334 409 perti—

252 422 345 452 nent
372 415 422 452 ad
450 427 615 465 corpora
642 412 829 462 simplicia
857 412 896 450 in
924 413 1000 449 hoc
1020 412 1117 450 libro
1138 413 1333 450 traderen-

251 475 331 515 tur;
365 481 468 506 nunc
502 476 632 506 autern
663 467 703 504 in
734 467 810 504 hoc
843 465 939 503 libro
972 466 1174 504 traduntur
1205 467 1332 504 solum

253 534 300 559 ea
337 534 438 571 quae
475 521 667 571 pertinent
707 519 757 557 ad
794 519 989 557 levitatem
1034 526 1072 557 et
1107 519 1333 568 gravitatem

251 575 448 625 ipsorum,
481 575 556 612 alia
580 585 678 612 vero
710 573 912 611 traduntur
938 573 978 610 in
1006 572 1102 610 libro
1135 573 1182 610 de
1214 574 1333 611 Gene-

253 630 412 667 ratione.

311 683 345 720 5.
367 683 417 719 Et
443 680 532 719 ideo
562 680 823 718 rationabilior
854 679 1008 718 videtur
1035 680 1222 717 sententia
1243 680 1333 717 Ale-

253 734 388 774 xandri
409 741 439 782 ⁸,
470 734 577 784 quod
613 734 829 772 subiectum
861 733 975 771 huius
1012 733 1097 771 libri
1131 733 1177 771 sit
1204 733 1332 783 ipsum

252 789 497 836 universum,
527 787 635 837 quod
662 787 798 826 dicitur
826 787 974 825 caelum
992 788 1056 824 vel
1084 788 1268 832 mundus;
1295 795 1333 824 et

218 864 226 871 ·
253 841 361 893 quod
378 842 399 863 ¹*
418 841 467 880 de
492 841 728 892 simplicibus
753 841 979 891 corporibus
999 841 1274 878 determinatur
1293 841 1332 878 in

251 896 329 935 hoc
348 894 471 944 libro,
501 895 717 933 secundum
745 894 854 945 quod
878 903 967 933 sunt
993 902 1120 944 partes
1148 894 1329 933 universi.

254 948 506 988 Constituitur
525 955 654 987 autern
672 949 899 987 universum
914 955 927 970 ’‘
944 961 1178 998 corporeum
1193 961 1239 986 ex
1253 949 1331 986 suis

251 1003 430 1053 partibus
453 1002 670 1041 secundum
700 1002 878 1040 ordinem
898 1002 1007 1040 situs:
1029 1010 1066 1040 et
1084 1002 1172 1040 ideo
1193 1002 1242 1040 de
1262 1002 1331 1039 illis

252 1057 382 1095 solum
402 1057 424 1079 ¹*
441 1056 614 1107 partibus
642 1056 814 1094 universi
835 1056 1110 1094 determinatur
1127 1056 1168 1094 in
1190 1057 1266 1094 hoc
1290 1056 1330 1093 li-

257 1197 340 1207 ‘l

307 1215 327 1252 ι)
347 1215 385 1242 Ee
403 1216 464 1242 ideo
482 1215 672 1242 rationabilior
690 1215 798 1241 videtur
815 1216 950 1242 sententia
972 1215 1137 1242 Alexandri.
1148 1229 1168 1236 -
1186 1216 1223 1241 lm
1241 1216 1332 1247 codd.;

249 1249 275 1278 F
290 1251 354 1286 ugit
371 1250 423 1277 hoc
441 1251 537 1277 modo:
557 1251 595 1277 Β
612 1251 674 1277 ideo
691 1251 881 1278 rationabilius
899 1251 1043 1278 dicandum
1061 1251 1170 1277 videtur
1186 1252 1331 1278 secundum

250 1287 596 1359 Ὕΐήέιιειῖεσπεῗζὲ.
613 1322 794 1349 constituitur
811 1319 910 1348 autem'
921 1323 1086 1348 universum.
1098 1337 1117 1342 -
1129 1322 1218 1348 Verba
1232 1323 1332 1349 consti-

251 1357 341 1385 ἠΐων
357 1362 449 1384 αιωακ
461 1363 668 1392 corrumpuntur
678 1358 704 1384 in
718 1358 891 1384 constitutive
902 1358 998 1384 dieunt
1009 1366 1024 1384 n
1037 1359 1115 1384 codd.
1124 1365 1179 1384 exc.
1191 1359 1214 1384 Α
1221 1366 1229 1390 ;
1242 1359 1262 1384 Ρ
1275 1366 1333 1384 cor-

791 1394 826 1420 do
838 1394 910 1420 addit
921 1394 1111 1420 enuntiativae
1123 1399 1185 1427 post
1204 1395 1332 1421 univmn'.

252 1427 254 1430 ’
303 1428 335 1466 λ)
358 1428 435 1456 Unde
453 1432 480 1456 et
497 1429 540 1456 de.
551 1443 571 1450 -
584 1429 605 1455 P
623 1437 678 1455 om.
697 1433 732 1456 et.
745 1443 765 1449 -
782 1429 883 1456 Eadem
901 1430 946 1456 lin.
961 1429 1125 1456 determinat
1140 1430 1264 1456 CDEFG.

1390 305 1478 353 bro,
1506 317 1606 355 quae
1634 305 1761 355 primo
1792 313 1829 343 et
1856 318 1926 355 per
1945 319 1986 343 se
2005 306 2149 343 habent
2172 305 2285 343 situm
2314 306 2354 343 in
2382 307 2464 344 uni-

1388 371 1522 407 verso,
1549 359 1690 396 scilicet
1709 359 1758 397 de
1778 360 2005 409 corporibus
2025 359 2270 409 simplicibus.
2297 360 2408 397 Unde
2429 368 2466 397 et

1391 412 1438 450 de
1457 411 1470 433 λ
1499 420 1664 461 quatuor
1693 413 1891 450 elementis
1916 426 1995 451 non
2022 413 2296 451 determinatur
2323 413 2362 450 in
2389 414 2466 450 hoc

1389 466 1484 504 libro
1514 466 1728 504 secundum
1756 467 1863 517 quod
1893 474 1981 504 sunt
2000 467 2121 505 calida
2142 467 2205 504 vel
2234 466 2378 515 frigida,
2403 468 2466 504 vel

1389 519 1532 570 aliquid
1559 520 1800 567 huiu‘smodi3
1828 521 1896 558 sed
1916 522 2043 558 solum
2063 520 2278 558 secundum
2304 520 2465 569 gravita-

1389 581 1467 611 tem
1489 582 1525 611 et
1543 574 1755 622 levitatem,
1777 587 1823 611 ex
1843 574 1983 623 quibus
2009 574 2283 612 determinatur
2303 574 2358 611 eis
2379 575 2398 596 ²¹*
2419 574 2465 611 si-

1389 634 1449 664 tus
1477 627 1516 664 in
1543 627 1740 666 universo.
1777 628 1871 666 Aliis
1908 635 2038 666 autem
2070 628 2242 678 partibus
2274 627 2464 676 universi,

1387 688 1481 730 puta
1509 681 1711 730 lapidibus,
1731 681 1870 731 plantis
1901 689 1937 719 et
1965 681 2214 728 animalibus,
2239 693 2319 718 non
2344 681 2465 719 deter-

1388 734 1554 771 minatur
1582 734 1673 772 situs
1703 735 1917 773 secundum
1947 747 2004 784 se,
2035 735 2104 773 sed
2132 735 2347 772 secundum
2376 735 2465 772 sim-

1387 787 1501 837 plicia
1521 800 1700 837 corpora:
1723 796 1760 826 et
1774 789 1862 826 ideo
1879 790 1928 827 de
1942 789 2002 826 his
2021 801 2101 827 non
2121 796 2201 826 erat
2219 788 2258 826 in
2272 789 2349 826 hoc
2367 788 2465 826 libro

1388 841 1584 890 agendum
1607 848 1637 878 μ.
1669 843 1718 879 Et
1745 843 1821 880 hoc
1850 850 2037 881 consonat
2066 843 2100 880 ei
2129 842 2236 892 quod
2265 842 2466 880 consuevit

1389 895 1494 945 apud
1513 895 1672 933 Latinos
1701 895 1796 943 dici,
1827 896 1933 946 quod
1966 897 2006 935 in
2033 897 2109 934 hoe
2136 896 2233 934 libro
2272 896 2393 945 agitur
2420 897 2466 933 de

1387 961 1550 999 corpore
1576 949 1709 987 mobili
1734 950 1787 987 ad
1811 951 1923 987 situm
1938 956 1961 997 ⁹,
1992 950 2075 988 sive
2094 950 2302 988 secundum
2322 949 2465 988 locum:

1386 1003 1452 1051 qui
1481 1002 1642 1052 quidem
1671 1011 1801 1041 motus
1831 1004 2050 1042 communis
2070 1012 2127 1042 est
2145 1003 2327 1042 omnibus
2351 1004 2465 1054 parti-

1385 1057 1458 1094 bus
1487 1056 1670 1094 universi.

1442 1216 1471 1251 μ.)
1491 1224 1544 1242 non
1564 1220 1625 1242 erat
1644 1217 1671 1242 in
1691 1217 1742 1243 hoc
1760 1217 1829 1243 libro
1854 1218 1999 1252 agendum.
2018 1232 2038 1238 -
2056 1225 2109 1244 non
2129 1218 2156 1244 in
2176 1217 2227 1244 hoc
2244 1217 2313 1243 libro
2331 1217 2466 1252 agendum

1387 1255 1428 1277 est
1446 1252 1482 1284 P;
1501 1255 1562 1278 erat
1579 1260 1634 1278 om.
1648 1252 1690 1279 CI.

1442 1287 1466 1321 ν)
1485 1288 1524 1314 ad
1541 1288 1632 1314 situm.
1651 1301 1671 1310 -·
1691 1289 1749 1314 Hoc
1771 1294 1943 1322 corrumpunt
1961 1289 1992 1315 CI
2012 1290 2038 1315 in
2055 1289 2160 1316 aditum
2167 1297 2177 1320 ,·
2196 1290 2216 1315 P
2235 1289 2298 1323 legit
2321 1289 2466 1315 secundum

1387 1323 1479 1349 situm.
1490 1337 1511 1343 —
1526 1333 1540 1348 ι
1556 1324 1653 1349 Mobile
1672 1324 1710 1350 ad
1726 1324 1816 1355 situm,
1837 1325 1893 1350 sive
1912 1325 1946 1350 sit
1965 1325 2121 1351 circulariter
2135 1325 2234 1351 mobile
2247 1325 2303 1351 sive
2317 1325 2344 1350 in
2357 1329 2468 1355 rectum,

1388 1359 1576 1385 determinatur
1595 1360 1622 1385 in
1641 1359 1713 1385 libris
1732 1360 1766 1386 de
1787 1361 1868 1386 Caelo
1886 1364 1914 1386 et
1926 1361 2042 1387 Mundo.
2058 1370 2073 1385 »
2088 1362 2120 1387 B.
2128 1361 2252 1387 Albenus
2265 1361 2384 1395 Magnus,
2397 1360 2441 1386 lib.
2457 1361 2467 1385 1

1389 1395 1507 1430 Hyrie„
1527 1400 1602 1421 tract.
1614 1403 1638 1427 1,
1659 1404 1716 1430 cap.
1734 1403 1771 1422 tv.
1783 1410 1804 1416 -
1822 1397 1892 1430 Opp.
1912 1396 1991 1422 Tom.
2011 1397 2040 1423 11.
2060 1397 2181 1431 Lugduni
2204 1395 2280 1424 1651.
2292 1411 2312 1417 -
2330 1397 2370 1423 Cf.
2389 1396 2467 1422 etiam

1389 1431 1448 1457 eod.
1467 1437 1534 1457 torn.
1553 1431 1623 1457 lib.1
1642 1431 1675 1457 de
1697 1432 1776 1458 Caelo
1795 1435 1822 1458 et
1839 1432 1953 1463 Mundo,
1974 1440 2029 1466 cap.
2043 1440 2061 1458 1.

2496 586 2504 594 ·
2520 591 2600 607 eorum
2613 591 2635 607 Α.
