2782 4134
101 484 113 495 ⁸
127 483 168 504 ille
181 487 230 504 om.
239 487 278 502 pa.

103 585 113 595 ·
128 584 178 605 sive
191 589 229 605 Pa.

104 690 114 699 ·
131 687 200 716 Quod
213 694 234 709 P.

101 957 112 968 ⁴¹
127 956 236 983 corporis
250 962 286 976 ΑΒ.

102 1217 114 1228 ⁸
141 1216 288 1238 velocissime

103 1249 151 1265 om.
166 1249 204 1265 ΑΒ.

103 1328 112 1337 ·
128 1327 189 1354 Quia
203 1333 225 1348 Α.

101 1380 113 1391 '⁵
125 1379 160 1401 Cf.
172 1379 201 1400 de
210 1379 282 1400 Caelo
292 1381 315 1400 et

101 1406 189 1427 Mundo
201 1406 240 1427 lib.
252 1406 281 1431 ΙΙ,
293 1412 312 1426 c.

101 1439 128 1459 x;
138 1432 267 1454 S.Th.1ect.
276 1439 304 1453 xv

101 1486 111 1497 ⁸
127 1485 163 1506 Cf.
174 1485 226 1506 lect.
237 1491 268 1506 ix.

203 1586 215 1616 Ε

99 2071 211 2099 ⁸Lib.111‚
222 2078 312 2099 cap.111.

343 286 417 322 356

341 361 520 400 adunatio
550 360 795 398 exhalationis
823 360 867 397 fit
894 360 1104 396 secundum
1134 358 1300 406 aliquam
1323 357 1409 394 stel-

341 416 418 452 lam
446 415 563 452 fixam
582 415 646 453 vel
674 421 872 460 errantem,
894 424 1050 449 necesse
1070 419 1125 448 est
1154 411 1258 459 quod
1286 410 1325 447 in
1346 422 1408 446 co-

341 475 444 505 meta
462 468 661 505 manifeste
675 466 850 504 videatur
868 466 928 502 ille
942 464 963 486 ’¹‘
981 472 1109 501 motus
1124 464 1190 513 qui
1210 470 1265 499 est
1279 463 1409 499 stellae

343 521 404 558 cui
432 521 613 558 adhaeret
650 531 782 556 coma:
818 518 886 555 sed
920 516 1082 576 quando·
1114 517 1219 553 stella
1257 523 1409 553 cometa

343 582 398 611 est
416 586 486 623 per
504 586 544 610 se
563 572 658 621 ignis
679 572 840 609 existens
868 571 906 607 in
926 582 1025 617 aere,
1055 570 1136 606 sine
1154 569 1319 618 *aliqua
1347 581 1409 606 su-

341 627 537 676 periorum
566 626 775 672 stellarum,
805 631 896 660 tunc
923 623 1101 660 videntur
1129 623 1407 659 subtardantes.

343 681 392 717 Et
418 680 438 702 ’¹‘
465 681 541 717 hoc
568 678 781 716 manifestat
807 689 877 726 per
903 677 979 713 hoc
1002 676 1107 725 quod
1136 676 1224 713 latio
1257 675 1408 713 inferio-

343 733 393 770 ris
419 732 554 770 mundi
582 731 647 780 qui
675 738 730 767 est
758 730 856 766 circa
883 737 1034 777 terram,
1061 729 1144 766 talis
1173 736 1240 777 est,
1271 729 1410 767 scilicet

342 786 485 823 tardior
512 792 620 822 motu
649 783 817 820 caelesti:
847 782 1025 831 quamvis
1047 783 1150 819 enim
1180 782 1408 821 circumvol-

342 846 454 876 vatur
480 838 575 886 ignis
605 844 641 873 et
668 848 807 884 magna
834 848 922 885 pars
950 835 1047 873 aeris
1074 848 1144 885 per
1173 844 1325 873 motum
1344 837 1408 874 fir-

343 886 538 938 mamenti,
559 902 637 927 non
664 896 790 938 potest
816 896 945 926 tamen
983 889 1162 938 attingere
1192 890 1240 927 ad
1267 890 1408 927 veloci-

342 952 458 981 tatem
496 951 622 980 motus
650 942 670 964 '¹‘
698 942 880 980 caelestis.
910 943 1110 979 Exhalatio
1148 943 1258 991 igitur
1294 943 1409 991 ignita

344 998 504 1035 existens
532 996 571 1033 in
608 995 793 1044 superiori
826 1003 934 1045 parte
967 995 1075 1043 aeris,
1097 996 1410 1034 circumvolvitur

342 1052 466 1088 solum
495 1062 582 1086 cum
612 1061 698 1085 aere
719 1055 756 1085 et
783 1048 888 1096 igne:
917 1049 985 1087 sed
1005 1049 1094 1098 quia
1119 1057 1247 1086 motus
1266 1051 1408 1087 horum

343 1115 549 1152 corporum
579 1110 635 1139 est
662 1101 804 1139 tardior
822 1110 932 1140 motu
960 1103 1205 1150 firmamenti,
1227 1102 1314 1140 ideo
1345 1115 1407 1139 co-

342 1165 444 1193 meta
472 1156 633 1193 existens
652 1155 691 1192 in
719 1167 807 1192 aere
836 1163 1009 1193 remanet
1026 1163 1114 1205 post
1142 1169 1305 1205 corpora
1325 1168 1408 1193 cae-

341 1209 456 1256 lestia,
475 1221 572 1258 quae
592 1208 834 1245 velocissime
848 1208 868 1230 *
888 1217 1111 1256 moventur;
1133 1217 1169 1246 et
1183 1210 1240 1246 sic
1257 1210 1410 1247 videtur

341 1264 480 1300 habere
508 1269 659 1299 motum
689 1261 920 1299 contrarium
954 1263 1219 1310 firmamento,
1249 1263 1345 1300 sicut
1374 1271 1410 1300 et

341 1316 526 1365 planetae,
547 1327 593 1351 ex
621 1315 703 1351 sola
722 1315 986 1353 retardatione.
1018 1316 1134 1364 Quod
1154 1316 1174 1338 '¹‘
1194 1316 1307 1354 etiam
1327 1317 1409 1365 qui-

343 1369 431 1406 dam
460 1368 603 1417 opinati
642 1376 728 1405 sunt
763 1368 862 1405 circa
898 1370 1069 1418 planetas
1095 1369 1135 1406 *ε
1166 1377 1202 1407 et
1236 1370 1325 1407 inde
1354 1377 1410 1407 est

307 1448 312 1453 .
343 1422 456 1458 etiam
485 1422 591 1470 quod
623 1421 839 1471 praedictae
869 1423 1069 1472 opiniones
1101 1431 1315 1472 posuerunt
1347 1436 1410 1461 co-

342 1483 462 1512 metas
492 1487 574 1512 esse
602 1476 773 1524 planetas
791 1475 822 1512 ³⁸.

397 1528 473 1566 Sed
502 1529 577 1565 hoc
596 1528 701 1577 quod
730 1536 880 1566 cometa
908 1541 1023 1578 saepe
1043 1529 1086 1566 fit
1103 1541 1173 1578 per
1200 1542 1253 1578 se,
1275 1537 1311 1567 et
1339 1530 1410 1566 fre-

343 1581 518 1630 quentius
537 1593 655 1630 quarn
679 1581 777 1618 circa
801 1581 969 1630 aliquam
984 1580 998 1606 ε
1018 1583 1210 1620 stellarum
1239 1583 1411 1620 determi-

343 1641 532 1681 natarum,
553 1635 649 1672 idest
677 1635 852 1683 fixarum,
879 1648 978 1684 quae
1006 1637 1149 1674 habent
1177 1649 1260 1673 esse
1289 1637 1410 1674 fixum

343 1695 380 1724 et
394 1688 688 1726 determinatum
703 1689 742 1726 in
757 1689 874 1736 caelo,
890 1689 1058 1726 maxime
1077 1690 1292 1727 manifestat
1305 1690 1411 1739 quod

344 1749 495 1778 cometa
522 1754 602 1778 non
632 1749 687 1778 est
715 1742 952 1791 repercussio
981 1743 1078 1779 facta
1105 1743 1144 1780 in
1174 1744 1411 1780 exhalatione

343 1797 475 1843 (quam
503 1795 676 1832 nominat
694 1800 707 1816 ⁰
734 1797 1010 1844 hypeccauma)
1039 1796 1089 1833 ad
1117 1796 1239 1845 ipsam
1263 1798 1410 1834 stellam

344 1848 403 1885 cui
431 1848 612 1885 adhaeret
639 1861 772 1896 coma,
802 1849 898 1886 sicut
926 1857 982 1886 est
1009 1849 1048 1886 in
1075 1850 1176 1887 halo.
1212 1850 1252 1887 Si
1281 1857 1410 1887 autem

344 1908 441 1938 esset
470 1901 564 1938 sicut
597 1909 652 1939 est
679 1901 718 1938 in
745 1903 853 1949 halo,
888 1903 997 1940 fieret
1034 1903 1271 1952 repercussio
1306 1903 1410 1940 visus

342 1955 391 1991 ab
413 1955 648 1992 exhalatione
664 1956 713 1992 ad
727 1955 851 2004 ipsam
872 1957 1031 2003 stellam,
1053 1964 1089 1993 et
1107 1969 1186 1994 non
1206 1957 1254 1994 ad
1274 1958 1409 2005 solem,

343 2007 438 2045 sicut
470 2007 599 2045 dicunt
627 2020 811 2057 sequaces
842 2009 1097 2058 Hippocratis.
1129 2010 1206 2047 Sed
1241 2010 1289 2048 de
1321 2011 1410 2048 halo

341 2061 530 2110 posterius
549 2061 568 2084 *
598 2061 752 2099 dicetur.

397 2116 432 2151 8.
453 2115 603 2152 Deinde
624 2127 712 2152 curn
732 2114 838 2152 dicit:
854 2116 914 2152 De
928 2127 972 2153 eo
992 2121 1118 2153 autem
1135 2117 1236 2165 quod
1253 2122 1307 2153 est
1325 2123 1408 2163 etc.,

342 2167 556 2206 manifestat
589 2169 694 2218 quod
731 2168 895 2216 dixerat,
933 2181 1003 2218 per
1037 2169 1200 2217 signum.
1241 2170 1290 2206 Et
1324 2170 1413 2207 dicit

342 2221 446 2270 quod
472 2221 583 2259 huius
608 2221 713 2271 quod
740 2229 795 2258 est
813 2227 832 2244 π
862 2222 1145 2260 consistentiam
1172 2230 1410 2260 cometarum

342 2287 423 2311 esse
456 2275 625 2323 igneam,
654 2275 717 2312 vel
750 2283 936 2323 quantum
965 2276 1014 2325 ad
1043 2288 1197 2313 comam
1226 2289 1412 2326 apparen-

341 2335 437 2375 tem,
457 2335 726 2376 argumentum
751 2335 806 2365 est
828 2329 919 2376 hoc,
949 2329 1055 2378 quod
1083 2331 1209 2378 plures
1238 2338 1412 2368 cometae

341 2381 553 2429 significant
585 2381 735 2431 spiritus
775 2389 811 2419 et
843 2382 1038 2420 siccitates.
1069 2383 1317 2420 Manifestum
1356 2391 1411 2421 est

342 2435 445 2472 enim
474 2435 580 2483 quod
607 2435 712 2473 venti
741 2443 776 2472 et
804 2435 988 2473 siccitates
1016 2436 1115 2473 fiunt
1141 2444 1297 2486 propter
1323 2437 1412 2485 hoc,

342 2489 448 2536 quod
468 2489 587 2525 multa
607 2488 793 2525 exhalatio
814 2489 914 2526 sicca
933 2496 991 2526 est
1018 2497 1215 2538 segregata
1242 2503 1265 2527 a
1293 2497 1410 2536 terra;

342 2541 445 2579 unde
489 2554 644 2578 necesse
674 2549 729 2579 est
757 2554 886 2579 aerem
924 2554 1008 2579 esse
1037 2542 1250 2589 sicciorem,
1282 2550 1318 2579 et
1344 2543 1414 2580 hu-

344 2594 492 2631 midum
522 2594 626 2644 quod
647 2603 830 2644 evaporat
858 2596 906 2632 ab
936 2595 1056 2644 aquis,
1078 2596 1245 2632 rarefieri
1275 2603 1311 2633 et
1339 2596 1413 2633 dis-

399 2787 422 2822 ξ)
442 2789 514 2814 circa
532 2788 658 2821 aIIquam.
672 2802 691 2807 -
703 2788 776 2814 circa
788 2788 893 2821 aliquas
907 2788 961 2812 ΑΒ.
975 2801 994 2808 -
1006 2788 1085 2813 iidem
1105 2795 1165 2812 mox
1184 2795 1237 2812 om.
1243 2787 1371 2821 fixarum
1388 2792 1413 2813 et

346 2825 372 2850 in
391 2825 473 2850 caelo.
491 2824 584 2849 Procul
603 2823 682 2849 dubio
701 2831 753 2848 non
772 2829 812 2849 est
830 2824 871 2849 hic
890 2831 978 2848 sermo
997 2824 1030 2848 de
1048 2823 1130 2848 stellis
1149 2822 1204 2848 fixis
1228 2828 1305 2856 prout
1324 2823 1413 2848 distin-

345 2865 459 2893 guuntur
471 2867 485 2885 a
500 2860 581 2884 stellis
600 2860 713 2884 erraticis
733 2867 779 2884 seu
792 2859 915 2892 planetis:
935 2866 1013 2891 supra
1031 2859 1109 2890 enim,
1123 2864 1179 2884 tum
1194 2859 1220 2883 in
1234 2859 1284 2884 hoc
1303 2866 1413 2884 numero

345 2900 402 2920 tum
421 2895 446 2920 in
465 2895 635 2928 praecedenti,
651 2895 742 2920 dicitur
755 2895 891 2920 manifeste
908 2895 980 2927 quod
994 2894 1123 2920 secundus
1139 2895 1234 2919 modus
1248 2894 1413 2928 apparitionis

346 2936 506 2956 cometarum
526 2935 566 2956 eet
584 2931 690 2963 quando
708 2930 835 2956 exhalatio
853 2930 980 2956 adunatur
999 2930 1048 2955 sub
1068 2929 1153 2963 aliqua
1172 2930 1307 2955 stellarum
1327 2938 1414 2955 erran-

345 2966 410 2991 tium
428 2967 470 2991 vel
489 2973 542 2991 non
567 2966 716 2992 errantium.
740 2967 833 2992 Sermo
858 2972 900 2991 est
917 2973 979 2998 ergo
999 2966 1031 2991 de
1049 2965 1131 2991 stellis
1154 2973 1223 2998 quae
1242 2965 1336 2990 habent
1355 2973 1414 2991 esse

346 3000 425 3026 fixum
445 3006 470 3026 et
483 3001 690 3031 determinatum,
704 3002 736 3027 ad
753 3001 921 3027 differentiam
935 3001 1025 3026 stellae
1040 3006 1164 3032 cometae,
1179 3006 1307 3034 quatenus
1323 3001 1414 3026 dicitur

346 3043 405 3061 esse
423 3036 548 3062 anhelatio
567 3037 645 3069 ignita
662 3044 709 3070 per
727 3045 757 3062 se
774 3037 800 3062 in
820 3044 879 3062 aere
898 3036 1018 3062 existens.

400 3073 425 3104 ο)
445 3072 573 3097 nominat.
585 3086 604 3091 -
618 3076 695 3098 vocat
708 3073 739 3098 A.
753 3087 772 3092 -
786 3073 857 3098 idem
872 3080 919 3105 pro
932 3072 1069 3102 adhaeret,
1084 3071 1203 3097 inhaeret
1208 3078 1217 3102 ,·
1230 3077 1255 3096 et
1269 3079 1317 3105 pro
1333 3072 1414 3097 altero

347 3107 416 3133 sicut
434 3111 473 3133 est
493 3108 518 3132 in
539 3107 607 3137 halo,
628 3111 658 3133 ut
676 3108 702 3133 in
722 3108 792 3133 halo.

400 3143 429 3175 π)
449 3143 525 3168 huius
545 3143 615 3176 quod
634 3147 682 3168 est.
700 3157 719 3163 -
736 3143 785 3170 hoc
803 3143 875 3176 quod
893 3146 933 3169 est
951 3143 982 3174 A,
998 3143 1047 3169 hoc
1065 3146 1105 3168 est
1122 3142 1195 3176 quod
1213 3143 1259 3168 Pa.
1272 3156 1292 3162 -
1305 3142 1344 3168 Pa
1354 3148 1415 3176 post

1053 255 1642 316 METEOROLofflco'RUM
1670 276 1764 312 LIB.
1797 277 1809 312 1

1463 355 1560 393 solvi
1586 361 1616 402 P,
1646 362 1803 404 propter
1839 354 2121 401 multitudinem
2151 354 2294 393 calidae
2329 354 2535 391 exhalatio-

1463 409 1541 456 nis,
1570 408 1621 445 ita
1649 408 1756 458 quod
1793 420 1872 445 non
1908 408 1955 445 de
1984 407 2083 444 facili
2121 419 2287 456 vapores
2316 406 2355 444 in
2391 419 2533 457 aquarn

1464 461 1765 509 condensentur,
1800 462 1868 499 sed
1896 460 2017 509 magis
2046 467 2275 509 generentur
2308 460 2439 508 venti,
2469 460 2534 510 qui

1464 522 1667 552 causantur
1687 527 1732 551 ex
1753 514 2053 551 exhalationibus
2073 513 2197 559 siccis;
2216 514 2295 551 hoc
2312 520 2441 550 autern
2466 513 2536 550 erit

1463 568 1699 605 manifestius
1719 567 1873 617 quando
1895 567 2041 605 dicetur
2060 567 2107 604 de
2125 566 2251 604 ventis
2269 566 2301 603 ³⁸².
2328 566 2391 603 Sic
2410 566 2533 615 igitur,

1462 621 1620 670 quando
1652 628 1837 670 apparent
1873 621 2088 670 frequentes
2123 627 2159 657 et
2191 619 2300 656 multi
2337 627 2532 668 cometae,

1463 675 1568 723 quod
1607 675 1744 712 accidit
1779 682 1936 723 propter
1973 673 2254 711 multitudinem
2286 672 2534 710 exhalationis

1463 728 1597 775 siccae,
1619 735 1770 778 oportet
1797 727 1904 776 quod
1923 727 2013 764 anni
2037 727 2110 764 sint
2138 725 2353 764 notabiliter
2380 725 2470 763 sicci
2497 733 2534 763 et

1462 781 1624 819 ventosi.
1655 781 1733 818 Sed
1753 781 1908 830 quando
1938 780 2058 817 rarius
2076 781 2174 817 fiunt
2193 787 2378 826 cometae,
2400 787 2437 816 et
2454 791 2535 817 non

1462 835 1513 871 ita
1542 834 1670 883 magni
1697 835 1805 881 fiunt,
1831 846 1911 871 non
1939 841 2026 871 sunt
2053 833 2143 870 anni
2162 839 2176 854 ⁶
2204 832 2418 870 notabiliter
2446 831 2535 869 sicci

1464 895 1500 924 et
1526 887 1695 934 ventosi3
1726 887 1795 924 sed
1822 895 1964 934 tamen,
1985 895 2027 924 ut
2045 887 2274 936 frequenter,
2294 886 2338 923 fit
2357 897 2534 923 excessus

1461 940 1578 988 venti,
1604 948 1669 977 aut
1695 940 1910 977 secundum
1933 947 2102 989 tempus,
2123 939 2213 989 quia
2233 939 2298 977 diu
2327 938 2449 987 durat,
2469 945 2535 976 aut

1462 994 1677 1031 secundum
1705 993 2021 1041 magnitudinem,
2041 993 2130 1043 quia
2147 994 2399 1031 vehementer
2421 992 2488 1030 flat
2505 998 2532 1029 ¹¹.

1463 1048 1512 1084 Et
1525 1047 1634 1096 ponit
1649 1047 1824 1095 exempla
1837 1045 1868 1084 ²³⁸,
1889 1046 2106 1096 Aliquando
2128 1046 2231 1083 enirn
2246 1046 2286 1083 in
2301 1046 2533 1095 quibusdam

1462 1100 1590 1137 fluviis
1620 1099 1755 1137 cecidit
1773 1099 1867 1148 lapis
1897 1111 1943 1136 ex
1970 1111 2057 1136 aere
2076 1112 2146 1149 per
2174 1099 2290 1146 diem,
2312 1100 2482 1136 elevatus
2510 1111 2534 1136 a

1461 1161 1600 1198 vento;
1631 1160 1667 1190 et
1694 1161 1785 1190 tunc
1812 1153 1881 1190 fuit
1906 1153 2027 1190 factus
2060 1152 2218 1201 quidam
2248 1159 2398 1189 cometa
2435 1152 2535 1193 circa

1461 1219 1670 1257 vesperum
1690 1206 1721 1244 ³¹⁸.
1742 1207 1792 1243 Et
1819 1206 1989 1243 similiter
2008 1205 2108 1243 circa
2130 1205 2237 1243 illum
2265 1217 2451 1253 magnum
2471 1216 2534 1242 co-

1463 1269 1607 1298 metam
1628 1261 1675 1298 de
1695 1272 1773 1309 quo
1794 1272 1910 1309 supra
1923 1259 1944 1281 ‘¹‘
1963 1259 2052 1296 dixit
2069 1259 2121 1306 **,
2143 1258 2211 1296 fuit
2234 1258 2359 1296 hiems
2378 1258 2479 1295 sicca
2499 1265 2536 1299 et

1463 1314 1639 1361 borealis,
1651 1321 1688 1351 et
1701 1321 1858 1363 propter
1873 1313 2179 1350 contrarietatem
2193 1319 2399 1350 ventorum
2413 1312 2535 1350 facms

1464 1368 1531 1405 fuit
1550 1379 1842 1417 superexcessus
1862 1367 2062 1414 fluctuum,
2083 1366 2134 1403 ita
2153 1366 2260 1414 quod
2278 1373 2436 1415 propter
2459 1366 2536 1403 hoe

1465 1422 1677 1460 destructae
1697 1420 1873 1459 dicuntur
1896 1420 2090 1469 quaedam
2110 1419 2296 1466 civitates3
2318 1418 2407 1469 quia
2431 1425 2536 1457 extra

1463 1475 1503 1512 in
1521 1476 1656 1525 pelago
1676 1474 1795 1511 flabat
1813 1486 1975 1522 magnus
1994 1481 2132 1521 auster,
2153 1473 2221 1511 sed
2239 1472 2280 1510 in
2303 1472 2389 1510 sinu
2405 1471 2535 1510 vince-

1465 1530 1529 1567 bat
1547 1529 1697 1566 boreas.
1729 1527 1908 1565 Similiter
1927 1528 1998 1564 sub
2017 1526 2188 1576 principe
2208 1526 2450 1564 Nicomacho
2469 1537 2535 1575 ap-

1464 1582 1589 1632 paruit
1615 1581 1773 1632 quidam
1803 1588 1975 1628 cometa,
2005 1587 2042 1617 et
2068 1587 2158 1617 tunc
2186 1580 2301 1617 etiam
2329 1579 2397 1618 fuit
2416 1580 2536 1618 sactus

1465 1648 1627 1684 magnus
1654 1642 1793 1673 ventus
1821 1634 1926 1684 apud
1954 1633 2194 1671 Corinthum.

1520 1701 1556 1737 9.
1577 1689 1728 1726 Deinde
1757 1700 1847 1725 cum
1867 1687 1973 1725 dicit:
2001 1688 2096 1725 Eius
2114 1693 2239 1724 autem
2260 1687 2362 1736 quod
2378 1691 2434 1723 est
2449 1693 2534 1735 etc.,

1466 1742 1632 1790 assignat
1660 1753 1816 1778 causam
1836 1741 1885 1778 de
1913 1741 1999 1778 loco
2029 1748 2066 1778 et
2084 1748 2260 1790 tempore
2289 1738 2536 1790 apparitionis

1467 1803 1652 1833 cometae.
1674 1796 1724 1832 Et
1743 1794 1832 1832 dicit
1854 1794 1960 1843 quod
1981 1806 2095 1831 causa
2116 1793 2197 1831 eius
2215 1794 2323 1842 quod
2342 1805 2423 1831 non
2440 1793 2536 1832 fiant

1466 1849 1573 1886 multi
1593 1860 1719 1897 neque
1733 1848 1754 1870 *
1773 1860 1900 1896 saepe,
1922 1855 1958 1884 et
1977 1847 2099 1896 magis
2129 1854 2232 1884 extra
2251 1847 2424 1895 tropicos,
2441 1846 2538 1884 idest

1466 1909 1569 1939 extra
1587 1902 1693 1939 viam
1712 1901 1814 1949 solis,
1835 1912 1952 1951 quam
1970 1900 2078 1949 intra,
2100 1908 2157 1938 est
2175 1900 2280 1950 quod
2299 1911 2369 1950 per
2385 1906 2538 1938 motum

1465 1955 1554 1993 solis
1589 1963 1626 1993 et
1663 1962 1852 1992 astrorum
1886 1967 1965 1992 non
1998 1955 2125 1992 solum
2158 1960 2246 1991 sunt
2278 1952 2537 1992 exhalationes

1465 2009 1608 2047 calidae
1637 2021 1660 2046 a
1678 2016 1778 2045 terra
1806 2009 1992 2045 resolutae
2022 2013 2052 2054 ⁰,
2082 2008 2150 2045 sed
2178 2006 2369 2055 etiam,·si
2396 2006 2538 2057 aliquid

1466 2069 1522 2100 est
1540 2062 1580 2100 in
1593 2061 1816 2100 huiusmodi
1836 2061 2139 2099 exhalationibus
2159 2060 2370 2098 consistens
2390 2068 2427 2098 et
2444 2060 2539 2112 spis-

1466 2128 1570 2163 sum,
1599 2128 1669 2166 per
1697 2123 1847 2153 motum
1877 2115 1966 2152 solis
1995 2123 2032 2152 et
2061 2115 2253 2152 stellarum
2287 2114 2538 2163 disgregatum

1467 2177 1503 2206 et
1530 2169 1583 2206 sic
1612 2169 1816 2219 impeditur
1835 2181 1950 2206 causa
1973 2168 2221 2218 apparitionis
2249 2175 2434 2216 cometae,
2464 2167 2537 2206 nisi

1466 2223 1621 2272 quando
1660 2222 1770 2260 fuerit
1811 2222 2129 2272 superabundans
2165 2221 2248 2259 talis
2291 2221 2538 2260 exhalationis

1466 2275 1740 2325 multiplicatio,
1768 2276 1875 2324 quod
1894 2288 1980 2313 raro
2000 2275 2147 2314 accidit
2168 2276 2218 2313 Et
2236 2275 2403 2313 maxime
2423 2275 2538 2313 etiam

1467 2342 1581 2367 causa
1623 2337 1679 2367 est
1720 2341 1827 2367 rarae
1864 2329 2109 2379 apparitionis
2147 2336 2415 2376 cometarum,
2448 2328 2539 2378 quia

1465 2383 1675 2432 plurimum
1698 2387 1715 2413 P
1744 2382 1791 2420 de
1820 2383 1979 2420 materia
1997 2382 2061 2420 tali
2089 2394 2136 2420 ex
2163 2394 2240 2432 qua
2269 2389 2446 2420 causatur
2472 2393 2539 2432 ap-‚

1466 2436 1601 2486 paritio
1621 2443 1807 2483 cornetae,
1827 2435 2044 2473 adunatur
2035 2448 2075 2473 m
2094 2435 2248 2484 regione
2268 2435 2377 2473 lactei
2397 2434 2537 2484 circuli,

1466 2497 1508 2526 ut
1527 2489 1623 2526 infra
1637 2489 1657 2511 '¹‘
1676 2489 1838 2526 dicetur:
1868 2489 1971 2526 unde
2001 2501 2086 2526 raro
2105 2495 2252 2526 tantum
2271 2488 2540 2538 multiplicatur
2565 2495 2576 2508 ·

1467 2542 1676 2632 thaiatip'
1705 2541 1812 2631 quod
1840 2541 2002 2579 sufficiat
2038 2541 2264 2591 apparitioni
2298 2549 2473 2580 cornetae
2502 2549 2539 2580 et

1481 2603 1577 2633 actei
1606 2607 1745 2632 circui.

1465 2791 1654 2822 argumentum
1674 2791 1713 2813 est
1732 2795 1785 2813 om.
1804 2787 1868 2819 hoc‚·
1886 2793 1912 2813 et
1931 2795 1979 2821 pro
1997 2788 2108 2820 spiritus
2127 2792 2153 2814 et
2175 2788 2308 2815 siccitates
2327 2790 2416 2823 legunt
2432 2788 2538 2817 siccita-

1467 2826 1518 2849 tem
1538 2826 1565 2848 ει
1583 2823 1694 2855 spiritus
1711 2823 1840 2848 siccitatis
1846 2830 1855 2852 ,⁸
1873 2823 1905 2848 cf.
1924 2828 2031 2849 textum.

1520 2859 1545 2892 ρ)
1564 2859 1703 2884 humidum
1721 2859 1828 2891 quod...
1843 2859 1965 2893 rarefieri
1983 2862 2009 2884 et
2028 2859 2146 2886 dissolvi.
2163 2873 2184 2879 -

1467 2895 1527 2929 refit
1544 2897 1571 2920 et
1590 2894 1700 2920 dissolvi
1713 2897 1805 2927 potest
1823 2894 1869 2919 Pa.

1521 2930 1546 2963 α)
1567 2930 1660 2963 magni
1671 2930 1762 2963 fiunt,
1783 2937 1835 2955 non
1855 2934 1918 2956 sunt
1936 2930 2010 2956 anni.
2027 2944 2047 2950 -
2065 2930 2264 2965 magn1,fiunt
2282 2938 2334 2957 non
2354 2931 2394 2958 ita
2415 2932 2482 2958 anni
2498 2933 2537 2966 Α,

1466 2966 1487 2990 Β
1506 2973 1559 2991 om.
1577 2969 1723 2992 cometae..
1735 2965 1818 2999 flunt,
1838 2966 1870 2991 de
1888 2970 1976 2991 cetero
1994 2970 2023 2991 ut
2041 2967 2072 2992 A.

1521 3001 1546 3034 τ)
1566 3001 1629 3034 quia
1648 3002 1915 3036 vehementerflatffi
1895 3001 1948 3026 —P
1961 3001 2100 3034 praemittit
2119 3009 2180 3032 non,
2194 3001 2329 3028 oscitantia
2346 3002 2510 3038 typographi.

1521 3036 1547 3069 u)
1566 3039 1654 3062 sunt..
1656 3044 1695 3062 .a
1708 3040 1783 3062 terra
1802 3037 1976 3062 resolutae·
1989 3037 2038 3062 Pro
2052 3040 2122 3067 sunt,
2137 3040 2286 3071 sequuntur·
2298 3038 2354 3070 AB;
2369 3045 2418 3071 pro
2431 3046 2448 3064 a
2461 3041 2538 3065 terra

1468 3072 1610 3103 resolutae,
1628 3075 1690 3098 actu
1709 3073 1842 3098 resolutae
1861 3073 1908 3098 Pa.

1523 3108 1550 3141 φ)
1564 3109 1627 3140 quta
1638 3108 1827 3140 plurimumoe
1841 3108 1914 3140 quod
1926 3108 2075 3141 plurimum
2090 3109 2175 3134 AB.-
2187 3109 2238 3134 Pro
2253 3113 2383 3135 causatur
2400 3110 2538 3144 apparitio

1468 3146 1598 3173 cometae,
1617 3147 1747 3169 causatur
1764 3147 1868 3169 cometa
1885 3143 1932 3170 Pa.

2200 2859 2348 2886 humiditas
2369 2868 2439 2894 qnae
2448 2876 2475 2890 ‚0-
2492 2868 2538 2888 ra-

2563 580 2571 589 ·
2580 579 2670 606 Lib.11,
2680 580 2775 603 lecum.

2562 1053 2573 1064 ·
2588 1053 2716 1082 exmplun
2723 1059 2763 1077 ra.

2563 1213 2573 1223 '
2589 1218 2690 1241 vespere
2701 1219 2740 1235 aa.

2564 1265 2573 1275 ·
2590 1263 2655 1288 nect.
2669 1265 2782 1294 ρηιοοά..

2562 1297 2697 1340 aaa„
2710 1324 2749 1341 n.

2563 1854 2613 1876 'ee
2625 1860 2663 1876 κ.
