2782 4134
82 2178 231 2206 *principium
243 2185 265 2200 P.

82 2912 92 2922 ⁸
106 2914 128 2932 et
140 2917 186 2933 om.
200 2919 221 2934 ρ.

320 279 369 316 72

323 408 406 433 sum
441 407 564 443 neque
601 394 693 431 sieut
725 395 772 430 ab
809 392 880 429 alio
920 388 1088 427 exteriori
1124 393 1238 423 mota.
1256 386 1367 420 -Per

323 448 426 498 quod
462 447 614 495 quidem
650 444 928 493 intelligendum
967 448 1020 478 est
1056 438 1159 487 quod
1181 442 1367 496 ’removet

323 499 541 537 exteriorem
556 506 752 545 motorem‚
765 497 827 545 qui
840 508 909 544 per
922 506 961 530 se
976 489 1190 548 huiusmodi
1206 499 1365 536 corpora

321 559 473 589 moveat
490 557 507 573 α
525 559 726 600 postquam
750 556 834 586 sunt
861 548 1019 583 formam
1041 542 1256 592 speeificam
1285 552 1363 598 sor-

320 604 393 641 tita.
415 604 618 640 Moventur
646 602 744 639 enim
762 600 857 637 levia
880 597 1031 646 quidem
1054 606 1215 652 sursum,
1236 604 1364 640 gravia

322 663 446 693 autem
467 656 642 692 deorsum
661 667 682 691 a
701 659 898 701 generante
918 648 1071 697 quidem
1090 646 1118 694 β,
1138 652 1362 704 lnquantum

323 709 384 745 dat
412 707 463 744 eis
491 708 651 744 formam
688 717 802 752 quam
839 701 1078 750 consequitur
1112 699 1193 736 talis
1219 705 1361 742 motus;

321 760 387 796 sed
407 772 428 796 a
447 766 664 796 removente
690 756 905 805 prohibens,
924 765 992 802 per
1017 751 1189 789 accidens
1223 758 1258 786 et
1286 761 1363 786 non

318 824 386 860 per
414 823 464 847 se.
495 810 657 857 Quidam
683 821 775 845 vero
803 812 1010 855 posuerunt
1034 804 1137 854 quod
1163 810 1364 862 postquam

320 863 483 912 speciem
502 870 585 899 sunt
603 862 735 910 adepta
761 858 978 897 huiusmodi
997 861 1174 900 corporay
1197 855 1363 907 ufdxgent

319 917 366 949 ab
386 915 508 960 aliquo
529 910 730 947 extrinseco
749 905 896 944 moveri
914 917 983 954 per
997 916 1053 941 se:
1074 902 1177 952 quod
1195 901 1256 937 luc
1276 901 1361 936 Phi-

317 965 496 1012 losophus
532 968 709 1000 removet.
726 981 747 988 -
764 960 902 1007 Neque
936 957 1047 994 etiam
1075 953 1278 1011 dicendum
1308 959 1363 989 est

318 1016 420 1064 quod
447 1013 658 1052 huiusmodi
686 1024 845 1061 corpora
871 1016 1095 1048 moveantur
1121 1019 1189 1056 per
1219 1006 1361 1043 violen-

317 1069 424 1114 tiam;
453 1068 546 1104 sicut
569 1065 720 1114 quidam
740 1064 910 1101 dixerunt
928 1062 1031 1111 quod
1051 1065 1277 1119 moveantur
1294 1070 1364 1106 per

317 1121 505 1168 quandam
527 1119 774 1156 extrusionem
794 1122 820 1164 ⁷,
840 1117 1063 1164 inquantum
1087 1113 1224 1149 sc111cet
1241 1123 1362 1170 unum

317 1184 451 1221 corpus
480 1171 636 1209 truditur
663 1171 710 1207 ab
739 1169 811 1206 alio
845 1167 998 1206 fortiori.
1036 1166 1235 1203 Ponebant
1262 1175 1363 1200 enim

316 1225 418 1274 quod
437 1225 606 1261 omnium
631 1235 833 1271 corporum
850 1229 926 1258 erat
939 1218 1153 1257 naturaliter
1166 1229 1264 1254 unus
1279 1229 1361 1253 rno-

314 1285 388 1314 tus:
410 1277 476 1314 sed
491 1277 581 1314 dum
594 1276 783 1325 quaedam
799 1286 931 1312 eorum
946 1274 993 1310 ab
1014 1272 1092 1309 aliis
1106 1271 1359 1319 impelluntur,

313 1330 355 1366 fit
373 1329 475 1376 quod
495 1328 680 1378 quaedam
699 1340 831 1366 eorum
845 1333 1047 1364 moventur
1065 1336 1226 1371 sursum,
1247 1334 1361 1372 quae—

315 1383 402 1419 dam
430 1389 554 1418 autem
583 1381 770 1420 deorsum.

367 1445 401 1471 2.
421 1434 567 1472 Deinde
596 1448 681 1473 cum
710 1435 811 1472 dicit:
843 1432 1001 1470 Tardius
1028 1431 1126 1467 enim
1155 1435 1245 1476 etc.,
1274 1440 1361 1487 pro-

313 1487 375 1524 bat
400 1487 634 1536 propositum
661 1488 777 1525 tribus
805 1485 1019 1523 rationibus.
1041 1483 1213 1531 Quarum
1240 1493 1362 1529 prima

313 1539 561 1588 principaliter
586 1541 771 1579 inducitur
799 1539 847 1576 ad
866 1537 1143 1575 ostendendum
1171 1534 1273 1594 quod
1292 1535 1361 1571 hu-

315 1591 478 1629 iusmodi
505 1605 662 1643 corpora
680 1594 718 1631 in
746 1593 820 1630 suis
839 1591 1066 1629 naturalibus
1089 1589 1254 1625 motibus
1282 1600 1360 1624 non

314 1652 514 1682 moventur
541 1647 587 1683 ab
614 1646 854 1684 exterioribus
875 1643 1096 1681 motoribus.
1117 1642 1359 1679 Manifestum

314 1705 368 1734 est
395 1697 494 1734 enim
522 1700 625 1747 quod
651 1707 752 1736 tanto
789 1698 929 1736 tardior
957 1704 1011 1734 est
1042 1702 1188 1742 motus,
1218 1701 1359 1743 quanto

312 1761 471 1788 movens
490 1750 613 1789 minus
631 1752 746 1790 vincit
764 1763 876 1800 super
891 1749 1044 1786 mobile.
1065 1748 1212 1785 Eadem
1235 1755 1360 1785 autem

312 1801 428 1839 virtus
448 1805 634 1842 moventis
653 1805 776 1842 minus
799 1804 911 1842 vincit
939 1802 1060 1839 maius
1079 1800 1219 1838 mobile
1243 1812 1359 1849 quam

312 1855 446 1892 minus.
481 1856 520 1892 Si
553 1870 639 1906 ergo
671 1858 887 1894 huiusmodi
924 1867 1083 1904 corpora
1116 1861 1361 1891 moverentur

312 1909 359 1944 ab
388 1908 510 1956 aliquo
543 1911 720 1947 exteriore
748 1918 947 1956 movente,
975 1907 1115 1945 tardius
1143 1914 1362 1944 moveretur

312 1960 432 1998 maior
450 1961 541 2010 ignis
560 1976 708 2001 sursum
728 1971 763 2000 et
781 1963 901 2001 maior
919 1969 1016 1998 terra
1036 1961 1226 1998 deorsum.
1247 1960 1361 1996 Nunc

314 2021 438 2051 autem
477 2016 701 2053 contrarium
730 2017 880 2063 accidit,
910 2014 1015 2065 quod
1051 2013 1173 2051 maior
1203 2013 1296 2061 ignis
1325 2020 1361 2049 et

313 2067 434 2104 maior
451 2075 547 2105 terra
565 2069 731 2106 velocius
759 2070 925 2106 feruntur
942 2067 980 2104 in
997 2067 1151 2116 propria
1168 2067 1263 2103 loca.
1285 2067 1358 2103 Per

314 2120 416 2168 quod
443 2120 550 2157 datur
566 2121 714 2169 intelligi
741 2122 844 2170 quod
862 2120 1080 2159 huiusmodi
1109 2132 1269 2168 corpora
1293 2119 1357 2155 ha-

313 2172 401 2209 bent
436 2173 653 2212 intrinsecus
679 2175 859 2224 principia
888 2175 908 2196 *
937 2173 993 2213 sui
1022 2180 1164 2219 motus;
1194 2184 1358 2221 quorum

311 2224 465 2262 virtutes
484 2227 647 2264 motivae
675 2235 776 2265 tanto
806 2235 891 2266 sunt
913 2226 1087 2274 maiores,
1107 2233 1248 2274 quanto
1278 2238 1358 2262 cor-

311 2289 404 2325 pora
430 2278 565 2316 fuerint
600 2281 758 2326 maiora3
789 2289 823 2318 et
849 2281 935 2318 ideo
974 2279 1141 2316 velocius
1179 2279 1355 2315 feruntur.

313 2330 374 2366 Sic
393 2343 479 2378 ergo
506 2339 608 2380 patet
625 2334 728 2381 quod
754 2333 968 2371 huiusmodi
990 2344 1149 2382 corpora
1177 2332 1253 2368 suis
1273 2344 1355 2368 mo-

311 2382 407 2419 tibus
425 2385 652 2423 naturalibus
679 2395 880 2424 moventur
898 2399 975 2423 non
1002 2398 1071 2435 per
1097 2385 1275 2422 virtutem
1295 2397 1356 2422 ex-

310 2435 496 2484 teriorem,
517 2438 583 2475 sed
609 2451 678 2487 per
694 2439 871 2476 virtutem
891 2439 1138 2487 intrinsecam,
1159 2450 1274 2486 quam
1294 2450 1354 2475 ac-

310 2497 486 2536 ceperunt
512 2502 534 2526 a
562 2499 772 2538 generante.

364 2541 397 2577 3.
419 2542 633 2581 Secundam
661 2545 843 2581 rationem
870 2545 976 2593 ponit
1002 2545 1074 2582 ibi:
1097 2545 1232 2593 Neque
1257 2543 1357 2581 velo-

311 2593 387 2629 cius
416 2601 503 2641 etc.;
532 2608 627 2644 quae
655 2597 808 2646 quidem
843 2597 1091 2646 principaliter
1117 2598 1165 2634 ad
1192 2598 1266 2634 hoc
1302 2597 1356 2634 in-

313 2645 476 2694 ducitur,
529 2649 607 2686 uod
639 2658 764 2686 motus
791 2651 927 2687 horum
959 2663 1161 2700 corporum
1189 2663 1267 2688 non
1302 2657 1357 2687 est

311 2710 379 2746 per
403 2699 631 2738 violentiam.
651 2702 831 2740 Videmus
851 2703 952 2740 enim
977 2704 1080 2753 quod
1109 2704 1238 2740 omnia
1257 2715 1355 2752 quae

311 2762 379 2799 per
404 2752 620 2791 violentiam
648 2763 859 2803 moventur,
879 2763 980 2793 tanto
1008 2757 1147 2794 tardius
1175 2757 1354 2804 feruntur,

312 2812 450 2851 quanto
477 2806 595 2854 magis
632 2807 848 2856 elongantur
875 2821 898 2845 a
925 2817 1070 2846 motore
1104 2809 1166 2858 qui
1193 2810 1273 2847 vim
1302 2809 1356 2847 in-

312 2856 406 2903 tulit;
436 2857 528 2895 sicut
553 2867 654 2908 patet
680 2860 717 2897 in
748 2861 805 2898 his
838 2874 934 2910 quae
962 2862 1221 2911 proiiciuntur,
1251 2864 1355 2911 quod

313 2920 442 2946 eorum
458 2918 582 2949 motus
601 2912 638 2949 in
652 2913 727 2950 fine
744 2921 799 2950 est
822 2914 1021 2962 remissior,
1039 2923 1074 2952 et
1094 2915 1114 2936 *
1133 2915 1285 2953 tandem
1300 2923 1355 2953 to-

311 2961 427 2999 taliter
447 2962 580 3002 deficit.
603 2965 641 3002 Si
665 2978 752 3014 ergo
782 2979 940 3015 corpora
958 2968 1085 3015 gravia
1105 2976 1140 3005 et
1158 2969 1254 3006 levia
1273 2981 1355 3006 mo-

311 3022 485 3052 verentur
506 3029 574 3065 per
600 3018 829 3066 violentiam,
851 3020 955 3068 quasi
980 3029 1112 3057 mutuo
1138 3033 1176 3057 se
1205 3022 1355 3059 truden-

314 3066 381 3114 tia,
410 3077 622 3116 sequeretur
653 3071 756 3119 quod
792 3085 925 3110 eorum
962 3081 1087 3110 motus
1125 3076 1172 3112 ad
1203 3075 1355 3124 propria

367 3178 393 3211 α)
411 3180 456 3211 qui
468 3188 518 3212 per
533 3188 560 3206 se
578 3182 724 3208 huiusmodi
737 3191 849 3217 corpora
862 3190 1050 3219 moveat.—per
1064 3195 1091 3212 se
1104 3196 1155 3213 orn.
1170 3189 1197 3219 P,
1208 3197 1259 3214 non
1274 3190 1352 3215 bene:

315 3216 531 3256 narnusecundum
550 3218 731 3249 expositionem
750 3227 771 3244 s.
784 3220 907 3252 Thomae,
922 3222 1073 3247 Aristoteles
1093 3231 1138 3256 per
1157 3231 1186 3248 ea
1204 3225 1281 3249 verba
1300 3222 1354 3250 οὐδ’

317 3255 349 3271 υπ
379 3247 458 3273 anon
473 3249 580 3283 φέρεται,
595 3252 769 3284 intelligendus
784 3261 822 3279 est
841 3256 923 3281 dicere
938 3258 1006 3289 quod
1020 3259 1104 3289 gravia
1124 3264 1147 3283 et
1167 3260 1238 3289 levia,
1255 3266 1354 3292 praeter

317 3289 438 3313 generans
453 3286 521 3316 quod
536 3286 601 3310 dedit
619 3287 655 3311 eis
674 3288 789 3318 formam,
803 3298 852 3314 non
866 3291 959 3316 habent
972 3293 1048 3317 alium
1063 3295 1213 3319 exteriorem
1226 3300 1354 3320 motorem

318 3323 332 3340 a
350 3324 400 3348 quo
414 3325 463 3358 per
481 3326 507 3344 se
525 3327 670 3352 moventur3
684 3322 777 3348 habent
792 3330 875 3349 autem
889 3334 903 3350 a
916 3335 967 3359 quo
986 3334 1121 3352 moventur
1134 3336 1185 3354 non
1202 3337 1252 3361 per
1267 3337 1294 3355 se
1308 3331 1354 3355 sed

314 3357 364 3382 per
389 3353 522 3383 accidens,
543 3361 667 3387 quatenus
685 3365 778 3390 nempe
804 3366 938 3385 moventur
957 3370 970 3386 a
988 3368 1137 3388 removente
1155 3365 1301 3396 prohibens.
1316 3365 1354 3390 Cf.

318 3385 422 3419 Phssic.
438 3387 500 3418 VIII,
518 3390 575 3415 lect.
593 3398 645 3415 vm.

371 3419 396 3461 β)
416 3429 433 3445 α
445 3427 584 3463 generante
594 3425 704 3457 quidem.
713 3441 731 3445 -
740 3428 842 3459 quidem
853 3437 904 3454 om.
914 3431 942 3455 P.
951 3445 969 3450 -
978 3432 1034 3457 Lin.
1045 3441 1099 3466 seq.
1110 3434 1199 3459 eadem
1209 3435 1228 3459 P
1239 3442 1286 3467 pro
1295 3442 1355 3460 con-

320 3458 447 3487 sequntur,
460 3461 582 3489 seqmtur,
601 3464 626 3484 et
643 3468 695 3485 om.
711 3462 765 3486 sed.

371 3491 398 3523 γ)
411 3492 773 3521 munionem-trusionem
788 3498 875 3527 codd.;
890 3500 920 3524 cf.
930 3505 1038 3531 textum;
1053 3502 1095 3527 lin.
1106 3507 1190 3528 tamen
1205 3511 1260 3537 seq.
1275 3505 1358 3537 ipsaP

321 3531 379 3548 cum
394 3525 466 3550 codd.
480 3526 555 3551 habet
567 3529 690 3558 truditur,
705 3535 728 3555 et
741 3539 810 3556 num.
826 3532 838 3556 3
854 3541 942 3558 versus
957 3534 1034 3560 finem
1049 3541 1138 3562 mutuo
1151 3545 1177 3563 se
1192 3539 1361 3564 trudentia—⁴

321 3559 383 3584 Post
394 3567 471 3584 unam
484 3561 526 3586 lin.
538 3569 584 3595 pro
597 3563 643 3588 sed
657 3564 718 3589 dum
729 3570 783 3597 etc„
794 3567 875 3598 codd„
889 3576 940 3594 exc.
954 3571 1020 3599 AsE,
1033 3571 1125 3596 habent
1140 3579 1257 3606 corrupte
1270 3579 1295 3599 et
1307 3575 1362 3598 siue

1013 261 1082 297 DE
1112 257 1285 295 CAELo
1315 257 1385 293 ET
1413 253 1605 291 MUNDo
1636 251 1729 287 ΜΒ.
1761 251 1774 285 1
1826 230 1830 234 ”

325 355 482 393 corpora
509 342 688 380 naturalia
715 354 792 378 non
826 340 992 376 feruntur
1020 348 1166 374 sursum
1197 341 1232 370 et
1258 333 1366 369 deor·
1421 333 1504 368 loca
1523 342 1601 367 non
1621 335 1718 366 esset
1735 329 1906 366 velocior
1920 329 1958 366 in
1972 329 2061 377 fine,
2075 329 2143 367 sed
2157 330 2278 379 magis
2296 331 2438 370 tardior
2452 333 2488 379 *3
2516 347 2634 370 *tardior
2647 354 2731 372 oum.

1422 383 1527 420 cuius
1555 381 1784 418 contrarium
1812 382 1862 419 ad
1889 395 2044 419 sensum
2073 390 2242 432 apparet.

1471 446 1508 481 4.
1530 434 1701 471 Tertiam
1728 434 1916 472 rationem
1934 435 2043 484 ponit
2070 435 2139 472 ibi:
2158 436 2210 472 Et
2227 437 2326 474 unde
2342 438 2383 475 vi
2400 446 2487 486 etc.;

1421 499 1517 535 quae
1532 493 1657 534 potest
1671 486 1857 536 respicere
1877 489 1927 525 ad
1945 495 2162 537 utrumque.
2178 488 2365 527 Videmus
2385 491 2489 529 enim

1420 539 1525 587 quod
1545 537 1559 560 δ
1577 540 1721 575 nullum
1741 551 1880 588 corpus
1907 540 1995 577 illuc
2022 541 2138 578 fertur
2160 553 2230 590 per
2251 542 2487 592 violentiam,

1418 591 1521 628 unde
1557 604 1627 640 per
1662 592 1886 630 violentiam
1919 601 2151 631 removetur.
2183 595 2242 632 Ex
2273 595 2349 632 hoc
2387 596 2489 633 enim

1419 644 1575 692 aliquod
1603 656 1740 693 corpus
1769 657 1791 681 a
1819 645 1905 682 loco
1934 646 2061 694 aliquo
2085 659 2155 695 per
2180 647 2403 685 violentiam
2431 661 2490 686 re-

1418 704 1608 743 movetur,
1629 697 1718 745 quia
1736 704 1869 735 natum
1889 705 1946 735 est
1964 698 2018 735 ibi
2037 711 2137 736 esse:
2157 700 2261 738 unde
2280 701 2368 738 illuc
2387 702 2408 723 *
2423 714 2488 739 na-

1418 749 1602 796 turaliter,
1634 757 1670 785 et
1697 761 1776 786 non
1811 761 1882 798 per
1907 750 2130 789 violentiam
2166 753 2292 790 fertur.
2324 753 2364 791 Si
2398 766 2488 805 ergo

1417 808 1581 849 ponatur
1609 801 1714 849 quod
1749 809 1878 842 motus
1913 802 2029 846 aliqui
2066 815 2274 848 corporum
2311 806 2488 849 gravium

1418 857 1455 884 et
1482 853 1638 896 levium,
1659 850 1798 898 quibus
1826 850 1874 886 ab
1894 849 2082 899 aliquibus
2110 851 2203 889 locis
2226 861 2487 903 removentur,

1418 899 1490 936 sint
1516 900 1690 948 violenti,
1721 913 1800 939 non
1827 909 1954 950 potest
1989 903 2063 940 dici
2091 905 2198 953 quod
2234 913 2363 943 motus
2398 920 2488 944 con-

1417 952 1529 1000 trarii,
1551 953 1690 1000 quibus
1717 953 1769 991 ad
1795 954 1858 991 illa
1883 955 1970 992 loca
1997 956 2184 1005 feruntur,
2215 957 2290 995 sint
2315 959 2486 999 violenti.

1418 1006 1467 1042 Et
1493 1005 1543 1042 ita
1562 1017 1643 1042 non
1662 1013 1718 1043 est
1744 1018 1884 1044 verum
1904 1008 2011 1056 quod
2033 1021 2170 1047 omnes
2189 1018 2319 1048 motus
2346 1012 2487 1050 horum

1418 1070 1624 1107 corporum
1653 1058 1726 1095 sint
1753 1059 1803 1096 ab
1830 1059 1905 1096 alio
1934 1067 1972 1097 et
1994 1072 2065 1109 per
2089 1062 2324 1101 violentiam.

1471 1110 1676 1148 Concludit
1694 1118 1822 1148 autem
1841 1124 1887 1149 ex
1907 1112 2014 1150 dictis
2034 1113 2275 1164 epilogando,
2295 1117 2402 1166 quod
2419 1129 2490 1167 per

1418 1163 1718 1214 speculationem
1737 1164 1878 1202 horum
1906 1165 2088 1214 contingit
2106 1167 2280 1217 accipere
2297 1169 2419 1208 fidem
2439 1170 2486 1208 de

1415 1218 1474 1255 his
1502 1229 1601 1265 quae
1631 1216 1728 1254 dicta
1757 1225 1856 1255 sunt.

1475 1271 1506 1307 5.
1523 1269 1673 1307 Deinde
1689 1282 1778 1308 cum
1794 1269 1900 1308 dicit:
1915 1270 2052 1308 Adhuc
2060 1277 2186 1309 autem
2197 1278 2235 1310 et
2239 1285 2314 1322 per
2327 1285 2392 1312 eas
2403 1281 2487 1323 etc„

1418 1322 1581 1360 ostendit
1606 1322 1790 1360 unitatem
1818 1323 1953 1361 mundi
1980 1335 2051 1372 per
2078 1337 2241 1375 corpora
2269 1327 2489 1376 superiora,

1417 1388 1514 1425 quae
1543 1375 1770 1413 circulariter
1797 1377 1969 1414 feruntur
1991 1377 2028 1413 *τ
2057 1384 2095 1414 et
2122 1378 2249 1427 primo
2277 1379 2490 1430 specialiter
2514 1390 2526 1400 ·
2545 1389 2581 1413 α
2602 1391 2655 1414 Ιαπ-
2674 1398 2730 1421 m,

1415 1441 1484 1479 per
1511 1440 1674 1478 corpora
1702 1429 1918 1478 superiora;
1943 1431 2115 1468 secundo
2145 1433 2403 1471 communiter
2418 1443 2490 1483 per

1417 1481 1613 1531 superiora
1628 1489 1664 1518 et
1678 1481 1868 1531 inferiora,
1879 1482 1947 1520 ibi:
1962 1483 2098 1520 Palam
2113 1490 2239 1522 autem
2251 1486 2407 1535 utique*
2417 1494 2486 1524 etc.
2515 1497 2526 1507 ·

1469 1534 1569 1572 Dicit
1578 1546 1668 1583 ergo
1682 1535 1810 1584 primo
1824 1535 1932 1585 quod
1945 1536 2072 1574 adhuc
2081 1537 2233 1575 ostendi
2240 1546 2367 1587 potest
2380 1540 2488 1588 quod

1416 1587 1462 1624 sit
1489 1588 1613 1625 solum
1640 1600 1740 1625 unus
1768 1589 1949 1636 mundus,
1968 1601 2039 1638 per
2057 1590 2223 1628 rationes
2245 1599 2418 1642 sumptas
2437 1605 2489 1630 ex

1409 1641 1539 1690 prima
1560 1640 1799 1691 philosophia
1825 1647 1858 1690 ‘,
1886 1641 1986 1680 idest
2010 1654 2081 1692 per
2109 1655 2155 1681 ea
2181 1656 2282 1694 quae
2309 1645 2487 1684 determi-

1416 1701 1503 1731 nata
1535 1701 1622 1731 sunt
1649 1694 1687 1732 in
1718 1695 1985 1745 Metaphysica
2019 1697 2061 1744 *,
2097 1704 2134 1734 et
2163 1709 2234 1746 per
2268 1699 2344 1736 hoc
2381 1698 2487 1750 quod
2513 1709 2524 1719 ·

1416 1754 1612 1784 ostensum
1641 1755 1697 1785 est
1714 1747 1754 1785 in
1780 1748 1869 1785 VIII
1897 1747 2047 1797 Physic.
2074 1750 2107 1798 *,
2127 1749 2234 1799 quod
2259 1758 2390 1789 motus
2417 1751 2486 1790 cir-

1416 1800 1549 1838 cularis
1569 1807 1625 1837 est
1643 1801 1909 1851 sempiternus,
1930 1802 2036 1850 quod
2054 1802 2212 1852 quidem
2239 1804 2356 1842 habet
2378 1811 2486 1844 natu·
2511 1814 2524 1826 ⁴

1414 1854 1533 1890 ralem
1561 1854 1825 1892 necessitatem
1850 1862 1887 1892 et
1913 1853 1953 1892 in
1980 1855 2056 1892 hoc
2089 1862 2126 1893 et
2144 1855 2183 1893 in
2210 1856 2291 1894 aliis
2318 1857 2484 1896 mundis.

1415 1907 1609 1944 Conclusit
1625 1908 1646 1930 *
1660 1907 1763 1945 enim
1773 1907 2031 1957 Philosophus
2045 1909 2386 1958 sempiternitatem
2400 1922 2485 1949 mo·
2511 1924 2524 1936 ·

1414 1967 1473 1997 tus
1497 1960 1590 1998 caeli
1609 1961 1647 1998 in
1666 1961 1753 1998 VIII
1781 1960 1932 2010 Physic.
1959 1961 1979 1982 ¹¹
1997 1973 2068 2010 per
2087 1961 2264 2000 ordinem
2283 1962 2484 2002 mobilium
2512 1973 2523 1984 ·

1415 2020 1451 2050 et
1473 2013 1732 2060 moventium3
1753 2015 1860 2063 quod
1887 2013 2045 2063 quidem
2062 2027 2220 2054 necesse
2240 2023 2297 2054 est
2315 2016 2486 2055 similiter

1413 2078 1453 2103 se
1481 2067 1623 2104 habere
1642 2067 1681 2105 in
1699 2067 1872 2116 quolibet
1899 2068 2059 2115 mundo,
2079 2068 2110 2105 si
2130 2069 2300 2108 mundus
2317 2069 2485 2109 univoce

1414 2119 1568 2157 dicatur.
1604 2120 1644 2157 Si
1677 2128 1806 2158 autem
1839 2127 1968 2158 motus
2001 2121 2094 2158 caeli
2128 2121 2175 2159 sit
2206 2121 2483 2173 sempiternus,

1413 2181 1563 2222 oportet
1600 2173 1707 2223 quod
1734 2180 1939 2212 moveatur
1966 2185 1989 2211 a
2015 2174 2155 2212 virtute
2187 2174 2354 2223 infinita,
2384 2186 2485 2225 quae

1412 2238 1491 2263 non
1528 2226 1574 2264 sit
1600 2226 1719 2264 virtus
1756 2227 1796 2264 in
1832 2226 2093 2275 magnitudine
2108 2257 2118 2276 ‚
2151 2235 2195 2266 ut
2220 2228 2407 2278 probatur
2446 2229 2486 2267 in

1410 2280 1498 2316 VIII
1518 2280 1667 2329 PhJsic.
1688 2281 1708 2302 '⁶
1723 2279 1829 2317 Talis
1849 2287 1978 2318 autem
1997 2280 2118 2318 virtus
2138 2289 2194 2318 est
2212 2281 2484 2331 immaterialis,
2513 2291 2523 2301 '

1413 2340 1449 2370 et
1475 2345 1545 2382 per
1573 2345 1813 2382 consequens
1836 2345 1915 2370 una
1942 2345 2119 2382 numero,
2141 2346 2231 2372 cum
2259 2334 2307 2372 sit
2333 2342 2482 2373 tantum

1412 2386 1535 2423 forma
1563 2393 1600 2422 et
1627 2385 1790 2435 species,
1821 2385 2083 2435 multiplicatio
2112 2394 2240 2424 autem
2267 2387 2485 2426 individuo-

1413 2450 1499 2476 rum
1536 2438 1709 2476 eiusdem
1747 2438 1887 2488 speciei
1922 2446 1979 2475 est
2005 2451 2076 2488 per
2111 2439 2323 2478 materiam.
2354 2441 2404 2478 Et
2431 2441 2486 2479 sic

1412 2498 1563 2541 oportet
1590 2491 1697 2541 quod
1723 2491 1844 2529 virtus
1868 2503 1967 2541 quae
1997 2499 2130 2530 movet
2157 2493 2319 2541 caelum,
2341 2493 2388 2531 sit
2405 2505 2484 2533 una

1412 2557 1586 2582 numero.
1607 2544 1720 2582 Unde
1749 2552 1899 2594 oportet
1925 2545 2034 2594 quod
2053 2552 2090 2582 et
2118 2546 2268 2583 caelum
2297 2546 2344 2584 sit
2361 2559 2484 2585 unum

1411 2610 1588 2646 numero,
1610 2605 1646 2648 et
1672 2609 1741 2647 per
1769 2609 2010 2648 consequens
2037 2605 2139 2636 totus
2167 2599 2347 2641 mundus.

1465 2652 1501 2688 6.
1513 2652 1644 2689 Potest
1658 2658 1787 2688 autem
1801 2651 1936 2700 aliquis
1946 2650 2070 2688 dicere
2085 2651 2186 2690 hanc
2200 2652 2388 2690 rationem
2403 2664 2484 2692 non

1412 2716 1457 2741 ex
1484 2704 1705 2742 necessitate
1735 2704 1975 2742 concludere.
1996 2705 2168 2742 Primum
2187 2705 2290 2743 enim
2318 2717 2483 2744 movens

1409 2765 1543 2795 movet
1561 2758 1710 2795 caelum
1726 2757 1822 2795 sicut
1836 2757 2093 2796 desideratum
2109 2758 2136 2806 ζ,
2151 2766 2194 2797 ut
2208 2758 2343 2796 dicitur
2355 2758 2396 2796 in
2410 2759 2479 2796 Xll

1409 2811 1626 2861 Metaphys.
1640 2812 1677 2857 *;
1693 2810 1783 2848 nihil
1803 2819 1932 2848 autem
1951 2810 2130 2860 prohibet
2152 2811 2256 2849 idem
2272 2823 2295 2848 a
2309 2810 2480 2860 pluribus

1409 2918 1600 2955 moventis
1619 2930 1697 2955 non
1716 2917 1836 2967 possit
1856 2929 1902 2954 ex
1920 2916 2143 2954 necessitate
2165 2916 2342 2954 concludi
2356 2916 2480 2955 unitas

1410 2971 1542 3008 caeli·
1553 2970 1630 3008 Sed
1646 2969 1851 3008 dicendum
1862 2977 1918 3008 est
1932 2969 2038 3019 quod
2052 2970 2173 3008 multa
2182 2977 2344 3019 possunt
2357 2982 2480 3008 unum

1410 3023 1644 3071 desiderare,
1669 3036 1749 3061 non
1777 3023 1934 3072 quidem
1962 3023 2070 3071 quasi
2099 3023 2146 3061 de
2174 3023 2268 3073 pari,
2299 3035 2346 3060 eo
2374 3022 2480 3072 quod

1408 3076 1473 3114 uni
1487 3077 1612 3126 primo
1629 3088 1708 3114 non
1727 3076 1947 3114 immediate
1963 3075 2178 3125 adiungitur
2191 3076 2367 3114 absoluta
2381 3076 2480 3114 mul-

1406 3199 1499 3216 sensu:
1518 3192 1566 3217 sed
1577 3191 1730 3227 differentia
1749 3191 1882 3224 quaedam
1895 3198 1987 3216 eorum
2001 3191 2035 3216 ab
2050 3191 2111 3216 aliis
2125 3191 2301 3224 impelluntur
2313 3190 2386 3224 quod
2398 3197 2479 3223 quae·

1407 3226 1468 3251 dam
1488 3232 1536 3252 etc.

1459 3261 1483 3293 δ)
1508 3262 1630 3288 Videmus
1648 3262 1718 3288 enim
1737 3262 1818 3295 quod.
1829 3275 1849 3281 -
1866 3261 1989 3287 Videmus
2002 3261 2075 3294 quod
2082 3261 2238 3294 BCDEFp1;
2256 3261 2326 3286 ittud
2341 3261 2361 3286 P
2375 3260 2479 3294 corrigit

1407 3297 1431 3320 in
1452 3297 1521 3326 Quia
1541 3297 1659 3322 videmus
1678 3297 1758 3330 quod.
2459 3323 2462 3326 .

1460 3332 1483 3365 ε)
1503 3340 1540 3357 ex
1555 3333 1647 3364 prima
1662 3333 1841 3365 philosophia.
1855 3345 1875 3351 --
1889 3339 1926 3357 ex
1939 3333 2032 3365 prima
2050 3331 2224 3364 BCDIpEFG,
2244 3331 2315 3364 quod
2334 3331 2354 3355 P
2374 3331 2478 3364 corrigit

1408 3374 1433 3390 m
1451 3373 1489 3391 ex
1503 3375 1602 3399 prtmo.

1461 3401 1487 3434 ζ)
1508 3403 1626 3428 Primum
1645 3403 1715 3428 enim
1735 3410 1841 3429 movens
1861 3406 1947 3429 movet
1965 3403 2067 3429 caelum
2090 3402 2161 3428 arctat
2185 3401 2376 3427 desideratum.
2388 3401 2478 3427 -floc

1411 3435 1512 3461 effatum
1529 3438 1561 3462 ita
1576 3446 1590 3462 a
1604 3446 1625 3462 s.
1640 3438 1752 3463 Doctore
1765 3438 1909 3463 declaratur
1922 3438 1947 3463 in
1962 3437 2154 3463 commentarii·
2171 3444 2249 3469 super
2261 3437 2349 3462 locum
2362 3437 2477 3462 timum.

1413 3480 1426 3494 ι
1435 3471 1531 3496 Dicitur
1541 3478 1627 3497 autem
1638 3474 1752 3506 primum
1767 3481 1876 3499 movens
1886 3481 1992 3499 movere
2005 3473 2072 3498 sicut
2081 3472 2228 3506 appetibile,
2239 3473 2300 3506 quia
2313 3476 2402 3497 motu·
2412 3471 2476 3497 caeli

1413 3511 1451 3530 est
1464 3512 1568 3539 propter
1587 3508 1670 3540 ipsum
1686 3510 1751 3533 sicut
1770 3514 1876 3542 propter
1890 3507 1976 3538 finem.
1990 3513 2109 3534 causatus
2126 3507 2157 3532 ab
2177 3508 2265 3541 aliquo
2283 3506 2401 3540 proximo
2419 3513 2476 3531 mo-

1413 3547 1495 3570 vente,
1511 3543 1581 3574 quod
1596 3548 1683 3568 movet
1698 3549 1802 3576 propter
1815 3544 1927 3576 primum
1943 3551 2051 3569 movens
2066 3542 2207 3573 immobile,
2223 3548 2251 3568 ut
2265 3541 2392 3568 assimilet
2408 3548 2438 3566 ae
2452 3541 2476 3566 ei

1414 3575 1439 3599 in
1452 3578 1589 3606 causando.
1603 3583 1627 3602 et
1642 3579 1749 3611 explicet
1761 3579 1786 3604 in
1802 3584 1886 3605 actum
1899 3579 1924 3604 id
1939 3579 2011 3612 quod
2030 3583 2069 3604 est
2081 3578 2175 3604 virtute
2189 3578 2214 3603 in
2229 3578 2314 3611 primo
2326 3581 2475 3603 movente.»

2517 717 2526 726 '
2540 715 2601 738 illud
2612 722 2635 738 r.

2509 2823 2519 2832 ⁶
2529 2821 2555 2845 S.
2562 2821 2608 2845 ⁰171.
2618 2822 2720 2850 hemme

2509 2848 2652 2898 piganum.
2658 2854 2720 2878 esu,
2778 2870 2782 2893 ³

1411 2864 1632 2911 desiderari3
1653 2872 1689 2901 et
1705 2864 1795 2902 *ita
1821 2864 1975 2902 videtur
2001 2864 2106 2914 quod
2135 2875 2181 2901 ex
2208 2864 2350 2901 unitate
2368 2863 2479 2913 primi
2507 2890 2620 2925 „dm
2633 2907 2656 2925 ,-
