<?xml version="1.0" encoding="UTF-8"?>
<!DOCTYPE html PUBLIC "-//W3C//DTD XHTML 1.0 Transitional//EN"
    "http://www.w3.org/TR/xhtml1/DTD/xhtml1-transitional.dtd">
<html xmlns="http://www.w3.org/1999/xhtml" xml:lang="en" lang="en">
 <head>
  <title>
</title>
<meta http-equiv="Content-Type" content="text/html;charset=utf-8" />
  <meta name='ocr-system' content='tesseract 3.04.00' />
  <meta name='ocr-capabilities' content='ocr_page ocr_carea ocr_par ocr_line ocrx_word'/>
</head>
<body>
  <div class='ocr_page' id='page_1' title='image "./operaomniaiussui03thom_0586.png"; bbox 0 0 2690 4062; ppageno 0'>
   <div class='ocr_carea' id='block_1_1' title="bbox 63 1257 274 1370">
    <p class='ocr_par' dir='ltr' id='par_1_1' title="bbox 63 1257 274 1370">
     <span class='ocr_line' id='line_1_1' title="bbox 65 1257 200 1283; baseline -0.015 -4"><span class='ocrx_word' id='word_1_1' title='bbox 65 1259 74 1268; x_wconf 90' lang='grc'>·</span> <span class='ocrx_word' id='word_1_2' title='bbox 88 1257 158 1279; x_wconf 86' lang='lat' dir='ltr'>Num.</span> <span class='ocrx_word' id='word_1_3' title='bbox 176 1263 200 1283; x_wconf 86' lang='lat'>4.</span> 
     </span>
     <span class='ocr_line' id='line_1_2' title="bbox 63 1304 274 1332; baseline -0.009 -6"><span class='ocrx_word' id='word_1_4' title='bbox 63 1304 75 1315; x_wconf 65' lang='lat'><em>⁴</em></span> <span class='ocrx_word' id='word_1_5' title='bbox 89 1304 151 1326; x_wconf 86' lang='lat' dir='ltr'>Lect.</span> <span class='ocrx_word' id='word_1_6' title='bbox 169 1310 246 1332; x_wconf 83' lang='lat' dir='ltr'>seq.n.</span> <span class='ocrx_word' id='word_1_7' title='bbox 259 1310 274 1325; x_wconf 86' lang='lat'>1.</span> 
     </span>
     <span class='ocr_line' id='line_1_3' title="bbox 65 1349 217 1370; baseline 0 0"><span class='ocrx_word' id='word_1_8' title='bbox 65 1349 77 1360; x_wconf 72' lang='lat'>¹*</span> <span class='ocrx_word' id='word_1_9' title='bbox 91 1349 148 1370; x_wconf 84' lang='lat' dir='ltr'>Ibid.</span> <span class='ocrx_word' id='word_1_10' title='bbox 164 1355 187 1370; x_wconf 90' lang='lat' dir='ltr'>n.</span> <span class='ocrx_word' id='word_1_11' title='bbox 196 1354 217 1370; x_wconf 88' lang='lat'>2.</span> 
     </span>
    </p>
   </div>
   <div class='ocr_carea' id='block_1_2' title="bbox 63 1479 221 1547">
    <p class='ocr_par' dir='ltr' id='par_1_2' title="bbox 63 1479 221 1547">
     <span class='ocr_line' id='line_1_4' title="bbox 63 1479 221 1507; baseline 0 -6"><span class='ocrx_word' id='word_1_12' title='bbox 63 1480 74 1492; x_wconf 72' lang='lat'>&#39;⁴</span> <span class='ocrx_word' id='word_1_13' title='bbox 90 1479 161 1501; x_wconf 88' lang='lat' dir='ltr'>Num.</span> <span class='ocrx_word' id='word_1_14' title='bbox 173 1486 221 1507; x_wconf 85' lang='lat' dir='ltr'>seq.</span> 
     </span>
     <span class='ocr_line' id='line_1_5' title="bbox 66 1525 195 1547; baseline 0 -1"><span class='ocrx_word' id='word_1_15' title='bbox 66 1526 75 1535; x_wconf 89' lang='lat'>&#39;¹</span> <span class='ocrx_word' id='word_1_16' title='bbox 91 1525 163 1547; x_wconf 81' lang='lat' dir='ltr'>habet</span> <span class='ocrx_word' id='word_1_17' title='bbox 174 1531 195 1546; x_wconf 75' lang='grc' dir='ltr'>Ρ.</span> 
     </span>
    </p>
   </div>
   <div class='ocr_carea' id='block_1_3' title="bbox 73 3330 204 3352">
    <p class='ocr_par' dir='ltr' id='par_1_3' title="bbox 73 3330 204 3352">
     <span class='ocr_line' id='line_1_6' title="bbox 73 3330 204 3352; baseline 0 0"><span class='ocrx_word' id='word_1_18' title='bbox 73 3332 81 3341; x_wconf 92' lang='grc'>·</span> <span class='ocrx_word' id='word_1_19' title='bbox 96 3330 167 3352; x_wconf 83' lang='lat' dir='ltr'>Num.</span> <span class='ocrx_word' id='word_1_20' title='bbox 182 3330 204 3352; x_wconf 91' lang='lat'>8.</span> 
     </span>
    </p>
   </div>
   <div class='ocr_carea' id='block_1_4' title="bbox 69 3413 200 3435">
    <p class='ocr_par' dir='ltr' id='par_1_4' title="bbox 69 3413 200 3435">
     <span class='ocr_line' id='line_1_7' title="bbox 69 3413 200 3435; baseline 0 0"><span class='ocrx_word' id='word_1_21' title='bbox 69 3413 79 3426; x_wconf 66' lang='lat'>⁸</span> <span class='ocrx_word' id='word_1_22' title='bbox 92 3413 163 3435; x_wconf 89' lang='lat' dir='ltr'>Num.</span> <span class='ocrx_word' id='word_1_23' title='bbox 178 3413 200 3435; x_wconf 89' lang='lat'>6.</span> 
     </span>
    </p>
   </div>
   <div class='ocr_carea' id='block_1_5' title="bbox 351 339 628 624">
    <p class='ocr_par' dir='ltr' id='par_1_5' title="bbox 351 339 628 624">
     <span class='ocr_line' id='line_1_8' title="bbox 557 339 627 527; baseline 0 -71"><span class='ocrx_word' id='word_1_24' title='bbox 557 385 564 456; x_wconf 95' lang='lat' dir='ltr'> </span> <span class='ocrx_word' id='word_1_25' title='bbox 623 339 627 527; x_wconf 95' lang='lat' dir='ltr'>  </span> 
     </span>
     <span class='ocr_line' id='line_1_9' title="bbox 351 527 628 624; baseline 0 0"><span class='ocrx_word' id='word_1_26' title='bbox 351 597 565 624; x_wconf 95' lang='lat' dir='ltr'> </span> <span class='ocrx_word' id='word_1_27' title='bbox 620 527 628 624; x_wconf 95' lang='lat' dir='ltr'>   </span> 
     </span>
    </p>
   </div>
   <div class='ocr_carea' id='block_1_6' title="bbox 298 267 1359 501">
    <p class='ocr_par' dir='ltr' id='par_1_6' title="bbox 298 267 1359 501">
     <span class='ocr_line' id='line_1_10' title="bbox 298 267 1311 307; baseline -0.016 -14"><span class='ocrx_word' id='word_1_28' title='bbox 298 267 428 293; x_wconf 89' lang='lat' dir='ltr'>LXXXVI</span> <span class='ocrx_word' id='word_1_29' title='bbox 1308 304 1311 307; x_wconf 16' lang='grc' dir='ltr'>χ</span> 
     </span>
     <span class='ocr_line' id='line_1_11' title="bbox 305 319 1359 372; baseline -0.014 -5"><span class='ocrx_word' id='word_1_30' title='bbox 305 346 331 367; x_wconf 94' lang='lat'>1.</span> <span class='ocrx_word' id='word_1_31' title='bbox 353 346 371 366; x_wconf 65' lang='lat'>‚2</span> <span class='ocrx_word' id='word_1_32' title='bbox 415 350 442 360; x_wconf 71' lang='lat'>--</span> <span class='ocrx_word' id='word_1_33' title='bbox 515 345 587 372; x_wconf 53' lang='lat' dir='ltr'>›mffi&#39;</span> <span class='ocrx_word' id='word_1_34' title='bbox 612 337 784 372; x_wconf 89' lang='lat' dir='ltr'>ostquam</span> <span class='ocrx_word' id='word_1_35' title='bbox 813 325 1035 369; x_wconf 87' lang='lat' dir='ltr'>Philosophus</span> <span class='ocrx_word' id='word_1_36' title='bbox 1065 322 1290 356; x_wconf 86' lang='lat' dir='ltr'>determinavit</span> <span class='ocrx_word' id='word_1_37' title='bbox 1320 319 1359 352; x_wconf 93' lang='lat' dir='ltr'>de</span> 
     </span>
     <span class='ocr_line' id='line_1_12' title="bbox 375 352 1359 414; baseline -0.016 -3"><span class='ocrx_word' id='word_1_38' title='bbox 375 380 389 387; x_wconf 51' lang='lat'><em>⁵</em></span> <span class='ocrx_word' id='word_1_39' title='bbox 532 371 557 383; x_wconf 40' lang='grc' dir='ltr'><strong>Φ</strong></span> <span class='ocrx_word' id='word_1_40' title='bbox 575 352 620 414; x_wconf 52' lang='lat' dir='ltr'>‘ix</span> <span class='ocrx_word' id='word_1_41' title='bbox 632 374 778 406; x_wconf 91' lang='lat' dir='ltr'>tonitruo</span> <span class='ocrx_word' id='word_1_42' title='bbox 795 380 827 404; x_wconf 93' lang='lat' dir='ltr'>et</span> <span class='ocrx_word' id='word_1_43' title='bbox 844 370 1068 403; x_wconf 87' lang='lat' dir='ltr'>coruscatione</span> <span class='ocrx_word' id='word_1_44' title='bbox 1088 368 1120 399; x_wconf 93' lang='lat' dir='ltr'>in</span> <span class='ocrx_word' id='word_1_45' title='bbox 1140 365 1204 398; x_wconf 92' lang='lat' dir='ltr'>fine</span> <span class='ocrx_word' id='word_1_46' title='bbox 1229 375 1359 414; x_wconf 45' lang='lat' dir='ltr'>praece:</span> 
     </span>
     <span class='ocr_line' id='line_1_13' title="bbox 370 375 1359 496; baseline -0.013 -43"><span class='ocrx_word' id='word_1_47' title='bbox 370 418 385 455; x_wconf 62' lang='grc' dir='ltr'>,κ’</span> <span class='ocrx_word' id='word_1_48' title='bbox 425 375 532 496; x_wconf 39' lang='lat' dir='ltr'>Q</span> <span class='ocrx_word' id='word_1_49' title='bbox 564 401 736 451; x_wconf 48' lang='lat' dir='ltr'>vxi-fdentis</span> <span class='ocrx_word' id='word_1_50' title='bbox 767 415 861 455; x_wconf 92' lang='lat' dir='ltr'>libri,</span> <span class='ocrx_word' id='word_1_51' title='bbox 893 415 926 446; x_wconf 92' lang='lat' dir='ltr'>in</span> <span class='ocrx_word' id='word_1_52' title='bbox 954 412 1114 457; x_wconf 91' lang='lat' dir='ltr'>principio</span> <span class='ocrx_word' id='word_1_53' title='bbox 1143 410 1240 442; x_wconf 91' lang='lat' dir='ltr'>huius</span> <span class='ocrx_word' id='word_1_54' title='bbox 1273 417 1359 441; x_wconf 78' lang='lat' dir='ltr'>tertii</span> 
     </span>
     <span class='ocr_line' id='line_1_14' title="bbox 360 441 1359 501; baseline -0.014 -3"><span class='ocrx_word' id='word_1_55' title='bbox 360 452 393 493; x_wconf 40' lang='grc' dir='ltr'>’ἓν</span> <span class='ocrx_word' id='word_1_56' title='bbox 566 441 615 488; x_wconf 47' lang='grc' dir='ltr'>’λ</span> <span class='ocrx_word' id='word_1_57' title='bbox 631 460 770 494; x_wconf 91' lang='lat' dir='ltr'>intendit</span> <span class='ocrx_word' id='word_1_58' title='bbox 807 465 1043 501; x_wconf 87' lang='lat' dir='ltr'>consequenter</span> <span class='ocrx_word' id='word_1_59' title='bbox 1073 454 1287 488; x_wconf 90' lang='lat' dir='ltr'>determinare</span> <span class='ocrx_word' id='word_1_60' title='bbox 1320 451 1359 485; x_wconf 95' lang='lat' dir='ltr'>de</span> 
     </span>
    </p>
   </div>
   <div class='ocr_carea' id='block_1_7' title="bbox 348 339 464 597">
    <p class='ocr_par' dir='ltr' id='par_1_7' title="bbox 348 339 464 597">
     <span class='ocr_line' id='line_1_15' title="bbox 348 339 464 597; baseline 0 0"><span class='ocrx_word' id='word_1_61' title='bbox 348 339 464 597; x_wconf 95' lang='lat' dir='ltr'>  </span> 
     </span>
    </p>
   </div>
   <div class='ocr_carea' id='block_1_8' title="bbox 301 491 1361 767">
    <p class='ocr_par' dir='ltr' id='par_1_8' title="bbox 368 491 1359 592">
     <span class='ocr_line' id='line_1_16' title="bbox 368 491 1357 562; baseline -0.014 -20"><span class='ocrx_word' id='word_1_62' title='bbox 368 494 386 523; x_wconf 32' lang='lat' dir='ltr'>“i</span> <span class='ocrx_word' id='word_1_63' title='bbox 464 491 603 562; x_wconf 31' lang='lat' dir='ltr'>affl*</span> <span class='ocrx_word' id='word_1_64' title='bbox 616 531 617 534; x_wconf 22' lang='grc' dir='ltr'>η</span> <span class='ocrx_word' id='word_1_65' title='bbox 632 505 712 545; x_wconf 90' lang='lat' dir='ltr'>aliis,</span> <span class='ocrx_word' id='word_1_66' title='bbox 729 515 811 548; x_wconf 88' lang='lat' dir='ltr'>quae</span> <span class='ocrx_word' id='word_1_67' title='bbox 831 509 1026 546; x_wconf 86' lang='lat' dir='ltr'>generantur</span> <span class='ocrx_word' id='word_1_68' title='bbox 1043 511 1081 532; x_wconf 92' lang='lat' dir='ltr'>ex</span> <span class='ocrx_word' id='word_1_69' title='bbox 1097 498 1211 531; x_wconf 89' lang='lat' dir='ltr'>eadem</span> <span class='ocrx_word' id='word_1_70' title='bbox 1228 495 1357 530; x_wconf 86' lang='lat' dir='ltr'>exhala-</span> 
     </span>
     <span class='ocr_line' id='line_1_17' title="bbox 437 537 1359 592; baseline -0.014 -7"><span class='ocrx_word' id='word_1_71' title='bbox 437 542 467 573; x_wconf 35' lang='grc' dir='ltr'>Γ*</span> <span class='ocrx_word' id='word_1_72' title='bbox 523 542 550 589; x_wconf 53' lang='lat'>&#39;34</span> <span class='ocrx_word' id='word_1_73' title='bbox 565 556 570 565; x_wconf 71' lang='lat'>⁸</span> <span class='ocrx_word' id='word_1_74' title='bbox 584 556 587 561; x_wconf 88' lang='lat'>&#39;</span> <span class='ocrx_word' id='word_1_75' title='bbox 601 537 720 582; x_wconf 60' lang='lat' dir='ltr'>ss’tione</span> <span class='ocrx_word' id='word_1_76' title='bbox 737 549 821 580; x_wconf 89' lang='lat' dir='ltr'>sicca</span> <span class='ocrx_word' id='word_1_77' title='bbox 841 555 967 579; x_wconf 88' lang='lat' dir='ltr'>extrusa</span> <span class='ocrx_word' id='word_1_78' title='bbox 991 556 1030 577; x_wconf 90' lang='lat' dir='ltr'>ex</span> <span class='ocrx_word' id='word_1_79' title='bbox 1052 542 1302 592; x_wconf 44' lang='lat' dir='ltr'>nubibus‚.puta</span> <span class='ocrx_word' id='word_1_80' title='bbox 1319 539 1359 591; x_wconf 80' lang='lat' dir='ltr'>de</span> 
     </span>
    </p>

    <p class='ocr_par' dir='ltr' id='par_1_9' title="bbox 301 583 1361 767">
     <span class='ocr_line' id='line_1_18' title="bbox 480 583 1361 635; baseline -0.012 -7"><span class='ocrx_word' id='word_1_81' title='bbox 480 590 487 595; x_wconf 68' lang='grc'><em>”</em></span> <span class='ocrx_word' id='word_1_82' title='bbox 533 613 543 617; x_wconf 30' lang='lat' dir='ltr'>e</span> <span class='ocrx_word' id='word_1_83' title='bbox 566 615 569 616; x_wconf 30' lang='grc' dir='ltr'><em>ν</em></span> <span class='ocrx_word' id='word_1_84' title='bbox 599 583 798 635; x_wconf 50' lang='lat' dir='ltr'>⁶*ecnephia‚</span> <span class='ocrx_word' id='word_1_85' title='bbox 815 589 962 634; x_wconf 82' lang='lat' dir='ltr'>typhone</span> <span class='ocrx_word' id='word_1_86' title='bbox 980 597 1011 620; x_wconf 92' lang='lat' dir='ltr'>et</span> <span class='ocrx_word' id='word_1_87' title='bbox 1027 585 1227 620; x_wconf 79' lang='lat' dir='ltr'>huiusmodl.</span> <span class='ocrx_word' id='word_1_88' title='bbox 1253 586 1294 618; x_wconf 92' lang='lat' dir='ltr'>Et</span> <span class='ocrx_word' id='word_1_89' title='bbox 1316 584 1361 617; x_wconf 78' lang='lat' dir='ltr'>di-</span> 
     </span>
     <span class='ocr_line' id='line_1_19' title="bbox 301 630 1359 682; baseline -0.011 -9"><span class='ocrx_word' id='word_1_90' title='bbox 301 639 422 672; x_wconf 90' lang='lat' dir='ltr'>viditur</span> <span class='ocrx_word' id='word_1_91' title='bbox 446 639 479 671; x_wconf 93' lang='lat' dir='ltr'>in</span> <span class='ocrx_word' id='word_1_92' title='bbox 507 646 612 682; x_wconf 91' lang='lat' dir='ltr'>partes</span> <span class='ocrx_word' id='word_1_93' title='bbox 637 636 726 669; x_wconf 86' lang='lat' dir='ltr'>duas.</span> <span class='ocrx_word' id='word_1_94' title='bbox 751 636 789 668; x_wconf 91' lang='lat' dir='ltr'>In</span> <span class='ocrx_word' id='word_1_95' title='bbox 816 634 920 678; x_wconf 88' lang='lat' dir='ltr'>prima</span> <span class='ocrx_word' id='word_1_96' title='bbox 943 632 1121 676; x_wconf 88' lang='lat' dir='ltr'>praemittit</span> <span class='ocrx_word' id='word_1_97' title='bbox 1144 630 1359 679; x_wconf 85' lang='lat' dir='ltr'>intentionem</span> 
     </span>
     <span class='ocr_line' id='line_1_20' title="bbox 302 673 1360 726; baseline -0.011 -9"><span class='ocrx_word' id='word_1_98' title='bbox 302 695 406 724; x_wconf 90' lang='lat' dir='ltr'>suam,</span> <span class='ocrx_word' id='word_1_99' title='bbox 430 692 461 716; x_wconf 92' lang='lat' dir='ltr'>et</span> <span class='ocrx_word' id='word_1_100' title='bbox 478 682 565 721; x_wconf 89' lang='lat' dir='ltr'>dicit,</span> <span class='ocrx_word' id='word_1_101' title='bbox 584 680 673 726; x_wconf 94' lang='lat' dir='ltr'>quod</span> <span class='ocrx_word' id='word_1_102' title='bbox 689 688 864 724; x_wconf 87' lang='lat' dir='ltr'>postquam</span> <span class='ocrx_word' id='word_1_103' title='bbox 882 677 1133 710; x_wconf 90' lang='lat' dir='ltr'>determinatum</span> <span class='ocrx_word' id='word_1_104' title='bbox 1150 683 1199 708; x_wconf 92' lang='lat' dir='ltr'>est</span> <span class='ocrx_word' id='word_1_105' title='bbox 1220 673 1260 707; x_wconf 94' lang='lat' dir='ltr'>de</span> <span class='ocrx_word' id='word_1_106' title='bbox 1277 682 1360 724; x_wconf 81' lang='lat' dir='ltr'>toni-</span> 
     </span>
     <span class='ocr_line' id='line_1_21' title="bbox 302 719 1360 767; baseline -0.01 -6"><span class='ocrx_word' id='word_1_107' title='bbox 302 737 377 761; x_wconf 91' lang='lat' dir='ltr'>truo</span> <span class='ocrx_word' id='word_1_108' title='bbox 401 736 432 759; x_wconf 92' lang='lat' dir='ltr'>et</span> <span class='ocrx_word' id='word_1_109' title='bbox 457 726 691 764; x_wconf 88' lang='lat' dir='ltr'>coruscatione,</span> <span class='ocrx_word' id='word_1_110' title='bbox 716 734 798 767; x_wconf 88' lang='lat' dir='ltr'>quae</span> <span class='ocrx_word' id='word_1_111' title='bbox 818 730 895 754; x_wconf 91' lang='lat' dir='ltr'>sunt</span> <span class='ocrx_word' id='word_1_112' title='bbox 922 719 1115 764; x_wconf 88' lang='lat' dir='ltr'>principales</span> <span class='ocrx_word' id='word_1_113' title='bbox 1140 719 1309 763; x_wconf 85' lang='lat' dir='ltr'>passiones</span> <span class='ocrx_word' id='word_1_114' title='bbox 1326 729 1360 750; x_wconf 92' lang='lat' dir='ltr'>1n</span> 
     </span>
    </p>
   </div>
   <div class='ocr_carea' id='block_1_9' title="bbox 286 763 1358 814">
    <p class='ocr_par' dir='ltr' id='par_1_10' title="bbox 286 763 1358 814">
     <span class='ocr_line' id='line_1_22' title="bbox 286 763 1358 814; baseline -0.01 -9"><span class='ocrx_word' id='word_1_115' title='bbox 286 783 374 805; x_wconf 79' lang='lat' dir='ltr'>‘aere</span> <span class='ocrx_word' id='word_1_116' title='bbox 398 779 567 814; x_wconf 84' lang='lat' dir='ltr'>generatae</span> <span class='ocrx_word' id='word_1_117' title='bbox 590 781 628 801; x_wconf 89' lang='lat' dir='ltr'>ex</span> <span class='ocrx_word' id='word_1_118' title='bbox 650 767 783 800; x_wconf 89' lang='lat' dir='ltr'>materia</span> <span class='ocrx_word' id='word_1_119' title='bbox 807 774 992 804; x_wconf 90' lang='lat' dir='ltr'>ventorum,</span> <span class='ocrx_word' id='word_1_120' title='bbox 1017 763 1192 797; x_wconf 91' lang='lat' dir='ltr'>dicendum</span> <span class='ocrx_word' id='word_1_121' title='bbox 1210 772 1258 795; x_wconf 92' lang='lat' dir='ltr'>est</span> <span class='ocrx_word' id='word_1_122' title='bbox 1279 773 1358 795; x_wconf 92' lang='lat' dir='ltr'>con-</span> 
     </span>
    </p>
   </div>
   <div class='ocr_carea' id='block_1_10' title="bbox 299 807 1362 3500">
    <p class='ocr_par' dir='ltr' id='par_1_11' title="bbox 303 807 1359 1074">
     <span class='ocr_line' id='line_1_23' title="bbox 303 807 1359 859; baseline -0.01 -10"><span class='ocrx_word' id='word_1_123' title='bbox 303 823 475 859; x_wconf 89' lang='lat' dir='ltr'>sequenter</span> <span class='ocrx_word' id='word_1_124' title='bbox 487 813 526 846; x_wconf 93' lang='lat' dir='ltr'>de</span> <span class='ocrx_word' id='word_1_125' title='bbox 542 812 678 846; x_wconf 90' lang='lat' dir='ltr'>residuis</span> <span class='ocrx_word' id='word_1_126' title='bbox 691 810 858 844; x_wconf 89' lang='lat' dir='ltr'>effectibus</span> <span class='ocrx_word' id='word_1_127' title='bbox 873 810 941 842; x_wconf 91' lang='lat' dir='ltr'>sive</span> <span class='ocrx_word' id='word_1_128' title='bbox 955 807 1172 852; x_wconf 89' lang='lat' dir='ltr'>passionibus,</span> <span class='ocrx_word' id='word_1_129' title='bbox 1187 819 1269 851; x_wconf 90' lang='lat' dir='ltr'>quae</span> <span class='ocrx_word' id='word_1_130' title='bbox 1282 814 1359 839; x_wconf 90' lang='lat' dir='ltr'>sunt</span> 
     </span>
     <span class='ocr_line' id='line_1_24' title="bbox 303 852 1358 902; baseline -0.009 -10"><span class='ocrx_word' id='word_1_131' title='bbox 303 861 411 892; x_wconf 91' lang='lat' dir='ltr'>minus</span> <span class='ocrx_word' id='word_1_132' title='bbox 434 856 637 902; x_wconf 88' lang='lat' dir='ltr'>principales,</span> <span class='ocrx_word' id='word_1_133' title='bbox 662 855 784 888; x_wconf 91' lang='lat' dir='ltr'>scilicet</span> <span class='ocrx_word' id='word_1_134' title='bbox 807 854 847 887; x_wconf 95' lang='lat' dir='ltr'>de</span> <span class='ocrx_word' id='word_1_135' title='bbox 871 852 1039 896; x_wconf 86' lang='lat' dir='ltr'>ecnephia,</span> <span class='ocrx_word' id='word_1_136' title='bbox 1063 852 1223 896; x_wconf 87' lang='lat' dir='ltr'>typhone,</span> <span class='ocrx_word' id='word_1_137' title='bbox 1247 852 1358 900; x_wconf 81' lang='lat' dir='ltr'>incen-</span> 
     </span>
     <span class='ocr_line' id='line_1_25' title="bbox 303 895 1358 940; baseline -0.009 -4"><span class='ocrx_word' id='word_1_138' title='bbox 303 905 394 936; x_wconf 89' lang='lat' dir='ltr'>sione</span> <span class='ocrx_word' id='word_1_139' title='bbox 415 912 446 935; x_wconf 91' lang='lat' dir='ltr'>et</span> <span class='ocrx_word' id='word_1_140' title='bbox 461 901 612 940; x_wconf 90' lang='lat' dir='ltr'>fulmine,</span> <span class='ocrx_word' id='word_1_141' title='bbox 637 898 819 932; x_wconf 90' lang='lat' dir='ltr'>secundum</span> <span class='ocrx_word' id='word_1_142' title='bbox 835 897 972 930; x_wconf 87' lang='lat' dir='ltr'>modum</span> <span class='ocrx_word' id='word_1_143' title='bbox 988 897 1079 940; x_wconf 90' lang='lat' dir='ltr'>prius</span> <span class='ocrx_word' id='word_1_144' title='bbox 1096 895 1278 935; x_wconf 89' lang='lat' dir='ltr'>inductum,</span> <span class='ocrx_word' id='word_1_145' title='bbox 1296 906 1358 927; x_wconf 76' lang='lat' dir='ltr'>sct-</span> 
     </span>
     <span class='ocr_line' id='line_1_26' title="bbox 303 938 1359 989; baseline -0.009 -9"><span class='ocrx_word' id='word_1_146' title='bbox 303 948 376 980; x_wconf 89' lang='lat' dir='ltr'>licet</span> <span class='ocrx_word' id='word_1_147' title='bbox 400 944 588 989; x_wconf 89' lang='lat' dir='ltr'>accipiendo</span> <span class='ocrx_word' id='word_1_148' title='bbox 612 955 672 987; x_wconf 93' lang='lat' dir='ltr'>pro</span> <span class='ocrx_word' id='word_1_149' title='bbox 696 942 857 987; x_wconf 93' lang='lat' dir='ltr'>principio</span> <span class='ocrx_word' id='word_1_150' title='bbox 878 941 969 986; x_wconf 92' lang='lat' dir='ltr'>quod</span> <span class='ocrx_word' id='word_1_151' title='bbox 992 940 1113 984; x_wconf 82' lang='lat' dir='ltr'>duplex</span> <span class='ocrx_word' id='word_1_152' title='bbox 1134 941 1174 972; x_wconf 93' lang='lat' dir='ltr'>sit</span> <span class='ocrx_word' id='word_1_153' title='bbox 1197 938 1359 972; x_wconf 84' lang='lat' dir='ltr'>exhalatio</span> 
     </span>
     <span class='ocr_line' id='line_1_27' title="bbox 303 982 1359 1033; baseline -0.009 -9"><span class='ocrx_word' id='word_1_154' title='bbox 303 1003 341 1024; x_wconf 89' lang='lat' dir='ltr'>ex</span> <span class='ocrx_word' id='word_1_155' title='bbox 358 999 449 1029; x_wconf 89' lang='lat' dir='ltr'>terra,</span> <span class='ocrx_word' id='word_1_156' title='bbox 467 1000 531 1022; x_wconf 92' lang='lat' dir='ltr'>una</span> <span class='ocrx_word' id='word_1_157' title='bbox 547 987 681 1021; x_wconf 89' lang='lat' dir='ltr'>humida</span> <span class='ocrx_word' id='word_1_158' title='bbox 692 996 724 1020; x_wconf 92' lang='lat' dir='ltr'>et</span> <span class='ocrx_word' id='word_1_159' title='bbox 740 987 800 1020; x_wconf 87' lang='lat' dir='ltr'>alia</span> <span class='ocrx_word' id='word_1_160' title='bbox 816 987 912 1026; x_wconf 89' lang='lat' dir='ltr'>sicca,</span> <span class='ocrx_word' id='word_1_161' title='bbox 925 994 957 1018; x_wconf 94' lang='lat' dir='ltr'>et</span> <span class='ocrx_word' id='word_1_162' title='bbox 973 984 1176 1018; x_wconf 93' lang='lat' dir='ltr'>ostendendo</span> <span class='ocrx_word' id='word_1_163' title='bbox 1188 982 1359 1033; x_wconf 81' lang='lat' dir='ltr'>quomodo</span> 
     </span>
     <span class='ocr_line' id='line_1_28' title="bbox 303 1028 1331 1074; baseline -0.007 -7"><span class='ocrx_word' id='word_1_164' title='bbox 303 1045 334 1068; x_wconf 92' lang='lat' dir='ltr'>et</span> <span class='ocrx_word' id='word_1_165' title='bbox 357 1034 443 1067; x_wconf 91' lang='lat' dir='ltr'>unde</span> <span class='ocrx_word' id='word_1_166' title='bbox 467 1034 508 1065; x_wconf 92' lang='lat' dir='ltr'>sit</span> <span class='ocrx_word' id='word_1_167' title='bbox 530 1034 563 1065; x_wconf 90' lang='lat' dir='ltr'>in</span> <span class='ocrx_word' id='word_1_168' title='bbox 588 1033 596 1064; x_wconf 92' lang='lat' dir='ltr'>i</span> <span class='ocrx_word' id='word_1_169' title='bbox 623 1032 666 1064; x_wconf 88' lang='lat' dir='ltr'>sis</span> <span class='ocrx_word' id='word_1_170' title='bbox 713 1031 887 1074; x_wconf 90' lang='lat' dir='ltr'>rincipium</span> <span class='ocrx_word' id='word_1_171' title='bbox 911 1038 1021 1062; x_wconf 90' lang='lat' dir='ltr'>motus</span> <span class='ocrx_word' id='word_1_172' title='bbox 1046 1038 1078 1062; x_wconf 93' lang='lat' dir='ltr'>et</span> <span class='ocrx_word' id='word_1_173' title='bbox 1101 1028 1331 1072; x_wconf 75' lang='lat' dir='ltr'>generationis·</span> 
     </span>
    </p>

    <p class='ocr_par' dir='ltr' id='par_1_12' title="bbox 303 1043 1359 1163">
     <span class='ocr_line' id='line_1_29' title="bbox 358 1043 1359 1120; baseline -0.006 -10"><span class='ocrx_word' id='word_1_174' title='bbox 358 1088 387 1110; x_wconf 91' lang='lat'>2.</span> <span class='ocrx_word' id='word_1_175' title='bbox 413 1076 564 1110; x_wconf 92' lang='lat' dir='ltr'>Secundo</span> <span class='ocrx_word' id='word_1_176' title='bbox 588 1044 649 1109; x_wconf 61' lang='lat' dir='ltr'>igi:</span> <span class='ocrx_word' id='word_1_177' title='bbox 675 1043 802 1120; x_wconf 47' lang='lat' dir='ltr'>Sgiritus</span> <span class='ocrx_word' id='word_1_178' title='bbox 826 1075 904 1107; x_wconf 88' lang='lat' dir='ltr'>enim</span> <span class='ocrx_word' id='word_1_179' title='bbox 923 1074 968 1107; x_wconf 79' lang='lat' dir='ltr'>hic</span> <span class='ocrx_word' id='word_1_180' title='bbox 990 1082 1062 1113; x_wconf 89' lang='lat' dir='ltr'>etc.,</span> <span class='ocrx_word' id='word_1_181' title='bbox 1086 1073 1296 1117; x_wconf 91' lang='lat' dir='ltr'>prosequitur</span> <span class='ocrx_word' id='word_1_182' title='bbox 1311 1072 1359 1104; x_wconf 90' lang='lat' dir='ltr'>in-</span> 
     </span>
     <span class='ocr_line' id='line_1_30' title="bbox 303 1115 1359 1163; baseline -0.007 -8"><span class='ocrx_word' id='word_1_183' title='bbox 303 1131 437 1155; x_wconf 92' lang='lat' dir='ltr'>tentum.</span> <span class='ocrx_word' id='word_1_184' title='bbox 462 1122 503 1154; x_wconf 92' lang='lat' dir='ltr'>Et</span> <span class='ocrx_word' id='word_1_185' title='bbox 527 1119 680 1153; x_wconf 91' lang='lat' dir='ltr'>dividitur</span> <span class='ocrx_word' id='word_1_186' title='bbox 702 1120 735 1152; x_wconf 93' lang='lat' dir='ltr'>in</span> <span class='ocrx_word' id='word_1_187' title='bbox 760 1127 900 1163; x_wconf 86' lang='lat' dir='ltr'>quatuor</span> <span class='ocrx_word' id='word_1_188' title='bbox 920 1126 1038 1161; x_wconf 82' lang='lat' dir='ltr'>parteS,</span> <span class='ocrx_word' id='word_1_189' title='bbox 1063 1116 1245 1150; x_wconf 91' lang='lat' dir='ltr'>secundum</span> <span class='ocrx_word' id='word_1_190' title='bbox 1269 1115 1359 1160; x_wconf 94' lang='lat' dir='ltr'>quod</span> 
     </span>
    </p>

    <p class='ocr_par' dir='ltr' id='par_1_13' title="bbox 300 1161 1361 2090">
     <span class='ocr_line' id='line_1_31' title="bbox 325 1161 1359 1208; baseline -0.006 -10"><span class='ocrx_word' id='word_1_191' title='bbox 325 1175 442 1199; x_wconf 91' lang='lat' dir='ltr'>uatuor</span> <span class='ocrx_word' id='word_1_192' title='bbox 456 1173 532 1198; x_wconf 92' lang='lat' dir='ltr'>sunt</span> <span class='ocrx_word' id='word_1_193' title='bbox 547 1165 715 1208; x_wconf 88' lang='lat' dir='ltr'>passiones</span> <span class='ocrx_word' id='word_1_194' title='bbox 733 1163 772 1196; x_wconf 94' lang='lat' dir='ltr'>de</span> <span class='ocrx_word' id='word_1_195' title='bbox 789 1162 907 1207; x_wconf 91' lang='lat' dir='ltr'>quibus</span> <span class='ocrx_word' id='word_1_196' title='bbox 924 1162 1133 1195; x_wconf 87' lang='lat' dir='ltr'>determinat:</span> <span class='ocrx_word' id='word_1_197' title='bbox 1151 1162 1258 1205; x_wconf 91' lang='lat' dir='ltr'>primo</span> <span class='ocrx_word' id='word_1_198' title='bbox 1272 1161 1359 1193; x_wconf 92' lang='lat' dir='ltr'>enim</span> 
     </span>
     <span class='ocr_line' id='line_1_32' title="bbox 303 1178 1359 1252; baseline -0.006 -9"><span class='ocrx_word' id='word_1_199' title='bbox 303 1178 493 1243; x_wconf 63' lang='lat' dir='ltr'>determinat</span> <span class='ocrx_word' id='word_1_200' title='bbox 509 1209 548 1242; x_wconf 92' lang='lat' dir='ltr'>de</span> <span class='ocrx_word' id='word_1_201' title='bbox 564 1207 738 1252; x_wconf 83' lang='lat' dir='ltr'>ecnephia3</span> <span class='ocrx_word' id='word_1_202' title='bbox 754 1206 899 1240; x_wconf 89' lang='lat' dir='ltr'>secundo</span> <span class='ocrx_word' id='word_1_203' title='bbox 916 1205 956 1239; x_wconf 88' lang='lat' dir='ltr'>de</span> <span class='ocrx_word' id='word_1_204' title='bbox 972 1205 1131 1250; x_wconf 89' lang='lat' dir='ltr'>typhone,</span> <span class='ocrx_word' id='word_1_205' title='bbox 1148 1205 1206 1238; x_wconf 87' lang='lat' dir='ltr'>ibi:</span> <span class='ocrx_word' id='word_1_206' title='bbox 1227 1204 1359 1247; x_wconf 84' lang='lat' dir='ltr'>Quando</span> 
     </span>
     <span class='ocr_line' id='line_1_33' title="bbox 302 1250 1360 1297; baseline -0.005 -10"><span class='ocrx_word' id='word_1_207' title='bbox 302 1260 400 1287; x_wconf 83' lang='lat' dir='ltr'>autem</span> <span class='ocrx_word' id='word_1_208' title='bbox 415 1259 581 1297; x_wconf 82' lang='lat' dir='ltr'>segregatus</span> <span class='ocrx_word' id='word_1_209' title='bbox 592 1252 607 1269; x_wconf 90' lang='lat'><strong><em>*</em></strong></span> <span class='ocrx_word' id='word_1_210' title='bbox 620 1261 691 1292; x_wconf 88' lang='lat' dir='ltr'>etc.;</span> <span class='ocrx_word' id='word_1_211' title='bbox 709 1252 804 1284; x_wconf 91' lang='lat' dir='ltr'>tertio</span> <span class='ocrx_word' id='word_1_212' title='bbox 821 1250 860 1284; x_wconf 93' lang='lat' dir='ltr'>de</span> <span class='ocrx_word' id='word_1_213' title='bbox 876 1251 1075 1290; x_wconf 88' lang='lat' dir='ltr'>incensione,</span> <span class='ocrx_word' id='word_1_214' title='bbox 1092 1250 1146 1283; x_wconf 92' lang='lat' dir='ltr'>ibi:</span> <span class='ocrx_word' id='word_1_215' title='bbox 1165 1250 1244 1283; x_wconf 88' lang='lat' dir='ltr'>Cum</span> <span class='ocrx_word' id='word_1_216' title='bbox 1260 1255 1360 1282; x_wconf 81' lang='lat' dir='ltr'>autem</span> 
     </span>
     <span class='ocr_line' id='line_1_34' title="bbox 302 1293 1357 1341; baseline -0.007 -9"><span class='ocrx_word' id='word_1_217' title='bbox 302 1299 448 1333; x_wconf 77' lang='lat' dir='ltr'>detractus</span> <span class='ocrx_word' id='word_1_218' title='bbox 463 1298 597 1341; x_wconf 83' lang='lat' dir='ltr'>igniatur</span> <span class='ocrx_word' id='word_1_219' title='bbox 611 1296 627 1313; x_wconf 94' lang='lat'><em>*</em></span> <span class='ocrx_word' id='word_1_220' title='bbox 643 1305 714 1336; x_wconf 89' lang='lat' dir='ltr'>etc.;</span> <span class='ocrx_word' id='word_1_221' title='bbox 731 1303 847 1340; x_wconf 90' lang='lat' dir='ltr'>quarto</span> <span class='ocrx_word' id='word_1_222' title='bbox 872 1294 1064 1327; x_wconf 87' lang='lat' dir='ltr'>determinat</span> <span class='ocrx_word' id='word_1_223' title='bbox 1079 1294 1118 1327; x_wconf 91' lang='lat' dir='ltr'>de</span> <span class='ocrx_word' id='word_1_224' title='bbox 1134 1293 1282 1334; x_wconf 90' lang='lat' dir='ltr'>fulmine,</span> <span class='ocrx_word' id='word_1_225' title='bbox 1299 1293 1357 1326; x_wconf 91' lang='lat' dir='ltr'>ibi:</span> 
     </span>
     <span class='ocr_line' id='line_1_35' title="bbox 303 1337 1358 1392; baseline -0.005 -17"><span class='ocrx_word' id='word_1_226' title='bbox 303 1342 335 1376; x_wconf 81' lang='lat' dir='ltr'>Si</span> <span class='ocrx_word' id='word_1_227' title='bbox 349 1348 447 1375; x_wconf 79' lang='lat' dir='ltr'>autem</span> <span class='ocrx_word' id='word_1_228' title='bbox 461 1342 494 1375; x_wconf 85' lang='lat' dir='ltr'>in</span> <span class='ocrx_word' id='word_1_229' title='bbox 509 1342 574 1392; x_wconf 81' lang='lat' dir='ltr'>ipsa</span> <span class='ocrx_word' id='word_1_230' title='bbox 588 1340 666 1374; x_wconf 81' lang='lat' dir='ltr'>nube</span> <span class='ocrx_word' id='word_1_231' title='bbox 677 1342 694 1361; x_wconf 92' lang='lat'><em>*</em></span> <span class='ocrx_word' id='word_1_232' title='bbox 705 1349 765 1373; x_wconf 91' lang='lat' dir='ltr'>etc.</span> <span class='ocrx_word' id='word_1_233' title='bbox 784 1340 879 1373; x_wconf 89' lang='lat' dir='ltr'>Circa</span> <span class='ocrx_word' id='word_1_234' title='bbox 895 1339 1039 1382; x_wconf 88' lang='lat' dir='ltr'>primum</span> <span class='ocrx_word' id='word_1_235' title='bbox 1057 1337 1124 1372; x_wconf 94' lang='lat' dir='ltr'>duo</span> <span class='ocrx_word' id='word_1_236' title='bbox 1140 1337 1232 1371; x_wconf 87' lang='lat' dir='ltr'>facit:</span> <span class='ocrx_word' id='word_1_237' title='bbox 1250 1338 1358 1382; x_wconf 90' lang='lat' dir='ltr'>primo</span> 
     </span>
     <span class='ocr_line' id='line_1_36' title="bbox 302 1382 1358 1430; baseline -0.004 -11"><span class='ocrx_word' id='word_1_238' title='bbox 302 1386 444 1419; x_wconf 91' lang='lat' dir='ltr'>ostendit</span> <span class='ocrx_word' id='word_1_239' title='bbox 467 1384 546 1430; x_wconf 80' lang='lat' dir='ltr'>quid</span> <span class='ocrx_word' id='word_1_240' title='bbox 568 1385 610 1418; x_wconf 91' lang='lat' dir='ltr'>sit</span> <span class='ocrx_word' id='word_1_241' title='bbox 628 1385 826 1429; x_wconf 91' lang='lat' dir='ltr'>principium</span> <span class='ocrx_word' id='word_1_242' title='bbox 849 1383 1068 1427; x_wconf 89' lang='lat' dir='ltr'>generationis</span> <span class='ocrx_word' id='word_1_243' title='bbox 1091 1382 1287 1427; x_wconf 90' lang='lat' dir='ltr'>ecnephiae;</span> <span class='ocrx_word' id='word_1_244' title='bbox 1311 1394 1358 1415; x_wconf 91' lang='lat' dir='ltr'>se-</span> 
     </span>
     <span class='ocr_line' id='line_1_37' title="bbox 302 1426 1358 1470; baseline -0.004 -7"><span class='ocrx_word' id='word_1_245' title='bbox 302 1429 410 1463; x_wconf 89' lang='lat' dir='ltr'>cundo</span> <span class='ocrx_word' id='word_1_246' title='bbox 427 1428 569 1462; x_wconf 91' lang='lat' dir='ltr'>ostendit</span> <span class='ocrx_word' id='word_1_247' title='bbox 584 1440 715 1462; x_wconf 89' lang='lat' dir='ltr'>causam</span> <span class='ocrx_word' id='word_1_248' title='bbox 732 1427 954 1461; x_wconf 88' lang='lat' dir='ltr'>continuitatis</span> <span class='ocrx_word' id='word_1_249' title='bbox 975 1435 1007 1459; x_wconf 91' lang='lat' dir='ltr'>et</span> <span class='ocrx_word' id='word_1_250' title='bbox 1022 1426 1258 1470; x_wconf 89' lang='lat' dir='ltr'>magnitudinis</span> <span class='ocrx_word' id='word_1_251' title='bbox 1277 1427 1358 1466; x_wconf 86' lang='lat' dir='ltr'>eius,</span> 
     </span>
     <span class='ocr_line' id='line_1_38' title="bbox 302 1470 1358 1518; baseline -0.003 -11"><span class='ocrx_word' id='word_1_252' title='bbox 302 1474 362 1507; x_wconf 89' lang='lat' dir='ltr'>ibi:</span> <span class='ocrx_word' id='word_1_253' title='bbox 395 1473 525 1516; x_wconf 83' lang='lat' dir='ltr'>Quando</span> <span class='ocrx_word' id='word_1_254' title='bbox 548 1473 666 1518; x_wconf 84' lang='lat' dir='ltr'>quidem</span> <span class='ocrx_word' id='word_1_255' title='bbox 688 1473 810 1516; x_wconf 84' lang='lat' dir='ltr'>igitur*</span> <span class='ocrx_word' id='word_1_256' title='bbox 825 1481 884 1505; x_wconf 92' lang='lat' dir='ltr'>etc.</span> <span class='ocrx_word' id='word_1_257' title='bbox 917 1471 1006 1504; x_wconf 89' lang='lat' dir='ltr'>Dicit</span> <span class='ocrx_word' id='word_1_258' title='bbox 1033 1483 1112 1515; x_wconf 91' lang='lat' dir='ltr'>ergo</span> <span class='ocrx_word' id='word_1_259' title='bbox 1136 1472 1244 1516; x_wconf 91' lang='lat' dir='ltr'>primo</span> <span class='ocrx_word' id='word_1_260' title='bbox 1269 1470 1358 1516; x_wconf 93' lang='lat' dir='ltr'>quod</span> 
     </span>
     <span class='ocr_line' id='line_1_39' title="bbox 302 1515 1358 1562; baseline -0.003 -11"><span class='ocrx_word' id='word_1_261' title='bbox 302 1518 431 1562; x_wconf 85' lang='lat' dir='ltr'>spiritus</span> <span class='ocrx_word' id='word_1_262' title='bbox 455 1519 514 1550; x_wconf 92' lang='lat' dir='ltr'>iste</span> <span class='ocrx_word' id='word_1_263' title='bbox 538 1518 594 1562; x_wconf 91' lang='lat' dir='ltr'>qui</span> <span class='ocrx_word' id='word_1_264' title='bbox 618 1517 777 1550; x_wconf 87' lang='lat' dir='ltr'>exhalatio</span> <span class='ocrx_word' id='word_1_265' title='bbox 801 1517 885 1550; x_wconf 91' lang='lat' dir='ltr'>sicca</span> <span class='ocrx_word' id='word_1_266' title='bbox 907 1525 1058 1557; x_wconf 91' lang='lat' dir='ltr'>vocatur,</span> <span class='ocrx_word' id='word_1_267' title='bbox 1082 1515 1204 1549; x_wconf 88' lang='lat' dir='ltr'>habens</span> <span class='ocrx_word' id='word_1_268' title='bbox 1220 1515 1236 1532; x_wconf 83' lang='lat'><strong>*</strong></span> <span class='ocrx_word' id='word_1_269' title='bbox 1252 1524 1358 1560; x_wconf 89' lang='lat' dir='ltr'>partes</span> 
     </span>
     <span class='ocr_line' id='line_1_40' title="bbox 302 1560 1359 1605; baseline -0.002 -10"><span class='ocrx_word' id='word_1_270' title='bbox 302 1562 501 1602; x_wconf 90' lang='lat' dir='ltr'>subtiliores,</span> <span class='ocrx_word' id='word_1_271' title='bbox 525 1561 630 1594; x_wconf 89' lang='lat' dir='ltr'>fluens</span> <span class='ocrx_word' id='word_1_272' title='bbox 654 1573 693 1594; x_wconf 90' lang='lat' dir='ltr'>ex</span> <span class='ocrx_word' id='word_1_273' title='bbox 715 1561 785 1605; x_wconf 91' lang='lat' dir='ltr'>ipsa</span> <span class='ocrx_word' id='word_1_274' title='bbox 809 1560 895 1594; x_wconf 91' lang='lat' dir='ltr'>nube</span> <span class='ocrx_word' id='word_1_275' title='bbox 919 1572 977 1604; x_wconf 93' lang='lat' dir='ltr'>per</span> <span class='ocrx_word' id='word_1_276' title='bbox 1000 1560 1303 1604; x_wconf 86' lang='lat' dir='ltr'>interpolationem,</span> <span class='ocrx_word' id='word_1_277' title='bbox 1327 1569 1359 1593; x_wconf 91' lang='lat' dir='ltr'>et</span> 
     </span>
     <span class='ocr_line' id='line_1_41' title="bbox 302 1605 1359 1650; baseline -0.002 -11"><span class='ocrx_word' id='word_1_278' title='bbox 302 1606 466 1650; x_wconf 92' lang='lat' dir='ltr'>dispersus</span> <span class='ocrx_word' id='word_1_279' title='bbox 489 1607 523 1638; x_wconf 92' lang='lat' dir='ltr'>in</span> <span class='ocrx_word' id='word_1_280' title='bbox 541 1605 644 1639; x_wconf 90' lang='lat' dir='ltr'>multa</span> <span class='ocrx_word' id='word_1_281' title='bbox 666 1605 749 1645; x_wconf 91' lang='lat' dir='ltr'>loca,</span> <span class='ocrx_word' id='word_1_282' title='bbox 772 1614 821 1638; x_wconf 89' lang='lat' dir='ltr'>est</span> <span class='ocrx_word' id='word_1_283' title='bbox 844 1605 1042 1649; x_wconf 91' lang='lat' dir='ltr'>principium</span> <span class='ocrx_word' id='word_1_284' title='bbox 1066 1605 1202 1638; x_wconf 87' lang='lat' dir='ltr'>tonitrui</span> <span class='ocrx_word' id='word_1_285' title='bbox 1218 1613 1250 1637; x_wconf 92' lang='lat' dir='ltr'>et</span> <span class='ocrx_word' id='word_1_286' title='bbox 1266 1615 1359 1638; x_wconf 89' lang='lat' dir='ltr'>coru·</span> 
     </span>
     <span class='ocr_line' id='line_1_42' title="bbox 301 1648 1359 1694; baseline -0.001 -11"><span class='ocrx_word' id='word_1_287' title='bbox 301 1651 464 1691; x_wconf 87' lang='lat' dir='ltr'>scationis,</span> <span class='ocrx_word' id='word_1_288' title='bbox 481 1651 565 1682; x_wconf 91' lang='lat' dir='ltr'>sicut</span> <span class='ocrx_word' id='word_1_289' title='bbox 587 1651 678 1694; x_wconf 90' lang='lat' dir='ltr'>prius</span> <span class='ocrx_word' id='word_1_290' title='bbox 702 1648 826 1683; x_wconf 93' lang='lat' dir='ltr'>dictum</span> <span class='ocrx_word' id='word_1_291' title='bbox 850 1658 907 1682; x_wconf 90' lang='lat' dir='ltr'>est.</span> <span class='ocrx_word' id='word_1_292' title='bbox 933 1649 998 1683; x_wconf 92' lang='lat' dir='ltr'>Sed</span> <span class='ocrx_word' id='word_1_293' title='bbox 1017 1650 1043 1682; x_wconf 90' lang='lat' dir='ltr'>si</span> <span class='ocrx_word' id='word_1_294' title='bbox 1061 1648 1174 1682; x_wconf 89' lang='lat' dir='ltr'>eadem</span> <span class='ocrx_word' id='word_1_295' title='bbox 1198 1648 1359 1682; x_wconf 87' lang='lat' dir='ltr'>exhalatio</span> 
     </span>
     <span class='ocr_line' id='line_1_43' title="bbox 301 1692 1359 1739; baseline -0.001 -12"><span class='ocrx_word' id='word_1_296' title='bbox 301 1695 435 1739; x_wconf 91' lang='lat' dir='ltr'>spissior</span> <span class='ocrx_word' id='word_1_297' title='bbox 457 1693 553 1727; x_wconf 90' lang='lat' dir='ltr'>fuerit</span> <span class='ocrx_word' id='word_1_298' title='bbox 577 1703 608 1727; x_wconf 93' lang='lat' dir='ltr'>et</span> <span class='ocrx_word' id='word_1_299' title='bbox 630 1694 739 1726; x_wconf 92' lang='lat' dir='ltr'>minus</span> <span class='ocrx_word' id='word_1_300' title='bbox 763 1693 907 1734; x_wconf 92' lang='lat' dir='ltr'>subtilis,</span> <span class='ocrx_word' id='word_1_301' title='bbox 938 1702 970 1726; x_wconf 91' lang='lat' dir='ltr'>et</span> <span class='ocrx_word' id='word_1_302' title='bbox 997 1702 1186 1737; x_wconf 90' lang='lat' dir='ltr'>segregetur</span> <span class='ocrx_word' id='word_1_303' title='bbox 1209 1705 1248 1726; x_wconf 87' lang='lat' dir='ltr'>ex</span> <span class='ocrx_word' id='word_1_304' title='bbox 1272 1692 1359 1726; x_wconf 89' lang='lat' dir='ltr'>nube</span> 
     </span>
     <span class='ocr_line' id='line_1_44' title="bbox 301 1737 1359 1781; baseline -0.002 -9"><span class='ocrx_word' id='word_1_305' title='bbox 301 1739 403 1772; x_wconf 90' lang='lat' dir='ltr'>multa</span> <span class='ocrx_word' id='word_1_306' title='bbox 426 1737 523 1771; x_wconf 91' lang='lat' dir='ltr'>simul</span> <span class='ocrx_word' id='word_1_307' title='bbox 546 1737 601 1771; x_wconf 89' lang='lat' dir='ltr'>abs</span> <span class='ocrx_word' id='word_1_308' title='bbox 625 1749 666 1771; x_wconf 92' lang='lat' dir='ltr'>ue</span> <span class='ocrx_word' id='word_1_309' title='bbox 690 1737 963 1781; x_wconf 88' lang='lat' dir='ltr'>interpolatione,</span> <span class='ocrx_word' id='word_1_310' title='bbox 994 1747 1027 1771; x_wconf 91' lang='lat' dir='ltr'>et</span> <span class='ocrx_word' id='word_1_311' title='bbox 1057 1737 1177 1771; x_wconf 92' lang='lat' dir='ltr'>feratur</span> <span class='ocrx_word' id='word_1_312' title='bbox 1204 1737 1359 1771; x_wconf 92' lang='lat' dir='ltr'>deorsum</span> 
     </span>
     <span class='ocr_line' id='line_1_45' title="bbox 300 1781 1359 1826; baseline -0.001 -10"><span class='ocrx_word' id='word_1_313' title='bbox 300 1783 471 1823; x_wconf 90' lang='lat' dir='ltr'>velociter,</span> <span class='ocrx_word' id='word_1_314' title='bbox 499 1791 577 1815; x_wconf 90' lang='lat' dir='ltr'>tunc</span> <span class='ocrx_word' id='word_1_315' title='bbox 624 1790 637 1815; x_wconf 94' lang='lat' dir='ltr'>t</span> <span class='ocrx_word' id='word_1_316' title='bbox 659 1781 850 1826; x_wconf 89' lang='lat' dir='ltr'>ecnephias,</span> <span class='ocrx_word' id='word_1_317' title='bbox 880 1783 936 1826; x_wconf 91' lang='lat' dir='ltr'>qui</span> <span class='ocrx_word' id='word_1_318' title='bbox 959 1790 1008 1815; x_wconf 91' lang='lat' dir='ltr'>est</span> <span class='ocrx_word' id='word_1_319' title='bbox 1035 1782 1167 1826; x_wconf 89' lang='lat' dir='ltr'>spiritus</span> <span class='ocrx_word' id='word_1_320' title='bbox 1191 1781 1296 1815; x_wconf 90' lang='lat' dir='ltr'>fluens</span> <span class='ocrx_word' id='word_1_321' title='bbox 1321 1794 1359 1815; x_wconf 91' lang='lat' dir='ltr'>ex</span> 
     </span>
     <span class='ocr_line' id='line_1_46' title="bbox 301 1825 1359 1870; baseline -0.001 -10"><span class='ocrx_word' id='word_1_322' title='bbox 301 1827 386 1860; x_wconf 92' lang='lat' dir='ltr'>nube</span> <span class='ocrx_word' id='word_1_323' title='bbox 406 1826 586 1860; x_wconf 90' lang='lat' dir='ltr'>secundum</span> <span class='ocrx_word' id='word_1_324' title='bbox 609 1835 735 1859; x_wconf 92' lang='lat' dir='ltr'>rectum</span> <span class='ocrx_word' id='word_1_325' title='bbox 763 1825 916 1859; x_wconf 86' lang='lat' dir='ltr'>deorsum</span> <span class='ocrx_word' id='word_1_326' title='bbox 939 1826 1104 1866; x_wconf 92' lang='lat' dir='ltr'>velociter,</span> <span class='ocrx_word' id='word_1_327' title='bbox 1121 1835 1256 1870; x_wconf 90' lang='lat' dir='ltr'>propter</span> <span class='ocrx_word' id='word_1_328' title='bbox 1270 1826 1359 1859; x_wconf 91' lang='lat' dir='ltr'>velo-</span> 
     </span>
     <span class='ocr_line' id='line_1_47' title="bbox 302 1869 1361 1915; baseline -0.001 -10"><span class='ocrx_word' id='word_1_329' title='bbox 302 1883 372 1905; x_wconf 88' lang='lat' dir='ltr'>cem</span> <span class='ocrx_word' id='word_1_330' title='bbox 388 1871 647 1914; x_wconf 86' lang='lat' dir='ltr'>segregationem</span> <span class='ocrx_word' id='word_1_331' title='bbox 663 1882 746 1915; x_wconf 89' lang='lat' dir='ltr'>quae</span> <span class='ocrx_word' id='word_1_332' title='bbox 762 1869 798 1903; x_wconf 91' lang='lat' dir='ltr'>fit</span> <span class='ocrx_word' id='word_1_333' title='bbox 811 1882 829 1903; x_wconf 93' lang='lat' dir='ltr'>a</span> <span class='ocrx_word' id='word_1_334' title='bbox 845 1870 1070 1914; x_wconf 85' lang='lat' dir='ltr'>magnitudine</span> <span class='ocrx_word' id='word_1_335' title='bbox 1086 1870 1204 1914; x_wconf 88' lang='lat' dir='ltr'>frigidi.</span> <span class='ocrx_word' id='word_1_336' title='bbox 1222 1871 1361 1915; x_wconf 90' lang='lat' dir='ltr'>Propter</span> 
     </span>
     <span class='ocr_line' id='line_1_48' title="bbox 302 1914 1359 1960; baseline 0 -12"><span class='ocrx_word' id='word_1_337' title='bbox 302 1915 390 1960; x_wconf 90' lang='lat' dir='ltr'>quod</span> <span class='ocrx_word' id='word_1_338' title='bbox 414 1914 587 1959; x_wconf 90' lang='lat' dir='ltr'>ecnephias</span> <span class='ocrx_word' id='word_1_339' title='bbox 611 1923 659 1947; x_wconf 92' lang='lat' dir='ltr'>est</span> <span class='ocrx_word' id='word_1_340' title='bbox 681 1923 798 1947; x_wconf 87' lang='lat' dir='ltr'>ventus</span> <span class='ocrx_word' id='word_1_341' title='bbox 821 1914 1003 1948; x_wconf 79' lang='lat' dir='ltr'>violentus:</span> <span class='ocrx_word' id='word_1_342' title='bbox 1032 1915 1108 1959; x_wconf 91' lang='lat' dir='ltr'>quia</span> <span class='ocrx_word' id='word_1_343' title='bbox 1131 1915 1287 1948; x_wconf 91' lang='lat' dir='ltr'>velocitas</span> <span class='ocrx_word' id='word_1_344' title='bbox 1311 1927 1359 1948; x_wconf 93' lang='lat' dir='ltr'>se-</span> 
     </span>
     <span class='ocr_line' id='line_1_49' title="bbox 300 1958 1359 2003; baseline 0.001 -12"><span class='ocrx_word' id='word_1_345' title='bbox 300 1959 497 2003; x_wconf 88' lang='lat' dir='ltr'>gregationis</span> <span class='ocrx_word' id='word_1_346' title='bbox 524 1958 599 1991; x_wconf 90' lang='lat' dir='ltr'>facit</span> <span class='ocrx_word' id='word_1_347' title='bbox 628 1967 757 1991; x_wconf 89' lang='lat' dir='ltr'>motum</span> <span class='ocrx_word' id='word_1_348' title='bbox 780 1958 950 1999; x_wconf 88' lang='lat' dir='ltr'>velocem,</span> <span class='ocrx_word' id='word_1_349' title='bbox 981 1959 1078 1992; x_wconf 91' lang='lat' dir='ltr'>velox</span> <span class='ocrx_word' id='word_1_350' title='bbox 1108 1968 1217 1992; x_wconf 89' lang='lat' dir='ltr'>autem</span> <span class='ocrx_word' id='word_1_351' title='bbox 1248 1968 1359 1993; x_wconf 91' lang='lat' dir='ltr'>motus</span> 
     </span>
     <span class='ocr_line' id='line_1_50' title="bbox 301 2002 1360 2048; baseline 0.001 -12"><span class='ocrx_word' id='word_1_352' title='bbox 301 2015 369 2036; x_wconf 91' lang='lat' dir='ltr'>non</span> <span class='ocrx_word' id='word_1_353' title='bbox 386 2012 434 2036; x_wconf 92' lang='lat' dir='ltr'>est</span> <span class='ocrx_word' id='word_1_354' title='bbox 449 2004 518 2036; x_wconf 91' lang='lat' dir='ltr'>sine</span> <span class='ocrx_word' id='word_1_355' title='bbox 534 2002 689 2035; x_wconf 90' lang='lat' dir='ltr'>violentia</span> <span class='ocrx_word' id='word_1_356' title='bbox 695 2015 705 2043; x_wconf 83' lang='lat'>3</span> <span class='ocrx_word' id='word_1_357' title='bbox 730 2012 917 2046; x_wconf 88' lang='lat' dir='ltr'>segregatur</span> <span class='ocrx_word' id='word_1_358' title='bbox 935 2012 1045 2036; x_wconf 88' lang='lat' dir='ltr'>autem</span> <span class='ocrx_word' id='word_1_359' title='bbox 1065 2003 1210 2037; x_wconf 89' lang='lat' dir='ltr'>celeriter</span> <span class='ocrx_word' id='word_1_360' title='bbox 1226 2013 1360 2048; x_wconf 90' lang='lat' dir='ltr'>propter</span> 
     </span>
     <span class='ocr_line' id='line_1_51' title="bbox 301 2046 888 2090; baseline 0 -10"><span class='ocrx_word' id='word_1_361' title='bbox 301 2046 525 2080; x_wconf 89' lang='lat' dir='ltr'>fortitudinem</span> <span class='ocrx_word' id='word_1_362' title='bbox 549 2046 655 2090; x_wconf 90' lang='lat' dir='ltr'>frigidi</span> <span class='ocrx_word' id='word_1_363' title='bbox 679 2047 888 2090; x_wconf 90' lang='lat' dir='ltr'>segregantis.</span> 
     </span>
    </p>

    <p class='ocr_par' dir='ltr' id='par_1_14' title="bbox 299 2090 1360 3198">
     <span class='ocr_line' id='line_1_52' title="bbox 356 2090 1359 2142; baseline 0.003 -19"><span class='ocrx_word' id='word_1_364' title='bbox 356 2102 386 2135; x_wconf 89' lang='lat'>3.</span> <span class='ocrx_word' id='word_1_365' title='bbox 410 2090 537 2124; x_wconf 88' lang='lat' dir='ltr'>Deinde</span> <span class='ocrx_word' id='word_1_366' title='bbox 560 2102 635 2124; x_wconf 89' lang='lat' dir='ltr'>cum</span> <span class='ocrx_word' id='word_1_367' title='bbox 659 2090 750 2124; x_wconf 88' lang='lat' dir='ltr'>dicit:</span> <span class='ocrx_word' id='word_1_368' title='bbox 771 2091 902 2134; x_wconf 86' lang='lat' dir='ltr'>Quando</span> <span class='ocrx_word' id='word_1_369' title='bbox 917 2092 1036 2142; x_wconf 80' lang='lat' dir='ltr'>quidem</span> <span class='ocrx_word' id='word_1_370' title='bbox 1051 2092 1144 2136; x_wconf 80' lang='lat' dir='ltr'>igitur</span> <span class='ocrx_word' id='word_1_371' title='bbox 1159 2101 1233 2133; x_wconf 90' lang='lat' dir='ltr'>etc.,</span> <span class='ocrx_word' id='word_1_372' title='bbox 1250 2101 1359 2126; x_wconf 90' lang='lat' dir='ltr'>osten-</span> 
     </span>
     <span class='ocr_line' id='line_1_53' title="bbox 300 2134 1359 2180; baseline 0.003 -13"><span class='ocrx_word' id='word_1_373' title='bbox 300 2135 347 2168; x_wconf 92' lang='lat' dir='ltr'>dit</span> <span class='ocrx_word' id='word_1_374' title='bbox 374 2146 504 2168; x_wconf 85' lang='lat' dir='ltr'>causam</span> <span class='ocrx_word' id='word_1_375' title='bbox 534 2134 752 2168; x_wconf 90' lang='lat' dir='ltr'>multitudinis</span> <span class='ocrx_word' id='word_1_376' title='bbox 783 2144 815 2168; x_wconf 91' lang='lat' dir='ltr'>et</span> <span class='ocrx_word' id='word_1_377' title='bbox 845 2136 1068 2169; x_wconf 79' lang='lat' dir='ltr'>continuitatis</span> <span class='ocrx_word' id='word_1_378' title='bbox 1099 2136 1286 2180; x_wconf 89' lang='lat' dir='ltr'>ecnephiae.</span> <span class='ocrx_word' id='word_1_379' title='bbox 1318 2139 1359 2170; x_wconf 87' lang='lat' dir='ltr'>Et</span> 
     </span>
     <span class='ocr_line' id='line_1_54' title="bbox 300 2178 1359 2226; baseline 0.002 -14"><span class='ocrx_word' id='word_1_380' title='bbox 300 2179 376 2213; x_wconf 90' lang='lat' dir='ltr'>dicit</span> <span class='ocrx_word' id='word_1_381' title='bbox 399 2178 499 2223; x_wconf 92' lang='lat' dir='ltr'>quod,</span> <span class='ocrx_word' id='word_1_382' title='bbox 523 2178 654 2223; x_wconf 90' lang='lat' dir='ltr'>quando</span> <span class='ocrx_word' id='word_1_383' title='bbox 678 2179 838 2212; x_wconf 83' lang='lat' dir='ltr'>exhalatio</span> <span class='ocrx_word' id='word_1_384' title='bbox 866 2180 961 2220; x_wconf 88' lang='lat' dir='ltr'>sicca,</span> <span class='ocrx_word' id='word_1_385' title='bbox 985 2191 1099 2224; x_wconf 91' lang='lat' dir='ltr'>grossa</span> <span class='ocrx_word' id='word_1_386' title='bbox 1122 2189 1154 2214; x_wconf 95' lang='lat' dir='ltr'>et</span> <span class='ocrx_word' id='word_1_387' title='bbox 1177 2190 1359 2226; x_wconf 89' lang='lat' dir='ltr'>compacta,</span> 
     </span>
     <span class='ocr_line' id='line_1_55' title="bbox 300 2222 1359 2275; baseline 0.003 -19"><span class='ocrx_word' id='word_1_388' title='bbox 300 2232 486 2267; x_wconf 89' lang='lat' dir='ltr'>segregatur</span> <span class='ocrx_word' id='word_1_389' title='bbox 508 2235 547 2256; x_wconf 85' lang='lat' dir='ltr'>ex</span> <span class='ocrx_word' id='word_1_390' title='bbox 569 2222 655 2256; x_wconf 92' lang='lat' dir='ltr'>nube</span> <span class='ocrx_word' id='word_1_391' title='bbox 672 2232 704 2256; x_wconf 92' lang='lat' dir='ltr'>et</span> <span class='ocrx_word' id='word_1_392' title='bbox 719 2232 768 2256; x_wconf 93' lang='lat' dir='ltr'>est</span> <span class='ocrx_word' id='word_1_393' title='bbox 790 2223 904 2265; x_wconf 89' lang='lat' dir='ltr'>multa,</span> <span class='ocrx_word' id='word_1_394' title='bbox 928 2225 972 2257; x_wconf 91' lang='lat' dir='ltr'>ita</span> <span class='ocrx_word' id='word_1_395' title='bbox 995 2224 1085 2275; x_wconf 81' lang='lat' dir='ltr'>quod</span> <span class='ocrx_word' id='word_1_396' title='bbox 1105 2224 1208 2269; x_wconf 88' lang='lat' dir='ltr'>longo</span> <span class='ocrx_word' id='word_1_397' title='bbox 1231 2234 1359 2270; x_wconf 90' lang='lat' dir='ltr'>tempo-</span> 
     </span>
     <span class='ocr_line' id='line_1_56' title="bbox 300 2267 1360 2314; baseline 0.003 -14"><span class='ocrx_word' id='word_1_398' title='bbox 300 2279 333 2300; x_wconf 89' lang='lat' dir='ltr'>re</span> <span class='ocrx_word' id='word_1_399' title='bbox 356 2278 421 2300; x_wconf 89' lang='lat' dir='ltr'>una</span> <span class='ocrx_word' id='word_1_400' title='bbox 446 2278 519 2311; x_wconf 88' lang='lat' dir='ltr'>pars</span> <span class='ocrx_word' id='word_1_401' title='bbox 543 2276 697 2311; x_wconf 90' lang='lat' dir='ltr'>sequatur</span> <span class='ocrx_word' id='word_1_402' title='bbox 720 2267 833 2308; x_wconf 88' lang='lat' dir='ltr'>aliam,</span> <span class='ocrx_word' id='word_1_403' title='bbox 858 2277 936 2301; x_wconf 92' lang='lat' dir='ltr'>tunc</span> <span class='ocrx_word' id='word_1_404' title='bbox 959 2269 1092 2312; x_wconf 90' lang='lat' dir='ltr'>sp1ritus</span> <span class='ocrx_word' id='word_1_405' title='bbox 1121 2269 1299 2314; x_wconf 91' lang='lat' dir='ltr'>ecnephiae</span> <span class='ocrx_word' id='word_1_406' title='bbox 1324 2269 1360 2303; x_wconf 86' lang='lat' dir='ltr'>fit</span> 
     </span>
     <span class='ocr_line' id='line_1_57' title="bbox 299 2312 1358 2356; baseline 0.005 -13"><span class='ocrx_word' id='word_1_407' title='bbox 299 2323 438 2355; x_wconf 85' lang='lat' dir='ltr'>magnus</span> <span class='ocrx_word' id='word_1_408' title='bbox 469 2320 501 2344; x_wconf 89' lang='lat' dir='ltr'>et</span> <span class='ocrx_word' id='word_1_409' title='bbox 531 2313 727 2352; x_wconf 89' lang='lat' dir='ltr'>continuus,</span> <span class='ocrx_word' id='word_1_410' title='bbox 762 2321 896 2356; x_wconf 90' lang='lat' dir='ltr'>propter</span> <span class='ocrx_word' id='word_1_411' title='bbox 929 2312 1174 2347; x_wconf 90' lang='lat' dir='ltr'>multitudinem</span> <span class='ocrx_word' id='word_1_412' title='bbox 1204 2315 1358 2348; x_wconf 88' lang='lat' dir='ltr'>materiae</span> 
     </span>
     <span class='ocr_line' id='line_1_58' title="bbox 301 2356 1360 2399; baseline 0.005 -12"><span class='ocrx_word' id='word_1_413' title='bbox 301 2356 473 2388; x_wconf 87' lang='lat' dir='ltr'>continuae</span> <span class='ocrx_word' id='word_1_414' title='bbox 497 2356 654 2388; x_wconf 87' lang='lat' dir='ltr'>exeuntis:</span> <span class='ocrx_word' id='word_1_415' title='bbox 683 2356 766 2389; x_wconf 87' lang='lat' dir='ltr'>sicut</span> <span class='ocrx_word' id='word_1_416' title='bbox 790 2365 823 2390; x_wconf 87' lang='lat' dir='ltr'>et</span> <span class='ocrx_word' id='word_1_417' title='bbox 847 2357 1006 2390; x_wconf 90' lang='lat' dir='ltr'>contraria</span> <span class='ocrx_word' id='word_1_418' title='bbox 1030 2357 1212 2399; x_wconf 88' lang='lat' dir='ltr'>exhalatio,</span> <span class='ocrx_word' id='word_1_419' title='bbox 1237 2358 1360 2392; x_wconf 92' lang='lat' dir='ltr'>scilicet</span> 
     </span>
     <span class='ocr_line' id='line_1_59' title="bbox 300 2398 1360 2447; baseline 0.004 -15"><span class='ocrx_word' id='word_1_420' title='bbox 300 2398 453 2440; x_wconf 84' lang='lat' dir='ltr'>humida,</span> <span class='ocrx_word' id='word_1_421' title='bbox 477 2410 553 2432; x_wconf 91' lang='lat' dir='ltr'>cum</span> <span class='ocrx_word' id='word_1_422' title='bbox 576 2408 742 2440; x_wconf 88' lang='lat' dir='ltr'>movetur,</span> <span class='ocrx_word' id='word_1_423' title='bbox 766 2409 799 2434; x_wconf 92' lang='lat' dir='ltr'>et</span> <span class='ocrx_word' id='word_1_424' title='bbox 821 2401 982 2444; x_wconf 90' lang='lat' dir='ltr'>incipiunt</span> <span class='ocrx_word' id='word_1_425' title='bbox 1004 2403 1166 2445; x_wconf 88' lang='lat' dir='ltr'>segregari</span> <span class='ocrx_word' id='word_1_426' title='bbox 1195 2412 1303 2447; x_wconf 90' lang='lat' dir='ltr'>partes</span> <span class='ocrx_word' id='word_1_427' title='bbox 1327 2412 1360 2436; x_wconf 92' lang='lat' dir='ltr'>et</span> 
     </span>
     <span class='ocr_line' id='line_1_60' title="bbox 301 2442 1360 2492; baseline 0.006 -17"><span class='ocrx_word' id='word_1_428' title='bbox 301 2443 413 2476; x_wconf 87' lang='lat' dir='ltr'>cadere</span> <span class='ocrx_word' id='word_1_429' title='bbox 431 2442 557 2487; x_wconf 88' lang='lat' dir='ltr'>pluvia,</span> <span class='ocrx_word' id='word_1_430' title='bbox 581 2444 608 2476; x_wconf 92' lang='lat' dir='ltr'>si</span> <span class='ocrx_word' id='word_1_431' title='bbox 626 2445 667 2477; x_wconf 94' lang='lat' dir='ltr'>sit</span> <span class='ocrx_word' id='word_1_432' title='bbox 683 2444 796 2485; x_wconf 89' lang='lat' dir='ltr'>multa,</span> <span class='ocrx_word' id='word_1_433' title='bbox 821 2456 885 2478; x_wconf 91' lang='lat' dir='ltr'>una</span> <span class='ocrx_word' id='word_1_434' title='bbox 909 2456 982 2489; x_wconf 91' lang='lat' dir='ltr'>pars</span> <span class='ocrx_word' id='word_1_435' title='bbox 1007 2447 1162 2479; x_wconf 88' lang='lat' dir='ltr'>continue</span> <span class='ocrx_word' id='word_1_436' title='bbox 1183 2446 1268 2480; x_wconf 91' lang='lat' dir='ltr'>cadit</span> <span class='ocrx_word' id='word_1_437' title='bbox 1283 2456 1360 2492; x_wconf 90' lang='lat' dir='ltr'>post</span> 
     </span>
     <span class='ocr_line' id='line_1_61' title="bbox 301 2486 1359 2531; baseline 0.007 -12"><span class='ocrx_word' id='word_1_438' title='bbox 301 2487 406 2527; x_wconf 89' lang='lat' dir='ltr'>aliam,</span> <span class='ocrx_word' id='word_1_439' title='bbox 423 2496 454 2520; x_wconf 88' lang='lat' dir='ltr'>et</span> <span class='ocrx_word' id='word_1_440' title='bbox 469 2486 551 2520; x_wconf 88' lang='lat' dir='ltr'>fiunt</span> <span class='ocrx_word' id='word_1_441' title='bbox 566 2499 618 2520; x_wconf 90' lang='lat' dir='ltr'>ma</span> <span class='ocrx_word' id='word_1_442' title='bbox 643 2489 675 2520; x_wconf 92' lang='lat' dir='ltr'>ni</span> <span class='ocrx_word' id='word_1_443' title='bbox 692 2497 723 2521; x_wconf 92' lang='lat' dir='ltr'>et</span> <span class='ocrx_word' id='word_1_444' title='bbox 743 2490 889 2522; x_wconf 91' lang='lat' dir='ltr'>continui</span> <span class='ocrx_word' id='word_1_445' title='bbox 909 2489 1036 2523; x_wconf 91' lang='lat' dir='ltr'>imbres.</span> <span class='ocrx_word' id='word_1_446' title='bbox 1063 2490 1167 2531; x_wconf 88' lang='lat' dir='ltr'>Quod</span> <span class='ocrx_word' id='word_1_447' title='bbox 1184 2500 1294 2525; x_wconf 89' lang='lat' dir='ltr'>autem</span> <span class='ocrx_word' id='word_1_448' title='bbox 1311 2503 1359 2526; x_wconf 88' lang='lat' dir='ltr'>ra-</span> 
     </span>
     <span class='ocr_line' id='line_1_62' title="bbox 301 2500 1359 2570; baseline 0.007 -7"><span class='ocrx_word' id='word_1_449' title='bbox 301 2530 462 2564; x_wconf 89' lang='lat' dir='ltr'>tionabilis</span> <span class='ocrx_word' id='word_1_450' title='bbox 486 2532 527 2563; x_wconf 91' lang='lat' dir='ltr'>sit</span> <span class='ocrx_word' id='word_1_451' title='bbox 550 2500 729 2565; x_wconf 61' lang='lat' dir='ltr'>simiiitudo</span> <span class='ocrx_word' id='word_1_452' title='bbox 754 2533 836 2566; x_wconf 90' lang='lat' dir='ltr'>inter</span> <span class='ocrx_word' id='word_1_453' title='bbox 860 2534 936 2566; x_wconf 87' lang='lat' dir='ltr'>istas</span> <span class='ocrx_word' id='word_1_454' title='bbox 961 2533 1040 2567; x_wconf 91' lang='lat' dir='ltr'>duas</span> <span class='ocrx_word' id='word_1_455' title='bbox 1065 2536 1241 2569; x_wconf 86' lang='lat' dir='ltr'>contrarias</span> <span class='ocrx_word' id='word_1_456' title='bbox 1263 2535 1359 2570; x_wconf 89' lang='lat' dir='ltr'>exha-</span> 
     </span>
     <span class='ocr_line' id='line_1_63' title="bbox 301 2574 1360 2623; baseline 0.007 -16"><span class='ocrx_word' id='word_1_457' title='bbox 301 2574 448 2616; x_wconf 78' lang='lat' dir='ltr'>lationes,</span> <span class='ocrx_word' id='word_1_458' title='bbox 465 2574 604 2608; x_wconf 89' lang='lat' dir='ltr'>declarat</span> <span class='ocrx_word' id='word_1_459' title='bbox 626 2587 683 2620; x_wconf 91' lang='lat' dir='ltr'>per</span> <span class='ocrx_word' id='word_1_460' title='bbox 707 2576 770 2609; x_wconf 90' lang='lat' dir='ltr'>hoc</span> <span class='ocrx_word' id='word_1_461' title='bbox 796 2577 885 2622; x_wconf 92' lang='lat' dir='ltr'>quod</span> <span class='ocrx_word' id='word_1_462' title='bbox 909 2587 1084 2623; x_wconf 90' lang='lat' dir='ltr'>utrumque</span> <span class='ocrx_word' id='word_1_463' title='bbox 1109 2579 1228 2613; x_wconf 89' lang='lat' dir='ltr'>horum</span> <span class='ocrx_word' id='word_1_464' title='bbox 1249 2589 1299 2614; x_wconf 90' lang='lat' dir='ltr'>est</span> <span class='ocrx_word' id='word_1_465' title='bbox 1326 2581 1360 2614; x_wconf 91' lang='lat' dir='ltr'>in</span> 
     </span>
     <span class='ocr_line' id='line_1_64' title="bbox 301 2619 1359 2669; baseline 0.008 -18"><span class='ocrx_word' id='word_1_466' title='bbox 301 2619 447 2663; x_wconf 89' lang='lat' dir='ltr'>potentia</span> <span class='ocrx_word' id='word_1_467' title='bbox 469 2619 503 2652; x_wconf 90' lang='lat' dir='ltr'>in</span> <span class='ocrx_word' id='word_1_468' title='bbox 525 2619 639 2653; x_wconf 88' lang='lat' dir='ltr'>eadem</span> <span class='ocrx_word' id='word_1_469' title='bbox 662 2620 767 2661; x_wconf 92' lang='lat' dir='ltr'>nube;</span> <span class='ocrx_word' id='word_1_470' title='bbox 791 2622 866 2666; x_wconf 84' lang='lat' dir='ltr'>quia</span> <span class='ocrx_word' id='word_1_471' title='bbox 886 2622 1147 2668; x_wconf 89' lang='lat' dir='ltr'>unumquodque</span> <span class='ocrx_word' id='word_1_472' title='bbox 1171 2633 1220 2657; x_wconf 91' lang='lat' dir='ltr'>est</span> <span class='ocrx_word' id='word_1_473' title='bbox 1242 2624 1277 2658; x_wconf 91' lang='lat' dir='ltr'>in</span> <span class='ocrx_word' id='word_1_474' title='bbox 1301 2636 1359 2669; x_wconf 93' lang='lat' dir='ltr'>po-</span> 
     </span>
     <span class='ocr_line' id='line_1_65' title="bbox 301 2663 1360 2711; baseline 0.008 -16"><span class='ocrx_word' id='word_1_475' title='bbox 301 2663 401 2696; x_wconf 88' lang='lat' dir='ltr'>tentia</span> <span class='ocrx_word' id='word_1_476' title='bbox 432 2663 465 2695; x_wconf 88' lang='lat' dir='ltr'>in</span> <span class='ocrx_word' id='word_1_477' title='bbox 494 2664 628 2696; x_wconf 84' lang='lat' dir='ltr'>materia</span> <span class='ocrx_word' id='word_1_478' title='bbox 662 2676 701 2697; x_wconf 91' lang='lat' dir='ltr'>ex</span> <span class='ocrx_word' id='word_1_479' title='bbox 732 2676 795 2709; x_wconf 88' lang='lat' dir='ltr'>qua</span> <span class='ocrx_word' id='word_1_480' title='bbox 823 2665 876 2698; x_wconf 89' lang='lat' dir='ltr'>fit:</span> <span class='ocrx_word' id='word_1_481' title='bbox 908 2666 1082 2711; x_wconf 85' lang='lat' dir='ltr'>ecnephias</span> <span class='ocrx_word' id='word_1_482' title='bbox 1112 2677 1222 2701; x_wconf 88' lang='lat' dir='ltr'>autem</span> <span class='ocrx_word' id='word_1_483' title='bbox 1253 2667 1291 2702; x_wconf 86' lang='lat' dir='ltr'>fit</span> <span class='ocrx_word' id='word_1_484' title='bbox 1321 2681 1360 2702; x_wconf 89' lang='lat' dir='ltr'>ex</span> 
     </span>
     <span class='ocr_line' id='line_1_66' title="bbox 303 2706 1360 2755; baseline 0.008 -16"><span class='ocrx_word' id='word_1_485' title='bbox 303 2706 505 2740; x_wconf 86' lang='lat' dir='ltr'>exhalatione</span> <span class='ocrx_word' id='word_1_486' title='bbox 530 2708 613 2741; x_wconf 89' lang='lat' dir='ltr'>sicca</span> <span class='ocrx_word' id='word_1_487' title='bbox 637 2707 761 2741; x_wconf 87' lang='lat' dir='ltr'>inclusa</span> <span class='ocrx_word' id='word_1_488' title='bbox 784 2710 818 2742; x_wconf 92' lang='lat' dir='ltr'>in</span> <span class='ocrx_word' id='word_1_489' title='bbox 834 2709 931 2751; x_wconf 91' lang='lat' dir='ltr'>nube,</span> <span class='ocrx_word' id='word_1_490' title='bbox 947 2719 979 2743; x_wconf 93' lang='lat' dir='ltr'>et</span> <span class='ocrx_word' id='word_1_491' title='bbox 997 2710 1108 2755; x_wconf 89' lang='lat' dir='ltr'>pluvia</span> <span class='ocrx_word' id='word_1_492' title='bbox 1154 2722 1305 2746; x_wconf 90' lang='lat' dir='ltr'>eneratur</span> <span class='ocrx_word' id='word_1_493' title='bbox 1320 2725 1360 2747; x_wconf 92' lang='lat' dir='ltr'>ex</span> 
     </span>
     <span class='ocr_line' id='line_1_67' title="bbox 301 2751 1359 2800; baseline 0.009 -18"><span class='ocrx_word' id='word_1_494' title='bbox 301 2761 423 2794; x_wconf 88' lang='lat' dir='ltr'>vapore</span> <span class='ocrx_word' id='word_1_495' title='bbox 446 2751 548 2795; x_wconf 87' lang='lat' dir='ltr'>ipsius</span> <span class='ocrx_word' id='word_1_496' title='bbox 572 2751 678 2785; x_wconf 90' lang='lat' dir='ltr'>nubis.</span> <span class='ocrx_word' id='word_1_497' title='bbox 703 2753 743 2786; x_wconf 89' lang='lat' dir='ltr'>Et</span> <span class='ocrx_word' id='word_1_498' title='bbox 759 2753 906 2787; x_wconf 90' lang='lat' dir='ltr'>similiter</span> <span class='ocrx_word' id='word_1_499' title='bbox 929 2763 1104 2800; x_wconf 88' lang='lat' dir='ltr'>utrumque</span> <span class='ocrx_word' id='word_1_500' title='bbox 1152 2765 1164 2790; x_wconf 95' lang='lat' dir='ltr'>t</span> <span class='ocrx_word' id='word_1_501' title='bbox 1184 2755 1224 2790; x_wconf 88' lang='lat' dir='ltr'>ab</span> <span class='ocrx_word' id='word_1_502' title='bbox 1241 2757 1359 2791; x_wconf 91' lang='lat' dir='ltr'>eodem</span> 
     </span>
     <span class='ocr_line' id='line_1_68' title="bbox 303 2795 1359 2843; baseline 0.009 -17"><span class='ocrx_word' id='word_1_503' title='bbox 303 2795 404 2838; x_wconf 89' lang='lat' dir='ltr'>princi</span> <span class='ocrx_word' id='word_1_504' title='bbox 431 2795 463 2828; x_wconf 93' lang='lat' dir='ltr'>io</span> <span class='ocrx_word' id='word_1_505' title='bbox 487 2796 610 2837; x_wconf 91' lang='lat' dir='ltr'>activo,</span> <span class='ocrx_word' id='word_1_506' title='bbox 634 2796 756 2830; x_wconf 91' lang='lat' dir='ltr'>scilicet</span> <span class='ocrx_word' id='word_1_507' title='bbox 779 2809 797 2830; x_wconf 89' lang='lat' dir='ltr'>a</span> <span class='ocrx_word' id='word_1_508' title='bbox 820 2798 1005 2832; x_wconf 90' lang='lat' dir='ltr'>vehementi</span> <span class='ocrx_word' id='word_1_509' title='bbox 1029 2799 1219 2843; x_wconf 88' lang='lat' dir='ltr'>frigiditate:</span> <span class='ocrx_word' id='word_1_510' title='bbox 1245 2801 1359 2836; x_wconf 83' lang='lat' dir='ltr'>eadem</span> 
     </span>
     <span class='ocr_line' id='line_1_69' title="bbox 303 2839 1359 2890; baseline 0.009 -19"><span class='ocrx_word' id='word_1_511' title='bbox 303 2839 390 2871; x_wconf 89' lang='lat' dir='ltr'>enim</span> <span class='ocrx_word' id='word_1_512' title='bbox 418 2839 444 2871; x_wconf 90' lang='lat' dir='ltr'>ri</span> <span class='ocrx_word' id='word_1_513' title='bbox 469 2839 561 2873; x_wconf 86' lang='lat' dir='ltr'>iditas</span> <span class='ocrx_word' id='word_1_514' title='bbox 578 2839 642 2873; x_wconf 92' lang='lat' dir='ltr'>loci</span> <span class='ocrx_word' id='word_1_515' title='bbox 663 2849 695 2874; x_wconf 89' lang='lat' dir='ltr'>et</span> <span class='ocrx_word' id='word_1_516' title='bbox 709 2841 805 2874; x_wconf 90' lang='lat' dir='ltr'>nubis</span> <span class='ocrx_word' id='word_1_517' title='bbox 825 2844 991 2877; x_wconf 91' lang='lat' dir='ltr'>concernit</span> <span class='ocrx_word' id='word_1_518' title='bbox 1005 2855 1162 2888; x_wconf 90' lang='lat' dir='ltr'>vaporem</span> <span class='ocrx_word' id='word_1_519' title='bbox 1179 2846 1212 2878; x_wconf 94' lang='lat' dir='ltr'>in</span> <span class='ocrx_word' id='word_1_520' title='bbox 1229 2857 1359 2890; x_wconf 89' lang='lat' dir='ltr'>aquam,</span> 
     </span>
     <span class='ocr_line' id='line_1_70' title="bbox 303 2882 1359 2927; baseline 0.009 -12"><span class='ocrx_word' id='word_1_521' title='bbox 303 2891 335 2915; x_wconf 91' lang='lat' dir='ltr'>et</span> <span class='ocrx_word' id='word_1_522' title='bbox 351 2882 442 2927; x_wconf 87' lang='lat' dir='ltr'>expel</span> <span class='ocrx_word' id='word_1_523' title='bbox 456 2884 480 2916; x_wconf 92' lang='lat' dir='ltr'>it</span> <span class='ocrx_word' id='word_1_524' title='bbox 495 2883 654 2917; x_wconf 91' lang='lat' dir='ltr'>violenter</span> <span class='ocrx_word' id='word_1_525' title='bbox 677 2886 870 2919; x_wconf 88' lang='lat' dir='ltr'>contrariam</span> <span class='ocrx_word' id='word_1_526' title='bbox 894 2887 1134 2922; x_wconf 87' lang='lat' dir='ltr'>exhalationem</span> <span class='ocrx_word' id='word_1_527' title='bbox 1159 2889 1295 2923; x_wconf 86' lang='lat' dir='ltr'>calidam</span> <span class='ocrx_word' id='word_1_528' title='bbox 1319 2902 1359 2923; x_wconf 87' lang='lat' dir='ltr'>ex</span> 
     </span>
     <span class='ocr_line' id='line_1_71' title="bbox 302 2926 1359 2978; baseline 0.009 -19"><span class='ocrx_word' id='word_1_529' title='bbox 302 2926 397 2960; x_wconf 92' lang='lat' dir='ltr'>nube.</span> <span class='ocrx_word' id='word_1_530' title='bbox 415 2927 479 2960; x_wconf 87' lang='lat' dir='ltr'>Pro</span> <span class='ocrx_word' id='word_1_531' title='bbox 505 2936 552 2961; x_wconf 91' lang='lat' dir='ltr'>ter</span> <span class='ocrx_word' id='word_1_532' title='bbox 575 2927 664 2972; x_wconf 92' lang='lat' dir='ltr'>quod</span> <span class='ocrx_word' id='word_1_533' title='bbox 680 2930 777 2963; x_wconf 90' lang='lat' dir='ltr'>etiam</span> <span class='ocrx_word' id='word_1_534' title='bbox 793 2930 971 2973; x_wconf 86' lang='lat' dir='ltr'>multoties,</span> <span class='ocrx_word' id='word_1_535' title='bbox 988 2944 1063 2965; x_wconf 89' lang='lat' dir='ltr'>cum</span> <span class='ocrx_word' id='word_1_536' title='bbox 1081 2932 1144 2966; x_wconf 90' lang='lat' dir='ltr'>tale</span> <span class='ocrx_word' id='word_1_537' title='bbox 1160 2933 1359 2978; x_wconf 90' lang='lat' dir='ltr'>principium</span> 
     </span>
     <span class='ocr_line' id='line_1_72' title="bbox 303 2970 1360 3029; baseline 0.009 -27"><span class='ocrx_word' id='word_1_538' title='bbox 303 2970 398 3003; x_wconf 91' lang='lat' dir='ltr'>fuerit</span> <span class='ocrx_word' id='word_1_539' title='bbox 413 2982 475 3015; x_wconf 93' lang='lat' dir='ltr'>app</span> <span class='ocrx_word' id='word_1_540' title='bbox 490 2972 610 3005; x_wconf 89' lang='lat' dir='ltr'>icatum</span> <span class='ocrx_word' id='word_1_541' title='bbox 633 2973 712 3006; x_wconf 91' lang='lat' dir='ltr'>nubi</span> <span class='ocrx_word' id='word_1_542' title='bbox 736 2974 769 3006; x_wconf 91' lang='lat' dir='ltr'>in</span> <span class='ocrx_word' id='word_1_543' title='bbox 794 2986 857 3018; x_wconf 90' lang='lat' dir='ltr'>qua</span> <span class='ocrx_word' id='word_1_544' title='bbox 881 2984 1056 3021; x_wconf 90' lang='lat' dir='ltr'>utrumque</span> <span class='ocrx_word' id='word_1_545' title='bbox 1081 2985 1130 3010; x_wconf 91' lang='lat' dir='ltr'>est</span> <span class='ocrx_word' id='word_1_546' title='bbox 1153 2977 1187 3010; x_wconf 89' lang='lat' dir='ltr'>in</span> <span class='ocrx_word' id='word_1_547' title='bbox 1203 2979 1360 3029; x_wconf 86' lang='lat' dir='ltr'>potentia,</span> 
     </span>
     <span class='ocr_line' id='line_1_73' title="bbox 303 3018 1360 3061; baseline 0.009 -14"><span class='ocrx_word' id='word_1_548' title='bbox 303 3024 474 3058; x_wconf 88' lang='lat' dir='ltr'>generatur</span> <span class='ocrx_word' id='word_1_549' title='bbox 505 3025 679 3061; x_wconf 89' lang='lat' dir='ltr'>utrumque</span> <span class='ocrx_word' id='word_1_550' title='bbox 703 3018 823 3059; x_wconf 90' lang='lat' dir='ltr'>simul;</span> <span class='ocrx_word' id='word_1_551' title='bbox 854 3028 886 3052; x_wconf 94' lang='lat' dir='ltr'>et</span> <span class='ocrx_word' id='word_1_552' title='bbox 909 3021 935 3053; x_wconf 90' lang='lat' dir='ltr'>si</span> <span class='ocrx_word' id='word_1_553' title='bbox 959 3020 993 3053; x_wconf 91' lang='lat' dir='ltr'>in</span> <span class='ocrx_word' id='word_1_554' title='bbox 1015 3020 1102 3054; x_wconf 91' lang='lat' dir='ltr'>nube</span> <span class='ocrx_word' id='word_1_555' title='bbox 1134 3020 1231 3055; x_wconf 79' lang='lat' dir='ltr'>fuerit</span> <span class='ocrx_word' id='word_1_556' title='bbox 1254 3023 1360 3057; x_wconf 90' lang='lat' dir='ltr'>maior</span> 
     </span>
     <span class='ocr_line' id='line_1_74' title="bbox 303 3058 1360 3111; baseline 0.009 -20"><span class='ocrx_word' id='word_1_557' title='bbox 303 3058 479 3092; x_wconf 92' lang='lat' dir='ltr'>multitudo</span> <span class='ocrx_word' id='word_1_558' title='bbox 509 3059 721 3094; x_wconf 83' lang='lat' dir='ltr'>exhalationis</span> <span class='ocrx_word' id='word_1_559' title='bbox 753 3062 878 3104; x_wconf 89' lang='lat' dir='ltr'>siccae,</span> <span class='ocrx_word' id='word_1_560' title='bbox 910 3063 946 3097; x_wconf 88' lang='lat' dir='ltr'>fit</span> <span class='ocrx_word' id='word_1_561' title='bbox 976 3065 1082 3098; x_wconf 87' lang='lat' dir='ltr'>maior</span> <span class='ocrx_word' id='word_1_562' title='bbox 1111 3074 1230 3099; x_wconf 89' lang='lat' dir='ltr'>ventus</span> <span class='ocrx_word' id='word_1_563' title='bbox 1261 3078 1360 3111; x_wconf 89' lang='lat' dir='ltr'>quam</span> 
     </span>
     <span class='ocr_line' id='line_1_75' title="bbox 304 3101 1359 3153; baseline 0.009 -19"><span class='ocrx_word' id='word_1_564' title='bbox 304 3101 430 3146; x_wconf 90' lang='lat' dir='ltr'>pluvia;</span> <span class='ocrx_word' id='word_1_565' title='bbox 455 3103 482 3136; x_wconf 90' lang='lat' dir='ltr'>si</span> <span class='ocrx_word' id='word_1_566' title='bbox 497 3115 575 3138; x_wconf 91' lang='lat' dir='ltr'>vero</span> <span class='ocrx_word' id='word_1_567' title='bbox 600 3117 616 3138; x_wconf 92' lang='lat' dir='ltr'>e</span> <span class='ocrx_word' id='word_1_568' title='bbox 631 3116 788 3140; x_wconf 91' lang='lat' dir='ltr'>converso</span> <span class='ocrx_word' id='word_1_569' title='bbox 809 3106 883 3151; x_wconf 90' lang='lat' dir='ltr'>plus</span> <span class='ocrx_word' id='word_1_570' title='bbox 902 3107 998 3141; x_wconf 88' lang='lat' dir='ltr'>fuerit</span> <span class='ocrx_word' id='word_1_571' title='bbox 1015 3107 1054 3142; x_wconf 92' lang='lat' dir='ltr'>de</span> <span class='ocrx_word' id='word_1_572' title='bbox 1070 3120 1192 3153; x_wconf 89' lang='lat' dir='ltr'>vapore</span> <span class='ocrx_word' id='word_1_573' title='bbox 1209 3109 1359 3151; x_wconf 92' lang='lat' dir='ltr'>humido,</span> 
     </span>
     <span class='ocr_line' id='line_1_76' title="bbox 305 3148 1285 3198; baseline 0.01 -20"><span class='ocrx_word' id='word_1_574' title='bbox 305 3155 475 3189; x_wconf 90' lang='lat' dir='ltr'>generatur</span> <span class='ocrx_word' id='word_1_575' title='bbox 490 3149 594 3181; x_wconf 91' lang='lat' dir='ltr'>maior</span> <span class='ocrx_word' id='word_1_576' title='bbox 608 3148 736 3193; x_wconf 90' lang='lat' dir='ltr'>pluvia:</span> <span class='ocrx_word' id='word_1_577' title='bbox 761 3151 858 3184; x_wconf 89' lang='lat' dir='ltr'>simul</span> <span class='ocrx_word' id='word_1_578' title='bbox 875 3160 984 3185; x_wconf 88' lang='lat' dir='ltr'>tamen</span> <span class='ocrx_word' id='word_1_579' title='bbox 999 3151 1083 3186; x_wconf 89' lang='lat' dir='ltr'>fiunt</span> <span class='ocrx_word' id='word_1_580' title='bbox 1097 3153 1285 3198; x_wconf 89' lang='lat' dir='ltr'>ecnephiae.</span> 
     </span>
    </p>

    <p class='ocr_par' dir='ltr' id='par_1_15' title="bbox 305 3191 1362 3398">
     <span class='ocr_line' id='line_1_77' title="bbox 359 3191 1359 3242; baseline 0.01 -19"><span class='ocrx_word' id='word_1_581' title='bbox 359 3201 388 3233; x_wconf 89' lang='lat'>4.</span> <span class='ocrx_word' id='word_1_582' title='bbox 413 3191 540 3225; x_wconf 89' lang='lat' dir='ltr'>Deinde</span> <span class='ocrx_word' id='word_1_583' title='bbox 558 3203 633 3225; x_wconf 92' lang='lat' dir='ltr'>cum</span> <span class='ocrx_word' id='word_1_584' title='bbox 649 3192 759 3233; x_wconf 37' lang='lat' dir='ltr'>dicitas·</span> <span class='ocrx_word' id='word_1_585' title='bbox 769 3194 900 3237; x_wconf 86' lang='lat' dir='ltr'>Quando</span> <span class='ocrx_word' id='word_1_586' title='bbox 916 3203 1016 3230; x_wconf 82' lang='lat' dir='ltr'>autem</span> <span class='ocrx_word' id='word_1_587' title='bbox 1030 3204 1198 3242; x_wconf 79' lang='lat' dir='ltr'>segregatus</span> <span class='ocrx_word' id='word_1_588' title='bbox 1210 3207 1284 3239; x_wconf 90' lang='lat' dir='ltr'>etc.,</span> <span class='ocrx_word' id='word_1_589' title='bbox 1303 3198 1359 3232; x_wconf 81' lang='lat' dir='ltr'>de-</span> 
     </span>
     <span class='ocr_line' id='line_1_78' title="bbox 305 3234 1360 3286; baseline 0.01 -20"><span class='ocrx_word' id='word_1_590' title='bbox 305 3234 454 3284; x_wconf 74' lang='lat' dir='ltr'>terminat</span> <span class='ocrx_word' id='word_1_591' title='bbox 470 3235 509 3269; x_wconf 92' lang='lat' dir='ltr'>de</span> <span class='ocrx_word' id='word_1_592' title='bbox 525 3235 681 3280; x_wconf 86' lang='lat' dir='ltr'>typhone.</span> <span class='ocrx_word' id='word_1_593' title='bbox 703 3238 744 3271; x_wconf 89' lang='lat' dir='ltr'>Et</span> <span class='ocrx_word' id='word_1_594' title='bbox 761 3239 843 3272; x_wconf 89' lang='lat' dir='ltr'>circa</span> <span class='ocrx_word' id='word_1_595' title='bbox 859 3239 923 3272; x_wconf 92' lang='lat' dir='ltr'>hoc</span> <span class='ocrx_word' id='word_1_596' title='bbox 939 3239 1006 3274; x_wconf 94' lang='lat' dir='ltr'>duo</span> <span class='ocrx_word' id='word_1_597' title='bbox 1022 3239 1112 3275; x_wconf 90' lang='lat' dir='ltr'>facit:</span> <span class='ocrx_word' id='word_1_598' title='bbox 1133 3243 1240 3286; x_wconf 90' lang='lat' dir='ltr'>primo</span> <span class='ocrx_word' id='word_1_599' title='bbox 1257 3242 1360 3276; x_wconf 90' lang='lat' dir='ltr'>deter-</span> 
     </span>
     <span class='ocr_line' id='line_1_79' title="bbox 306 3278 1362 3327; baseline 0.011 -18"><span class='ocrx_word' id='word_1_600' title='bbox 306 3286 407 3327; x_wconf 82' lang='lat' dir='ltr'>mmat</span> <span class='ocrx_word' id='word_1_601' title='bbox 423 3278 462 3312; x_wconf 92' lang='lat' dir='ltr'>de</span> <span class='ocrx_word' id='word_1_602' title='bbox 480 3280 551 3323; x_wconf 90' lang='lat' dir='ltr'>ipso</span> <span class='ocrx_word' id='word_1_603' title='bbox 571 3280 733 3324; x_wconf 91' lang='lat' dir='ltr'>typhone;</span> <span class='ocrx_word' id='word_1_604' title='bbox 758 3282 902 3316; x_wconf 89' lang='lat' dir='ltr'>secundo</span> <span class='ocrx_word' id='word_1_605' title='bbox 927 3283 966 3317; x_wconf 92' lang='lat' dir='ltr'>de</span> <span class='ocrx_word' id='word_1_606' title='bbox 991 3284 1107 3319; x_wconf 86' lang='lat' dir='ltr'>effectu</span> <span class='ocrx_word' id='word_1_607' title='bbox 1123 3286 1208 3327; x_wconf 88' lang='lat' dir='ltr'>eius,</span> <span class='ocrx_word' id='word_1_608' title='bbox 1226 3285 1286 3320; x_wconf 93' lang='lat' dir='ltr'>ibi:</span> <span class='ocrx_word' id='word_1_609' title='bbox 1311 3287 1362 3321; x_wconf 77' lang='lat' dir='ltr'>Fit</span> 
     </span>
     <span class='ocr_line' id='line_1_80' title="bbox 306 3321 1360 3398; baseline 0.011 -45"><span class='ocrx_word' id='word_1_610' title='bbox 306 3321 422 3398; x_wconf 56' lang='lat' dir='ltr'>guidem</span> <span class='ocrx_word' id='word_1_611' title='bbox 445 3323 535 3366; x_wconf 85' lang='lat' dir='ltr'>igitur</span> <span class='ocrx_word' id='word_1_612' title='bbox 549 3323 564 3342; x_wconf 85' lang='grc'>*</span> <span class='ocrx_word' id='word_1_613' title='bbox 582 3333 641 3357; x_wconf 87' lang='lat' dir='ltr'>etc.</span> <span class='ocrx_word' id='word_1_614' title='bbox 672 3325 781 3359; x_wconf 91' lang='lat' dir='ltr'>Prima</span> <span class='ocrx_word' id='word_1_615' title='bbox 811 3327 930 3360; x_wconf 89' lang='lat' dir='ltr'>iterum</span> <span class='ocrx_word' id='word_1_616' title='bbox 961 3329 994 3361; x_wconf 91' lang='lat' dir='ltr'>in</span> <span class='ocrx_word' id='word_1_617' title='bbox 1025 3337 1106 3363; x_wconf 88' lang='lat' dir='ltr'>tres:</span> <span class='ocrx_word' id='word_1_618' title='bbox 1140 3330 1248 3374; x_wconf 89' lang='lat' dir='ltr'>primo</span> <span class='ocrx_word' id='word_1_619' title='bbox 1271 3332 1360 3364; x_wconf 90' lang='lat' dir='ltr'>enim</span> 
     </span>
    </p>

    <p class='ocr_par' dir='ltr' id='par_1_16' title="bbox 307 3366 1362 3500">
     <span class='ocr_line' id='line_1_81' title="bbox 330 3366 1360 3414; baseline 0.012 -17"><span class='ocrx_word' id='word_1_620' title='bbox 330 3366 498 3399; x_wconf 90' lang='lat' dir='ltr'>eterminat</span> <span class='ocrx_word' id='word_1_621' title='bbox 525 3367 564 3401; x_wconf 92' lang='lat' dir='ltr'>de</span> <span class='ocrx_word' id='word_1_622' title='bbox 588 3369 748 3413; x_wconf 88' lang='lat' dir='ltr'>principio</span> <span class='ocrx_word' id='word_1_623' title='bbox 778 3372 997 3414; x_wconf 88' lang='lat' dir='ltr'>generationis</span> <span class='ocrx_word' id='word_1_624' title='bbox 1028 3373 1120 3414; x_wconf 90' lang='lat' dir='ltr'>eius;</span> <span class='ocrx_word' id='word_1_625' title='bbox 1151 3374 1296 3408; x_wconf 91' lang='lat' dir='ltr'>secundo</span> <span class='ocrx_word' id='word_1_626' title='bbox 1321 3375 1360 3409; x_wconf 93' lang='lat' dir='ltr'>de</span> 
     </span>
     <span class='ocr_line' id='line_1_82' title="bbox 307 3410 1360 3461; baseline 0.012 -21"><span class='ocrx_word' id='word_1_627' title='bbox 307 3417 399 3441; x_wconf 90' lang='lat' dir='ltr'>motu</span> <span class='ocrx_word' id='word_1_628' title='bbox 423 3410 627 3453; x_wconf 53' lang='lat' dir='ltr'>ipsius„ibi:</span> <span class='ocrx_word' id='word_1_629' title='bbox 658 3413 806 3448; x_wconf 85' lang='lat' dir='ltr'>Deorsum</span> <span class='ocrx_word' id='word_1_630' title='bbox 829 3422 928 3448; x_wconf 81' lang='lat' dir='ltr'>autem</span> <span class='ocrx_word' id='word_1_631' title='bbox 949 3416 1083 3461; x_wconf 83' lang='lat' dir='ltr'>fertur*</span> <span class='ocrx_word' id='word_1_632' title='bbox 1098 3426 1169 3458; x_wconf 89' lang='lat' dir='ltr'>etc;</span> <span class='ocrx_word' id='word_1_633' title='bbox 1201 3419 1296 3452; x_wconf 87' lang='lat' dir='ltr'>tertio</span> <span class='ocrx_word' id='word_1_634' title='bbox 1321 3418 1360 3453; x_wconf 91' lang='lat' dir='ltr'>de</span> 
     </span>
     <span class='ocr_line' id='line_1_83' title="bbox 307 3454 1362 3500; baseline 0.012 -16"><span class='ocrx_word' id='word_1_635' title='bbox 307 3460 455 3497; x_wconf 88' lang='lat' dir='ltr'>tempore</span> <span class='ocrx_word' id='word_1_636' title='bbox 479 3462 510 3487; x_wconf 92' lang='lat' dir='ltr'>et</span> <span class='ocrx_word' id='word_1_637' title='bbox 532 3454 605 3488; x_wconf 90' lang='lat' dir='ltr'>loco</span> <span class='ocrx_word' id='word_1_638' title='bbox 629 3458 845 3499; x_wconf 88' lang='lat' dir='ltr'>generationis</span> <span class='ocrx_word' id='word_1_639' title='bbox 869 3460 950 3500; x_wconf 87' lang='lat' dir='ltr'>eius,</span> <span class='ocrx_word' id='word_1_640' title='bbox 975 3459 1037 3494; x_wconf 89' lang='lat' dir='ltr'>ibi:</span> <span class='ocrx_word' id='word_1_641' title='bbox 1064 3461 1240 3496; x_wconf 81' lang='lat' dir='ltr'>Borealibus</span> <span class='ocrx_word' id='word_1_642' title='bbox 1262 3469 1362 3496; x_wconf 83' lang='lat' dir='ltr'>autem</span> 
     </span>
    </p>
   </div>
   <div class='ocr_carea' id='block_1_11' title="bbox 1387 328 1389 850">
    <p class='ocr_par' dir='ltr' id='par_1_17' title="bbox 1387 328 1389 850">
     <span class='ocr_line' id='line_1_84' title="bbox 1387 328 1389 850; baseline 0 0"><span class='ocrx_word' id='word_1_643' title='bbox 1387 328 1389 850; x_wconf 95' lang='lat' dir='ltr'> </span> 
     </span>
    </p>
   </div>
   <div class='ocr_carea' id='block_1_12' title="bbox 994 239 1786 284">
    <p class='ocr_par' dir='ltr' id='par_1_18' title="bbox 994 239 1786 284">
     <span class='ocr_line' id='line_1_85' title="bbox 994 239 1786 284; baseline -0.015 1"><span class='ocrx_word' id='word_1_644' title='bbox 994 240 1581 284; x_wconf 89' lang='lat' dir='ltr'><strong>METEOROLOGICORUM</strong></span> <span class='ocrx_word' id='word_1_645' title='bbox 1610 239 1704 275; x_wconf 89' lang='lat' dir='ltr'>LIB.</span> <span class='ocrx_word' id='word_1_646' title='bbox 1736 239 1786 274; x_wconf 92' lang='lat' dir='ltr'>Ill</span> 
     </span>
    </p>
   </div>
   <div class='ocr_carea' id='block_1_13' title="bbox 1414 313 2491 714">
    <p class='ocr_par' dir='ltr' id='par_1_19' title="bbox 1414 313 2491 484">
     <span class='ocr_line' id='line_1_86' title="bbox 1414 313 2491 359; baseline -0.003 -8"><span class='ocrx_word' id='word_1_647' title='bbox 1414 329 1474 351; x_wconf 84' lang='lat' dir='ltr'>non</span> <span class='ocrx_word' id='word_1_648' title='bbox 1489 317 1504 334; x_wconf 91' lang='lat'><strong>*</strong></span> <span class='ocrx_word' id='word_1_649' title='bbox 1521 326 1581 349; x_wconf 81' lang='lat' dir='ltr'>etc,</span> <span class='ocrx_word' id='word_1_650' title='bbox 1609 316 1704 349; x_wconf 88' lang='lat' dir='ltr'>Circa</span> <span class='ocrx_word' id='word_1_651' title='bbox 1729 315 1875 359; x_wconf 90' lang='lat' dir='ltr'>primum</span> <span class='ocrx_word' id='word_1_652' title='bbox 1900 314 1968 347; x_wconf 92' lang='lat' dir='ltr'>duo</span> <span class='ocrx_word' id='word_1_653' title='bbox 1992 313 2085 347; x_wconf 82' lang='lat' dir='ltr'>facit:</span> <span class='ocrx_word' id='word_1_654' title='bbox 2111 314 2221 357; x_wconf 91' lang='lat' dir='ltr'>primo</span> <span class='ocrx_word' id='word_1_655' title='bbox 2241 313 2317 347; x_wconf 90' lang='lat' dir='ltr'>facit</span> <span class='ocrx_word' id='word_1_656' title='bbox 2337 314 2428 358; x_wconf 91' lang='lat' dir='ltr'>quod</span> <span class='ocrx_word' id='word_1_657' title='bbox 2444 313 2491 348; x_wconf 88' lang='lat' dir='ltr'>di-</span> 
     </span>
     <span class='ocr_line' id='line_1_87' title="bbox 1416 357 2490 403; baseline -0.004 -8"><span class='ocrx_word' id='word_1_658' title='bbox 1416 371 1506 395; x_wconf 89' lang='lat' dir='ltr'>ctum</span> <span class='ocrx_word' id='word_1_659' title='bbox 1530 369 1595 401; x_wconf 83' lang='lat' dir='ltr'>est3</span> <span class='ocrx_word' id='word_1_660' title='bbox 1628 359 1776 392; x_wconf 91' lang='lat' dir='ltr'>secundo</span> <span class='ocrx_word' id='word_1_661' title='bbox 1808 367 1978 402; x_wconf 83' lang='lat' dir='ltr'>comparat</span> <span class='ocrx_word' id='word_1_662' title='bbox 2006 357 2192 402; x_wconf 90' lang='lat' dir='ltr'>typhonem</span> <span class='ocrx_word' id='word_1_663' title='bbox 2223 357 2263 391; x_wconf 93' lang='lat' dir='ltr'>ad</span> <span class='ocrx_word' id='word_1_664' title='bbox 2295 358 2490 403; x_wconf 90' lang='lat' dir='ltr'>ecnephiam</span> 
     </span>
     <span class='ocr_line' id='line_1_88' title="bbox 1416 402 2491 450; baseline -0.002 -12"><span class='ocrx_word' id='word_1_665' title='bbox 1416 413 1577 450; x_wconf 89' lang='lat' dir='ltr'>quantum</span> <span class='ocrx_word' id='word_1_666' title='bbox 1602 403 1641 437; x_wconf 88' lang='lat' dir='ltr'>ad</span> <span class='ocrx_word' id='word_1_667' title='bbox 1667 403 1915 447; x_wconf 90' lang='lat' dir='ltr'>generationem</span> <span class='ocrx_word' id='word_1_668' title='bbox 1940 414 2071 444; x_wconf 91' lang='lat' dir='ltr'>eorum,</span> <span class='ocrx_word' id='word_1_669' title='bbox 2095 402 2160 436; x_wconf 91' lang='lat' dir='ltr'>ibi:</span> <span class='ocrx_word' id='word_1_670' title='bbox 2190 403 2394 437; x_wconf 84' lang='lat' dir='ltr'>Veruntamen</span> <span class='ocrx_word' id='word_1_671' title='bbox 2417 404 2491 448; x_wconf 82' lang='lat' dir='ltr'>quia</span> 
     </span>
     <span class='ocr_line' id='line_1_89' title="bbox 1414 449 1597 484; baseline -0.011 -1"><span class='ocrx_word' id='word_1_672' title='bbox 1414 451 1489 484; x_wconf 80' lang='lat' dir='ltr'>sicut</span> <span class='ocrx_word' id='word_1_673' title='bbox 1504 449 1519 466; x_wconf 86' lang='lat'><strong><em>*</em></strong></span> <span class='ocrx_word' id='word_1_674' title='bbox 1537 458 1597 481; x_wconf 87' lang='lat' dir='ltr'>etc.</span> 
     </span>
    </p>

    <p class='ocr_par' dir='ltr' id='par_1_20' title="bbox 1414 490 2490 714">
     <span class='ocr_line' id='line_1_90' title="bbox 1471 490 2490 543; baseline 0 -17"><span class='ocrx_word' id='word_1_675' title='bbox 1471 494 1560 527; x_wconf 91' lang='lat' dir='ltr'>Dicit</span> <span class='ocrx_word' id='word_1_676' title='bbox 1584 503 1663 536; x_wconf 90' lang='lat' dir='ltr'>ergo</span> <span class='ocrx_word' id='word_1_677' title='bbox 1687 492 1797 535; x_wconf 92' lang='lat' dir='ltr'>primo</span> <span class='ocrx_word' id='word_1_678' title='bbox 1827 490 1936 535; x_wconf 91' lang='lat' dir='ltr'>quod,</span> <span class='ocrx_word' id='word_1_679' title='bbox 1962 491 2096 535; x_wconf 85' lang='lat' dir='ltr'>quando</span> <span class='ocrx_word' id='word_1_680' title='bbox 2125 491 2259 543; x_wconf 90' lang='lat' dir='ltr'>spiritus</span> <span class='ocrx_word' id='word_1_681' title='bbox 2283 491 2431 525; x_wconf 89' lang='lat' dir='ltr'>inclusus</span> <span class='ocrx_word' id='word_1_682' title='bbox 2455 493 2490 526; x_wconf 90' lang='lat' dir='ltr'>in</span> 
     </span>
     <span class='ocr_line' id='line_1_91' title="bbox 1414 535 2490 581; baseline -0.001 -10"><span class='ocrx_word' id='word_1_683' title='bbox 1414 537 1502 571; x_wconf 88' lang='lat' dir='ltr'>nube</span> <span class='ocrx_word' id='word_1_684' title='bbox 1526 545 1716 580; x_wconf 89' lang='lat' dir='ltr'>segregatur</span> <span class='ocrx_word' id='word_1_685' title='bbox 1747 544 1779 568; x_wconf 92' lang='lat' dir='ltr'>et</span> <span class='ocrx_word' id='word_1_686' title='bbox 1802 535 1976 579; x_wconf 89' lang='lat' dir='ltr'>expellitur</span> <span class='ocrx_word' id='word_1_687' title='bbox 2003 547 2022 568; x_wconf 86' lang='lat' dir='ltr'>a</span> <span class='ocrx_word' id='word_1_688' title='bbox 2045 535 2222 579; x_wconf 82' lang='lat' dir='ltr'>frigidltate</span> <span class='ocrx_word' id='word_1_689' title='bbox 2245 535 2311 569; x_wconf 93' lang='lat' dir='ltr'>loci</span> <span class='ocrx_word' id='word_1_690' title='bbox 2335 545 2367 569; x_wconf 95' lang='lat' dir='ltr'>et</span> <span class='ocrx_word' id='word_1_691' title='bbox 2390 548 2490 581; x_wconf 92' lang='lat' dir='ltr'>supe-</span> 
     </span>
     <span class='ocr_line' id='line_1_92' title="bbox 1414 579 2490 626; baseline 0 -11"><span class='ocrx_word' id='word_1_692' title='bbox 1414 583 1509 615; x_wconf 90' lang='lat' dir='ltr'>rioris</span> <span class='ocrx_word' id='word_1_693' title='bbox 1534 582 1634 626; x_wconf 91' lang='lat' dir='ltr'>partis</span> <span class='ocrx_word' id='word_1_694' title='bbox 1659 580 1755 613; x_wconf 89' lang='lat' dir='ltr'>nubis</span> <span class='ocrx_word' id='word_1_695' title='bbox 1783 591 1822 612; x_wconf 93' lang='lat' dir='ltr'>ex</span> <span class='ocrx_word' id='word_1_696' title='bbox 1838 579 1950 624; x_wconf 90' lang='lat' dir='ltr'>amplo</span> <span class='ocrx_word' id='word_1_697' title='bbox 1974 588 2088 613; x_wconf 86' lang='lat' dir='ltr'>ventre</span> <span class='ocrx_word' id='word_1_698' title='bbox 2112 580 2210 613; x_wconf 89' lang='lat' dir='ltr'>nubis</span> <span class='ocrx_word' id='word_1_699' title='bbox 2234 592 2293 625; x_wconf 91' lang='lat' dir='ltr'>per</span> <span class='ocrx_word' id='word_1_700' title='bbox 2311 589 2490 625; x_wconf 86' lang='lat' dir='ltr'>angustum</span> 
     </span>
     <span class='ocr_line' id='line_1_93' title="bbox 1415 624 2490 675; baseline 0 -16"><span class='ocrx_word' id='word_1_701' title='bbox 1415 627 1539 659; x_wconf 84' lang='lat' dir='ltr'>exitum</span> <span class='ocrx_word' id='word_1_702' title='bbox 1563 634 1596 658; x_wconf 91' lang='lat' dir='ltr'>et</span> <span class='ocrx_word' id='word_1_703' title='bbox 1619 635 1753 669; x_wconf 86' lang='lat' dir='ltr'>parvam</span> <span class='ocrx_word' id='word_1_704' title='bbox 1778 625 1970 663; x_wconf 85' lang='lat' dir='ltr'>scissuram,</span> <span class='ocrx_word' id='word_1_705' title='bbox 1994 633 2027 658; x_wconf 89' lang='lat' dir='ltr'>et</span> <span class='ocrx_word' id='word_1_706' title='bbox 2049 625 2268 668; x_wconf 85' lang='lat' dir='ltr'>repercutitur</span> <span class='ocrx_word' id='word_1_707' title='bbox 2291 624 2332 659; x_wconf 91' lang='lat' dir='ltr'>ad</span> <span class='ocrx_word' id='word_1_708' title='bbox 2355 625 2490 675; x_wconf 72' lang='lat' dir='ltr'>aliquod</span> 
     </span>
     <span class='ocr_line' id='line_1_94' title="bbox 1416 668 2490 714; baseline -0.001 -10"><span class='ocrx_word' id='word_1_709' title='bbox 1416 682 1536 714; x_wconf 91' lang='lat' dir='ltr'>corpus</span> <span class='ocrx_word' id='word_1_710' title='bbox 1554 669 1709 709; x_wconf 90' lang='lat' dir='ltr'>solidum,</span> <span class='ocrx_word' id='word_1_711' title='bbox 1734 677 1814 702; x_wconf 89' lang='lat' dir='ltr'>tunc</span> <span class='ocrx_word' id='word_1_712' title='bbox 1837 668 1874 701; x_wconf 92' lang='lat' dir='ltr'>fit</span> <span class='ocrx_word' id='word_1_713' title='bbox 1898 668 2033 714; x_wconf 86' lang='lat' dir='ltr'>quidam</span> <span class='ocrx_word' id='word_1_714' title='bbox 2056 678 2175 702; x_wconf 91' lang='lat' dir='ltr'>ventus</span> <span class='ocrx_word' id='word_1_715' title='bbox 2195 670 2230 702; x_wconf 92' lang='lat' dir='ltr'>in</span> <span class='ocrx_word' id='word_1_716' title='bbox 2245 670 2350 714; x_wconf 91' lang='lat' dir='ltr'>portis</span> <span class='ocrx_word' id='word_1_717' title='bbox 2373 679 2406 703; x_wconf 90' lang='lat' dir='ltr'>et</span> <span class='ocrx_word' id='word_1_718' title='bbox 2426 671 2490 704; x_wconf 87' lang='lat' dir='ltr'>viis</span> 
     </span>
    </p>
   </div>
   <div class='ocr_carea' id='block_1_14' title="bbox 1414 712 2505 792">
    <p class='ocr_par' dir='ltr' id='par_1_21' title="bbox 1414 712 2505 792">
     <span class='ocr_line' id='line_1_95' title="bbox 1414 712 2505 792; baseline 0 -44"><span class='ocrx_word' id='word_1_719' title='bbox 1414 715 1496 748; x_wconf 86' lang='lat' dir='ltr'>flans</span> <span class='ocrx_word' id='word_1_720' title='bbox 1514 726 1572 758; x_wconf 93' lang='lat' dir='ltr'>per</span> <span class='ocrx_word' id='word_1_721' title='bbox 1587 713 1727 747; x_wconf 89' lang='lat' dir='ltr'>modum</span> <span class='ocrx_word' id='word_1_722' title='bbox 1752 712 1903 754; x_wconf 89' lang='lat' dir='ltr'>turbinis,</span> <span class='ocrx_word' id='word_1_723' title='bbox 1928 714 1985 758; x_wconf 93' lang='lat' dir='ltr'>qui</span> <span class='ocrx_word' id='word_1_724' title='bbox 2010 713 2128 747; x_wconf 90' lang='lat' dir='ltr'>dicitur</span> <span class='ocrx_word' id='word_1_725' title='bbox 2151 713 2268 792; x_wconf 52' lang='lat' dir='ltr'>t‘ypho.</span> <span class='ocrx_word' id='word_1_726' title='bbox 2294 714 2336 748; x_wconf 87' lang='lat' dir='ltr'>Et</span> <span class='ocrx_word' id='word_1_727' title='bbox 2362 714 2427 748; x_wconf 93' lang='lat' dir='ltr'>hoc</span> <span class='ocrx_word' id='word_1_728' title='bbox 2453 714 2505 748; x_wconf 87' lang='lat' dir='ltr'>fit·</span> 
     </span>
     <span class='ocr_line' id='line_1_96' title="bbox 2137 770 2155 792; baseline 0 0"><span class='ocrx_word' id='word_1_729' title='bbox 2137 770 2155 792; x_wconf 91' lang='lat' dir='ltr'>a</span> 
     </span>
    </p>
   </div>
   <div class='ocr_carea' id='block_1_15' title="bbox 1415 757 2491 893">
    <p class='ocr_par' dir='ltr' id='par_1_22' title="bbox 1415 757 2491 893">
     <span class='ocr_line' id='line_1_97' title="bbox 1415 757 2490 803; baseline 0.001 -11"><span class='ocrx_word' id='word_1_730' title='bbox 1415 771 1454 792; x_wconf 89' lang='lat' dir='ltr'>ex</span> <span class='ocrx_word' id='word_1_731' title='bbox 1474 771 1526 798; x_wconf 92' lang='lat' dir='ltr'>eo,</span> <span class='ocrx_word' id='word_1_732' title='bbox 1552 757 1642 803; x_wconf 91' lang='lat' dir='ltr'>quod</span> <span class='ocrx_word' id='word_1_733' title='bbox 1666 759 1772 802; x_wconf 87' lang='lat' dir='ltr'>prima</span> <span class='ocrx_word' id='word_1_734' title='bbox 1795 769 1870 802; x_wconf 91' lang='lat' dir='ltr'>pars</span> <span class='ocrx_word' id='word_1_735' title='bbox 1894 759 2114 802; x_wconf 89' lang='lat' dir='ltr'>repercutitur</span> <span class='ocrx_word' id='word_1_736' title='bbox 2201 767 2334 798; x_wconf 88' lang='lat' dir='ltr'>terram,</span> <span class='ocrx_word' id='word_1_737' title='bbox 2358 760 2426 792; x_wconf 90' lang='lat' dir='ltr'>sive</span> <span class='ocrx_word' id='word_1_738' title='bbox 2448 758 2490 794; x_wconf 86' lang='lat' dir='ltr'>ad</span> 
     </span>
     <span class='ocr_line' id='line_1_98' title="bbox 1415 801 2491 848; baseline 0.001 -12"><span class='ocrx_word' id='word_1_739' title='bbox 1415 803 1503 836; x_wconf 86' lang='lat' dir='ltr'>aliud</span> <span class='ocrx_word' id='word_1_740' title='bbox 1527 814 1647 846; x_wconf 92' lang='lat' dir='ltr'>corpus</span> <span class='ocrx_word' id='word_1_741' title='bbox 1672 801 1835 843; x_wconf 92' lang='lat' dir='ltr'>solidum,</span> <span class='ocrx_word' id='word_1_742' title='bbox 1865 802 1918 836; x_wconf 92' lang='lat' dir='ltr'>vel</span> <span class='ocrx_word' id='word_1_743' title='bbox 1942 802 2050 848; x_wconf 89' lang='lat' dir='ltr'>aliqua</span> <span class='ocrx_word' id='word_1_744' title='bbox 2074 802 2136 836; x_wconf 89' lang='lat' dir='ltr'>alia</span> <span class='ocrx_word' id='word_1_745' title='bbox 2159 804 2287 836; x_wconf 91' lang='lat' dir='ltr'>ratione</span> <span class='ocrx_word' id='word_1_746' title='bbox 2311 803 2491 848; x_wconf 90' lang='lat' dir='ltr'>impeditur</span> 
     </span>
     <span class='ocr_line' id='line_1_99' title="bbox 1415 846 2490 893; baseline 0.002 -13"><span class='ocrx_word' id='word_1_747' title='bbox 1415 848 1558 880; x_wconf 88' lang='lat' dir='ltr'>anterius</span> <span class='ocrx_word' id='word_1_748' title='bbox 1575 846 1765 891; x_wconf 91' lang='lat' dir='ltr'>procedere,</span> <span class='ocrx_word' id='word_1_749' title='bbox 1782 855 1814 880; x_wconf 91' lang='lat' dir='ltr'>et</span> <span class='ocrx_word' id='word_1_750' title='bbox 1829 846 2010 880; x_wconf 89' lang='lat' dir='ltr'>revolvitur</span> <span class='ocrx_word' id='word_1_751' title='bbox 2027 848 2061 880; x_wconf 91' lang='lat' dir='ltr'>in</span> <span class='ocrx_word' id='word_1_752' title='bbox 2077 856 2204 892; x_wconf 91' lang='lat' dir='ltr'>partem</span> <span class='ocrx_word' id='word_1_753' title='bbox 2221 847 2490 893; x_wconf 80' lang='lat' dir='ltr'>subsequentem,</span> 
     </span>
    </p>
   </div>
   <div class='ocr_carea' id='block_1_16' title="bbox 2518 323 2667 354">
    <p class='ocr_par' dir='ltr' id='par_1_23' title="bbox 2518 315 2674 354">
     <span class='ocr_line' id='line_1_100' title="bbox 2518 323 2667 354; baseline 0.013 -7"><span class='ocrx_word' id='word_1_754' title='bbox 2518 323 2528 334; x_wconf 89' lang='grc'><em>·</em></span> <span class='ocrx_word' id='word_1_755' title='bbox 2542 323 2615 348; x_wconf 79' lang='lat' dir='ltr'>Num.</span> <span class='ocrx_word' id='word_1_756' title='bbox 2623 330 2646 354; x_wconf 92' lang='lat'>7.</span> <span class='ocrx_word' id='word_1_757' title='bbox 2664 324 2667 326; x_wconf 79' lang='grc'><strong>’</strong></span> 
     </span>
    </p>
   </div>
   <div class='ocr_carea' id='block_1_17' title="bbox 2517 457 2616 480">
    <p class='ocr_par' dir='ltr' id='par_1_24' title="bbox 2517 457 2616 480">
     <span class='ocr_line' id='line_1_101' title="bbox 2517 457 2616 480; baseline 0 0"><span class='ocrx_word' id='word_1_758' title='bbox 2517 457 2529 468; x_wconf 82' lang='grc'><em>“</em></span> <span class='ocrx_word' id='word_1_759' title='bbox 2541 457 2616 480; x_wconf 81' lang='lat' dir='ltr'>Num.</span> 
     </span>
    </p>
   </div>
   <div class='ocr_carea' id='block_1_18' title="bbox 1415 891 2540 942">
    <p class='ocr_par' dir='ltr' id='par_1_25' title="bbox 1415 891 2540 942">
     <span class='ocr_line' id='line_1_102' title="bbox 1415 891 2540 942; baseline 0.003 -18"><span class='ocrx_word' id='word_1_760' title='bbox 1415 900 1447 925; x_wconf 92' lang='lat' dir='ltr'>et</span> <span class='ocrx_word' id='word_1_761' title='bbox 1463 903 1536 936; x_wconf 91' lang='lat' dir='ltr'>pars</span> <span class='ocrx_word' id='word_1_762' title='bbox 1553 892 1871 942; x_wconf 59' lang='lat' dir='ltr'>sequensfontinue</span> <span class='ocrx_word' id='word_1_763' title='bbox 1888 891 2028 936; x_wconf 87' lang='lat' dir='ltr'>impellit</span> <span class='ocrx_word' id='word_1_764' title='bbox 2044 893 2199 936; x_wconf 90' lang='lat' dir='ltr'>priorem.</span> <span class='ocrx_word' id='word_1_765' title='bbox 2220 892 2301 926; x_wconf 92' lang='lat' dir='ltr'>Ideo</span> <span class='ocrx_word' id='word_1_766' title='bbox 2319 904 2396 926; x_wconf 89' lang='lat' dir='ltr'>curn</span> <span class='ocrx_word' id='word_1_767' title='bbox 2412 904 2489 938; x_wconf 91' lang='lat' dir='ltr'>pars</span> <span class='ocrx_word' id='word_1_768' title='bbox 2535 915 2540 919; x_wconf 95' lang='lat'>-</span> 
     </span>
    </p>
   </div>
   <div class='ocr_carea' id='block_1_19' title="bbox 1414 935 2489 989">
    <p class='ocr_par' dir='ltr' id='par_1_26' title="bbox 1414 935 2489 989">
     <span class='ocr_line' id='line_1_103' title="bbox 1414 935 2489 989; baseline 0.003 -21"><span class='ocrx_word' id='word_1_769' title='bbox 1414 947 1504 980; x_wconf 91' lang='lat' dir='ltr'>pr1or</span> <span class='ocrx_word' id='word_1_770' title='bbox 1528 947 1597 968; x_wconf 90' lang='lat' dir='ltr'>non</span> <span class='ocrx_word' id='word_1_771' title='bbox 1621 944 1727 979; x_wconf 79' lang='lat' dir='ltr'>possit</span> <span class='ocrx_word' id='word_1_772' title='bbox 1751 935 1929 980; x_wconf 81' lang='lat' dir='ltr'>procedere</span> <span class='ocrx_word' id='word_1_773' title='bbox 1953 945 2040 976; x_wconf 89' lang='lat' dir='ltr'>ante,</span> <span class='ocrx_word' id='word_1_774' title='bbox 2055 937 2142 981; x_wconf 76' lang='lat' dir='ltr'>¹quia</span> <span class='ocrx_word' id='word_1_775' title='bbox 2165 937 2355 989; x_wconf 72' lang='lat' dir='ltr'>impeditur,</span> <span class='ocrx_word' id='word_1_776' title='bbox 2378 949 2489 983; x_wconf 89' lang='lat' dir='ltr'>neque</span> 
     </span>
    </p>
   </div>
   <div class='ocr_carea' id='block_1_20' title="bbox 1414 980 2526 1033">
    <p class='ocr_par' dir='ltr' id='par_1_27' title="bbox 1414 980 2526 1033">
     <span class='ocr_line' id='line_1_104' title="bbox 1414 980 2526 1033; baseline 0.002 -19"><span class='ocrx_word' id='word_1_777' title='bbox 1414 981 1520 1025; x_wconf 88' lang='lat' dir='ltr'>possit</span> <span class='ocrx_word' id='word_1_778' title='bbox 1542 981 1732 1020; x_wconf 85' lang='lat' dir='ltr'>retroverti,</span> <span class='ocrx_word' id='word_1_779' title='bbox 1764 981 1842 1024; x_wconf 86' lang='lat' dir='ltr'>qui&#39;a</span> <span class='ocrx_word' id='word_1_780' title='bbox 1866 980 2046 1024; x_wconf 89' lang='lat' dir='ltr'>impellitur</span> <span class='ocrx_word' id='word_1_781' title='bbox 2069 992 2087 1014; x_wconf 87' lang='lat' dir='ltr'>a</span> <span class='ocrx_word' id='word_1_782' title='bbox 2111 990 2281 1033; x_wconf 67' lang='lat' dir='ltr'>sequenti,</span> <span class='ocrx_word' id='word_1_783' title='bbox 2309 981 2490 1016; x_wconf 89' lang='lat' dir='ltr'>involvitur</span> <span class='ocrx_word' id='word_1_784' title='bbox 2518 986 2526 994; x_wconf 77' lang='lat'>‘</span> 
     </span>
    </p>
   </div>
   <div class='ocr_carea' id='block_1_21' title="bbox 1414 1024 2491 1560">
    <p class='ocr_par' dir='ltr' id='par_1_28' title="bbox 1414 1024 2491 1380">
     <span class='ocr_line' id='line_1_105' title="bbox 1415 1024 2490 1071; baseline 0.003 -14"><span class='ocrx_word' id='word_1_785' title='bbox 1415 1027 1449 1058; x_wconf 91' lang='lat' dir='ltr'>in</span> <span class='ocrx_word' id='word_1_786' title='bbox 1465 1025 1626 1069; x_wconf 90' lang='lat' dir='ltr'>sequenti,</span> <span class='ocrx_word' id='word_1_787' title='bbox 1651 1033 1683 1058; x_wconf 92' lang='lat' dir='ltr'>et</span> <span class='ocrx_word' id='word_1_788' title='bbox 1702 1024 1839 1058; x_wconf 90' lang='lat' dir='ltr'>reflectit</span> <span class='ocrx_word' id='word_1_789' title='bbox 1862 1036 1897 1058; x_wconf 91' lang='lat' dir='ltr'>se</span> <span class='ocrx_word' id='word_1_790' title='bbox 1921 1024 1962 1058; x_wconf 88' lang='lat' dir='ltr'>ad</span> <span class='ocrx_word' id='word_1_791' title='bbox 1986 1024 2071 1058; x_wconf 90' lang='lat' dir='ltr'>latus</span> <span class='ocrx_word' id='word_1_792' title='bbox 2095 1025 2151 1058; x_wconf 91' lang='lat' dir='ltr'>ubi</span> <span class='ocrx_word' id='word_1_793' title='bbox 2179 1037 2249 1059; x_wconf 92' lang='lat' dir='ltr'>non</span> <span class='ocrx_word' id='word_1_794' title='bbox 2272 1027 2398 1059; x_wconf 80' lang='lat' dir='ltr'>invenit</span> <span class='ocrx_word' id='word_1_795' title='bbox 2413 1038 2490 1071; x_wconf 86' lang='lat' dir='ltr'>pro-</span> 
     </span>
     <span class='ocr_line' id='line_1_106' title="bbox 1414 1069 2490 1114; baseline 0.002 -11"><span class='ocrx_word' id='word_1_796' title='bbox 1414 1069 1550 1103; x_wconf 90' lang='lat' dir='ltr'>hibens:</span> <span class='ocrx_word' id='word_1_797' title='bbox 1585 1078 1617 1102; x_wconf 91' lang='lat' dir='ltr'>et</span> <span class='ocrx_word' id='word_1_798' title='bbox 1646 1069 1692 1102; x_wconf 93' lang='lat' dir='ltr'>sic</span> <span class='ocrx_word' id='word_1_799' title='bbox 1716 1078 1828 1103; x_wconf 91' lang='lat' dir='ltr'>causat</span> <span class='ocrx_word' id='word_1_800' title='bbox 1856 1078 1988 1103; x_wconf 91' lang='lat' dir='ltr'>motum</span> <span class='ocrx_word' id='word_1_801' title='bbox 2016 1070 2110 1114; x_wconf 91' lang='lat' dir='ltr'>quasi</span> <span class='ocrx_word' id='word_1_802' title='bbox 2139 1069 2342 1104; x_wconf 87' lang='lat' dir='ltr'>circularem.</span> <span class='ocrx_word' id='word_1_803' title='bbox 2372 1071 2490 1108; x_wconf 83' lang='lat' dir='ltr'>Motus</span> 
     </span>
     <span class='ocr_line' id='line_1_107' title="bbox 1415 1113 2489 1158; baseline 0.001 -10"><span class='ocrx_word' id='word_1_804' title='bbox 1415 1115 1504 1148; x_wconf 92' lang='lat' dir='ltr'>enim</span> <span class='ocrx_word' id='word_1_805' title='bbox 1528 1114 1585 1158; x_wconf 90' lang='lat' dir='ltr'>qui</span> <span class='ocrx_word' id='word_1_806' title='bbox 1609 1122 1658 1146; x_wconf 91' lang='lat' dir='ltr'>est</span> <span class='ocrx_word' id='word_1_807' title='bbox 1682 1124 1746 1146; x_wconf 87' lang='lat' dir='ltr'>una</span> <span class='ocrx_word' id='word_1_808' title='bbox 1770 1114 1854 1155; x_wconf 81' lang='lat' dir='ltr'>latio,</span> <span class='ocrx_word' id='word_1_809' title='bbox 1872 1113 1956 1147; x_wconf 89' lang='lat' dir='ltr'>idest</span> <span class='ocrx_word' id='word_1_810' title='bbox 1980 1125 2067 1147; x_wconf 89' lang='lat' dir='ltr'>unus</span> <span class='ocrx_word' id='word_1_811' title='bbox 2091 1123 2204 1148; x_wconf 89' lang='lat' dir='ltr'>motus</span> <span class='ocrx_word' id='word_1_812' title='bbox 2225 1114 2351 1156; x_wconf 90' lang='lat' dir='ltr'>localis,</span> <span class='ocrx_word' id='word_1_813' title='bbox 2367 1115 2395 1148; x_wconf 89' lang='lat' dir='ltr'>si</span> <span class='ocrx_word' id='word_1_814' title='bbox 2418 1126 2489 1150; x_wconf 84' lang='lat' dir='ltr'>non</span> 
     </span>
     <span class='ocr_line' id='line_1_108' title="bbox 1415 1158 2490 1203; baseline 0.001 -11"><span class='ocrx_word' id='word_1_815' title='bbox 1415 1168 1464 1192; x_wconf 92' lang='lat' dir='ltr'>est</span> <span class='ocrx_word' id='word_1_816' title='bbox 1479 1167 1591 1191; x_wconf 88' lang='lat' dir='ltr'>motus</span> <span class='ocrx_word' id='word_1_817' title='bbox 1608 1166 1727 1198; x_wconf 65' lang='grc' dir='ltr'><strong>τείως,</strong></span> <span class='ocrx_word' id='word_1_818' title='bbox 1745 1158 1870 1192; x_wconf 89' lang='lat' dir='ltr'>scilicet</span> <span class='ocrx_word' id='word_1_819' title='bbox 1893 1170 2026 1203; x_wconf 75' lang='lat' dir='ltr'>sursum</span> <span class='ocrx_word' id='word_1_820' title='bbox 2050 1167 2107 1192; x_wconf 89' lang='lat' dir='ltr'>aut</span> <span class='ocrx_word' id='word_1_821' title='bbox 2126 1158 2294 1199; x_wconf 89' lang='lat' dir='ltr'>deorsum,</span> <span class='ocrx_word' id='word_1_822' title='bbox 2311 1159 2396 1193; x_wconf 83' lang='lat' dir='ltr'>sicut</span> <span class='ocrx_word' id='word_1_823' title='bbox 2416 1160 2490 1202; x_wconf 82' lang='lat' dir='ltr'>iste,</span> 
     </span>
     <span class='ocr_line' id='line_1_109' title="bbox 1415 1202 2491 1249; baseline 0.003 -13"><span class='ocrx_word' id='word_1_824' title='bbox 1415 1211 1548 1247; x_wconf 92' lang='lat' dir='ltr'>oportet</span> <span class='ocrx_word' id='word_1_825' title='bbox 1571 1202 1661 1247; x_wconf 93' lang='lat' dir='ltr'>quod</span> <span class='ocrx_word' id='word_1_826' title='bbox 1686 1203 1728 1235; x_wconf 89' lang='lat' dir='ltr'>sit</span> <span class='ocrx_word' id='word_1_827' title='bbox 1751 1202 1927 1237; x_wconf 83' lang='lat' dir='ltr'>circularis.</span> <span class='ocrx_word' id='word_1_828' title='bbox 1953 1203 2047 1237; x_wconf 91' lang='lat' dir='ltr'>Sicut</span> <span class='ocrx_word' id='word_1_829' title='bbox 2070 1211 2182 1237; x_wconf 85' lang='lat' dir='ltr'>autem</span> <span class='ocrx_word' id='word_1_830' title='bbox 2205 1212 2360 1239; x_wconf 85' lang='lat' dir='ltr'>movetur</span> <span class='ocrx_word' id='word_1_831' title='bbox 2382 1204 2491 1249; x_wconf 69' lang='lat' dir='ltr'>prim</span> 
     </span>
     <span class='ocr_line' id='line_1_110' title="bbox 1415 1246 2490 1294; baseline 0.003 -14"><span class='ocrx_word' id='word_1_832' title='bbox 1415 1247 1502 1291; x_wconf 77' lang='lat' dir='ltr'>pars,</span> <span class='ocrx_word' id='word_1_833' title='bbox 1519 1247 1564 1280; x_wconf 91' lang='lat' dir='ltr'>ita</span> <span class='ocrx_word' id='word_1_834' title='bbox 1583 1246 1734 1280; x_wconf 88' lang='lat' dir='ltr'>similiter</span> <span class='ocrx_word' id='word_1_835' title='bbox 1756 1256 1935 1282; x_wconf 87' lang='lat' dir='ltr'>moventur</span> <span class='ocrx_word' id='word_1_836' title='bbox 1951 1254 2069 1282; x_wconf 85' lang='lat' dir='ltr'>omnes</span> <span class='ocrx_word' id='word_1_837' title='bbox 2093 1247 2348 1293; x_wconf 84' lang='lat' dir='ltr'>subsequentes:</span> <span class='ocrx_word' id='word_1_838' title='bbox 2365 1250 2490 1294; x_wconf 59' lang='lat' dir='ltr'>etpro-</span> 
     </span>
     <span class='ocr_line' id='line_1_111' title="bbox 1414 1291 2489 1338; baseline 0.003 -14"><span class='ocrx_word' id='word_1_839' title='bbox 1414 1301 1486 1336; x_wconf 84' lang='lat' dir='ltr'>pter</span> <span class='ocrx_word' id='word_1_840' title='bbox 1502 1291 1566 1324; x_wconf 92' lang='lat' dir='ltr'>hoc</span> <span class='ocrx_word' id='word_1_841' title='bbox 1582 1291 1619 1325; x_wconf 93' lang='lat' dir='ltr'>fit</span> <span class='ocrx_word' id='word_1_842' title='bbox 1635 1292 1696 1325; x_wconf 80' lang='lat' dir='ltr'>ista</span> <span class='ocrx_word' id='word_1_843' title='bbox 1720 1291 1886 1326; x_wconf 88' lang='lat' dir='ltr'>revolutio</span> <span class='ocrx_word' id='word_1_844' title='bbox 1910 1303 2011 1337; x_wconf 90' lang='lat' dir='ltr'>super</span> <span class='ocrx_word' id='word_1_845' title='bbox 2033 1301 2166 1334; x_wconf 89' lang='lat' dir='ltr'>terram,</span> <span class='ocrx_word' id='word_1_846' title='bbox 2184 1304 2268 1337; x_wconf 92' lang='lat' dir='ltr'>quae</span> <span class='ocrx_word' id='word_1_847' title='bbox 2285 1292 2384 1327; x_wconf 88' lang='lat' dir='ltr'>habet</span> <span class='ocrx_word' id='word_1_848' title='bbox 2398 1293 2489 1338; x_wconf 73' lang='lat' dir='ltr'>prin-</span> 
     </span>
     <span class='ocr_line' id='line_1_112' title="bbox 1415 1335 2386 1380; baseline 0.004 -11"><span class='ocrx_word' id='word_1_849' title='bbox 1415 1337 1538 1380; x_wconf 89' lang='lat' dir='ltr'>cipium</span> <span class='ocrx_word' id='word_1_850' title='bbox 1562 1336 1596 1369; x_wconf 89' lang='lat' dir='ltr'>in</span> <span class='ocrx_word' id='word_1_851' title='bbox 1619 1335 1774 1370; x_wconf 90' lang='lat' dir='ltr'>nubibus.</span> <span class='ocrx_word' id='word_1_852' title='bbox 2382 1369 2386 1373; x_wconf 85' lang='lat'>.</span> 
     </span>
    </p>

    <p class='ocr_par' dir='ltr' id='par_1_29' title="bbox 1414 1380 2491 1560">
     <span class='ocr_line' id='line_1_113' title="bbox 1471 1380 2490 1427; baseline 0.003 -14"><span class='ocrx_word' id='word_1_853' title='bbox 1471 1391 1500 1423; x_wconf 87' lang='lat'>5.</span> <span class='ocrx_word' id='word_1_854' title='bbox 1525 1380 1656 1414; x_wconf 91' lang='lat' dir='ltr'>Deinde</span> <span class='ocrx_word' id='word_1_855' title='bbox 1673 1392 1751 1414; x_wconf 89' lang='lat' dir='ltr'>cum</span> <span class='ocrx_word' id='word_1_856' title='bbox 1767 1380 1863 1414; x_wconf 88' lang='lat' dir='ltr'>dicit:</span> <span class='ocrx_word' id='word_1_857' title='bbox 1893 1380 2098 1415; x_wconf 77' lang='lat' dir='ltr'>Veruntamen</span> <span class='ocrx_word' id='word_1_858' title='bbox 2117 1382 2192 1427; x_wconf 82' lang='lat' dir='ltr'>quia</span> <span class='ocrx_word' id='word_1_859' title='bbox 2213 1382 2289 1416; x_wconf 74' lang='lat' dir='ltr'>sicut</span> <span class='ocrx_word' id='word_1_860' title='bbox 2304 1390 2379 1424; x_wconf 84' lang='lat' dir='ltr'>etc.,</span> <span class='ocrx_word' id='word_1_861' title='bbox 2397 1393 2490 1416; x_wconf 87' lang='lat' dir='ltr'>com-</span> 
     </span>
     <span class='ocr_line' id='line_1_114' title="bbox 1414 1424 2490 1478; baseline 0.004 -20"><span class='ocrx_word' id='word_1_862' title='bbox 1414 1434 1506 1470; x_wconf 91' lang='lat' dir='ltr'>parat</span> <span class='ocrx_word' id='word_1_863' title='bbox 1517 1424 1702 1470; x_wconf 88' lang='lat' dir='ltr'>typhonem</span> <span class='ocrx_word' id='word_1_864' title='bbox 1713 1424 1755 1459; x_wconf 85' lang='lat' dir='ltr'>ad</span> <span class='ocrx_word' id='word_1_865' title='bbox 1767 1425 1972 1471; x_wconf 88' lang='lat' dir='ltr'>ecnephiam.</span> <span class='ocrx_word' id='word_1_866' title='bbox 1982 1425 2024 1460; x_wconf 92' lang='lat' dir='ltr'>Et</span> <span class='ocrx_word' id='word_1_867' title='bbox 2035 1425 2116 1460; x_wconf 87' lang='lat' dir='ltr'>dicit</span> <span class='ocrx_word' id='word_1_868' title='bbox 2126 1425 2218 1478; x_wconf 79' lang='lat' dir='ltr'>quod</span> <span class='ocrx_word' id='word_1_869' title='bbox 2230 1425 2380 1462; x_wconf 82' lang='lat' dir='ltr'>similiter</span> <span class='ocrx_word' id='word_1_870' title='bbox 2389 1435 2490 1472; x_wconf 73' lang='lat' dir='ltr'>gene·</span> 
     </span>
     <span class='ocr_line' id='line_1_115' title="bbox 1414 1469 2491 1517; baseline 0.003 -14"><span class='ocrx_word' id='word_1_871' title='bbox 1414 1478 1537 1510; x_wconf 89' lang='lat' dir='ltr'>rantur,</span> <span class='ocrx_word' id='word_1_872' title='bbox 1554 1469 1678 1503; x_wconf 92' lang='lat' dir='ltr'>scilicet</span> <span class='ocrx_word' id='word_1_873' title='bbox 1698 1481 1757 1514; x_wconf 91' lang='lat' dir='ltr'>per</span> <span class='ocrx_word' id='word_1_874' title='bbox 1780 1471 1974 1505; x_wconf 78' lang='lat' dir='ltr'>continuam</span> <span class='ocrx_word' id='word_1_875' title='bbox 1993 1479 2257 1515; x_wconf 76' lang='lat' dir='ltr'>segregationem</span> <span class='ocrx_word' id='word_1_876' title='bbox 2280 1470 2379 1506; x_wconf 61' lang='lat' dir='ltr'>nubis</span> <span class='ocrx_word' id='word_1_877' title='bbox 2389 1471 2491 1517; x_wconf 73' lang='lat' dir='ltr'>n&#39;spi-</span> 
     </span>
     <span class='ocr_line' id='line_1_116' title="bbox 1414 1513 2489 1560; baseline 0.004 -13"><span class='ocrx_word' id='word_1_878' title='bbox 1414 1515 1489 1555; x_wconf 90' lang='lat' dir='ltr'>ritu,</span> <span class='ocrx_word' id='word_1_879' title='bbox 1502 1514 1571 1547; x_wconf 83' lang='lat' dir='ltr'>sive</span> <span class='ocrx_word' id='word_1_880' title='bbox 1583 1513 1623 1547; x_wconf 87' lang='lat' dir='ltr'>ab</span> <span class='ocrx_word' id='word_1_881' title='bbox 1636 1513 1843 1551; x_wconf 79' lang='lat' dir='ltr'>exhalatione</span> <span class='ocrx_word' id='word_1_882' title='bbox 1855 1516 1956 1556; x_wconf 82' lang='lat' dir='ltr'>sicca3</span> <span class='ocrx_word' id='word_1_883' title='bbox 1974 1514 2066 1560; x_wconf 89' lang='lat' dir='ltr'>quod</span> <span class='ocrx_word' id='word_1_884' title='bbox 2078 1523 2254 1560; x_wconf 86' lang='lat' dir='ltr'>propterea</span> <span class='ocrx_word' id='word_1_885' title='bbox 2266 1516 2489 1558; x_wconf 67' lang='lat' dir='ltr'>necessarium</span> 
     </span>
    </p>
   </div>
   <div class='ocr_carea' id='block_1_22' title="bbox 1414 1558 2498 1610">
    <p class='ocr_par' dir='ltr' id='par_1_30' title="bbox 1414 1558 2498 1610">
     <span class='ocr_line' id='line_1_117' title="bbox 1414 1558 2498 1610; baseline 0.003 -18"><span class='ocrx_word' id='word_1_886' title='bbox 1414 1568 1474 1598; x_wconf 87' lang='lat' dir='ltr'>est,</span> <span class='ocrx_word' id='word_1_887' title='bbox 1494 1559 1571 1603; x_wconf 90' lang='lat' dir='ltr'>quia</span> <span class='ocrx_word' id='word_1_888' title='bbox 1594 1558 1701 1610; x_wconf 86' lang='lat' dir='ltr'>typho</span> <span class='ocrx_word' id='word_1_889' title='bbox 1724 1558 1873 1594; x_wconf 88' lang='lat' dir='ltr'>velocius</span> <span class='ocrx_word' id='word_1_890' title='bbox 1896 1568 2052 1593; x_wconf 86' lang='lat' dir='ltr'>movetur</span> <span class='ocrx_word' id='word_1_891' title='bbox 2074 1559 2283 1601; x_wconf 86' lang='lat' dir='ltr'>circulariter,</span> <span class='ocrx_word' id='word_1_892' title='bbox 2307 1569 2498 1608; x_wconf 52' lang='lat' dir='ltr'>quamam·</span> 
     </span>
    </p>
   </div>
   <div class='ocr_carea' id='block_1_23' title="bbox 1414 1602 2493 1916">
    <p class='ocr_par' dir='ltr' id='par_1_31' title="bbox 1414 1602 2491 1878">
     <span class='ocr_line' id='line_1_118' title="bbox 1414 1602 2490 1649; baseline 0.004 -13"><span class='ocrx_word' id='word_1_893' title='bbox 1414 1602 1470 1636; x_wconf 91' lang='lat' dir='ltr'>bes</span> <span class='ocrx_word' id='word_1_894' title='bbox 1494 1612 1570 1636; x_wconf 87' lang='lat' dir='ltr'>nata</span> <span class='ocrx_word' id='word_1_895' title='bbox 1594 1612 1635 1636; x_wconf 79' lang='lat' dir='ltr'>sit</span> <span class='ocrx_word' id='word_1_896' title='bbox 1659 1615 1699 1636; x_wconf 88' lang='lat' dir='ltr'>ex</span> <span class='ocrx_word' id='word_1_897' title='bbox 1721 1603 1830 1648; x_wconf 89' lang='lat' dir='ltr'>seipsa</span> <span class='ocrx_word' id='word_1_898' title='bbox 1852 1604 1991 1645; x_wconf 83' lang='lat' dir='ltr'>moveri,</span> <span class='ocrx_word' id='word_1_899' title='bbox 2007 1613 2041 1638; x_wconf 93' lang='lat' dir='ltr'>et</span> <span class='ocrx_word' id='word_1_900' title='bbox 2056 1615 2096 1639; x_wconf 89' lang='lat' dir='ltr'>ex</span> <span class='ocrx_word' id='word_1_901' title='bbox 2116 1603 2182 1638; x_wconf 89' lang='lat' dir='ltr'>hoc</span> <span class='ocrx_word' id='word_1_902' title='bbox 2205 1604 2311 1638; x_wconf 88' lang='lat' dir='ltr'>nubes</span> <span class='ocrx_word' id='word_1_903' title='bbox 2330 1605 2490 1649; x_wconf 67' lang='lat' dir='ltr'>continue</span> 
     </span>
     <span class='ocr_line' id='line_1_119' title="bbox 1414 1646 2490 1696; baseline 0.004 -15"><span class='ocrx_word' id='word_1_904' title='bbox 1414 1656 1584 1692; x_wconf 86' lang='lat' dir='ltr'>separatur</span> <span class='ocrx_word' id='word_1_905' title='bbox 1607 1647 1646 1681; x_wconf 89' lang='lat' dir='ltr'>ab</span> <span class='ocrx_word' id='word_1_906' title='bbox 1670 1646 1888 1689; x_wconf 86' lang='lat' dir='ltr'>exhalatione,</span> <span class='ocrx_word' id='word_1_907' title='bbox 1908 1648 1952 1682; x_wconf 85' lang='lat' dir='ltr'>ita</span> <span class='ocrx_word' id='word_1_908' title='bbox 1974 1657 2086 1683; x_wconf 88' lang='lat' dir='ltr'>tamen</span> <span class='ocrx_word' id='word_1_909' title='bbox 2109 1648 2201 1694; x_wconf 89' lang='lat' dir='ltr'>quod</span> <span class='ocrx_word' id='word_1_910' title='bbox 2225 1660 2357 1694; x_wconf 79' lang='lat' dir='ltr'>semper</span> <span class='ocrx_word' id='word_1_911' title='bbox 2379 1649 2490 1696; x_wconf 71' lang='lat' dir='ltr'>aliqua</span> 
     </span>
     <span class='ocr_line' id='line_1_120' title="bbox 1414 1691 2491 1738; baseline 0.003 -13"><span class='ocrx_word' id='word_1_912' title='bbox 1414 1704 1489 1736; x_wconf 87' lang='lat' dir='ltr'>pars</span> <span class='ocrx_word' id='word_1_913' title='bbox 1506 1691 1603 1726; x_wconf 91' lang='lat' dir='ltr'>nubis</span> <span class='ocrx_word' id='word_1_914' title='bbox 1619 1692 1769 1737; x_wconf 86' lang='lat' dir='ltr'>sequitur</span> <span class='ocrx_word' id='word_1_915' title='bbox 1792 1691 2045 1729; x_wconf 80' lang='lat' dir='ltr'>exhalationem.</span> <span class='ocrx_word' id='word_1_916' title='bbox 2070 1693 2112 1726; x_wconf 88' lang='lat' dir='ltr'>Et</span> <span class='ocrx_word' id='word_1_917' title='bbox 2135 1693 2182 1727; x_wconf 89' lang='lat' dir='ltr'>sic</span> <span class='ocrx_word' id='word_1_918' title='bbox 2197 1694 2297 1729; x_wconf 82' lang='lat' dir='ltr'>etiam</span> <span class='ocrx_word' id='word_1_919' title='bbox 2312 1702 2491 1738; x_wconf 76' lang='lat' dir='ltr'>generatur</span> 
     </span>
     <span class='ocr_line' id='line_1_121' title="bbox 1414 1736 2489 1784; baseline 0.003 -14"><span class='ocrx_word' id='word_1_920' title='bbox 1414 1736 1608 1780; x_wconf 81' lang='lat' dir='ltr'>ecnephias3</span> <span class='ocrx_word' id='word_1_921' title='bbox 1639 1736 1698 1770; x_wconf 92' lang='lat' dir='ltr'>sed</span> <span class='ocrx_word' id='word_1_922' title='bbox 1722 1746 1833 1770; x_wconf 89' lang='lat' dir='ltr'>tamen</span> <span class='ocrx_word' id='word_1_923' title='bbox 1856 1737 1918 1771; x_wconf 87' lang='lat' dir='ltr'>ista</span> <span class='ocrx_word' id='word_1_924' title='bbox 1942 1736 2010 1771; x_wconf 92' lang='lat' dir='ltr'>duo</span> <span class='ocrx_word' id='word_1_925' title='bbox 2033 1736 2190 1772; x_wconf 84' lang='lat' dir='ltr'>differunt</span> <span class='ocrx_word' id='word_1_926' title='bbox 2213 1738 2249 1772; x_wconf 79' lang='lat' dir='ltr'>ia</span> <span class='ocrx_word' id='word_1_927' title='bbox 2271 1746 2392 1776; x_wconf 73' lang='lat' dir='ltr'>motu:v</span> <span class='ocrx_word' id='word_1_928' title='bbox 2408 1738 2489 1784; x_wconf 60' lang='lat' dir='ltr'>{luia</span> 
     </span>
     <span class='ocr_line' id='line_1_122' title="bbox 1414 1781 2491 1827; baseline 0.004 -13"><span class='ocrx_word' id='word_1_929' title='bbox 1414 1781 1591 1825; x_wconf 88' lang='lat' dir='ltr'>ecnephias</span> <span class='ocrx_word' id='word_1_930' title='bbox 1615 1789 1769 1815; x_wconf 86' lang='lat' dir='ltr'>movetur</span> <span class='ocrx_word' id='word_1_931' title='bbox 1796 1790 1891 1816; x_wconf 88' lang='lat' dir='ltr'>motu</span> <span class='ocrx_word' id='word_1_932' title='bbox 1916 1790 2029 1822; x_wconf 89' lang='lat' dir='ltr'>recto,</span> <span class='ocrx_word' id='word_1_933' title='bbox 2061 1781 2167 1827; x_wconf 86' lang='lat' dir='ltr'>typho</span> <span class='ocrx_word' id='word_1_934' title='bbox 2195 1790 2308 1817; x_wconf 87' lang='lat' dir='ltr'>autem</span> <span class='ocrx_word' id='word_1_935' title='bbox 2333 1790 2491 1821; x_wconf 69' lang='lat' dir='ltr'>movetur</span> 
     </span>
     <span class='ocr_line' id='line_1_123' title="bbox 1414 1825 2419 1878; baseline 0.002 -20"><span class='ocrx_word' id='word_1_936' title='bbox 1414 1825 1599 1859; x_wconf 91' lang='lat' dir='ltr'>secundum</span> <span class='ocrx_word' id='word_1_937' title='bbox 1624 1825 1800 1867; x_wconf 90' lang='lat' dir='ltr'>circulum,</span> <span class='ocrx_word' id='word_1_938' title='bbox 1822 1837 1885 1878; x_wconf 83' lang='lat' dir='ltr'>pro</span> <span class='ocrx_word' id='word_1_939' title='bbox 1910 1834 1960 1859; x_wconf 85' lang='lat' dir='ltr'>ter</span> <span class='ocrx_word' id='word_1_940' title='bbox 1982 1837 2116 1862; x_wconf 75' lang='lat' dir='ltr'>causam</span> <span class='ocrx_word' id='word_1_941' title='bbox 2138 1826 2205 1860; x_wconf 86' lang='lat' dir='ltr'>iam</span> <span class='ocrx_word' id='word_1_942' title='bbox 2229 1825 2361 1871; x_wconf 67' lang='lat' dir='ltr'>dictant,</span> <span class='ocrx_word' id='word_1_943' title='bbox 2391 1838 2419 1866; x_wconf 76' lang='grc'>,-,’</span> 
     </span>
    </p>

    <p class='ocr_par' dir='ltr' id='par_1_32' title="bbox 1470 1869 2493 1916">
     <span class='ocr_line' id='line_1_124' title="bbox 1470 1869 2493 1916; baseline 0.003 -13"><span class='ocrx_word' id='word_1_944' title='bbox 1470 1872 1501 1903; x_wconf 90' lang='grc'>6.</span> <span class='ocrx_word' id='word_1_945' title='bbox 1526 1869 1656 1904; x_wconf 90' lang='lat' dir='ltr'>Deinde</span> <span class='ocrx_word' id='word_1_946' title='bbox 1673 1881 1750 1904; x_wconf 91' lang='lat' dir='ltr'>cum</span> <span class='ocrx_word' id='word_1_947' title='bbox 1767 1869 1863 1904; x_wconf 78' lang='lat' dir='ltr'>dicit:</span> <span class='ocrx_word' id='word_1_948' title='bbox 1921 1881 2039 1905; x_wconf 84' lang='lat' dir='ltr'>eorsum</span> <span class='ocrx_word' id='word_1_949' title='bbox 2054 1877 2156 1907; x_wconf 81' lang='lat' dir='ltr'>autem</span> <span class='ocrx_word' id='word_1_950' title='bbox 2171 1871 2276 1916; x_wconf 82' lang='lat' dir='ltr'>fertur</span> <span class='ocrx_word' id='word_1_951' title='bbox 2289 1879 2364 1912; x_wconf 83' lang='lat' dir='ltr'>etc.,</span> <span class='ocrx_word' id='word_1_952' title='bbox 2386 1870 2493 1910; x_wconf 71' lang='lat' dir='ltr'>deter—</span> 
     </span>
    </p>
   </div>
   <div class='ocr_carea' id='block_1_24' title="bbox 1415 1914 2490 1966">
    <p class='ocr_par' dir='ltr' id='par_1_33' title="bbox 1415 1914 2490 1966">
     <span class='ocr_line' id='line_1_125' title="bbox 1415 1914 2490 1966; baseline 0.003 -19"><span class='ocrx_word' id='word_1_953' title='bbox 1415 1915 1519 1948; x_wconf 85' lang='lat' dir='ltr'>minat</span> <span class='ocrx_word' id='word_1_954' title='bbox 1535 1914 1575 1948; x_wconf 91' lang='lat' dir='ltr'>de</span> <span class='ocrx_word' id='word_1_955' title='bbox 1591 1923 1686 1948; x_wconf 90' lang='lat' dir='ltr'>motu</span> <span class='ocrx_word' id='word_1_956' title='bbox 1707 1915 1788 1948; x_wconf 93' lang='lat' dir='ltr'>eius.</span> <span class='ocrx_word' id='word_1_957' title='bbox 1814 1915 1856 1949; x_wconf 90' lang='lat' dir='ltr'>Et</span> <span class='ocrx_word' id='word_1_958' title='bbox 1879 1914 1959 1949; x_wconf 89' lang='lat' dir='ltr'>dicit</span> <span class='ocrx_word' id='word_1_959' title='bbox 1982 1914 2074 1960; x_wconf 89' lang='lat' dir='ltr'>quod</span> <span class='ocrx_word' id='word_1_960' title='bbox 2097 1915 2203 1960; x_wconf 82' lang='lat' dir='ltr'>typho</span> <span class='ocrx_word' id='word_1_961' title='bbox 2230 1915 2308 1950; x_wconf 90' lang='lat' dir='ltr'>licet</span> <span class='ocrx_word' id='word_1_962' title='bbox 2327 1915 2383 1966; x_wconf 6' lang='lat' dir='ltr'>&#39;sitq</span> <span class='ocrx_word' id='word_1_963' title='bbox 2456 1927 2490 1950; x_wconf 87' lang='grc' dir='ltr'><strong>ε-</strong></span> 
     </span>
    </p>
   </div>
   <div class='ocr_carea' id='block_1_25' title="bbox 1413 1959 2493 2765">
    <p class='ocr_par' dir='ltr' id='par_1_34' title="bbox 1414 1959 2439 2003">
     <span class='ocr_line' id='line_1_126' title="bbox 1414 1959 2439 2003; baseline 0.002 -11"><span class='ocrx_word' id='word_1_964' title='bbox 1414 1968 1503 1992; x_wconf 87' lang='lat' dir='ltr'>ratus</span> <span class='ocrx_word' id='word_1_965' title='bbox 1519 1959 1683 2003; x_wconf 88' lang='lat' dir='ltr'>superius,</span> <span class='ocrx_word' id='word_1_966' title='bbox 1699 1968 1811 1993; x_wconf 89' lang='lat' dir='ltr'>tamen</span> <span class='ocrx_word' id='word_1_967' title='bbox 1834 1968 1988 1994; x_wconf 91' lang='lat' dir='ltr'>movetur</span> <span class='ocrx_word' id='word_1_968' title='bbox 2011 1959 2168 1994; x_wconf 86' lang='lat' dir='ltr'>deorsum</span> <span class='ocrx_word' id='word_1_969' title='bbox 2192 1960 2277 1995; x_wconf 87' lang='lat' dir='ltr'>sicut</span> <span class='ocrx_word' id='word_1_970' title='bbox 2299 1971 2381 1994; x_wconf 80' lang='lat' dir='ltr'>eene</span> <span class='ocrx_word' id='word_1_971' title='bbox 2431 1961 2439 1968; x_wconf 87' lang='grc'><em>“</em></span> 
     </span>
    </p>

    <p class='ocr_par' dir='ltr' id='par_1_35' title="bbox 1413 2002 2493 2493">
     <span class='ocr_line' id='line_1_127' title="bbox 1415 2002 2490 2049; baseline 0.004 -13"><span class='ocrx_word' id='word_1_972' title='bbox 1415 2004 1491 2048; x_wconf 90' lang='lat' dir='ltr'>quia</span> <span class='ocrx_word' id='word_1_973' title='bbox 1506 2002 1609 2037; x_wconf 89' lang='lat' dir='ltr'>fertur</span> <span class='ocrx_word' id='word_1_974' title='bbox 1624 2004 1659 2037; x_wconf 93' lang='lat' dir='ltr'>in</span> <span class='ocrx_word' id='word_1_975' title='bbox 1675 2004 1878 2038; x_wconf 85' lang='lat' dir='ltr'>contrarium</span> <span class='ocrx_word' id='word_1_976' title='bbox 1892 2005 1964 2038; x_wconf 89' lang='lat' dir='ltr'>eius</span> <span class='ocrx_word' id='word_1_977' title='bbox 1976 2015 1995 2038; x_wconf 81' lang='lat' dir='ltr'>a</span> <span class='ocrx_word' id='word_1_978' title='bbox 2011 2015 2080 2049; x_wconf 91' lang='lat' dir='ltr'>quo</span> <span class='ocrx_word' id='word_1_979' title='bbox 2101 2004 2292 2049; x_wconf 77' lang='lat' dir='ltr'>expellitur:</span> <span class='ocrx_word' id='word_1_980' title='bbox 2315 2016 2357 2046; x_wconf 67' lang='lat' dir='ltr'>ex</span> <span class='ocrx_word' id='word_1_981' title='bbox 2425 2005 2490 2040; x_wconf 85' lang='lat' dir='ltr'>&#39;tur</span> 
     </span>
     <span class='ocr_line' id='line_1_128' title="bbox 1414 2047 2489 2101; baseline 0.003 -20"><span class='ocrx_word' id='word_1_982' title='bbox 1414 2056 1525 2081; x_wconf 88' lang='lat' dir='ltr'>autem</span> <span class='ocrx_word' id='word_1_983' title='bbox 1549 2060 1568 2082; x_wconf 87' lang='lat' dir='ltr'>a</span> <span class='ocrx_word' id='word_1_984' title='bbox 1591 2049 1754 2093; x_wconf 87' lang='lat' dir='ltr'>superiori</span> <span class='ocrx_word' id='word_1_985' title='bbox 1802 2057 1868 2082; x_wconf 90' lang='lat' dir='ltr'>arte</span> <span class='ocrx_word' id='word_1_986' title='bbox 1893 2047 2010 2089; x_wconf 88' lang='lat' dir='ltr'>nubis,</span> <span class='ocrx_word' id='word_1_987' title='bbox 2042 2060 2127 2101; x_wconf 85' lang='lat' dir='ltr'>quae</span> <span class='ocrx_word' id='word_1_988' title='bbox 2151 2057 2201 2083; x_wconf 89' lang='lat' dir='ltr'>est</span> <span class='ocrx_word' id='word_1_989' title='bbox 2223 2049 2330 2094; x_wconf 75' lang='lat' dir='ltr'>magis</span> <span class='ocrx_word' id='word_1_990' title='bbox 2380 2049 2391 2090; x_wconf 62' lang='lat' dir='ltr'><em>J</em></span> <span class='ocrx_word' id='word_1_991' title='bbox 2428 2048 2489 2092; x_wconf 81' lang='lat' dir='ltr'>da,</span> 
     </span>
     <span class='ocr_line' id='line_1_129' title="bbox 1414 2059 2491 2137; baseline 0.003 -11"><span class='ocrx_word' id='word_1_992' title='bbox 1414 2101 1550 2136; x_wconf 91' lang='lat' dir='ltr'>propter</span> <span class='ocrx_word' id='word_1_993' title='bbox 1572 2092 1637 2126; x_wconf 89' lang='lat' dir='ltr'>hoc</span> <span class='ocrx_word' id='word_1_994' title='bbox 1661 2092 1752 2137; x_wconf 90' lang='lat' dir='ltr'>quod</span> <span class='ocrx_word' id='word_1_995' title='bbox 1767 2059 1812 2127; x_wconf 57' lang='lat' dir='ltr'>ibi</span> <span class='ocrx_word' id='word_1_996' title='bbox 1829 2092 1940 2128; x_wconf 88' lang='lat' dir='ltr'>deficit</span> <span class='ocrx_word' id='word_1_997' title='bbox 1963 2092 2109 2128; x_wconf 77' lang='lat' dir='ltr'>caliditas</span> <span class='ocrx_word' id='word_1_998' title='bbox 2129 2102 2260 2128; x_wconf 86' lang='lat' dir='ltr'>causata</span> <span class='ocrx_word' id='word_1_999' title='bbox 2276 2105 2295 2129; x_wconf 89' lang='lat' dir='ltr'>a</span> <span class='ocrx_word' id='word_1_1000' title='bbox 2310 2092 2491 2134; x_wconf 68' lang='lat' dir='ltr'>reflexione</span> 
     </span>
     <span class='ocr_line' id='line_1_130' title="bbox 1414 2136 2491 2182; baseline 0.003 -12"><span class='ocrx_word' id='word_1_1001' title='bbox 1414 2136 1582 2171; x_wconf 90' lang='lat' dir='ltr'>radiorum</span> <span class='ocrx_word' id='word_1_1002' title='bbox 1606 2136 1776 2177; x_wconf 89' lang='lat' dir='ltr'>solarium,</span> <span class='ocrx_word' id='word_1_1003' title='bbox 1795 2137 1881 2172; x_wconf 90' lang='lat' dir='ltr'>sicut</span> <span class='ocrx_word' id='word_1_1004' title='bbox 1903 2149 2003 2182; x_wconf 84' lang='lat' dir='ltr'>supra</span> <span class='ocrx_word' id='word_1_1005' title='bbox 2026 2137 2152 2172; x_wconf 90' lang='lat' dir='ltr'>dictum</span> <span class='ocrx_word' id='word_1_1006' title='bbox 2176 2147 2241 2173; x_wconf 87' lang='lat' dir='ltr'>est:</span> <span class='ocrx_word' id='word_1_1007' title='bbox 2259 2147 2293 2177; x_wconf 88' lang='lat' dir='ltr'>et</span> <span class='ocrx_word' id='word_1_1008' title='bbox 2314 2149 2491 2179; x_wconf 48' lang='lat' dir='ltr'>excome-</span> 
     </span>
     <span class='ocr_line' id='line_1_131' title="bbox 1415 2181 2488 2228; baseline 0.004 -14"><span class='ocrx_word' id='word_1_1009' title='bbox 1415 2182 1529 2226; x_wconf 89' lang='lat' dir='ltr'>quenti</span> <span class='ocrx_word' id='word_1_1010' title='bbox 1552 2190 1708 2215; x_wconf 89' lang='lat' dir='ltr'>movetur</span> <span class='ocrx_word' id='word_1_1011' title='bbox 1731 2181 1877 2217; x_wconf 83' lang='lat' dir='ltr'>inferius.</span> <span class='ocrx_word' id='word_1_1012' title='bbox 1903 2182 1944 2216; x_wconf 90' lang='lat' dir='ltr'>Et</span> <span class='ocrx_word' id='word_1_1013' title='bbox 1966 2191 2106 2216; x_wconf 80' lang='lat' dir='ltr'>vocatur</span> <span class='ocrx_word' id='word_1_1014' title='bbox 2129 2181 2182 2219; x_wconf 87' lang='lat' dir='ltr'>ille</span> <span class='ocrx_word' id='word_1_1015' title='bbox 2206 2183 2343 2228; x_wconf 80' lang='lat' dir='ltr'>spiritus</span> <span class='ocrx_word' id='word_1_1016' title='bbox 2365 2182 2488 2228; x_wconf 75' lang='lat' dir='ltr'>typho,</span> 
     </span>
     <span class='ocr_line' id='line_1_132' title="bbox 1414 2225 2490 2271; baseline 0.003 -12"><span class='ocrx_word' id='word_1_1017' title='bbox 1414 2225 1548 2270; x_wconf 92' lang='lat' dir='ltr'>quando</span> <span class='ocrx_word' id='word_1_1018' title='bbox 1572 2234 1726 2260; x_wconf 88' lang='lat' dir='ltr'>movetur</span> <span class='ocrx_word' id='word_1_1019' title='bbox 1749 2225 1907 2260; x_wconf 85' lang='lat' dir='ltr'>deorsum</span> <span class='ocrx_word' id='word_1_1020' title='bbox 1931 2226 2144 2271; x_wconf 77' lang='lat' dir='ltr'>circulariter,</span> <span class='ocrx_word' id='word_1_1021' title='bbox 2173 2235 2206 2261; x_wconf 92' lang='lat' dir='ltr'>et</span> <span class='ocrx_word' id='word_1_1022' title='bbox 2228 2239 2299 2267; x_wconf 82' lang='lat' dir='ltr'>non</span> <span class='ocrx_word' id='word_1_1023' title='bbox 2321 2235 2379 2269; x_wconf 89' lang='grc' dir='ltr'>εει</span> <span class='ocrx_word' id='word_1_1024' title='bbox 2394 2226 2490 2266; x_wconf 76' lang='lat' dir='ltr'>colo-</span> 
     </span>
     <span class='ocr_line' id='line_1_133' title="bbox 1414 2269 2488 2324; baseline 0.003 -21"><span class='ocrx_word' id='word_1_1025' title='bbox 1414 2279 1523 2311; x_wconf 86' lang='lat' dir='ltr'>ratus,</span> <span class='ocrx_word' id='word_1_1026' title='bbox 1553 2281 1615 2303; x_wconf 88' lang='lat' dir='ltr'>nec</span> <span class='ocrx_word' id='word_1_1027' title='bbox 1638 2282 1657 2304; x_wconf 90' lang='lat' dir='ltr'>a</span> <span class='ocrx_word' id='word_1_1028' title='bbox 1681 2269 1787 2304; x_wconf 87' lang='lat' dir='ltr'>calido</span> <span class='ocrx_word' id='word_1_1029' title='bbox 1811 2271 1955 2315; x_wconf 83' lang='lat' dir='ltr'>ignitus,</span> <span class='ocrx_word' id='word_1_1030' title='bbox 1985 2271 2072 2306; x_wconf 91' lang='lat' dir='ltr'>sicut</span> <span class='ocrx_word' id='word_1_1031' title='bbox 2094 2270 2218 2305; x_wconf 89' lang='lat' dir='ltr'>multae</span> <span class='ocrx_word' id='word_1_1032' title='bbox 2242 2271 2324 2310; x_wconf 84' lang='lat' dir='ltr'>aliae</span> <span class='ocrx_word' id='word_1_1033' title='bbox 2339 2272 2488 2324; x_wconf 70' lang='lat' dir='ltr'>‘impres-</span> 
     </span>
     <span class='ocr_line' id='line_1_134' title="bbox 1414 2314 2489 2363; baseline 0.003 -15"><span class='ocrx_word' id='word_1_1034' title='bbox 1414 2315 1542 2356; x_wconf 89' lang='lat' dir='ltr'>siones;</span> <span class='ocrx_word' id='word_1_1035' title='bbox 1567 2315 1659 2359; x_wconf 92' lang='lat' dir='ltr'>quod</span> <span class='ocrx_word' id='word_1_1036' title='bbox 1682 2314 1800 2349; x_wconf 90' lang='lat' dir='ltr'>accidit</span> <span class='ocrx_word' id='word_1_1037' title='bbox 1823 2327 1864 2350; x_wconf 81' lang='lat' dir='ltr'>ex</span> <span class='ocrx_word' id='word_1_1038' title='bbox 1887 2315 1971 2357; x_wconf 91' lang='lat' dir='ltr'>hoc,</span> <span class='ocrx_word' id='word_1_1039' title='bbox 1995 2316 2072 2361; x_wconf 83' lang='lat' dir='ltr'>quia</span> <span class='ocrx_word' id='word_1_1040' title='bbox 2096 2315 2150 2350; x_wconf 86' lang='lat' dir='ltr'>ille</span> <span class='ocrx_word' id='word_1_1041' title='bbox 2174 2316 2309 2361; x_wconf 88' lang='lat' dir='ltr'>spiritus</span> <span class='ocrx_word' id='word_1_1042' title='bbox 2332 2315 2489 2363; x_wconf 63' lang='lat' dir='ltr'>est-mdi-</span> 
     </span>
     <span class='ocr_line' id='line_1_135' title="bbox 1413 2359 2493 2413; baseline 0.004 -21"><span class='ocrx_word' id='word_1_1043' title='bbox 1413 2368 1538 2403; x_wconf 88' lang='lat' dir='ltr'>gestus,</span> <span class='ocrx_word' id='word_1_1044' title='bbox 1555 2368 1588 2392; x_wconf 91' lang='lat' dir='ltr'>et</span> <span class='ocrx_word' id='word_1_1045' title='bbox 1604 2371 1674 2393; x_wconf 90' lang='lat' dir='ltr'>non</span> <span class='ocrx_word' id='word_1_1046' title='bbox 1698 2368 1747 2393; x_wconf 90' lang='lat' dir='ltr'>est</span> <span class='ocrx_word' id='word_1_1047' title='bbox 1770 2359 1913 2395; x_wconf 84' lang='lat' dir='ltr'>totaliter</span> <span class='ocrx_word' id='word_1_1048' title='bbox 1936 2369 2106 2405; x_wconf 83' lang='lat' dir='ltr'>separatus</span> <span class='ocrx_word' id='word_1_1049' title='bbox 2125 2371 2143 2394; x_wconf 88' lang='lat' dir='ltr'>a</span> <span class='ocrx_word' id='word_1_1050' title='bbox 2159 2359 2260 2401; x_wconf 90' lang='lat' dir='ltr'>nube,</span> <span class='ocrx_word' id='word_1_1051' title='bbox 2282 2360 2342 2402; x_wconf 82' lang='lat' dir='ltr'>sed</span> <span class='ocrx_word' id='word_1_1052' title='bbox 2354 2365 2493 2413; x_wconf 63' lang='lat' dir='ltr'>semper</span> 
     </span>
     <span class='ocr_line' id='line_1_136' title="bbox 1414 2399 2489 2449; baseline 0.003 -12"><span class='ocrx_word' id='word_1_1053' title='bbox 1414 2403 1513 2437; x_wconf 87' lang='lat' dir='ltr'>trahit</span> <span class='ocrx_word' id='word_1_1054' title='bbox 1542 2415 1656 2438; x_wconf 89' lang='lat' dir='ltr'>secum</span> <span class='ocrx_word' id='word_1_1055' title='bbox 1685 2403 1829 2449; x_wconf 84' lang='lat' dir='ltr'>aliquam</span> <span class='ocrx_word' id='word_1_1056' title='bbox 1852 2413 1980 2449; x_wconf 86' lang='lat' dir='ltr'>partem</span> <span class='ocrx_word' id='word_1_1057' title='bbox 2010 2404 2125 2446; x_wconf 91' lang='lat' dir='ltr'>nubis,</span> <span class='ocrx_word' id='word_1_1058' title='bbox 2156 2414 2190 2439; x_wconf 91' lang='lat' dir='ltr'>et</span> <span class='ocrx_word' id='word_1_1059' title='bbox 2212 2406 2283 2440; x_wconf 85' lang='lat' dir='ltr'>eius</span> <span class='ocrx_word' id='word_1_1060' title='bbox 2306 2399 2489 2446; x_wconf 66' lang='lat' dir='ltr'>humiditas</span> 
     </span>
     <span class='ocr_line' id='line_1_137' title="bbox 1414 2447 2426 2493; baseline 0.003 -12"><span class='ocrx_word' id='word_1_1061' title='bbox 1414 2447 1554 2492; x_wconf 90' lang='lat' dir='ltr'>impedit</span> <span class='ocrx_word' id='word_1_1062' title='bbox 1577 2448 1648 2482; x_wconf 90' lang='lat' dir='ltr'>eius</span> <span class='ocrx_word' id='word_1_1063' title='bbox 1673 2447 1911 2483; x_wconf 85' lang='lat' dir='ltr'>colorationem</span> <span class='ocrx_word' id='word_1_1064' title='bbox 1935 2448 1988 2482; x_wconf 86' lang='lat' dir='ltr'>vel</span> <span class='ocrx_word' id='word_1_1065' title='bbox 2011 2449 2218 2493; x_wconf 87' lang='lat' dir='ltr'>ignitionem.</span> <span class='ocrx_word' id='word_1_1066' title='bbox 2304 2464 2306 2466; x_wconf 58' lang='grc'>’</span> <span class='ocrx_word' id='word_1_1067' title='bbox 2331 2474 2339 2478; x_wconf 76' lang='lat'><em>-</em></span> <span class='ocrx_word' id='word_1_1068' title='bbox 2423 2474 2426 2477; x_wconf 62' lang='grc'>«</span> 
     </span>
    </p>

    <p class='ocr_par' dir='ltr' id='par_1_36' title="bbox 1414 2491 2493 2765">
     <span class='ocr_line' id='line_1_138' title="bbox 1493 2491 2490 2535; baseline 0.002 -9"><span class='ocrx_word' id='word_1_1069' title='bbox 1493 2517 1502 2525; x_wconf 93' lang='grc'><strong>.</strong></span> <span class='ocrx_word' id='word_1_1070' title='bbox 1527 2491 1657 2526; x_wconf 90' lang='lat' dir='ltr'>Deinde</span> <span class='ocrx_word' id='word_1_1071' title='bbox 1673 2504 1750 2526; x_wconf 86' lang='lat' dir='ltr'>cum</span> <span class='ocrx_word' id='word_1_1072' title='bbox 1767 2491 1864 2528; x_wconf 89' lang='lat' dir='ltr'>dicit:</span> <span class='ocrx_word' id='word_1_1073' title='bbox 1888 2492 2067 2527; x_wconf 82' lang='lat' dir='ltr'>Borealibus</span> <span class='ocrx_word' id='word_1_1074' title='bbox 2081 2499 2183 2527; x_wconf 70' lang='lat' dir='ltr'>autem</span> <span class='ocrx_word' id='word_1_1075' title='bbox 2199 2502 2272 2534; x_wconf 89' lang='lat' dir='ltr'>etc.,</span> <span class='ocrx_word' id='word_1_1076' title='bbox 2291 2492 2490 2535; x_wconf 69' lang='lat' dir='ltr'>determinat</span> 
     </span>
     <span class='ocr_line' id='line_1_139' title="bbox 1415 2502 2489 2582; baseline 0.004 -13"><span class='ocrx_word' id='word_1_1077' title='bbox 1415 2535 1455 2570; x_wconf 93' lang='lat' dir='ltr'>de</span> <span class='ocrx_word' id='word_1_1078' title='bbox 1471 2502 1548 2570; x_wconf 61' lang='lat' dir='ltr'>ioco</span> <span class='ocrx_word' id='word_1_1079' title='bbox 1572 2545 1604 2570; x_wconf 92' lang='lat' dir='ltr'>et</span> <span class='ocrx_word' id='word_1_1080' title='bbox 1627 2545 1777 2581; x_wconf 91' lang='lat' dir='ltr'>tempore</span> <span class='ocrx_word' id='word_1_1081' title='bbox 1801 2538 2023 2582; x_wconf 87' lang='lat' dir='ltr'>generationis</span> <span class='ocrx_word' id='word_1_1082' title='bbox 2046 2537 2215 2582; x_wconf 86' lang='lat' dir='ltr'>typhonis.</span> <span class='ocrx_word' id='word_1_1083' title='bbox 2239 2537 2282 2572; x_wconf 87' lang='lat' dir='ltr'>Et</span> <span class='ocrx_word' id='word_1_1084' title='bbox 2301 2537 2393 2578; x_wconf 59' lang='lat' dir='ltr'>dieit„</span> <span class='ocrx_word' id='word_1_1085' title='bbox 2418 2537 2489 2577; x_wconf 76' lang='lat' dir='ltr'>uod</span> 
     </span>
     <span class='ocr_line' id='line_1_140' title="bbox 1414 2549 2493 2627; baseline 0.004 -13"><span class='ocrx_word' id='word_1_1086' title='bbox 1414 2580 1520 2625; x_wconf 83' lang='lat' dir='ltr'>typho</span> <span class='ocrx_word' id='word_1_1087' title='bbox 1544 2592 1614 2614; x_wconf 91' lang='lat' dir='ltr'>non</span> <span class='ocrx_word' id='word_1_1088' title='bbox 1638 2590 1814 2625; x_wconf 82' lang='lat' dir='ltr'>generatur</span> <span class='ocrx_word' id='word_1_1089' title='bbox 1836 2582 1871 2615; x_wconf 87' lang='lat' dir='ltr'>in</span> <span class='ocrx_word' id='word_1_1090' title='bbox 1895 2581 2101 2627; x_wconf 88' lang='lat' dir='ltr'>temporibus</span> <span class='ocrx_word' id='word_1_1091' title='bbox 2128 2591 2161 2616; x_wconf 88' lang='lat' dir='ltr'>et</span> <span class='ocrx_word' id='word_1_1092' title='bbox 2185 2581 2267 2616; x_wconf 87' lang='lat' dir='ltr'>locis</span> <span class='ocrx_word' id='word_1_1093' title='bbox 2282 2582 2352 2622; x_wconf 83' lang='lat' dir='ltr'>-bor</span> <span class='ocrx_word' id='word_1_1094' title='bbox 2395 2549 2493 2626; x_wconf 39' lang='lat' dir='ltr'>churz,</span> 
     </span>
     <span class='ocr_line' id='line_1_141' title="bbox 1415 2624 2426 2670; baseline 0.003 -12"><span class='ocrx_word' id='word_1_1095' title='bbox 1415 2624 1499 2659; x_wconf 91' lang='lat' dir='ltr'>idest</span> <span class='ocrx_word' id='word_1_1096' title='bbox 1521 2624 1735 2660; x_wconf 84' lang='lat' dir='ltr'>vehementer</span> <span class='ocrx_word' id='word_1_1097' title='bbox 1757 2624 1895 2670; x_wconf 81' lang='lat' dir='ltr'>frigidis,</span> <span class='ocrx_word' id='word_1_1098' title='bbox 1919 2637 1981 2660; x_wconf 89' lang='lat' dir='ltr'>nec</span> <span class='ocrx_word' id='word_1_1099' title='bbox 2004 2626 2104 2660; x_wconf 88' lang='lat' dir='ltr'>etiam</span> <span class='ocrx_word' id='word_1_1100' title='bbox 2128 2627 2162 2660; x_wconf 92' lang='lat' dir='ltr'>in</span> <span class='ocrx_word' id='word_1_1101' title='bbox 2185 2625 2268 2660; x_wconf 87' lang='lat' dir='ltr'>locis</span> <span class='ocrx_word' id='word_1_1102' title='bbox 2286 2626 2341 2668; x_wconf 84' lang='lat' dir='ltr'>vel</span> <span class='ocrx_word' id='word_1_1103' title='bbox 2358 2635 2426 2670; x_wconf 66' lang='lat' dir='ltr'>tem</span> 
     </span>
     <span class='ocr_line' id='line_1_142' title="bbox 1414 2666 2488 2716; baseline 0.004 -14"><span class='ocrx_word' id='word_1_1104' title='bbox 1414 2668 1503 2703; x_wconf 89' lang='lat' dir='ltr'>ribus</span> <span class='ocrx_word' id='word_1_1105' title='bbox 1519 2670 1645 2703; x_wconf 89' lang='lat' dir='ltr'>nivosis</span> <span class='ocrx_word' id='word_1_1106' title='bbox 1660 2678 1693 2703; x_wconf 88' lang='lat' dir='ltr'>et</span> <span class='ocrx_word' id='word_1_1107' title='bbox 1709 2681 1774 2704; x_wconf 90' lang='lat' dir='ltr'>con</span> <span class='ocrx_word' id='word_1_1108' title='bbox 1798 2669 1901 2711; x_wconf 89' lang='lat' dir='ltr'>elatis,</span> <span class='ocrx_word' id='word_1_1109' title='bbox 1925 2671 2010 2704; x_wconf 89' lang='lat' dir='ltr'>sicut</span> <span class='ocrx_word' id='word_1_1110' title='bbox 2033 2681 2096 2704; x_wconf 89' lang='lat' dir='ltr'>nec</span> <span class='ocrx_word' id='word_1_1111' title='bbox 2115 2670 2305 2715; x_wconf 77' lang='lat' dir='ltr'>ecnephias.</span> <span class='ocrx_word' id='word_1_1112' title='bbox 2329 2671 2374 2714; x_wconf 74' lang='lat' dir='ltr'>Et</span> <span class='ocrx_word' id='word_1_1113' title='bbox 2386 2666 2488 2716; x_wconf 74' lang='lat' dir='ltr'>huius</span> 
     </span>
     <span class='ocr_line' id='line_1_143' title="bbox 1414 2682 2488 2765; baseline 0.004 -18"><span class='ocrx_word' id='word_1_1114' title='bbox 1414 2714 1498 2747; x_wconf 87' lang='lat' dir='ltr'>ratio</span> <span class='ocrx_word' id='word_1_1115' title='bbox 1515 2723 1575 2754; x_wconf 87' lang='lat' dir='ltr'>est,</span> <span class='ocrx_word' id='word_1_1116' title='bbox 1591 2715 1668 2765; x_wconf 88' lang='lat' dir='ltr'>quia</span> <span class='ocrx_word' id='word_1_1117' title='bbox 1691 2714 1752 2748; x_wconf 87' lang='lat' dir='ltr'>ista</span> <span class='ocrx_word' id='word_1_1118' title='bbox 1774 2682 1844 2749; x_wconf 55' lang='lat' dir='ltr'>{uo</span> <span class='ocrx_word' id='word_1_1119' title='bbox 1867 2715 1902 2748; x_wconf 89' lang='lat' dir='ltr'>in</span> <span class='ocrx_word' id='word_1_1120' title='bbox 1925 2714 1991 2748; x_wconf 92' lang='lat' dir='ltr'>hoc</span> <span class='ocrx_word' id='word_1_1121' title='bbox 2014 2716 2228 2756; x_wconf 89' lang='lat' dir='ltr'>conveniunt,</span> <span class='ocrx_word' id='word_1_1122' title='bbox 2252 2715 2344 2760; x_wconf 87' lang='lat' dir='ltr'>quod</span> <span class='ocrx_word' id='word_1_1123' title='bbox 2359 2724 2488 2760; x_wconf 60' lang='lat' dir='ltr'>utcum-</span> 
     </span>
    </p>
   </div>
   <div class='ocr_carea' id='block_1_26' title="bbox 1415 2756 2523 2805">
    <p class='ocr_par' dir='ltr' id='par_1_37' title="bbox 1415 2756 2523 2805">
     <span class='ocr_line' id='line_1_144' title="bbox 1415 2756 2523 2805; baseline 0.004 -14"><span class='ocrx_word' id='word_1_1124' title='bbox 1415 2770 1479 2803; x_wconf 89' lang='lat' dir='ltr'>que</span> <span class='ocrx_word' id='word_1_1125' title='bbox 1496 2766 1546 2792; x_wconf 92' lang='lat' dir='ltr'>est</span> <span class='ocrx_word' id='word_1_1126' title='bbox 1559 2759 1694 2803; x_wconf 74' lang='lat' dir='ltr'>spuitus,</span> <span class='ocrx_word' id='word_1_1127' title='bbox 1713 2757 1797 2793; x_wconf 88' lang='lat' dir='ltr'>idest</span> <span class='ocrx_word' id='word_1_1128' title='bbox 1821 2758 1984 2793; x_wconf 83' lang='lat' dir='ltr'>exhalatio</span> <span class='ocrx_word' id='word_1_1129' title='bbox 2003 2758 2100 2793; x_wconf 85' lang='lat' dir='ltr'>sicca.</span> <span class='ocrx_word' id='word_1_1130' title='bbox 2127 2759 2215 2794; x_wconf 90' lang='lat' dir='ltr'>Cum</span> <span class='ocrx_word' id='word_1_1131' title='bbox 2232 2768 2344 2795; x_wconf 88' lang='lat' dir='ltr'>autem</span> <span class='ocrx_word' id='word_1_1132' title='bbox 2360 2756 2490 2803; x_wconf 67' lang='lat' dir='ltr'>obtinet</span> <span class='ocrx_word' id='word_1_1133' title='bbox 2519 2801 2523 2805; x_wconf 35' lang='lat'>¹</span> 
     </span>
    </p>
   </div>
   <div class='ocr_carea' id='block_1_27' title="bbox 1414 2798 2492 2937">
    <p class='ocr_par' dir='ltr' id='par_1_38' title="bbox 1414 2798 2492 2937">
     <span class='ocr_line' id='line_1_145' title="bbox 1415 2798 2488 2849; baseline 0.004 -14"><span class='ocrx_word' id='word_1_1134' title='bbox 1415 2802 1576 2836; x_wconf 86' lang='lat' dir='ltr'>excellens</span> <span class='ocrx_word' id='word_1_1135' title='bbox 1596 2801 1711 2847; x_wconf 86' lang='lat' dir='ltr'>frigus,</span> <span class='ocrx_word' id='word_1_1136' title='bbox 1728 2798 1813 2837; x_wconf 90' lang='lat' dir='ltr'>idest</span> <span class='ocrx_word' id='word_1_1137' title='bbox 1837 2803 1970 2848; x_wconf 88' lang='lat' dir='ltr'>quando</span> <span class='ocrx_word' id='word_1_1138' title='bbox 1990 2812 2040 2837; x_wconf 87' lang='lat' dir='ltr'>est</span> <span class='ocrx_word' id='word_1_1139' title='bbox 2056 2813 2188 2849; x_wconf 85' lang='lat' dir='ltr'>tempus</span> <span class='ocrx_word' id='word_1_1140' title='bbox 2203 2800 2256 2838; x_wconf 85' lang='lat' dir='ltr'>vel</span> <span class='ocrx_word' id='word_1_1141' title='bbox 2271 2803 2367 2839; x_wconf 84' lang='lat' dir='ltr'>locus</span> <span class='ocrx_word' id='word_1_1142' title='bbox 2382 2843 2384 2845; x_wconf 40' lang='grc'><strong>,</strong></span> <span class='ocrx_word' id='word_1_1143' title='bbox 2474 2823 2488 2831; x_wconf 88' lang='grc'><em>·</em></span> 
     </span>
     <span class='ocr_line' id='line_1_146' title="bbox 1414 2846 2492 2895; baseline 0.004 -15"><span class='ocrx_word' id='word_1_1144' title='bbox 1414 2846 1510 2880; x_wconf 90' lang='lat' dir='ltr'>lentis</span> <span class='ocrx_word' id='word_1_1145' title='bbox 1526 2846 1668 2891; x_wconf 90' lang='lat' dir='ltr'>frigoris,</span> <span class='ocrx_word' id='word_1_1146' title='bbox 1682 2856 1762 2882; x_wconf 90' lang='lat' dir='ltr'>tunc</span> <span class='ocrx_word' id='word_1_1147' title='bbox 1777 2846 1941 2881; x_wconf 85' lang='lat' dir='ltr'>exhalatio</span> <span class='ocrx_word' id='word_1_1148' title='bbox 1958 2847 2062 2890; x_wconf 83' lang='lat' dir='ltr'>calida</span> <span class='ocrx_word' id='word_1_1149' title='bbox 2076 2849 2187 2882; x_wconf 86' lang='lat' dir='ltr'>statim</span> <span class='ocrx_word' id='word_1_1150' title='bbox 2203 2848 2238 2882; x_wconf 86' lang='lat' dir='ltr'>in</span> <span class='ocrx_word' id='word_1_1151' title='bbox 2253 2849 2371 2894; x_wconf 62' lang='lat' dir='ltr'>sui,p‚‘</span> <span class='ocrx_word' id='word_1_1152' title='bbox 2398 2887 2403 2892; x_wconf 61' lang='grc'>,</span> <span class='ocrx_word' id='word_1_1153' title='bbox 2424 2849 2492 2895; x_wconf 71' lang='lat' dir='ltr'>pio</span> 
     </span>
     <span class='ocr_line' id='line_1_147' title="bbox 1415 2891 2488 2937; baseline 0.004 -13"><span class='ocrx_word' id='word_1_1154' title='bbox 1415 2891 1616 2935; x_wconf 87' lang='lat' dir='ltr'>extinguitur</span> <span class='ocrx_word' id='word_1_1155' title='bbox 1632 2903 1650 2925; x_wconf 90' lang='lat' dir='ltr'>a</span> <span class='ocrx_word' id='word_1_1156' title='bbox 1666 2903 1789 2936; x_wconf 82' lang='lat' dir='ltr'>magno</span> <span class='ocrx_word' id='word_1_1157' title='bbox 1812 2891 1944 2936; x_wconf 85' lang='lat' dir='ltr'>frigore.</span> <span class='ocrx_word' id='word_1_1158' title='bbox 1965 2892 2008 2926; x_wconf 88' lang='lat' dir='ltr'>Et</span> <span class='ocrx_word' id='word_1_1159' title='bbox 2022 2901 2159 2937; x_wconf 89' lang='lat' dir='ltr'>propter</span> <span class='ocrx_word' id='word_1_1160' title='bbox 2181 2891 2320 2933; x_wconf 85' lang='lat' dir='ltr'>eandem</span> <span class='ocrx_word' id='word_1_1161' title='bbox 2343 2900 2488 2935; x_wconf 69' lang='lat' dir='ltr'>causam,</span> 
     </span>
    </p>
   </div>
   <div class='ocr_carea' id='block_1_28' title="bbox 1415 2932 2533 2982">
    <p class='ocr_par' dir='ltr' id='par_1_39' title="bbox 1415 2932 2533 2982">
     <span class='ocr_line' id='line_1_148' title="bbox 1415 2932 2533 2982; baseline 0.004 -14"><span class='ocrx_word' id='word_1_1162' title='bbox 1415 2936 1448 2968; x_wconf 90' lang='lat' dir='ltr'>in</span> <span class='ocrx_word' id='word_1_1163' title='bbox 1473 2932 1702 2970; x_wconf 50' lang='lat' dir='ltr'>eisdem-locis</span> <span class='ocrx_word' id='word_1_1164' title='bbox 1725 2947 1800 2970; x_wconf 88' lang='lat' dir='ltr'>raro</span> <span class='ocrx_word' id='word_1_1165' title='bbox 1824 2945 1881 2970; x_wconf 88' lang='lat' dir='ltr'>aut</span> <span class='ocrx_word' id='word_1_1166' title='bbox 1903 2947 2076 2982; x_wconf 87' lang='lat' dir='ltr'>nunquam</span> <span class='ocrx_word' id='word_1_1167' title='bbox 2098 2935 2136 2971; x_wconf 89' lang='lat' dir='ltr'>fit</span> <span class='ocrx_word' id='word_1_1168' title='bbox 2159 2936 2487 2982; x_wconf 58' lang='lat' dir='ltr'>tonitruumet‘ter-</span> <span class='ocrx_word' id='word_1_1169' title='bbox 2528 2943 2533 2949; x_wconf 77' lang='grc'><strong>“</strong></span> 
     </span>
    </p>
   </div>
   <div class='ocr_carea' id='block_1_29' title="bbox 1414 2989 2495 3248">
    <p class='ocr_par' dir='ltr' id='par_1_40' title="bbox 1414 2989 2348 3014">
     <span class='ocr_line' id='line_1_149' title="bbox 1414 2989 2348 3014; baseline 0.002 -2"><span class='ocrx_word' id='word_1_1170' title='bbox 1414 2989 1592 3013; x_wconf 90' lang='lat' dir='ltr'>raemotus.</span> <span class='ocrx_word' id='word_1_1171' title='bbox 2344 3010 2348 3014; x_wconf 77' lang='grc'>,</span> 
     </span>
    </p>

    <p class='ocr_par' dir='ltr' id='par_1_41' title="bbox 1415 3024 2495 3248">
     <span class='ocr_line' id='line_1_150' title="bbox 1471 3024 2495 3077; baseline 0.001 -20"><span class='ocrx_word' id='word_1_1172' title='bbox 1471 3024 1501 3057; x_wconf 91' lang='grc'>8.</span> <span class='ocrx_word' id='word_1_1173' title='bbox 1527 3024 1656 3058; x_wconf 89' lang='lat' dir='ltr'>Deinde</span> <span class='ocrx_word' id='word_1_1174' title='bbox 1681 3035 1758 3059; x_wconf 89' lang='lat' dir='ltr'>cum</span> <span class='ocrx_word' id='word_1_1175' title='bbox 1783 3024 1879 3059; x_wconf 86' lang='lat' dir='ltr'>dicit:</span> <span class='ocrx_word' id='word_1_1176' title='bbox 1903 3025 1955 3059; x_wconf 77' lang='lat' dir='ltr'>Fit</span> <span class='ocrx_word' id='word_1_1177' title='bbox 1977 3025 2098 3070; x_wconf 81' lang='lat' dir='ltr'>quidem</span> <span class='ocrx_word' id='word_1_1178' title='bbox 2120 3026 2214 3077; x_wconf 74' lang='lat' dir='ltr'>igitur</span> <span class='ocrx_word' id='word_1_1179' title='bbox 2236 3034 2318 3068; x_wconf 85' lang='lat' dir='ltr'>etc.,</span> <span class='ocrx_word' id='word_1_1180' title='bbox 2341 3025 2495 3069; x_wconf 45' lang='lat' dir='ltr'>ostend&amp;</span> 
     </span>
     <span class='ocr_line' id='line_1_151' title="bbox 1415 3066 2486 3115; baseline 0.004 -14"><span class='ocrx_word' id='word_1_1181' title='bbox 1415 3067 1569 3101; x_wconf 85' lang='lat' dir='ltr'>effectum</span> <span class='ocrx_word' id='word_1_1182' title='bbox 1593 3068 1776 3103; x_wconf 87' lang='lat' dir='ltr'>mirabilem</span> <span class='ocrx_word' id='word_1_1183' title='bbox 1800 3068 1900 3103; x_wconf 88' lang='lat' dir='ltr'>huius</span> <span class='ocrx_word' id='word_1_1184' title='bbox 1923 3070 2025 3103; x_wconf 86' lang='lat' dir='ltr'>venti.</span> <span class='ocrx_word' id='word_1_1185' title='bbox 2042 3070 2085 3104; x_wconf 91' lang='lat' dir='ltr'>Et</span> <span class='ocrx_word' id='word_1_1186' title='bbox 2108 3066 2198 3111; x_wconf 70' lang='lat' dir='ltr'>dicit,</span> <span class='ocrx_word' id='word_1_1187' title='bbox 2214 3069 2305 3115; x_wconf 90' lang='lat' dir='ltr'>quod</span> <span class='ocrx_word' id='word_1_1188' title='bbox 2325 3070 2412 3114; x_wconf 72' lang='lat' dir='ltr'>sicut</span> <span class='ocrx_word' id='word_1_1189' title='bbox 2429 3068 2486 3105; x_wconf 81' lang='lat' dir='ltr'>de-</span> 
     </span>
     <span class='ocr_line' id='line_1_152' title="bbox 1415 3111 2487 3160; baseline 0.003 -15"><span class='ocrx_word' id='word_1_1190' title='bbox 1415 3111 1603 3146; x_wconf 90' lang='lat' dir='ltr'>scendendo</span> <span class='ocrx_word' id='word_1_1191' title='bbox 1627 3124 1758 3158; x_wconf 86' lang='lat' dir='ltr'>semper</span> <span class='ocrx_word' id='word_1_1192' title='bbox 1779 3113 1878 3158; x_wconf 25' lang='lat' dir='ltr'>&#39;ducit</span> <span class='ocrx_word' id='word_1_1193' title='bbox 1901 3125 2015 3148; x_wconf 90' lang='lat' dir='ltr'>secum</span> <span class='ocrx_word' id='word_1_1194' title='bbox 2043 3113 2187 3159; x_wconf 87' lang='lat' dir='ltr'>aliquam</span> <span class='ocrx_word' id='word_1_1195' title='bbox 2209 3123 2338 3160; x_wconf 85' lang='lat' dir='ltr'>partem</span> <span class='ocrx_word' id='word_1_1196' title='bbox 2365 3113 2487 3157; x_wconf 83' lang='lat' dir='ltr'>nubis,</span> 
     </span>
     <span class='ocr_line' id='line_1_153' title="bbox 1415 3156 2495 3204; baseline 0.004 -15"><span class='ocrx_word' id='word_1_1197' title='bbox 1415 3157 1459 3189; x_wconf 92' lang='lat' dir='ltr'>ita</span> <span class='ocrx_word' id='word_1_1198' title='bbox 1475 3156 1608 3200; x_wconf 92' lang='lat' dir='ltr'>quando</span> <span class='ocrx_word' id='word_1_1199' title='bbox 1625 3156 1802 3191; x_wconf 88' lang='lat' dir='ltr'>reflectitur</span> <span class='ocrx_word' id='word_1_1200' title='bbox 1822 3169 1841 3192; x_wconf 89' lang='lat' dir='ltr'>a</span> <span class='ocrx_word' id='word_1_1201' title='bbox 1860 3167 1945 3192; x_wconf 87' lang='lat' dir='ltr'>terra</span> <span class='ocrx_word' id='word_1_1202' title='bbox 1963 3158 2104 3192; x_wconf 87' lang='lat' dir='ltr'>involvit</span> <span class='ocrx_word' id='word_1_1203' title='bbox 2129 3170 2242 3192; x_wconf 89' lang='lat' dir='ltr'>secum</span> <span class='ocrx_word' id='word_1_1204' title='bbox 2258 3158 2372 3194; x_wconf 80' lang='lat' dir='ltr'>omnia</span> <span class='ocrx_word' id='word_1_1205' title='bbox 2385 3169 2495 3204; x_wconf 53' lang='lat' dir='ltr'>super*</span> 
     </span>
     <span class='ocr_line' id='line_1_154' title="bbox 1415 3200 2487 3248; baseline 0.005 -15"><span class='ocrx_word' id='word_1_1206' title='bbox 1415 3211 1499 3244; x_wconf 87' lang='lat' dir='ltr'>quae</span> <span class='ocrx_word' id='word_1_1207' title='bbox 1520 3200 1627 3241; x_wconf 87' lang='lat' dir='ltr'>cadit,</span> <span class='ocrx_word' id='word_1_1208' title='bbox 1652 3201 1849 3236; x_wconf 88' lang='lat' dir='ltr'>eradicando</span> <span class='ocrx_word' id='word_1_1209' title='bbox 1871 3202 1996 3237; x_wconf 87' lang='lat' dir='ltr'>scilicet</span> <span class='ocrx_word' id='word_1_1210' title='bbox 2018 3202 2161 3247; x_wconf 76' lang='lat' dir='ltr'>arbores,</span> <span class='ocrx_word' id='word_1_1211' title='bbox 2178 3202 2380 3248; x_wconf 85' lang='lat' dir='ltr'>quandoque</span> <span class='ocrx_word' id='word_1_1212' title='bbox 2396 3214 2487 3238; x_wconf 84' lang='lat' dir='ltr'>ever-</span> 
     </span>
    </p>
   </div>
   <div class='ocr_carea' id='block_1_30' title="bbox 1415 3243 2540 3291">
    <p class='ocr_par' dir='ltr' id='par_1_42' title="bbox 1415 3243 2540 3291">
     <span class='ocr_line' id='line_1_155' title="bbox 1415 3243 2540 3291; baseline 0.005 -14"><span class='ocrx_word' id='word_1_1213' title='bbox 1415 3243 1516 3278; x_wconf 91' lang='lat' dir='ltr'>tendo</span> <span class='ocrx_word' id='word_1_1214' title='bbox 1541 3243 1672 3288; x_wconf 88' lang='lat' dir='ltr'>domos,</span> <span class='ocrx_word' id='word_1_1215' title='bbox 1689 3245 1849 3280; x_wconf 89' lang='lat' dir='ltr'>elevando</span> <span class='ocrx_word' id='word_1_1216' title='bbox 1873 3258 1959 3281; x_wconf 88' lang='lat' dir='ltr'>saxa.</span> <span class='ocrx_word' id='word_1_1217' title='bbox 1984 3247 2027 3282; x_wconf 90' lang='lat' dir='ltr'>Et</span> <span class='ocrx_word' id='word_1_1218' title='bbox 2049 3258 2134 3291; x_wconf 18' lang='lat' dir='ltr'>cum*</span> <span class='ocrx_word' id='word_1_1219' title='bbox 2150 3247 2299 3281; x_wconf 89' lang='lat' dir='ltr'>inciderit</span> <span class='ocrx_word' id='word_1_1220' title='bbox 2322 3246 2364 3282; x_wconf 86' lang='lat' dir='ltr'>ad</span> <span class='ocrx_word' id='word_1_1221' title='bbox 2383 3257 2486 3290; x_wconf 81' lang='lat' dir='ltr'>mare,</span> <span class='ocrx_word' id='word_1_1222' title='bbox 2534 3279 2540 3286; x_wconf 85' lang='grc'><em>,</em></span> 
     </span>
    </p>
   </div>
   <div class='ocr_carea' id='block_1_31' title="bbox 1415 3287 2497 3502">
    <p class='ocr_par' dir='ltr' id='par_1_43' title="bbox 1415 3287 2497 3502">
     <span class='ocr_line' id='line_1_156' title="bbox 1416 3287 2488 3338; baseline 0.006 -17"><span class='ocrx_word' id='word_1_1223' title='bbox 1416 3287 1520 3322; x_wconf 89' lang='lat' dir='ltr'>elevat</span> <span class='ocrx_word' id='word_1_1224' title='bbox 1533 3300 1646 3323; x_wconf 90' lang='lat' dir='ltr'>secum</span> <span class='ocrx_word' id='word_1_1225' title='bbox 1661 3299 1693 3323; x_wconf 89' lang='lat' dir='ltr'>et</span> <span class='ocrx_word' id='word_1_1226' title='bbox 1707 3290 1847 3325; x_wconf 89' lang='lat' dir='ltr'>involvit</span> <span class='ocrx_word' id='word_1_1227' title='bbox 1858 3290 2122 3336; x_wconf 86' lang='lat' dir='ltr'>magnitudinem</span> <span class='ocrx_word' id='word_1_1228' title='bbox 2137 3303 2243 3337; x_wconf 86' lang='lat' dir='ltr'>aquae</span> <span class='ocrx_word' id='word_1_1229' title='bbox 2259 3291 2372 3326; x_wconf 77' lang='lat' dir='ltr'>maris:</span> <span class='ocrx_word' id='word_1_1230' title='bbox 2386 3301 2488 3338; x_wconf 86' lang='lat' dir='ltr'>quan-</span> 
     </span>
     <span class='ocr_line' id='line_1_157' title="bbox 1416 3331 2491 3381; baseline 0.005 -15"><span class='ocrx_word' id='word_1_1231' title='bbox 1416 3331 1525 3377; x_wconf 91' lang='lat' dir='ltr'>doque</span> <span class='ocrx_word' id='word_1_1232' title='bbox 1542 3342 1653 3368; x_wconf 84' lang='lat' dir='ltr'>autem</span> <span class='ocrx_word' id='word_1_1233' title='bbox 1676 3333 1782 3368; x_wconf 89' lang='lat' dir='ltr'>elevat</span> <span class='ocrx_word' id='word_1_1234' title='bbox 1805 3347 1927 3377; x_wconf 87' lang='lat' dir='ltr'>naves,</span> <span class='ocrx_word' id='word_1_1235' title='bbox 1951 3344 2087 3381; x_wconf 83' lang='lat' dir='ltr'>propter</span> <span class='ocrx_word' id='word_1_1236' title='bbox 2110 3335 2201 3381; x_wconf 84' lang='lat' dir='ltr'>quod</span> <span class='ocrx_word' id='word_1_1237' title='bbox 2226 3335 2371 3370; x_wconf 89' lang='lat' dir='ltr'>multum</span> <span class='ocrx_word' id='word_1_1238' title='bbox 2394 3335 2491 3381; x_wconf 66' lang='lat' dir='ltr'>tim07</span> 
     </span>
     <span class='ocr_line' id='line_1_158' title="bbox 1415 3378 2484 3426; baseline 0.006 -17"><span class='ocrx_word' id='word_1_1239' title='bbox 1415 3384 1469 3410; x_wconf 91' lang='lat' dir='ltr'>tur</span> <span class='ocrx_word' id='word_1_1240' title='bbox 1491 3388 1509 3410; x_wconf 89' lang='lat' dir='ltr'>a</span> <span class='ocrx_word' id='word_1_1241' title='bbox 1533 3378 1658 3419; x_wconf 90' lang='lat' dir='ltr'>nautis;</span> <span class='ocrx_word' id='word_1_1242' title='bbox 1683 3379 1760 3423; x_wconf 86' lang='lat' dir='ltr'>quia</span> <span class='ocrx_word' id='word_1_1243' title='bbox 1779 3390 1880 3424; x_wconf 88' lang='lat' dir='ltr'>super</span> <span class='ocrx_word' id='word_1_1244' title='bbox 1903 3391 2133 3426; x_wconf 84' lang='lat' dir='ltr'>quaecumque</span> <span class='ocrx_word' id='word_1_1245' title='bbox 2157 3379 2288 3422; x_wconf 85' lang='lat' dir='ltr'>incidit,</span> <span class='ocrx_word' id='word_1_1246' title='bbox 2311 3379 2366 3415; x_wconf 77' lang='lat' dir='ltr'>illa</span> <span class='ocrx_word' id='word_1_1247' title='bbox 2389 3389 2484 3415; x_wconf 85' lang='lat' dir='ltr'>motu</span> 
     </span>
     <span class='ocr_line' id='line_1_159' title="bbox 1416 3420 2497 3466; baseline 0.006 -13"><span class='ocrx_word' id='word_1_1248' title='bbox 1416 3420 1562 3454; x_wconf 89' lang='lat' dir='ltr'>circulari</span> <span class='ocrx_word' id='word_1_1249' title='bbox 1587 3422 1824 3457; x_wconf 89' lang='lat' dir='ltr'>circumeundo</span> <span class='ocrx_word' id='word_1_1250' title='bbox 1848 3432 1880 3458; x_wconf 92' lang='lat' dir='ltr'>et</span> <span class='ocrx_word' id='word_1_1251' title='bbox 1903 3425 1972 3459; x_wconf 90' lang='lat' dir='ltr'>vim</span> <span class='ocrx_word' id='word_1_1252' title='bbox 1995 3423 2147 3459; x_wconf 83' lang='lat' dir='ltr'>faciendo</span> <span class='ocrx_word' id='word_1_1253' title='bbox 2169 3425 2297 3466; x_wconf 89' lang='lat' dir='ltr'>evertit,</span> <span class='ocrx_word' id='word_1_1254' title='bbox 2325 3433 2359 3459; x_wconf 90' lang='lat' dir='ltr'>et</span> <span class='ocrx_word' id='word_1_1255' title='bbox 2381 3435 2497 3459; x_wconf 77' lang='lat' dir='ltr'>rever—</span> 
     </span>
     <span class='ocr_line' id='line_1_160' title="bbox 1416 3464 1871 3502; baseline 0.011 -5"><span class='ocrx_word' id='word_1_1256' title='bbox 1416 3464 1516 3499; x_wconf 89' lang='lat' dir='ltr'>tendo</span> <span class='ocrx_word' id='word_1_1257' title='bbox 1540 3465 1644 3500; x_wconf 87' lang='lat' dir='ltr'>elevat</span> <span class='ocrx_word' id='word_1_1258' title='bbox 1667 3478 1705 3500; x_wconf 90' lang='lat' dir='ltr'>ea</span> <span class='ocrx_word' id='word_1_1259' title='bbox 1729 3478 1871 3502; x_wconf 88' lang='lat' dir='ltr'>sursum.</span> 
     </span>
    </p>
   </div>
   <div class='ocr_carea' id='block_1_32' title="bbox 936 3567 1841 3588">
    <p class='ocr_par' dir='ltr' id='par_1_44' title="bbox 936 3567 1841 3588">
     <span class='ocr_line' id='line_1_161' title="bbox 936 3567 1841 3588; baseline 0.002 -1"><span class='ocrx_word' id='word_1_1260' title='bbox 936 3567 1841 3588; x_wconf 44' lang='grc' dir='ltr'><em>Ἣ</em></span> 
     </span>
    </p>
   </div>
   <div class='ocr_carea' id='block_1_33' title="bbox 2609 382 2690 4062">
    <p class='ocr_par' dir='ltr' id='par_1_45' title="bbox 2609 382 2690 4062">
     <span class='ocr_line' id='line_1_162' title="bbox 2609 382 2690 4062; baseline 0 0"><span class='ocrx_word' id='word_1_1261' title='bbox 2609 382 2690 4062; x_wconf 95' lang='lat' dir='ltr'> </span> 
     </span>
    </p>
   </div>
  </div>
 </body>
</html>
