2782 4134
117 1970 129 1981 ⁴
140 1970 177 1992 Cf.
187 1970 240 1992 lect.
247 1976 263 1997 1,
274 1976 298 1992 n.
307 1976 327 1993 2.

114 2169 124 2179 ⁶
138 2167 210 2191 Num.
224 2174 246 2196 3.

115 2298 125 2308 ”
140 2296 212 2319 Num.
226 2302 276 2324 seq.

359 303 433 341 272

423 374 495 408 τοῖς
521 374 684 413 φυσικοῖς,
711 370 840 414 μᾶλλον
865 370 1032 402 δύνανται
1059 367 1197 401 υποτίθε
1187 367 1279 399 σθαι
1305 378 1423 399 τοιαυ-

425 427 489 453 τας
515 415 622 460 ἀρχὰς
649 418 683 446 αἳ
709 415 765 447 ἐπὶ
791 414 878 446 πολυ
897 414 1065 446 δύνανται
1083 425 1156 444 συνε
1161 414 1205 456 ίρε
1210 423 1259 442 ιν·
1287 413 1315 442 οἱ
1334 409 1365 442 δ
1386 409 1421 442 ἐκ

424 461 490 492 τῶν
516 460 648 492 πολλῶν
673 459 782 505 λόγων
816 458 1000 510 ἀθεώρητοι
1025 459 1092 490 τῶν
1119 455 1349 510 ὑπαρχόντων
1371 454 1422 486 ὅν-

424 516 462 536 τε
467 517 492 544 ς,
513 504 592 549 πρὸς
613 504 712 559 ὀλίγα
734 503 915 557 βλέψαντε,
907 515 933 543 ς,
955 501 1206 555 αποφαίνονται
1222 501 1315 545 ῥᾷον.
1336 495 1422 530 1802

441 548 448 559 '
471 549 509 581 ἄν
536 561 585 586 τις
611 550 669 580 καὶ
690 549 726 580 ἐκ
747 560 880 580 τουτων
900 547 975 578 ὅσον
1001 541 1109 599 ὸιαφέ
1105 556 1214 576 οουσιν
1234 547 1261 575 οἱ
1280 544 1421 598 φυσικῶς

420 595 480 624 καὶ
498 594 646 646 λογικῶς
671 593 897 628 σκοποῦντες·
926 593 999 632 περὶ
1024 589 1088 645 γὰρ
1115 590 1177 621 τοῦ
1201 589 1317 632 ἄτομοι
1335 585 1421 619 εἶναι

422 636 546 692 μεγέθη
580 640 608 669 οἱ
639 649 679 691 με
666 637 696 668 έν
730 648 836 690 φασιν
862 635 915 668 ὅτι
948 635 988 667 τὸ
1022 634 1274 688 αὖτοτρίγωνον
1308 633 1423 664 πολλοὶ

425 682 541 723 ἔσται,
569 681 772 724 Δημόκριτος
806 679 836 711 δ’
862 679 900 712 ἂν
926 681 1043 722 φανείη
1077 679 1209 716 οἰκείοις
1242 679 1300 709 καὶ
1332 688 1422 721 φυσι-

422 730 492 763 κοῖς
522 725 636 771 λόγοις
669 738 709 757 πε
714 737 755 757 πε
743 723 861 756 ξισθιιιι.
900 725 1007 760 Δῆλον
1040 718 1068 754 δ’
1099 722 1198 755 ἔσται
1232 723 1247 754 ὃ
1278 721 1316 753 λε’
1303 734 1421 768 εγομεν

425 772 609 815 πρΟίΟυσῑν.

410 881 558 908 SYNOPSIS.
575 897 610 900 —
631 889 654 907 1.
677 880 889 916 Argumentum
909 885 937 907 et
950 878 1053 906 divisio
1067 884 1169 906 textus.
1185 895 1205 898 —
1219 877 1421 906 Determinan-

357 920 427 948 dum
450 926 491 948 est
512 920 542 948 in
562 919 713 959 universali
736 920 771 946 de
793 918 978 956 generatione
999 918 1165 955 simpliciter
1184 918 1269 954 dicta,
1284 927 1322 946 an
1343 917 1379 945 sit
1394 923 1422 945 et

357 960 508 996 quomodo
530 959 580 995 sit;
603 965 630 987 et
650 958 779 987 similiter
793 960 829 987 de
850 958 913 987 aliis
928 958 1054 987 motibus
1076 958 1126 995 qui
1147 959 1183 986 ad
1204 957 1421 995 generationem

357 999 454 1036 aliquo
476 1000 566 1027 modo
588 999 767 1027 ordinantur.
781 1015 802 1019 -
816 1006 843 1027 2.
865 998 986 1036 Antiqui
1007 998 1085 1026 enim
1107 996 1314 1026 insufficienter
1327 998 1363 1025 de
1378 997 1422 1025 his

357 1040 442 1067 rebus
469 1045 670 1067 tractaverunt.
691 1054 711 1060 —-
734 1039 759 1067 3.
789 1038 954 1067 Subdivisio
979 1045 1082 1067 textus.
1112 1040 1155 1066 De
1182 1037 1369 1075 generatione
1395 1043 1423 1065 et

355 1078 538 1107 alteratione:
561 1085 588 1106 et
602 1078 697 1115 primo
718 1079 878 1107 secundum
899 1078 1022 1107 aliorum
1042 1078 1221 1123 opinionem.
1238 1095 1257 1099 -
1271 1079 1350 1106 quta
1365 1079 1423 1105 De-

356 1118 510 1147 mocritum
531 1125 559 1146 et
580 1118 775 1155 Leucippum,
797 1118 945 1156 generatio
967 1125 994 1147 et
1008 1118 1156 1155 corruptio
1178 1117 1209 1146 fit
1230 1127 1281 1154 per
1302 1127 1422 1163 congre-

355 1158 502 1195 gationem
524 1164 552 1186 et
572 1159 802 1196 segregationem
828 1158 1044 1187 indivisibilium
1067 1168 1224 1203 corporum
1245 1157 1422 1186 infinitarum

356 1198 527 1235 figurarum:
550 1198 681 1227 alteratio
702 1205 799 1227 autem
821 1208 873 1235 per
887 1198 1078 1227 mutationem
1099 1198 1253 1245 positionis
1268 1205 1296 1226 et
1312 1198 1422 1226 ordinis

356 1238 499 1266 dictorum
521 1247 687 1275 corporum,
703 1248 778 1276 quae
793 1239 829 1267 ab
851 1238 920 1275 ipsis
934 1240 1118 1275 ponebantur
1132 1238 1272 1275 principia
1286 1247 1392 1266 rerum.
1405 1255 1423 1260 —-

355 1287 383 1312 4.
406 1277 489 1306 Ratio
511 1278 596 1306 huius
617 1285 686 1314 erat,
703 1278 771 1316 quia
785 1278 987 1307 existimabant
1003 1288 1104 1307 verum
1119 1288 1208 1307 omne
1223 1279 1303 1315 quod
1318 1278 1423 1315 cuique

355 1324 489 1362 apparet·
511 1318 593 1353 ideo,
615 1318 684 1355 quia
712 1318 830 1347 diversis
861 1318 1006 1347 contraria
1033 1325 1173 1356 apparent
1194 1325 1222 1347 et
1242 1318 1370 1354 infinita,
1392 1324 1424 1346 ut

356 1357 429 1385 ratio
450 1358 548 1386 haberi
569 1365 668 1404 posset
688 1358 865 1387 infinitarum
889 1358 1076 1396 opinionum,
1098 1358 1225 1387 infinitas
1247 1358 1352 1396 figuras
1373 1358 1423 1386 tri-

355 1399 480 1426 buerunt
499 1398 601 1434 primis
621 1408 718 1427 rerum
739 1398 896 1435 principiis.
912 1415 932 1420 —
948 1399 974 1427 5.
997 1400 1041 1427 De
1060 1398 1179 1427 veritate
1201 1399 1286 1427 huius
1308 1398 1424 1435 opinio-

356 1437 415 1472 nis,
438 1447 543 1475 nempe
571 1439 652 1476 quod
679 1438 826 1476 generatio
854 1448 917 1467 non
944 1438 980 1467 sit
1007 1438 1086 1467 aliud
1108 1448 1196 1476 quam
1218 1438 1423 1476 congregatio,

355 1477 486 1506 alteratio
508 1484 605 1506 autem
627 1479 776 1516 contingat
796 1488 830 1507 ex
851 1488 887 1507 eo
903 1479 982 1516 quod
996 1488 1049 1515 per
1062 1479 1227 1516 aliquorum
1248 1485 1423 1507 transmuta-

355 1517 449 1545 tiones
470 1525 625 1547 causantur
645 1518 774 1547 diversae
794 1519 954 1556 passiones.
976 1516 1138 1547 Difficultas
1161 1528 1236 1556 quae
1257 1518 1333 1547 circa
1353 1519 1424 1547 haec

355 1557 459 1586 existit.
480 1574 500 1579 —
521 1559 548 1586 6.
570 1560 652 1587 Duae
680 1559 866 1596 quaestiones
887 1559 1065 1587 necessariae
1091 1559 1129 1587 ad
1149 1559 1318 1587 solvendam
1347 1556 1424 1587 diffi-

355 1597 499 1626 cultatem.
521 1600 549 1634 a)
570 1599 674 1627 Utrum
696 1599 790 1635 prima
816 1608 913 1627 rerum
934 1598 1108 1628 naturalium
1129 1598 1272 1636 principia
1296 1599 1353 1627 sint
1373 1598 1425 1627 ali-

355 1647 430 1674 quae
451 1638 664 1675 magnitudines
684 1638 887 1675 indivisibiles,
909 1639 954 1668 vel
974 1639 1053 1668 nulla
1073 1639 1108 1667 sit
1130 1638 1300 1677 magnitudo
1321 1638 1424 1667 indivi-

494 1757 799 1815 γ,“»;,“ο5ιε1ιιειιιι
827 1750 1082 1799 Philosophus
1110 1757 1336 1799 prosecutus
1369 1757 1426 1787 est

581 1803 843 1869 “opinionem
887 1803 1130 1863 antiquorum
1176 1803 1424 1863 philosopho-

512 1940 515 1945 .
569 1907 607 1938 ἕν’
623 1917 659 1947 et
686 1910 923 1958 alterationis,
944 1910 1004 1947 hic
1021 1909 1148 1959 incipit
1171 1910 1423 1947 determinare

357 1962 404 2000 de
424 1944 664 2022 generatione
686 1971 721 2000 et
741 1963 970 2023 alteratione,
993 1970 1029 2000 et
1049 1964 1096 2000 de
1116 1963 1193 2000 aliis
1209 1963 1375 2000 motibus
1390 1963 1421 2001 *.

355 2017 405 2053 Et
433 2015 530 2053 circa
557 2016 632 2053 hoc
661 2016 739 2054 duo
768 2017 873 2054 facit:
902 2017 1027 2066 primo
1065 2016 1151 2054 dicit
1180 2017 1228 2054 de
1261 2029 1338 2066 quo
1368 2023 1424 2054 est

354 2069 530 2115 intentio;
561 2070 731 2107 secundo
757 2070 883 2119 incipit
907 2070 1087 2120 prosequi
1115 2082 1225 2107 suam
1250 2070 1422 2107 intentio-

355 2135 458 2170 nem,
483 2099 533 2159 ibi
551 2120 588 2159 βε
615 2124 856 2160 Democritus
884 2129 1010 2160 autem
1029 2129 1065 2160 et
1081 2124 1293 2172 Leucippus
1311 2123 1331 2146 ’¹‘
1351 2131 1420 2161 etc.

356 2176 463 2213 Circa
485 2176 654 2224 primum
674 2177 751 2214 duo
790 2177 896 2214 facit.
933 2176 1058 2226 primo
1086 2177 1193 2237 ponit
1221 2189 1332 2214 suam
1368 2177 1423 2214 in-

353 2229 582 2275 tentionem;
626 2230 795 2267 secundo
836 2242 928 2267 suae
972 2230 1185 2267 intentionis
1236 2230 1421 2268 rationem

354 2283 528 2331 assignat,
548 2282 619 2320 ibi:
647 2283 755 2320 Plato
785 2283 901 2334 igitur
928 2283 948 2305 ’¹‘
978 2291 1046 2320 etc.

407 2335 504 2373 Dicit
531 2348 622 2384 ergo
650 2337 774 2385 primo
804 2336 933 2386 quod,
963 2336 1051 2385 quia
1079 2336 1220 2387 antiqui
1255 2337 1421 2387 philoso-

353 2389 418 2438 phi
446 2389 714 2428 dubitaverunt
741 2389 789 2428 de
827 2389 1036 2428 differentia
1063 2390 1314 2439 generationis
1342 2396 1356 2417 ⁷
1386 2398 1422 2427 et

354 2442 597 2491 alterationis,
624 2443 828 2480 dicendum
856 2451 911 2480 est
938 2443 1048 2481 nobis
1075 2444 1114 2481 in
1141 2444 1345 2481 universali
1374 2444 1422 2481 de

351 2495 512 2544 simplici
536 2497 781 2546 generatione
808 2502 844 2533 et
869 2497 1128 2545 corruptione,
1162 2497 1258 2534 idest
1290 2509 1423 2534 secun-

354 2548 446 2585 dum
476 2561 592 2609 quarn
622 2549 760 2598 aliquid
789 2549 921 2587 dicitur
948 2549 1163 2598 simpliciter
1189 2550 1359 2598 generari
1387 2558 1423 2587 et

354 2602 563 2651 corrumpi;
591 2610 719 2640 utrum
749 2602 885 2639 scilicet
912 2602 1101 2651 generatio
1134 2602 1349 2652 simpliciter
1369 2611 1424 2640 est

354 2662 419 2691 aut
446 2667 536 2692 non.
572 2656 675 2692 Nam
709 2656 921 2693 secundum
948 2655 1030 2693 illos
1061 2655 1125 2704 qui
1154 2656 1282 2693 dicunt
1309 2668 1421 2704 gene-

355 2707 539 2745 rationem
574 2709 622 2745 ab
657 2708 876 2746 alteratione
912 2708 1082 2756 differre,
1113 2709 1304 2757 generatio
1334 2709 1421 2747 sim-

354 2761 495 2810 pliciter
523 2759 536 2782 3
565 2769 639 2798 est:
669 2774 748 2798 non
776 2769 831 2798 est
859 2769 987 2799 autem
1017 2763 1229 2800 secundum
1260 2775 1326 2799 eos
1356 2763 1420 2811 qui

355 2826 487 2851 earum
522 2814 771 2852 differentiam
806 2823 955 2862 negant.
986 2816 1035 2852 Et
1063 2815 1092 2852 si
1121 2823 1176 2852 est
1208 2815 1422 2865 simpliciter

354 2867 566 2916 generatio,
607 2867 811 2905 dicendum
844 2868 1043 2918 quomodo
1078 2876 1143 2906 est.
1179 2870 1228 2906 Et
1255 2869 1421 2906 similiter

406 3081 434 3115 α)
451 3081 678 3113 philosophorum.
696 3095 715 3100 -
733 3081 790 3106 Hoc
807 3089 861 3106 om.
882 3081 957 3107 PCab
975 3095 993 3101 -
1012 3082 1063 3107 Pro
1084 3081 1272 3116 differentiam,
1294 3082 1419 3116 differen—

353 3117 405 3142 tias
424 3117 516 3147 PCab,·
535 3124 583 3150 pro
603 3116 696 3149 incipit
720 3117 913 3148 determinare,
934 3117 1027 3150 incipit
1045 3117 1294 3143 determinationem
1313 3119 1349 3150 A,
1375 3118 1420 3143 de-

353 3152 480 3177 terminat
498 3153 527 3177 B.

407 3186 432 3221 β)
447 3187 538 3220 primo
558 3187 661 3213 dicit...
681 3187 724 3212 ibi.
742 3202 761 3207 -
774 3188 866 3220 primo
886 3188 966 3220 ponit
985 3188 1170 3219 intentionem,
1189 3189 1305 3215 secundo
1325 3196 1419 3221 prose-

355 3222 454 3255 quitur,
474 3222 510 3248 ibi
527 3224 562 3253 Β;
582 3223 651 3247 idem
671 3230 730 3248 mox
749 3231 802 3248 om.
820 3231 896 3249 suam
917 3228 942 3248 et
960 3231 1032 3249 suae.

407 3257 434 3291 γ)
454 3258 640 3290 generationis.
658 3271 677 3277 -
694 3258 851 3291 simpliciter
867 3259 995 3292 generari
1012 3263 1039 3285 et
1061 3260 1199 3292 corrumpi
1217 3259 1255 3285 Ca
1275 3258 1326 3294 (cf.
1345 3268 1370 3285 n.
1388 3259 1418 3293 3)

354 3293 534 3326 generationis
552 3293 731 3325 corruptionis
746 3294 822 3319 Pb.-
836 3295 862 3319 in
878 3295 1024 3320 universali·
1040 3303 1093 3320 om.
1108 3296 1141 3326 B;
1161 3296 1229 3321 idest
1247 3303 1301 3320 om.
1315 3297 1350 3327 A;
1371 3304 1420 3328 pro

355 3329 497 3353 secundum
516 3336 604 3361 quam,
623 3330 766 3355 secundum
785 3330 857 3362 quod
876 3331 912 3361 Β,
931 3331 1074 3356 secundum
1094 3338 1171 3364 quem
1190 3331 1298 3356 modum
1316 3333 1352 3363 A,
1372 3339 1419 3373 pro

354 3364 491 3396 generatio
509 3364 665 3396 simpliciter
677 3369 717 3390 est
730 3368 778 3390 aut
791 3373 851 3395 non,
865 3365 901 3391 sit
914 3366 1030 3398 simplex
1042 3366 1182 3400 generatio
1195 3374 1230 3391 an
1244 3374 1296 3392 non
1310 3368 1342 3398 A,
1356 3367 1418 3392 sim-

350 3399 420 3430 plex
438 3399 576 3431 generatio
594 3403 634 3424 est
651 3403 700 3425 aut
718 3407 769 3425 non
790 3404 830 3426 est
848 3402 878 3426 B.

408 3432 433 3466 δ)
452 3434 614 3465 simpliciter.
632 3448 651 3453 -
668 3436 785 3467 simplex
802 3436 887 3461 ΑΒ.-
899 3436 949 3461 Pro
969 3444 1020 3462 non
1040 3440 1087 3466 est,
1108 3445 1159 3462 non
1173 3437 1216 3462 BC
1235 3442 1260 3462 et
1279 3438 1351 3469 edd.;
1371 3445 1419 3470 pro

355 3475 456 3498 earum,
475 3476 566 3494 eorum
585 3470 674 3498 reatu
693 3478 739 3502 pro
759 3471 794 3496 Et
810 3471 834 3496 si
847 3475 886 3496 est
904 3477 960 3501 etc..
980 3480 1031 3497 non
1050 3476 1090 3498 est
1107 3473 1264 3505 simpliciter
1278 3473 1418 3499 dicendum

357 3502 415 3538 (cet.
431 3503 495 3537 om.)
516 3504 548 3529 de
568 3505 680 3530 motibus
698 3506 758 3530 aliis
777 3507 811 3537 B,
832 3507 941 3532 alterum
961 3508 1101 3533 dicendum
1120 3516 1175 3534 om.
1190 3508 1274 3534 PCab.

410 3538 432 3572 ε)
457 3546 520 3564 suae
539 3539 700 3565 intentionis.
718 3554 738 3559 -
756 3541 833 3566 huius
859 3542 1012 3568 intentionis
1031 3544 1084 3568 AB.
1103 3557 1121 3562 -
1143 3544 1194 3568 Pro
1217 3544 1278 3574 alii,
1305 3545 1377 3586 quod
1396 3545 1419 3569 A

356 3573 452 3598 habere
470 3574 578 3602 videtur.
603 3575 687 3607 aliqui
705 3576 747 3600 BC
767 3581 791 3600 et
812 3577 885 3606 edd.;
906 3578 952 3602 sed
976 3578 1025 3602 alii
1044 3579 1138 3603 melius
1157 3579 1265 3612 quadrat
1284 3579 1316 3604 ad
1337 3576 1418 3609 ουδεὶς

357 3605 414 3633 ou&
419 3619 440 3640 ν,
461 3614 486 3634 et
498 3610 530 3634 ad
544 3610 631 3634 nullus
649 3610 718 3635 enim
734 3618 781 3636 nec
794 3611 849 3643 ipse
868 3619 914 3637 nec
932 3613 1009 3642 alius,
1024 3621 1091 3646 quae
1105 3613 1209 3639 inferius
1224 3615 1352 3647 leguntur.
1368 3615 1419 3639 Pro

356 3643 552 3678 insufficienter,
574 3652 625 3670 non
644 3645 805 3679 sufficienter
824 3647 853 3671 B.

865 292 936 330 DE
967 290 1356 329 GENERATIONE
1386 290 1456 326 ET
1486 288 1869 325 CORRUPTIONE
1899 288 1993 324 LIB.
2025 288 2039 323 l

1544 367 1674 406 ralibus,
1691 367 1791 407 magis
1810 374 1946 408 possunt
1965 377 2147 408 supponere
2162 366 2236 398 talia
2252 366 2418 407 principia,
2433 367 2550 408 quibus

1544 412 1645 442 multa
1661 419 1797 452 possunt
1816 412 2021 452 complicare:
2048 411 2104 454 qui
2125 418 2232 442 autem
2249 421 2286 442 ex
2302 411 2410 442 multis
2429 422 2550 442 sermo-

1543 456 1652 494 nibus,
1676 456 1796 487 indocti
1820 457 2021 487 existentium
2043 463 2140 494 entes,
2158 456 2198 486 ad
2215 466 2316 496 pauca
2338 456 2549 496 respicientes»,

1544 500 1635 530 facile
1651 500 1826 531 enuntiant.
1842 500 1860 518 ⁴*
1875 501 2002 532 Videbit
2016 508 2123 531 autem
2140 500 2253 541 aliquis
2273 510 2310 531 ex
2328 500 2377 531 his
2393 507 2551 541 quantum

1545 544 1692 575 differunt
1704 545 1760 586 qui
1776 545 1905 586 physice
1922 552 1952 576 et
1968 545 2024 586 qui
2039 545 2140 586 logice
2157 545 2336 575 intendunt.
2350 545 2449 582 Quod
2465 545 2551 575 enim

1544 589 1748 619 indivisibiles
1767 596 1842 620 sunt
1857 590 2102 630 magnitudines,
2117 589 2149 619 hi
2162 589 2294 630 quidem
2309 589 2461 630 inquiunt
2475 588 2551 630 quia

1543 634 1785 674 autotrigonum
1815 635 1917 665 multa
1946 634 2003 665 erit
2016 642 2023 665 :
2054 634 2257 665 Democritus
2290 640 2398 664 autem
2427 633 2552 664 videtur

1543 678 1680 718 propriis
1696 685 1727 709 et
1740 678 1878 719 physicis
1902 678 2103 709 sermonibus
2126 679 2324 719 persuadere.
2345 677 2551 709 Manifestum

1544 730 1652 753 autem
1676 722 1733 753 erit
1756 723 1846 764 quod
1869 723 2022 762 dicimus,
2047 723 2302 764 procedentibus.

1477 876 1586 905 sibilis?
1608 877 1636 912 b)
1658 876 1688 905 Si
1710 877 1816 905 dantur
1836 876 2051 914 magnitudines
2072 877 2267 913 indivisibiles,
2290 884 2388 906 utrum
2410 877 2474 906 illae
2494 877 2551 906 sint

1477 926 1616 953 corpora,
1639 917 1712 945 sicut
1739 917 1872 945 dixerunt
1892 917 2076 946 Democritus
2097 924 2125 946 et
2146 918 2323 955 Leucippus,
2349 917 2395 946 vel
2420 917 2477 946 sint
2502 927 2552 946 su-

1476 956 1616 994 perficies,
1645 956 1718 985 sicut
1746 956 1866 1002 scripsit
1879 957 1981 986 Plato?
2003 974 2023 979 -
2044 967 2072 994 7.
2094 958 2222 986 Solvitur
2249 959 2377 987 secunda
2397 957 2550 993 dubitatio,

1477 997 1659 1025 ostendendo
1686 996 1919 1032 convenientius,
1948 998 2049 1034 quoad
2075 998 2150 1026 hanc
2175 998 2391 1036 quaestionem,
2418 998 2550 1043 posuisse

1477 1037 1678 1065 Democritum
1699 1046 1788 1074 quam
1810 1037 1972 1065 Platonem.
2003 1037 2143 1072 Quamvis
2169 1037 2247 1066 enim
2271 1045 2428 1075 utrumque
2450 1038 2486 1066 sit
2505 1038 2550 1066 in-

1477 1077 1673 1112 conveniens,
1701 1083 1801 1105 tamen
1829 1076 1921 1114 magis
1948 1083 1991 1105 est
2018 1077 2190 1106 rationabile
2215 1087 2326 1114 ponere
2352 1087 2477 1115 corpora
2497 1087 2550 1107 na-

1476 1117 1579 1145 turalia
1600 1116 1740 1154 componi
1761 1126 1795 1145 ex
1815 1116 2036 1145 indivisibilibus
2058 1117 2251 1163 corpusculis,
2280 1123 2368 1155 quam
2395 1127 2428 1147 ex
2449 1127 2550 1155 super-

1477 1157 1604 1186 ficiebus.
1627 1158 1702 1185 Nam
1723 1156 1802 1185 iuxta
1822 1156 1950 1193 primum
1971 1156 2112 1194 contingit
2130 1157 2275 1194 assignare
2290 1159 2382 1186 modo
2402 1158 2550 1195 praedicto

1478 1199 1518 1233 (n.
1537 1198 1564 1234 3)
1586 1206 1704 1226 causam
1725 1197 1930 1242 generationis
1938 1203 1966 1225 et
1980 1196 2173 1225 alterationis:
2197 1198 2248 1226 sed
2269 1197 2293 1226 si
2314 1207 2440 1235 corpora
2459 1197 2551 1226 resol-

1477 1244 1581 1266 vantur
1594 1237 1624 1265 in
1639 1237 1813 1274 superficies,
1828 1236 1929 1274 nequit
1942 1237 2083 1274 assignari
2097 1246 2185 1266 causa
2198 1237 2319 1266 alicuius
2333 1237 2551 1266 transmutatio-

1476 1278 1521 1306 nis
1542 1277 1681 1312 formalis,
1697 1277 1766 1314 quia
1787 1286 1820 1306 ex
1835 1278 1921 1305 rebus
1940 1277 2160 1322 mathematicis»,
2175 1278 2275 1314 quales
2287 1283 2358 1306 sunt
2371 1277 2550 1314 superficies,

1477 1318 1557 1346 nulla
1577 1317 1673 1354 passio
1695 1317 1834 1346 naturalis
1855 1317 1968 1346 causari
1981 1323 2087 1354 potest.
2102 1334 2122 1338 -
2136 1317 2164 1345 8.
2184 1317 2269 1346 Ratio
2282 1327 2352 1346 vero
2371 1326 2461 1355 quare
2475 1317 2553 1346 circa

1478 1358 1535 1386 hoc
1560 1357 1651 1395 magis
1672 1357 1775 1386 defecit
1795 1357 1877 1385 Plato
1900 1367 1988 1394 quam
2017 1356 2217 1393 Democritus,
2244 1357 2297 1386 fuit
2317 1357 2445 1386 defectus
2465 1366 2552 1395 expe-

1477 1397 1611 1426 rientiae.
1634 1404 1777 1434 quatenus
1792 1406 1898 1434 nempe
1920 1397 2012 1433 Plato,
2028 1397 2103 1426 circa
2123 1379 2315 1435 intelligibilia
2335 1397 2538 1433 intentus,sen

1478 1437 1616 1473 sibilibus‚
1632 1437 1707 1466 circa
1718 1446 1793 1475 quae
1808 1444 1851 1466 est
1864 1437 2048 1474 experientia,
2064 1437 2162 1466 minus
2173 1437 2352 1466 intendebat.
2362 1439 2431 1466 -Ex
2444 1437 2551 1466 utrius-

1479 1486 1536 1515 que
1557 1484 1654 1506 autem
1674 1477 1835 1506 rationibus
1855 1484 1952 1514 potest
1978 1477 2155 1506 considerari
2177 1478 2330 1515 quomodo
2351 1477 2486 1507 differant
2509 1477 2551 1507 illi

1479 1518 1538 1555 qui,
1559 1518 1739 1547 attendentes
1758 1519 1844 1546 rebus
1858 1517 2050 1553 sensibilibus,
2072 1518 2240 1547 naturaliter
2258 1517 2442 1555 procedunt*
2434 1527 2466 1547 ιιι
2485 1526 2551 1555 per·

1478 1558 1654 1587 scrutatione
1674 1557 1815 1593 veritatis,
1839 1564 1867 1586 et
1888 1557 1927 1586 illi
1949 1557 2009 1595 qui,
2031 1559 2212 1586 attendentes
2232 1557 2395 1587 rationibus
2415 1567 2551 1587 commu-

1478 1598 1573 1633 nibus,
1588 1598 1680 1636 logice
1694 1598 1896 1635 procedunt.-
1877 1598 1991 1627 -Ratio
2007 1607 2065 1635 qua
2074 1599 2231 1626 utebantur
2246 1598 2388 1627 Platonici
2402 1599 2440 1627 ad
2453 1604 2552 1627 osten·

1478 1639 1607 1666 dendum
1629 1647 1691 1667 esse
1711 1638 1825 1675 aliquas
1844 1637 2058 1675 magnitudines
2079 1638 2275 1667 indivisibiles.

1481 1749 1685 1787 dicendum
1719 1756 1776 1786 est
1809 1748 1856 1786 de
1889 1748 1968 1786 aliis
2001 1748 2188 1809 motibus,
2227 1749 2292 1798 qui
2329 1749 2551 1787 ordinantur

1479 1802 1770 1851 quodammodo
1799 1802 1850 1839 ad
1868 1802 2153 1852 generationem
2173 1802 2394 1852 simplicem,
2418 1810 2461 1840 ut
2488 1815 2550 1840 su÷

1477 1868 1547 1915 pra
1566 1855 1586 1878 '¹‘
1605 1855 1747 1893 dictum
1767 1862 1824 1892 est
1835 1863 1958 1904 ,puta
1986 1857 2034 1893 de
2054 1856 2273 1893 alteratione
2302 1864 2339 1893 et
2368 1868 2588 1905 augmen--

1478 1909 1629 1946 tatione.

1533 1974 1568 1999 2.
1590 1961 1738 1999 Deinde
1768 1974 1857 1999 cum
1879 1961 1979 1999 dicit:
2008 1962 2116 1999 Plato
2145 1961 2263 2012 igitur
2281 1969 2365 2010 etc„
2387 1962 2553 2012 assignat

1478 2015 1663 2053 rationem
1693 2027 1785 2052 suae
1812 2015 2026 2053 intentionis
2046 2021 2069 2063 ¹,
2100 2027 2145 2052 ex
2174 2027 2220 2053 eo
2250 2015 2356 2065 quod
2384 2016 2444 2054 alii
2465 2014 2552 2067 phi·

1477 2069 1628 2118 losophi
1648 2070 1694 2107 de
1714 2069 1771 2106 his
1798 2068 2069 2106 insufficienter
2092 2076 2360 2108 tractaverunt.
2387 2070 2438 2108 Et
2465 2069 2552 2108 dicit

1478 2123 1583 2182 quod
1611 2123 1719 2159 Plato
1748 2122 1763 2148 ζ
1784 2122 1974 2172 inquisivit
2001 2124 2048 2161 de
2077 2122 2320 2171 generatione
2354 2131 2391 2161 et
2418 2135 2551 2162 corru-

1476 2176 1605 2225 ptione
1624 2183 1784 2236 tantum,
1805 2175 2005 2224 quomodo
2025 2175 2097 2213 sint
2114 2176 2153 2213 in
2172 2177 2304 2214 rebus:
2325 2188 2405 2214 non
2419 2184 2550 2215 tamen

1478 2229 1525 2267 de
1554 2229 1660 2266 omni
1688 2229 1943 2277 generatione,
1973 2229 2042 2267 sed
2070 2230 2196 2267 solum
2226 2229 2274 2268 de
2306 2230 2550 2279 generatione

1477 2283 1777 2330 elementorum,
1807 2295 1887 2320 non
1922 2290 2051 2320 autern
2090 2283 2290 2332 quomodo
2323 2291 2552 2332 generentur

1477 2349 1611 2374 carnes
1649 2344 1686 2374 et
1717 2348 1824 2383 ossa,
1854 2344 1920 2374 aut
1951 2336 2105 2385 aliquod
2143 2336 2304 2375 afiorum
2343 2337 2549 2376 mixtorum

1477 2402 1705 2439 corporum:
1736 2401 1860 2438 neque
1894 2389 2007 2427 etiam
2035 2390 2208 2428 tractavit
2244 2390 2292 2428 de
2330 2390 2550 2428 alteratione

1477 2451 1514 2480 et
1541 2443 1861 2491 augmentatione,
1883 2443 2083 2491 quomodo
2102 2442 2175 2480 sint
2193 2443 2231 2480 in
2251 2443 2377 2481 rebus.
2399 2444 2449 2481 Et
2466 2443 2549 2481 uni-

1475 2497 1669 2534 versaliter
1687 2496 1813 2533 nullus
1840 2495 2002 2532 aliorum
2019 2495 2337 2545 philosophorum
2356 2496 2455 2534 dixit
2483 2497 2548 2534 de-

1476 2549 1672 2586 terminate
1693 2548 1832 2609 aliquid
1859 2557 2011 2598 praeter
2035 2561 2079 2586 ea
2107 2561 2206 2599 quae
2234 2549 2547 2609 superficietenus

1476 2610 1671 2652 apparent,
1692 2602 1763 2639 nisi
1790 2602 1894 2639 solus
1923 2602 2181 2649 Democritus,
2212 2602 2277 2652 qui
2303 2602 2454 2640 videtur
2482 2616 2545 2641 cu-

1475 2668 1557 2693 ram
1586 2655 1764 2693 habuisse
1792 2655 1840 2693 de
1869 2655 2049 2693 omnibus
2079 2655 2272 2716 diligenter
2303 2655 2492 2704 inquirere
2519 2662 2546 2695 ‘¹.

1477 2710 1552 2746 Sed
1580 2709 1657 2746 iarn
1678 2708 1801 2746 differt
1821 2709 2021 2758 quomodo
2050 2708 2324 2758 inquisiverint:
2351 2709 2440 2758 quia
2468 2721 2548 2748 non

1475 2762 1716 2800 sufficienter.
1738 2762 1875 2799 Nullus
1897 2762 2007 2809 enim,
2024 2774 2096 2799 nec
2115 2762 2195 2812 ipse
2211 2775 2283 2800 nee
2302 2762 2407 2806 alius,
2425 2762 2547 2802 deter-

1475 2815 1632 2853 minavit
1651 2816 1698 2853 de
1719 2815 2038 2875 augmentatione,
2059 2823 2101 2853 ut
2119 2815 2169 2853 ita
2187 2815 2233 2853 sit
2252 2816 2376 2854 dicere
2395 2813 2420 2865 ⁰,
2441 2816 2547 2867 quod

1475 2869 1587 2906 etiam
1607 2881 1687 2906 non
1712 2869 1944 2918 quicumque
1967 2869 2083 2906 idiota
2103 2868 2227 2907 dicere
2245 2877 2388 2919 posset,
2409 2869 2547 2908 scilicet

1527 3083 1552 3117 ζ)
1574 3083 1610 3108 Et
1621 3083 1693 3109 'dicit
1711 3083 1784 3116 quod
1802 3083 1889 3109 Plato.
1901 3097 1920 3103 -
1933 3082 2024 3108 dicens
2041 3082 2114 3116 quod
2126 3083 2209 3108 Plato
2221 3083 2328 3116 quidem
2341 3084 2396 3109 AB.
2408 3097 2428 3104 -
2441 3087 2547 3111 tantum

1473 3126 1527 3143 om.
1546 3119 1581 3149 B;
1600 3119 1647 3143 sed
1665 3119 1750 3144 solum
1770 3119 1803 3144 de
1815 3119 1990 3152 generatione
2007 3126 2062 3144 om.
2076 3119 2107 3148 Α,
2127 3118 2160 3144 de
2177 3119 2352 3152 generatione
2370 3127 2424 3145 om.
2438 3120 2468 3146 Β.
2483 3119 2548 3146 root

1473 3154 1661 3179 elementorum
1681 3155 1702 3178 B
1721 3155 1817 3187 pergit:
1843 3162 1895 3180 non
1915 3154 1984 3180 enim
2004 3154 2079 3180 dixit
2103 3154 2176 3187 quod
2192 3157 2360 3188 generantur
2382 3162 2480 3181 carnes
2497 3158 2547 3182 aut

1473 3197 1534 3214 ossa
1558 3193 1606 3215 aut
1629 3190 1738 3222 aliquod
1756 3190 1832 3215 aliud
1851 3190 2000 3215 mixtorum
2019 3197 2176 3222 corporum,
2197 3197 2280 3223 neque
2298 3190 2380 3216 etiam
2399 3190 2466 3216 dicit
2484 3189 2546 3225 (cet.

1472 3224 1538 3259 om.)
1558 3225 1590 3250 de
1609 3225 1650 3250 his
1665 3228 1776 3257 praeter
1794 3233 1826 3250 ea
1846 3232 1914 3258 quae
1931 3225 2148 3259 superficietenus
2166 3229 2315 3258 apparenn
2326 3226 2383 3251 A:-
2395 3243 2403 3253 .
2416 3243 2424 3251 .
2441 3226 2546 3259 aliquid

1472 3260 1548 3285 aliud
1566 3268 1709 3292 corporum
1730 3261 1880 3286 mixtorum
1899 3261 1980 3286 etiam
2000 3260 2075 3286 dixit
2088 3261 2121 3286 ab
2135 3260 2296 3287 alteratione
2305 3279 2312 3286 .
2323 3278 2330 3286 .
2342 3278 2350 3287 .
2368 3261 2443 3287 dixit
2457 3261 2491 3287 de
2503 3261 2545 3287 his

1473 3296 1575 3328 aliquid
1594 3302 1656 3327 etc.;
1674 3296 1713 3321 Ca
1731 3304 1785 3321 om.
1803 3297 2029 3330 superficietenus.

1526 3332 1553 3364 η)
1573 3332 1717 3365 diligenter
1736 3332 1878 3365 inquirere.
1890 3345 1910 3351 ·-
1923 3333 1944 3357 B
1963 3332 2103 3365 praemittit
2120 3335 2160 3361 et,·
2173 3331 2212 3356 Ca
2225 3339 2279 3357 om.
2295 3331 2438 3365 inquirere.
2448 3344 2469 3352 -
2482 3331 2546 3357 Per-

1473 3367 1509 3399 git
1527 3374 1558 3391 a:
1579 3367 1633 3392 Sed
1652 3368 1704 3393 iam
1725 3367 1853 3402 differunt
1871 3368 2004 3400 quomodo
2024 3367 2224 3400 inquisiverint,·
2244 3367 2277 3392 C:
2298 3367 2353 3393 Sed
2371 3367 2425 3393 iam
2444 3370 2485 3393 est
2503 3367 2544 3393 di-

1473 3402 1585 3427 cendum
1606 3403 1738 3435 quomodo
1761 3403 1893 3428 dixerunt
1911 3406 1937 3428 et
1955 3403 2110 3438 differenter
2133 3402 2336 3435 inquisiverunt.
2363 3402 2444 3428 Porro
2468 3402 2545 3428 Pcab

1473 3445 1526 3463 om.
1539 3438 1603 3470 quia
1622 3446 1674 3463 non
1692 3438 1869 3473 sufficienter.-
1888 3438 1935 3463 sed
1948 3439 2006 3464 talis
2021 3439 2116 3463 modus
2135 3437 2259 3471 loquendi
2271 3445 2323 3463 non
2337 3439 2420 3464 semel
2439 3437 2547 3464 adhibe-

1473 3478 1516 3498 tur
1535 3481 1549 3498 ιι
1568 3474 1595 3499 S.
1608 3473 1719 3499 Thomu.

1527 3506 1551 3543 0)
1573 3512 1603 3534 ut
1621 3509 1660 3534 ita
1678 3510 1714 3534 sit
1733 3509 1861 3535 dicere-
1876 3513 1906 3534 ut
1925 3509 1997 3543 infra
2016 3509 2121 3535 dicetur
2140 3510 2186 3540 Ca,
2207 3509 2255 3534 ced
2274 3516 2369 3535 sensus
2389 3509 2466 3535 debet
2484 3515 2544 3534 eene

1473 3547 1502 3569 ut
1521 3544 1559 3569 ita
1584 3544 1680 3570 dicam.
1706 3545 1772 3570 Edd.
1791 3550 1915 3578 pergunt:
1940 3548 1970 3570 ut
1987 3545 2067 3570 etiam
2092 3552 2144 3570 non
2164 3545 2321 3578 quicumque
2347 3544 2432 3570 idiota
2455 3543 2544 3569 dicere

1468 3583 1567 3611 posset.
1582 3583 1611 3605 ut
1624 3581 1723 3605 scilicet
1740 3580 1926 3613 augmentatio
1938 3581 1992 3614 fiat
2010 3579 2077 3613 (flat
2088 3588 2142 3605 om.
2156 3582 2201 3612 a),·
2216 3580 2251 3605 C:
2265 3582 2292 3605 et
2306 3587 2358 3605 non
2379 3582 2409 3605 ut
2422 3578 2541 3611 quicum-

1472 3622 1522 3647 que
1536 3615 1620 3640 idiota
1635 3615 1723 3640 dicere
1734 3618 1832 3647 posset,
1844 3619 1873 3640 ut
1881 3615 1982 3640 scilicet
1995 3615 2180 3648 augmentatio
2193 3614 2284 3647 aliquo
2293 3613 2375 3640 simili
2383 3613 2544 3639 adveniente

1465 3651 1519 3683 fit,·
1537 3658 1584 3683 pro
1603 3651 1675 3683 quod
1693 3650 1783 3682 etiam,
1802 3653 1828 3675 et
1847 3653 1877 3676 ut
1895 3650 1975 3675 etiam
1994 3651 2028 3682 B,
2047 3651 2094 3675 sed
2113 3650 2235 3683 expungit
2252 3653 2294 3681 et;
2312 3649 2345 3675 cf.
2363 3654 2470 3674 tutum.

2576 507 2587 518 ⁸*
2602 506 2671 528 Text.
2686 506 2710 529 8.

2602 1868 2725 1897 prooem.¹
2740 1875 2764 1891 ιι.
2774 1874 2782 1891 ι
