2782 4134
99 2499 108 2508 ·
119 2497 156 2519 Cf.
169 2498 219 2519 lect.
235 2503 310 2525 praec.

344 272 419 308 318

853 274 924 311 DE
954 273 1342 310 GENERATIONE
1371 272 1443 309 ET
1472 271 1855 309 CORRUPTIONE
1885 272 1979 308 LIB.
2011 273 2025 308 1

963 549 1180 606 LECT
1182 550 1264 605 10
1302 549 1904 607 DECIMASEXTA

705 712 927 750 QUALITER
950 712 1051 742 FIAT
1074 712 1357 744 AUGMENTUM
1381 730 1399 736 -
1424 713 1468 743 IN
1492 713 1584 751 QUO
1609 713 1892 744 AUGMENTUM
1921 713 2175 745 CONVENIAT

1001 769 1059 800 ET
1084 769 1127 800 IN
1151 769 1244 807 QUO
1269 770 1485 801 DIFFERAT
1508 773 1538 801 A
1562 770 1874 802 GENERATIONE

342 913 464 955 Μεῖζον
490 910 606 955 μέντοι
631 910 672 942 τὸ
700 909 776 941 ὅλον
801 908 920 965 γέγονε
947 907 1192 951 προσελθόντος
1217 908 1276 953 μέν
1303 921 1406 950 τινος,
1461 911 1479 930 *
1498 912 1603 942 Maius
1626 918 1734 943 autem
1757 919 1864 944 totum
1892 921 2059 954 generatur
2082 914 2267 946 adveniente
2291 915 2416 956 aliquo,
2445 916 2573 957 quod·
2587 923 2643 952 8ος.
2659 929 2710 953 σιμ.
2723 930 2750 947 v

412 956 428 988 ὅ
453 958 612 987 καλεῖται
639 965 745 1009 τροφη
777 955 836 986 καὶ
861 954 1035 994 ἐναντίον,
1062 953 1345 998 μεταβάλλοντος
1371 949 1408 986 δὲ
1529 963 1661 987 vocatur
1684 957 1782 996 cibus,
1807 964 1838 988 et
1861 959 2030 998 contrario,
2054 966 2265 990 transmutato
2289 967 2397 991 autem
2412 959 2445 990 in
2462 970 2534 991 ean-
2561 949 2630 973 Text
2643 951 2681 980 ³⁸·

410 1001 453 1038 εἰς
480 1000 520 1032 τὸ
546 1011 633 1031 αυτο
666 995 772 1039 εἶδος,
805 999 873 1030 οἷον
899 999 926 1030 εἱ
951 997 1054 1052 ξηρῷ
1071 997 1253 1042 προσελθὸν
1286 998 1405 1054 υγρόν,
1529 1001 1603 1031 dem
1627 1001 1783 1041 speciem.
1798 1002 1885 1032 verbi
1901 1002 2010 1042 gratia,
2027 1003 2053 1033 si
2072 1003 2156 1034 sicco
2180 1004 2326 1035 adveniat
2344 1004 2533 1044 humidum,

409 1043 603 1099 προσελθὸν
624 1039 662 1075 δὲ
681 1043 893 1098 μεταβάλοι
925 1045 984 1075 καὶ
1015 1042 1151 1088 γένοιτο
1186 1042 1302 1084 ξηρόν·
1334 1043 1407 1075 ἔστι
1529 1055 1604 1075 cum
1620 1052 1728 1076 autem
1742 1046 1913 1083 advenerit,
1929 1053 2158 1078 transmutatur
2173 1055 2204 1079 et
2219 1055 2386 1088 generatur
2401 1048 2533 1080 siccum.

408 1090 466 1134 μὲν
491 1088 555 1163 γάρ
581 1089 622 1126 ὠς
647 1088 689 1121 τὸ
715 1088 828 1132 ὅμοιον
855 1089 956 1132 ὁμοίῳ
983 1088 1187 1130 αὐξάνεται,
1214 1087 1287 1119 ἔστι
1312 1082 1342 1118 δ’
1363 1089 1405 1124 ὠς
1528 1090 1586 1120 Est
1602 1090 1688 1120 enim
1702 1097 1739 1120 ut
1754 1091 1870 1130 partim
1886 1090 1988 1121 simile
2004 1091 2099 1122 simili
2115 1099 2347 1133 augmentatur,
2364 1099 2411 1124 est
2425 1100 2534 1125 autem

410 1134 527 1186 ἀνομοί
530 1144 566 1173 ῳ.
1529 1134 1644 1175 partim
1668 1134 1823 1165 dissimili.

335 1177 534 1222 Ἀπορήσειε
560 1172 589 1208 δ’
613 1177 651 1209 ἄν
677 1189 728 1215 τις
754 1175 851 1209 ποῖόν
878 1189 912 1208 τι
932 1172 984 1208 δεῖ
1000 1189 1085 1210 ειναι
1102 1178 1143 1210 τὸ
1161 1176 1184 1218 ᾤ
1203 1175 1403 1217 αὐξάνεται.
1460 1178 1478 1198 *
1494 1178 1633 1216 Quaeret
1649 1185 1756 1209 autem
1780 1178 1894 1220 aliquis
1918 1179 2012 1220 quale
2030 1186 2157 1220 oportet
2173 1189 2240 1211 esse
2258 1180 2292 1210 id
2307 1191 2374 1231 quo
2390 1188 2533 1222 augetur.
2561 1185 2571 1196 '
2587 1187 2656 1210 Tm-
2670 1191 2707 1215 ³9·

406 1221 552 1275 Φανερόν
578 1216 621 1258 8η
648 1220 702 1254 ὅτι
727 1217 868 1265 δυνάμει
894 1222 1013 1262 ἐκεῖνο,
1035 1223 1103 1254 οἷον
1129 1222 1156 1253 εἰ
1181 1220 1279 1264 σάρξ,
1306 1215 1407 1253 δυνά-

407 1279 460 1322 μει
485 1264 608 1309 σάρκα.
641 1267 740 1298 Ἐντε
728 1268 861 1311 -λεχεία
881 1265 946 1311 ἄρα
966 1266 1067 1298 ἄλλο·
1094 1265 1216 1311 φθαρέν
1237 1260 1280 1302 δή
1299 1266 1405 1298 τοῦτο

406 1310 489 1356 σάρξ
514 1310 665 1365 γέγονεν.

339 1355 465 1390 Οὐκοῦν
493 1358 553 1389 οὐκ
579 1353 667 1388 αὐτὸ
690 1353 768 1386 καθ’
798 1354 906 1387 αὐτό·
932 1354 1076 1410 γένεσις
1092 1354 1155 1401 γὰρ
1190 1354 1228 1387 ἄν
1259 1352 1319 1395 ην,
1347 1365 1407 1386 ουκ.

408 1400 565 1441 αὔξησις·
595 1400 685 1433 ἀλλά
701 1412 742 1432 το
761 1398 990 1455 αὐξανόμενον
1012 1399 1138 1440 τούτῳ.
1165 1401 1202 1430 Τί
1221 1399 1278 1431 οὖν
1296 1398 1406 1431 παθὸν

406 1445 473 1477 ὑπὸ
502 1457 629 1479 τουτου
661 1443 815 1486 ηὐξῆθη;
842 1443 863 1480 ἦ
889 1443 1026 1498 μιχθέν,
1053 1443 1165 1487 ὥσπερ
1199 1445 1273 1486 οἴνῳ
1302 1445 1332 1475 εἴ
1356 1455 1406 1481 τις

406 1490 538 1546 ἐπιχέοι
565 1485 664 1533 ὕδωρ,
692 1491 708 1521 ὀ
732 1485 770 1520 δὲ
795 1484 939 1521 δύναιτο
967 1500 1053 1520 οινον
1079 1492 1187 1520 ποιεῖν
1214 1489 1255 1522 τὸ
1273 1487 1404 1544 μιχᾶθέν.

405 1536 470 1567 Καὶ
488 1534 612 1589 ..ὥσπερ
643 1534 685 1567 τὸ
711 1546 774 1576 πυρ
802 1532 972 1589 ἁψάμενον
1003 1534 1065 1565 τοῦ
1095 1534 1270 1574 καυστοῦ,
1298 1545 1406 1571 ουτως

408 1580 440 1611 ἐν
459 1581 507 1621 τῷ
529 1578 748 1622 αυξανομένῳ
771 1580 830 1610 καὶ
850 1577 923 1610 ὄντι
941 1578 1015 1611 ἐντε
1017 1579 1135 1623 λεχεία
1157 1580 1260 1632 σαρκὶ
1274 1578 1315 1609 vd
1334 1577 1406 1609 ἐνὸν

407 1624 591 1665 αὐξητικὸν
631 1635 732 1676 προσε
720 1621 876 1660 ἐλθόντος
913 1618 1053 1678 δυνάμει
1089 1622 1211 1667 σαρκὸς
1249 1623 1406 1660 ἐποίησεν

407 1669 602 1725 ἐντελεχείᾳ
628 1668 750 1723 σάρκα.
777 1668 904 1699 Οὐκοῦν
921 1666 998 1723 ἅμα
1017 1667 1132 1705 ὄντος·
1159 1668 1186 1698 εἰ
1204 1668 1268 1714 γάρ
1293 1670 1406 1721 χωρίς,

405 1713 548 1769 γένεσις.
582 1714 681 1745 Ἔστι
706 1713 765 1757 μὲν
798 1712 862 1766 γάρ
897 1711 986 1745 οὕτω
1017 1713 1081 1766 πῦρ
1107 1712 1251 1748 ποιῆσαι
1284 1713 1341 1744 ἐπὶ
1366 1711 1407 1743 τὸ

406 1758 559 1814 υπάρχον
593 1756 757 1790 ἐπιθέντα
787 1756 885 1798 ξύλα.
921 1757 1013 1788 ”Αλλ
1044 1755 1132 1788 οὕτω
1158 1757 1218 1801 μὲν
1245 1756 1405 1797 αὔξησις,

351 1803 354 1804 ’
408 1802 494 1835 ὅταν
521 1798 559 1835 ὸε
585 1802 679 1836 αὐτοὶ
705 1802 752 1834 τά
776 1801 863 1843 ξύλα
890 1800 1000 1845 ampo-75,
1026 1800 1166 1847 γε’νεσις.

392 1958 532 1985 ΞΥΝοΡειε
549 1973 583 1978 -
605 1966 628 1985 1.
649 1958 861 1994 Argumentum
884 1963 911 1984 et
933 1955 1035 1984 divisio
1056 1962 1158 1984 textus.
1180 1971 1199 1976 -
1219 1955 1405 1984 Manifestum

339 2003 382 2025 est
402 2006 435 2025 ex
457 1997 695 2034 praecedentibus
717 1997 798 2034 quod
818 1996 849 2024 in
869 2002 1026 2033 augmento
1041 2002 1136 2024 totum
1157 1995 1189 2023 fit
1202 1995 1296 2023 maius
1317 1995 1404 2024 adve-

338 2037 434 2065 niente
456 2037 563 2074 aliquo.
585 2038 650 2065 Hoc
663 2043 761 2065 autem
779 2046 796 2065 a
817 2036 959 2073 principio
982 2035 1098 2073 quidem
1122 2042 1164 2063 est
1176 2035 1362 2064 contrarium
1379 2035 1406 2064 ei

339 2077 385 2105 cui
406 2077 536 2112 advenit;
558 2077 609 2105 sed
630 2083 731 2113 postea
751 2082 975 2111 transmutatur,
998 2082 1025 2104 et
1046 2075 1212 2112 perducitur
1232 2075 1262 2103 in
1283 2075 1406 2104 eandem

339 2117 473 2154 speciem.
496 2117 579 2145 Unde
600 2125 701 2145 verum
716 2122 758 2145 est
772 2116 867 2144 dicere
882 2123 910 2144 et
924 2117 1004 2153 quod
1019 2115 1112 2144 simile
1127 2121 1248 2154 augetur
1269 2115 1364 2151 simili,
1379 2121 1407 2144 et

339 2157 420 2193 quod
433 2156 543 2202 aliquid
557 2162 677 2193 augetur
691 2155 832 2184 dissimili.
848 2173 866 2177 -
881 2163 909 2184 2.
925 2155 1089 2184 Subdivisio
1103 2162 1206 2184 textus.
1214 2155 1407 2184 -Similitudo

338 2196 485 2234 augmenti
507 2203 535 2225 et
562 2196 764 2234 generationis.
787 2196 953 2224 Secundum
974 2195 1144 2233 praemissa,
1166 2195 1196 2224 id
1218 2204 1277 2232 quo
1299 2195 1408 2232 aliquid

338 2242 467 2274 augetur,
483 2242 525 2264 est
539 2236 569 2264 in
583 2236 713 2273 potentia
726 2236 763 2264 ad
778 2236 807 2264 id
823 2236 902 2273 quod
916 2242 1052 2274 augetur:
1073 2235 1159 2263 simul
1174 2242 1273 2264 tamen
1287 2241 1330 2263 est
1343 2242 1409 2264 actu

338 2276 446 2313 aliquid
456 2276 548 2305 aliud.
559 2276 627 2305 ideo
639 2275 756 2305 nonnisi
767 2275 972 2304 interveniente
983 2275 1168 2312 corruptione
1180 2281 1208 2303 et
1215 2274 1410 2312 generatione,

367 2412 375 2420 .
419 2409 424 2418 Ι
474 2396 575 2429 (us
572 2382 696 2419 olutis
725 2381 1024 2419 dubitationibus
1044 2393 1143 2430 quae
1172 2389 1278 2419 erant
1306 2381 1404 2419 circa

473 2419 495 2454 s:
499 2415 570 2473 {253⁷
545 2426 574 2452 Q*

574 2443 848 2483 NJaugmentum
869 2435 930 2472 hic
949 2435 1207 2483 Philosophus
1229 2434 1404 2472 determi-

1527 1223 1733 1254 Manifestum
1757 1223 1853 1274 igitur
1875 1223 1987 1264 utique
2015 1224 2172 1264 quoniam
2194 1224 2336 1265 potentia
2365 1231 2412 1256 est
2437 1226 2533 1258 illud.

1526 1268 1612 1298 verbi
1628 1268 1737 1308 gratia,
1753 1268 1779 1298 si
1794 1278 1879 1306 caro,
1896 1268 2039 1308 potentia
2059 1278 2196 1308 carnem,
2213 1275 2285 1300 actu
2305 1276 2413 1301 autem
2435 1270 2532 1302 aliud.

1527 1312 1690 1353 Corrupto
1714 1312 1826 1353 utique
1848 1312 1922 1351 hoc,
1947 1322 2020 1344 caro
2043 1320 2229 1353 generatum
2252 1320 2308 1344 est.

1460 1358 1535 1388 Non
1559 1357 1655 1397 igitur
1677 1357 1739 1388 hoc
1762 1356 1871 1397 ipsum
1894 1357 2072 1388 secundum
2088 1367 2120 1388 se
2140 1355 2317 1400 (generatio
2337 1358 2423 1390 enim
2440 1366 2533 1399 esset,

1528 1411 1595 1432 non
1619 1399 1871 1443 augmentatio),
1896 1402 1952 1432 sed
1971 1402 2061 1442 quod
2083 1409 2217 1442 augetur
2238 1402 2312 1434 hoc.
2345 1403 2433 1441 Quid
2456 1413 2532 1444 ergo

1528 1445 1662 1486 patiens,
1686 1447 1725 1476 ab
1749 1446 1811 1476 hoc
1834 1453 1965 1477 auctum
1988 1453 2045 1485 est,
2070 1453 2125 1477 aut
2148 1446 2302 1486 mixtum3
2322 1447 2535 1489 quemadmo-

1528 1491 1607 1520 dum
1620 1490 1645 1520 si
1658 1490 1730 1531 quis
1742 1490 1818 1520 vino
1832 1490 2074 1530 superinfundat
2089 1501 2218 1532 aquam,
2231 1491 2294 1522 hoc
2308 1498 2416 1523 autem
2427 1498 2534 1533 potest

1526 1535 1640 1565 vinum
1656 1535 1757 1566 facere
1773 1535 1863 1576 quod
1879 1534 2016 1566 mixtum
2031 1542 2092 1574 est;
2115 1542 2146 1566 et
2160 1536 2438 1576 quemadmodum
2451 1536 2534 1578 ignis

1528 1579 1612 1617 facit,
1629 1589 1704 1610 cum
1720 1589 1756 1610 ea
1771 1589 1854 1620 quae
1866 1579 1915 1610 uri
1930 1586 2076 1620 possunt,
2092 1580 2267 1620 contigerit.
2281 1581 2327 1612 Ita
2341 1579 2375 1611 in
2391 1591 2430 1612 eo
2444 1581 2535 1623 quod

1529 1631 1662 1664 augetur
1685 1631 1715 1654 et
1739 1631 1785 1655 est
1808 1630 1879 1655 actu
1904 1634 1995 1663 caro,
2023 1625 2112 1665 quod
2135 1625 2217 1656 inest
2239 1625 2533 1665 augmentativum,

1528 1668 1713 1699 adveniente
1726 1668 1868 1709 potentia
1884 1678 1987 1707 carne,
2003 1668 2077 1700 facit
2091 1675 2163 1700 actu
2177 1679 2314 1700 carnem.
2328 1669 2426 1711 Igitur
2436 1669 2535 1702 simul

1529 1712 1650 1743 existit:
1675 1712 1701 1743 si
1726 1712 1812 1743 enim
1835 1722 1998 1752 seorsum,
2022 1713 2182 1753 generatio
2211 1719 2267 1744 est.
2296 1714 2354 1745 Est
2382 1714 2468 1745 enim
2490 1714 2535 1746 ita

1528 1757 1636 1798 ignem
1659 1757 1771 1795 facere,
1796 1757 1835 1787 ad
1852 1756 2036 1788 existentem
2052 1757 2278 1798 adiungentem
2293 1758 2393 1799 ligna:
2418 1759 2474 1790 sed
2489 1758 2534 1790 sic

1528 1801 1660 1842 quidem
1679 1807 1726 1832 est
1746 1801 1973 1841 augmentatio.
1998 1802 2139 1839 Quando
2163 1809 2270 1833 autem
2284 1802 2354 1843 ipsa
2368 1802 2455 1844 ligna
2477 1812 2535 1845 per

1529 1855 1562 1876 se
1585 1845 1809 1884 incenduntur,
1833 1845 1993 1886 generatio
2017 1852 2074 1877 est.

1457 1961 1553 1992 potest
1574 1955 1703 1984 converti
1717 1955 1747 1983 in
1762 1954 1832 1983 illud
1850 1955 1932 1992 quod
1953 1961 2086 1992 augetur.
2107 1955 2232 1992 Oportet
2252 1964 2322 1993 ergo
2343 1961 2534 1993 augmentum

1458 1995 1519 2024 fieri
1534 2001 1671 2032 corrupto
1693 1994 1799 2032 priori,
1822 2001 1892 2031 puta
1912 2004 2003 2031 pane,
2027 2001 2054 2023 et
2079 2001 2216 2032 generato
2238 2004 2274 2024 eo
2300 1995 2382 2032 quod
2401 2001 2533 2034 augetur,

1458 2041 1530 2072 puta
1543 2044 1642 2063 carne:
1665 2041 1693 2063 et
1713 2035 1754 2063 sic
1774 2041 1852 2072 patet
1873 2035 1955 2072 quod
1975 2034 2005 2062 in
2026 2041 2184 2072 augmento
2205 2034 2367 2072 aliqualiter
2387 2035 2534 2064 concurrit

1459 2074 1617 2113 generatio.
1631 2091 1651 2096 —
1667 2075 1693 2104 3.
1713 2074 1882 2104 Differentia
1901 2074 2050 2112 augmenti
2071 2081 2099 2103 et
2112 2074 2316 2121 generationis.
2339 2075 2467 2111 Quando
2481 2084 2533 2105 au-

1460 2121 1542 2153 getur
1555 2121 1625 2152 puta
1639 2123 1717 2151 caro,
1728 2115 1760 2143 fit
1773 2115 1874 2152 utique
1886 2115 2030 2152 quaedam
2044 2115 2193 2152 generatio
2203 2115 2311 2151 camin
2325 2121 2454 2144 attamen
2462 2124 2533 2145 caro

1461 2164 1524 2184 non
1544 2161 1697 2193 generatur
1722 2155 1883 2183 secundum
1904 2154 2039 2192 seipsam,
2062 2164 2113 2183 seu
2133 2161 2166 2183 ut
2186 2154 2297 2192 aliquid
2317 2161 2483 2192 separatum
2503 2161 2533 2185 et

1461 2204 1514 2232 per
1527 2204 1558 2223 se
1572 2194 1704 2230 existens,
1716 2195 1767 2223 sed
1781 2201 1935 2232 generatur
1949 2204 2017 2223 caro
2032 2195 2063 2223 in
2076 2204 2163 2224 came
2174 2204 2249 2232 quae
2263 2201 2392 2233 augetur.
2407 2194 2439 2224 Si
2452 2194 2534 2224 enim

1463 2244 1498 2264 ex
1518 2234 1616 2272 aliquo
1638 2235 1720 2272 quod
1741 2241 1783 2263 est
1804 2234 1835 2263 in
1855 2234 1986 2272 potentia
2006 2244 2084 2271 caro,
2106 2244 2239 2264 seorsum
2259 2234 2342 2264 fieret
2357 2243 2436 2271 caro,
2457 2241 2534 2264 esset

1463 2274 1612 2312 generatio
1634 2274 1737 2310 carnis,
1759 2284 1821 2303 non
1842 2281 2039 2312 augmentum.
2062 2274 2262 2304 Manifestatur
2281 2284 2334 2312 per
2354 2275 2495 2313 exempla.

1458 2381 1643 2441 speciem3
1664 2389 1756 2430 puta
1775 2381 1806 2418 si
1825 2380 1927 2418 sicco
1947 2380 2125 2419 adveniat
2139 2381 2178 2419 id
2192 2381 2298 2430 quod
2319 2388 2375 2419 est
2393 2393 2416 2419 a
2428 2381 2531 2432 prin-

1459 2435 1557 2484 cipio
1573 2434 1789 2481 humidum,
1806 2434 1911 2493 quod
1928 2446 2016 2470 eum
2032 2434 2242 2482 advenerit,
2258 2441 2533 2472 transmutatur

1459 2495 1495 2524 et
1509 2488 1552 2524 fit
1566 2487 1722 2524 siccum.
1743 2488 1792 2524 Et
1807 2487 1857 2524 ita
1871 2487 2164 2535 quodammodo
2179 2499 2317 2525 verum
2333 2495 2390 2525 est
2405 2487 2531 2525 dicere

98 2530 151 2546 Μ’
430 2561 433 2563 -
417 2533 509 2569 Q?
1459 2540 1565 2590 quod
1593 2540 1714 2577 simile
1743 2547 1900 2588 augetur
1919 2540 2046 2587 simili,
2076 2540 2370 2589 quodammodo
2399 2547 2528 2578 autern

1457 2605 1595 2631 verum
1616 2601 1671 2630 est
1690 2592 1815 2630 dicere
1835 2593 1941 2641 quod
1962 2593 2103 2653 aliquid
2123 2601 2283 2653 augetur
2301 2593 2472 2631 dissimili
2490 2598 2527 2631 ⁷.

1458 2659 1549 2684 nam
1569 2646 1608 2683 id
1627 2658 1704 2695 quo
1724 2646 1866 2695 aliquid
1889 2654 2059 2694 augetur,
2088 2646 2127 2684 in
2155 2646 2342 2696 principio
2370 2646 2530 2695 quidem

537 2551 572 2573 ὣ
587 2541 762 2579 terminat
789 2541 948 2590 qualiter
965 2541 1032 2578 fiat
1060 2548 1327 2588 augmentum;
1348 2553 1404 2578 se-

101 2602 311 2624 'determinatom-
341 2594 467 2631 cundo
497 2595 723 2632 determinat
749 2595 769 2616 ²¹⁴
797 2594 956 2655 qualiter
982 2594 1049 2630 fiat
1077 2593 1299 2641 deminutio,
1329 2593 1401 2631 ibi:

101 2655 186 2678 'Leon
197 2661 246 2683 seq
256 2662 280 2677 n
289 2656 312 2677 ⁶-
338 2649 429 2684 Hoc
455 2653 580 2684 autem
607 2648 745 2696 species
772 2648 852 2684 sine
878 2646 1078 2684 materia*
1098 2654 1166 2683 etc.
1193 2646 1303 2683 Circa
1330 2647 1404 2696 pri—

340 2713 449 2738 murn
470 2701 547 2738 duo
571 2701 676 2738 facit:
696 2700 821 2750 primo
842 2700 1006 2737 ostendit
1025 2699 1183 2748 qualiter
1206 2712 1247 2736 se
1266 2701 1406 2737 habeat

340 2753 379 2791 id
407 2754 511 2802 quod
549 2753 719 2801 advenit,
749 2753 798 2790 ad
827 2753 865 2790 id
893 2753 999 2802 quod
1027 2760 1185 2801 augetur
1212 2765 1259 2789 eo
1288 2755 1404 2791 adve-

340 2806 482 2853 niente;
504 2808 673 2845 secundo
695 2814 890 2855 comparat
909 2814 1156 2855 augmentum
1171 2805 1250 2843 aliis
1270 2819 1403 2856 opera-

339 2859 505 2897 tionibus
534 2860 684 2897 animae
717 2860 957 2908 vegetabilis,
987 2859 1054 2896 ibi:
1089 2860 1254 2902 Quaeret
1278 2866 1403 2897 autem

338 3019 506 3068 partibus
536 3020 616 3057 eius
645 3021 750 3068 quod
774 3027 943 3067 augetur,
963 3027 1091 3056 utrum
1120 3019 1311 3068 quaelibet
1339 3033 1403 3057 au-

338 3080 468 3120 geatur
486 3079 503 3094 α
530 3074 592 3110 vel
612 3086 702 3120 non,
725 3073 967 3110 manifestum
997 3080 1052 3109 est
1080 3073 1186 3122 quod
1209 3081 1333 3110 totum
1361 3074 1404 3110 fit

338 3125 460 3163 maius
489 3126 614 3186 aliquo
636 3125 875 3173 adveniente,
904 3133 995 3175 puta
1015 3126 1112 3163 cibo.
1144 3126 1249 3163 Licet
1274 3134 1402 3163 autem

339 3179 572 3216 adveniens
563 3192 602 3216 in
620 3179 805 3229 principio
831 3179 877 3216 sit
897 3179 929 3216 ei
950 3179 1182 3216 contrarium
1208 3179 1267 3216 cui
1287 3180 1402 3217 adve—

338 3231 401 3278 nit,
423 3232 634 3270 secundum
655 3233 822 3282 aliquam
843 3233 1144 3270 contrarietatem
1164 3232 1401 3292 passionum,

338 3261 405 3321 sed
420 3292 549 3322 tamen
566 3286 816 3334 postmodum
842 3293 1113 3323 transmutatur
1131 3284 1180 3314 β
1172 3298 1210 3323 ιιι
1239 3286 1402 3323 eandem

391 3441 419 3476 α)
439 3443 568 3475 quaelibet
586 3447 728 3476 augeatur.
744 3458 764 3465 ·—
781 3444 872 3477 aliqua
895 3445 1042 3477 (quaelibet
1060 3445 1107 3476 Pb)
1130 3452 1197 3477 pars
1215 3447 1406 3478 augmentatur

340 3477 465 3510 (augetur
483 3478 514 3510 C)
533 3478 617 3503 PCab.
635 3491 654 3499 -
673 3479 723 3503 Pro
735 3479 773 3512 fit
792 3480 886 3509 maius,
907 3480 992 3505 maius
1011 3483 1051 3505 est
1071 3480 1153 3506 PCab.

1429 1960 1439 2310 i

396 2490 515 2547 ,tv-v,
527 2479 578 2543 ,ᾖ
587 2497 651 2526 nat
669 2488 831 2525 modum
860 2488 1054 2536 augmenti
1072 2487 1103 2524 ²¹⁸.
1125 2489 1174 2525 Et
1191 2487 1318 2536 primo
1340 2488 1404 2525 de·

1459 2707 1515 2737 est
1534 2699 1726 2747 dissimile,
1751 2699 1790 2736 in
1817 2699 1895 2736 fine
1920 2707 2048 2737 autem
2071 2699 2205 2747 simile,
2226 2707 2267 2736 ut
2295 2700 2439 2738 dictum
2459 2707 2526 2738 est.

1514 2765 1548 2790 2.
1570 2753 1718 2790 Deinde
1739 2765 1828 2790 cum
1844 2752 1946 2790 dicit:
1968 2753 2131 2795 Quaeret
2147 2759 2274 2790 autem
2288 2753 2424 2802 aliquis
2443 2761 2513 2792 etc.
2504 2782 2527 2802 .,

1459 2814 1657 2855 comparat
1684 2813 1932 2866 augmentum
1961 2806 2042 2843 aliis
2063 2806 2348 2855 operationibus
2375 2807 2526 2845 animae

1456 2859 1695 2908 vegetabilis;
1718 2859 1824 2896 cuius
1850 2859 2092 2908 operationes
2112 2867 2199 2897 sunt
2225 2867 2312 2907 tres,
2333 2867 2375 2897 ut
2393 2860 2528 2898 dicitur

102 2920 112 2929 ·
127 2920 258 2948 Num-seq·
339 2913 474 2962 aliquis
500 2913 521 2935 ’¹‘
549 2921 618 2950 etc.
1457 2913 1496 2951 in
1525 2915 1557 2950 II
1577 2913 1623 2950 de
1649 2913 1790 2950 Anima
1809 2912 1841 2960 ³¹²,
1862 2913 2002 2950 scilicet
2021 2913 2227 2962 generatio,
2249 2912 2526 2951 nutrimentum
2555 2922 2712 2977 gfff-2¹¹..
2703 2928 2720 2946 ιι

146 2964 148 2967 ’
392 2966 492 3003 Dicit
519 2979 608 3026 ergo
645 2966 770 3016 primo
800 2966 925 3015 quod,
956 2966 1079 3003 soluta
1107 2966 1326 3015 quaestione
1356 2967 1403 3005 de
1459 2974 1494 3004 et
1522 2973 1783 3014 augmentum.
1805 2966 1935 3003 Primo
1966 2978 2055 3014 ergo
2075 2966 2095 2988 ’⁸‘
2115 2974 2312 3015 comparat
2345 2979 2526 3016 augmen·
2553 2965 2712 3032 *mg*

1457 3028 1539 3057 tum
1568 3019 1818 3068 generationi;
1849 3019 2017 3057 secundo
2042 3019 2286 3067 nutrimento,
2306 3019 2374 3057 ibi:
2400 3020 2527 3063 Quan-

1457 3079 1534 3110 tum
1563 3079 1688 3110 autem
1719 3072 1976 3110 universale*

1457 3126 1563 3163 facit:
1593 3126 1719 3186 primo
1753 3126 1918 3164 ostendit
1949 3126 2232 3164 similitudinem
2265 3126 2459 3175 augmenti
2491 3134 2528 3164 et

1458 3179 1731 3240 generationis;
1767 3179 1936 3218 secundo
1975 3179 2228 3217 differentiam
2257 3177 2292 3228 ὅ,
2328 3180 2401 3217 ibi:

1457 3233 1574 3283 igitur
1601 3234 1672 3270 hoc
1701 3233 1822 3281 ipsum
1850 3232 1871 3254 '¹‘
1900 3240 1969 3270 etc.

1512 3287 1646 3323 Movet
1674 3286 1782 3334 igitur
1801 3285 2065 3335 quaestionem
2094 3285 2193 3324 circa
2220 3285 2401 3336 primum,
2417 3285 2528 3335 quale

1510 3445 1537 3479 γ)
1558 3446 1688 3471 dissimili.
1709 3460 1725 3465 -
1742 3453 1760 3471 a
1774 3446 1898 3471 dissimili
1912 3446 1962 3476 PC,
1982 3446 2029 3471 sed
2048 3446 2082 3471 cf.
2101 3453 2180 3479 supra
2198 3449 2314 3480 augetur
2331 3446 2421 3473 simili.
2439 3461 2459 3467 -
2475 3447 2528 3473 Pro

1456 3488 1508 3513 quo
1526 3481 1629 3514 aliquid
1646 3485 1771 3514 augetur,
1787 3481 1860 3514 quod
1877 3484 1995 3526 augetur
2013 3481 2104 3511 PCab‚·
2123 3489 2172 3515 pro
2190 3482 2216 3507 in
2231 3481 2376 3515 principio,
2391 3488 2410 3508 a
2423 3482 2526 3515 princi-

393 3511 417 3545 β)
438 3513 512 3538 Licet
524 3516 637 3538 autem..
639 3517 899 3539 ,transmutatun—
914 3515 972 3540 Hoc
987 3515 1051 3545 (Hic
1065 3515 1115 3546 Ca)
1134 3515 1203 3541 enim
1218 3515 1386 3541 adueniens'
1376 3523 1402 3540 m
1452 3516 1500 3548 pio
1519 3517 1606 3542 ACab.

334 3547 471 3580 principio
484 3551 523 3572 est
541 3549 706 3574 contrarium
726 3550 773 3574 ei..
776 3550 844 3574 ..sed
857 3553 952 3582 postea
972 3554 1169 3576 transmutatur
1183 3551 1299 3576 PCab.-
1279 3551 1338 3576 -in
1359 3558 1403 3576 ea-

1509 3550 1534 3584 δ)
1546 3552 1662 3577 secundo
1672 3552 1884 3586 differentiama-
1865 3552 2012 3578 -secundo
2022 3552 2140 3578 ostendit
2149 3552 2333 3594 differentiam.
2338 3553 2481 3578 secundam
2488 3553 2525 3583 Λ;

338 3583 397 3608 dem
417 3583 502 3614 specie
526 3583 611 3608 PAab.
629 3597 648 3602 —
666 3584 716 3608 Pro
735 3567 884 3610 adueniat..
877 3602 893 3610 ..
916 3585 1066 3615 advenerit,
1086 3586 1213 3612 adventat
1230 3593 1247 3611 a
1266 3587 1402 3618 principio
1455 3587 1527 3619 quod
1546 3595 1604 3612 cum
1625 3595 1678 3612 non
1697 3587 1790 3612 habeat
1808 3595 1926 3618 sensum,
1945 3588 2089 3613 secundam
2103 3595 2151 3620 pro
2169 3595 2261 3614 eorum
2277 3587 2391 3620 positum
2409 3587 2526 3618 videtur·

338 3618 478 3643 humidum
497 3619 568 3651 quod
588 3622 675 3644 tamen
694 3626 752 3644 cum
771 3619 909 3644 advenerit
928 3621 958 3645 A.

1455 3622 1487 3647 cf.
1501 3622 1576 3647 etiam
1597 3623 1654 3647 lect.
1664 3630 1713 3652 xiv,
1733 3628 1786 3648 not.
1800 3622 1823 3651 ζ.

2005 3081 2074 3110 etc.
2103 3073 2214 3110 Circa
2245 3072 2415 3123 primum
2448 3073 2527 3112 duo
2555 3082 2565 3092 ·

2433 3179 2526 3219 Non
2553 3238 2566 3250 ι
