2782 4134
127 1514 136 1523 ·
148 1512 332 1538 Cf.1ect.v1‚n.1.

123 1776 201 1798 ’hunc
208 1778 288 1798 senta!
295 1782 336 1798 or-

220 1676 237 1692 α

124 1803 201 1825 dinem
214 1810 250 1825 ΑΒ.

128 2043 136 2052 ”
154 2041 218 2063 Lect.
233 2048 283 2069 seq.

130 2148 138 2157 ·
155 2147 226 2169 Num.
239 2154 264 2174 4.

130 2202 139 2211 ·
154 2200 224 2222 Num.
239 2207 262 2227 7.

131 2844 139 2853 ·
158 2842 339 2865 immutationem

132 2876 170 2891 AB.

131 3217 140 3226 ·
155 3216 211 3237 talis
226 3222 263 3238 ΑΒ.

130 3324 138 3333 ·
160 3325 269 3344 errantes
291 3328 339 3344 orn.

128 3355 166 3371 Pa.

361 287 435 324 358

352 363 430 396 Ὅτι
454 375 495 407 με
498 375 513 395 ν
533 361 588 394 οὖν
607 360 674 394 οὗθ’
701 356 775 398 ὁὸὸς
798 361 863 392 τῶν
886 359 1072 396 πλανήτων
1091 354 1168 390 οὐδε
1156 358 1238 398 Ενὸς,
1264 357 1342 389 οὔτε
1362 357 1425 400 φῶς
1453 357 1455 410 1

427 405 500 440 ἐστι
525 408 592 439 τῶν
617 419 663 451 μη
691 404 871 460 ὁρωμένων
890 405 1036 458 ἄστρων]
1063 403 1134 435 οὔτ’
1165 402 1363 441 ἀνάκλασις,
1389 402 1425 432 ἐκ.
1452 411 1454 432 l

426 451 558 485 τούτων
584 450 741 495 φανερόν·
768 452 849 504 σχεὸ
875 446 953 480 νὸὲ
970 447 1078 480 ταῦτ’
1103 447 1175 478 ἐστὶ
1199 445 1246 477 τοί
1267 457 1305 491 γε
1327 444 1425 490 μέχρι

427 497 490 529 τοῦ
515 496 570 527 νῦν
597 490 730 538 παραδε
718 489 817 538 δου.έ
805 505 863 525 wa.
857 461 983 537 ωπαροί
1007 492 1072 523 τῶν
1101 491 1165 523 ἄλλ
1167 502 1224 522 ων.

421 594 571 621 Smopsts.
585 609 619 614 -—
637 602 660 620 1.
673 593 893 628 Argumentum
906 590 953 617 De
965 589 1056 617 lacteo
1068 588 1194 616 circulo:
1205 594 1232 615 et
1242 587 1347 624 primo,
1360 596 1426 615 exa-

360 633 501 661 minando
522 632 676 669 opiniones
697 631 864 660 aliorum.-
878 630 986 657 Textus
1003 627 1146 656 divisiooe
1161 635 1188 655 2.
1203 627 1306 655 Prima
1320 627 1427 665 opinio.

360 671 542 709 Pythagorici
563 671 681 709 quidam
702 671 833 699 dixerunt
853 669 977 697 lacteum
998 667 1138 696 circulum
1159 676 1221 695 esse
1237 667 1314 695 viam
1334 676 1426 704 quan-

360 714 437 747 dam,
459 721 510 749 per
529 721 626 749 quam,
648 711 725 739 iuxta
739 709 861 746 aliquos,
876 708 1066 745 pertransivit,
1081 707 1180 736 relicto
1194 706 1314 744 proprio
1330 717 1425 743 cursu,

360 752 441 781 stella
455 751 565 788 aliqua3
580 751 657 779 iuxta
671 750 752 783 alios,
764 748 945 785 pertransivit
959 747 1117 784 aliquando
1131 747 1189 782 sol;
1205 754 1233 775 et
1246 746 1286 775 ita
1296 756 1348 784 per
1362 757 1426 776 mo-

359 798 422 820 tum
443 791 540 820 stellae
554 791 598 819 vel
611 790 689 824 solis,
710 789 803 817 taliter
823 789 904 816 locus
922 787 970 816 ille
984 787 1154 816 immutatus
1167 787 1228 823 fuit,
1244 794 1276 815 ut
1290 794 1427 824 appareat

370 841 390 860 n
411 841 447 860 eo
467 831 580 859 claritas
601 830 754 867 quaedam.
768 844 788 849 —
804 827 1270 864 3.Improbatur.1nconveniens
1285 834 1328 855 est
1346 828 1426 864 quod

360 872 416 900 hoc
437 871 528 899 modo
549 869 701 906 opinantes
722 877 783 896 non
804 867 890 896 simul
910 866 1177 896 animadvertebant
1198 868 1294 904 quod,
1317 867 1340 895 si
1362 877 1427 895 rno-

359 918 405 940 tus
426 910 494 939 solis
515 910 559 938 vel
580 909 676 937 stellae
697 914 740 936 est
761 917 847 936 causa
867 907 942 936 illius
963 907 1107 942 claritatis,
1129 907 1200 935 haec
1221 907 1314 935 multo
1336 907 1427 944 magis

359 952 476 979 deberet
490 958 627 986 apparere
647 948 678 976 in
692 947 812 976 zodiaco
835 946 952 983 circulo,
973 956 1025 984 per
1045 956 1133 984 quem
1154 956 1216 975 non
1234 953 1347 975 tantum
1368 947 1426 982 sol,

360 991 411 1018 sed
432 998 533 1018 omnes
561 989 692 1025 planetae
718 987 856 1016 feruntur.
878 1003 898 1008 —
919 996 947 1023 4.
970 988 1104 1016 Secunda
1130 986 1235 1025 opinio.
1265 987 1426 1014 Sectatores

358 1031 547 1066 Anaxagorae
568 1035 596 1056 et
611 1027 770 1056 Democriti
791 1027 924 1055 dixerunt
943 1027 1101 1056 candorem
1122 1027 1246 1055 lacteum
1267 1026 1317 1063 qui
1338 1035 1427 1063 appa-

359 1076 402 1097 ret
416 1069 445 1097 in
460 1068 550 1103 caelo,
565 1076 627 1096 esse
647 1067 746 1095 lumen
761 1068 946 1104 quarundam
967 1067 1122 1102 stellarum,
1138 1075 1212 1103 quae
1226 1075 1278 1103 per
1291 1067 1426 1094 umbram

359 1116 450 1137 terrae
471 1108 658 1143 occultantur,
681 1116 718 1135 ne
739 1106 878 1144 recipiant
898 1107 996 1135 radios
1017 1107 1102 1142 solis;
1124 1113 1152 1135 et
1166 1106 1205 1134 ita
1219 1112 1338 1143 apparet
1358 1115 1428 1143 pro-

359 1149 454 1186 prium
475 1149 574 1176 lumen
594 1147 732 1184 ipsarum,
748 1148 830 1184 quod
850 1147 985 1176 dicebant
1005 1156 1067 1175 esse
1088 1147 1210 1175 lacteam
1226 1145 1392 1175 claritatem.
1408 1162 1428 1167 -

361 1189 387 1217 5.
402 1189 584 1225 Improbatur
605 1188 718 1216 duabus
737 1186 908 1216 rationibus.
931 1189 960 1223 a)
975 1187 1094 1215 Candor
1113 1187 1221 1215 lacteus
1241 1195 1356 1223 semper
1376 1195 1427 1222 ap-

358 1235 439 1265 paret
459 1228 534 1256 circa
554 1228 671 1256 easdem
692 1227 796 1255 stellas.
817 1227 876 1255 Sed
896 1236 964 1255 cum
985 1227 1029 1255 sol
1049 1236 1112 1255 non
1133 1235 1247 1263 semper
1268 1232 1384 1254 maneat
1399 1225 1429 1253 in

359 1269 463 1296 eodem
484 1268 566 1303 loco,
589 1274 704 1304 oportet
731 1267 812 1304 quod
832 1276 946 1304 semper
974 1266 1031 1295 sint
1057 1266 1113 1295 alia
1134 1273 1162 1295 et
1182 1266 1237 1294 alia
1258 1272 1334 1294 astra
1354 1274 1430 1302 quae

359 1308 539 1337 occultantur
559 1316 610 1344 per
630 1308 766 1335 umbram
785 1313 886 1335 terrae.
908 1307 986 1344 Ergo
1008 1306 1186 1343 impossibile
1207 1312 1249 1335 est
1270 1306 1352 1343 quod
1365 1305 1430 1334 talis

570 1508 579 1521 “·
601 1507 610 1526 ⁵
628 1504 803 1542 terminat
821 1504 869 1541 de
884 1505 1006 1541 lacteo
1029 1503 1168 1541 circulo
1184 1503 1214 1541 ²¹⁸.
1236 1505 1285 1541 Et
1303 1504 1428 1553 primo

426 1586 429 1588 —
480 1483 556 1599 Γ
569 1560 591 1585 3..
626 1557 790 1595 ostendit
818 1557 865 1595 de
893 1569 972 1606 quo
1002 1564 1058 1594 est
1076 1557 1242 1594 intentio.
1265 1558 1315 1594 Et
1342 1557 1431 1595 dicit

362 1612 467 1662 quod
494 1612 571 1650 iam
601 1611 807 1649 dicendum
838 1618 893 1648 est
921 1610 969 1648 de
997 1611 1118 1648 lacteo
1148 1610 1309 1659 circulo,
1337 1623 1429 1659 qua-

362 1666 444 1703 liter
472 1673 509 1703 et
525 1671 682 1714 propter
700 1676 818 1713 quam
839 1676 995 1701 causam
1016 1671 1072 1701 est
1095 1663 1279 1714 apparitio
1301 1664 1381 1701 eius
1399 1670 1428 1712 “,

363 1726 399 1755 et
426 1718 518 1767 quid
546 1726 602 1755 est
635 1718 698 1754 illa
726 1717 873 1754 claritas
901 1729 1000 1766 quae
1031 1724 1087 1754 est
1113 1717 1222 1766 quasi
1247 1718 1326 1764 lac3
1354 1718 1431 1754 hoc

363 1779 513 1809 servato
529 1771 663 1809 ordine
677 1770 708 1819 ³⁸,
729 1778 771 1808 ut
788 1770 914 1831 primo
935 1770 1178 1808 discutiamus
1198 1782 1243 1807 ea
1261 1783 1361 1819 quae
1380 1771 1429 1808 ab

364 1825 444 1862 aliis
474 1825 572 1862 dicta
600 1831 698 1861 sunt.

418 1877 596 1915 Secundo
625 1877 695 1914 ibi:
732 1877 959 1914 Vocatorum
997 1876 1147 1925 quidem
1177 1876 1293 1926 igitur
1331 1884 1400 1913 etc.
1418 1905 1427 1923 ,

365 1931 560 1981 exequitur
586 1930 840 1980 propositum.
862 1930 911 1966 Et
937 1929 1063 1979 primo
1091 1929 1200 1978 ponit
1229 1929 1430 1978 opiniones

365 1985 544 2030 aliorum;
573 1983 743 2021 secundo
772 1982 996 2032 opinionem
1014 1982 1223 2032 propriam,
1243 1983 1317 2020 ibi:
1345 1983 1431 2020 Nos

363 2043 488 2074 autem
517 2037 686 2074 dicamus
713 2036 734 2058 ’¹‘
753 2043 822 2073 etc.
844 2036 973 2073 Prima
993 2036 1173 2074 dividitur
1201 2036 1239 2073 in
1263 2043 1351 2084 tres,
1372 2049 1429 2073 se-

365 2090 534 2128 cundum
561 2097 636 2127 tres
664 2089 865 2139 opiniones
893 2102 988 2138 quas
1017 2089 1143 2139 ponit:
1179 2090 1347 2127 secunda
1375 2089 1429 2126 in-

366 2143 455 2193 cipit
485 2143 561 2180 ibi:
596 2143 671 2186 Qui
695 2148 820 2180 autem
849 2143 952 2180 circa
979 2143 1262 2193 Anaxagoram
1290 2142 1311 2164 ’¹‘
1339 2150 1428 2190 etc.;

363 2196 471 2234 tertia
499 2195 567 2233 ibi:
596 2196 769 2245 Amplius
796 2201 922 2233 autem
951 2202 1006 2233 est
1031 2196 1138 2233 tertia
1166 2195 1186 2217 '¹‘
1215 2203 1285 2233 etc.

418 2262 453 2287 2.
476 2249 587 2287 Circa
606 2249 775 2299 primum
796 2249 873 2286 duo
890 2249 988 2287 facit.
1005 2249 1134 2286 Primo
1153 2248 1262 2298 ponit
1280 2248 1428 2299 opinio-

362 2315 464 2340 nem.
495 2304 544 2340 Et
572 2302 661 2340 dicit
683 2302 788 2352 quod
816 2302 973 2352 quidam
1003 2303 1051 2340 de
1078 2314 1242 2340 numero
1261 2302 1429 2352 philoso-

362 2357 530 2406 phorum
550 2356 616 2405 qui
642 2363 831 2393 vocantur
851 2355 1103 2405 Pythagorici,
1125 2355 1300 2393 dixerunt
1323 2355 1429 2405 quod

363 2411 506 2447 lacteus
535 2410 694 2447 circulus
716 2417 771 2446 est
797 2409 990 2459 quaedam
1009 2409 1084 2447 via.
1107 2408 1184 2446 Sed
1213 2409 1251 2446 in
1279 2410 1355 2446 hoc
1374 2409 1427 2447 di-

362 2463 566 2500 versificati
585 2470 689 2500 sunt:
719 2462 877 2512 quidam
907 2463 1009 2500 enim
1030 2462 1206 2500 dixerunt
1223 2462 1331 2512 quod
1350 2470 1429 2500 erat

363 2516 427 2553 via
454 2516 614 2553 alicuius
642 2516 770 2553 stellae
799 2528 898 2565 quae
925 2528 995 2565 per
1031 2516 1131 2553 hanc
1158 2523 1306 2565 partem
1335 2515 1428 2552 caeli

363 2569 546 2617 transivit,
573 2569 750 2607 derelicto
778 2569 935 2618 proprio
965 2581 1089 2615 cursu,
1118 2576 1292 2618 tempore
1323 2581 1430 2606 exor-

365 2622 554 2660 bitationis
574 2621 679 2670 caeli,
700 2634 800 2672 quae
821 2622 955 2660 dicitur
974 2621 1014 2659 in
1042 2621 1177 2659 fabulis
1198 2621 1312 2659 fuisse
1332 2622 1429 2659 facta

365 2676 436 2713 sub
465 2676 693 2722 Phaetonte;
723 2675 791 2712 sed
827 2675 888 2714 alii
916 2675 1045 2713 dicunt
1077 2675 1181 2724 quod
1209 2687 1278 2724 per
1314 2675 1427 2712 istum

367 2728 548 2766 circulum
577 2729 808 2778 quandoque
827 2728 998 2766 transivit
1025 2729 1094 2766 sol.
1121 2729 1170 2765 Et
1188 2727 1238 2766 ita
1256 2741 1326 2778 per
1344 2741 1428 2766 mo-

366 2790 447 2819 tum
476 2781 565 2819 solis
602 2782 665 2819 vel
693 2782 836 2829 stellae,
866 2783 973 2819 locus
1010 2781 1078 2819 iste
1117 2781 1209 2818 caeli
1238 2790 1293 2819 est
1321 2782 1429 2832 quasi

367 2843 531 2882 exustus,
550 2835 613 2873 vel
631 2847 767 2884 passus
786 2835 953 2884 aliquam
973 2835 1088 2872 talem
1108 2834 1327 2883 passionem
1341 2835 1373 2883 ²⁸,
1389 2843 1429 2873 ut

364 2889 540 2927 videatur
567 2888 618 2925 ibi
647 2888 838 2938 quaedam
866 2888 1017 2926 albedo.

421 2944 455 2980 3.
474 2941 652 2979 Secundo
668 2941 737 2979 ibi:
758 2942 1031 2980 Inconveniens
1045 2947 1169 2979 autem
1187 2949 1270 2990 etc.,
1285 2942 1427 2992 impro-

366 2996 429 3033 bat
456 2995 556 3033 hanc
575 2994 811 3044 opinionem.
837 2995 886 3032 Et
914 2995 1002 3033 dicit
1020 2995 1127 3045 quod
1155 2994 1428 3033 inconveniens

365 3049 434 3087 fuit
461 3048 565 3098 quod
596 3056 784 3098 ponentes
809 3050 908 3086 hanc
937 3048 1160 3098 opinionem
1202 3061 1281 3086 non
1317 3048 1428 3086 simul

366 3102 620 3150 intelligebant
647 3102 774 3150 quod,
813 3102 843 3139 si
871 3102 1048 3139 transitus
1077 3102 1166 3139 solis
1199 3102 1262 3139 vel
1299 3103 1428 3139 stellae

367 3163 465 3192 esset
502 3168 616 3192 causa
643 3155 756 3193 huius
795 3155 968 3193 claritatis
995 3155 1032 3193 in
1061 3156 1134 3193 hac
1169 3163 1274 3205 parte
1309 3155 1426 3203 caeli,

366 3209 486 3246 multo
506 3208 625 3257 magis
645 3209 845 3258 oportebat
870 3209 975 3258 quod
994 3209 1089 3246 haec
1107 3208 1128 3231 '¹‘
1147 3208 1342 3259 dispositio
1373 3221 1428 3246 es-

366 3269 423 3298 set
450 3261 489 3298 in
517 3261 656 3299 circulo
694 3262 873 3310 zodiaco,
903 3275 1021 3311 quam
1049 3262 1088 3300 in
1117 3262 1255 3300 circulo
1284 3262 1426 3300 lacteo:

367 3314 456 3362 quia
475 3326 555 3352 non
573 3316 699 3352 solum
719 3316 788 3363 sol,
814 3316 882 3353 sed
906 3328 1040 3354 omnes
1069 3316 1196 3353 stellae
1221 3323 1388 3353 errantes
1407 3315 1427 3337 *

367 3367 536 3404 feruntur
553 3380 622 3416 per
650 3368 861 3406 zodiacum.
891 3369 1065 3406 Circulus
1093 3377 1221 3406 autem
1249 3369 1427 3406 zodiacus

367 3425 466 3456 totus
495 3420 714 3458 manifestus
743 3430 798 3459 est
825 3422 952 3469 nobis,
984 3422 1142 3460 diversis
1170 3422 1426 3472 temporibus,

422 3566 449 3599 α)
469 3567 608 3593 dicendum
627 3571 691 3593 est..
685 3586 701 3593 ..
720 3569 854 3601 apparitio
874 3570 937 3595 eius.
951 3571 1124 3596 —dicendum
1139 3575 1178 3597 est
1196 3571 1311 3605 qualiter
1323 3574 1350 3597 et
1364 3579 1429 3604 pro-

364 3605 428 3634 pter
446 3609 524 3635 quam
543 3609 650 3628 causam
669 3603 705 3628 sit
722 3604 857 3636 apparitio
877 3605 955 3630 lactei
972 3606 1066 3631 circuli
1084 3607 1136 3631 ΑΒ.

423 3636 446 3670 β)
466 3638 513 3663 sub
533 3641 615 3668 terra,
636 3635 797 3664 dicebant-
809 3639 856 3664 sub
871 3643 971 3666 terram
991 3641 1122 3666 dixerunt
1141 3642 1174 3672 P,
1193 3642 1241 3667 sub
1260 3645 1335 3668 terra
1353 3642 1431 3667 dixe-

1074 279 1664 319 METEOROLOGICORUM
1692 279 1787 316 LIB.
1818 280 1832 316 I

1482 357 1581 395 Quod
1603 358 1735 398 quidem
1757 357 1852 398 igitur
1876 368 1980 399 neque
2002 358 2054 388 via
2079 358 2280 398 planetarum
2299 359 2428 398 nullius,
2450 370 2554 401 neque

1547 402 1658 432 lumen
1676 409 1722 433 est
1745 412 1812 433 non
1835 409 2054 443 respectorum
2081 409 2252 441 astrorum,
2275 413 2380 444 neque
2395 404 2552 443 refractio,

1549 455 1586 476 ex
1607 446 1656 476 his
1679 446 1896 478 manifestum.
1921 447 1999 478 Fere
2018 453 2130 477 autem
2152 446 2229 477 haec
2253 447 2361 478 solum
2379 455 2453 480 sunt
2471 459 2554 490 quae

1546 500 1649 531 usque
1671 500 1758 521 nunc
1777 491 1889 522 tradita
1913 498 1987 522 sunt
2011 491 2049 521 ab
2075 490 2143 521 aliis
2167 497 2239 522 ante
2262 501 2332 522 nos.

1479 586 1634 615 occultatio
1656 586 1692 615 sit
1713 596 1800 615 causa
1820 586 2020 632 apparitionis
2034 587 2142 616 lacteae
2168 586 2311 615 claritatis.
2333 603 2353 608 -
2374 588 2401 616 6.
2424 588 2452 624 b)
2474 589 2554 617 Haec

1480 626 1581 663 opinio
1601 627 1707 655 falsum
1727 627 1878 664 supponit.
1900 637 1962 656 non
1976 627 2053 656 enim
2067 628 2172 655 umbra
2192 633 2284 655 terrae
2306 627 2440 665 pertingit
2459 637 2555 665 usque

1479 667 1517 695 ad
1531 673 1608 695 astra
1628 666 1728 695 fixa.—
1708 676 1769 704 —7.
1791 667 1891 695 Tertia
1911 667 2008 705 opinio
2029 663 2082 695 fuit
2103 667 2185 704 quod
2205 666 2319 695 claritas
2339 667 2431 696 lactea
2452 674 2496 696 est
2515 677 2551 696 ex

1480 707 1538 735 hoc
1552 707 1633 744 quod
1647 707 1724 735 visus
1741 713 1840 735 noster
1854 707 2043 744 repercutitur
2056 708 2094 735 ad
2108 707 2202 735 solem
2216 716 2250 734 ex
2265 706 2440 744 quibusdam
2455 707 2552 743 stellis,

1481 746 1563 783 quasi
1578 756 1612 775 ex
1626 747 1756 784 quodam
1776 747 1895 783 speculo
1916 747 2017 775 solaris
2037 746 2212 775 claritatis.-
2226 747 2253 774 8.
2271 747 2464 784 Improbatur.
2480 749 2508 783 a)
2523 730 2554 776 Si

1481 787 1629 823 speculum
1651 793 1680 815 et
1699 796 1746 815 res
1765 786 1827 817 visa
1847 794 2020 816 moveantur
2044 787 2084 816 ita
2105 788 2186 824 quod
2207 795 2303 824 neque
2324 787 2426 816 eadem
2446 787 2554 816 veloci-

1480 833 1538 855 tate
1558 826 1702 862 ferantur‚
1723 835 1819 863 neque
1840 836 1955 864 semper
1981 834 2119 855 maneant
2139 826 2169 855 in
2190 827 2294 855 eadem
2314 826 2451 855 distantia
2470 827 2553 855 adin-

1480 866 1586 902 vicem;
1608 866 1708 894 videns
1729 873 1827 894 autem
1848 866 1986 904 quiescat,
2009 873 2038 895 et
2057 873 2175 896 maneat
2189 867 2219 895 in
2234 867 2337 895 eadem
2359 866 2495 895 distantia
2515 868 2554 896 ad

1480 906 1529 934 illa
1543 907 1617 942 duo,
1632 905 1811 943 impossibile
1826 913 1869 934 est
1883 907 1964 943 quod
1977 907 2079 935 eadem
2094 906 2236 944 apparitio
2250 906 2300 935 fiat
2313 906 2344 935 in
2359 907 2462 935 eadem
2473 913 2554 944 parte

1481 945 1599 983 speculi.
1622 946 1679 974 Sed
1700 952 1785 981 astra,
1808 955 1883 983 quae
1897 955 1927 974 se
1941 946 2049 975 habent
2062 953 2095 974 ut
2115 947 2274 984 speculum,
2296 953 2325 975 et
2338 947 2392 982 sol,
2409 946 2460 985 qui
2479 947 2554 976 obti-

1481 991 1531 1014 net
1551 986 1649 1014 locum
1670 985 1712 1013 rei
1725 985 1812 1021 visae,
1835 992 1997 1021 moventur,
2019 995 2114 1023 neque
2133 993 2254 1015 manent
2271 996 2387 1024 semper
2405 986 2436 1015 in
2451 987 2553 1016 eadem

1482 1025 1618 1053 distantia
1637 1024 1813 1060 adinvicem;
1835 1034 1890 1053 nos
1911 1031 2009 1054 autem
2030 1025 2214 1063 quiescimus,
2236 1033 2264 1055 et
2285 1025 2422 1055 distantia
2435 1036 2453 1055 a
2467 1026 2555 1055 nobis

1481 1066 1519 1094 ad
1540 1065 1632 1093 solem
1660 1071 1688 1093 et
1708 1065 1746 1093 ad
1767 1071 1843 1093 astra
1863 1071 1907 1093 est
1927 1074 2042 1102 semper
2067 1066 2179 1094 eadem.
2205 1066 2283 1103 Ergo
2305 1066 2483 1103 impossibile
2511 1073 2555 1095 est

1482 1105 1563 1142 quod
1583 1111 1680 1141 partes
1693 1104 1776 1133 lactei
1798 1104 1895 1134 circuli
1909 1113 2025 1141 semper
2045 1112 2182 1134 maneant
2201 1105 2232 1134 in
2246 1107 2351 1135 eodem
2366 1107 2443 1135 loco.
2463 1106 2554 1144 Atqui

1483 1152 1610 1180 manent,
1625 1150 1658 1173 ut
1671 1151 1750 1181 patet
1762 1145 1800 1173 ad
1815 1154 1942 1173 sensum.
1957 1146 2035 1183 Ergo
2049 1145 2229 1182 impossibile
2244 1152 2287 1174 est
2299 1145 2370 1174 illud
2384 1147 2466 1183 quod
2479 1147 2552 1175 haec

1483 1184 1585 1222 opinio
1606 1184 1697 1221 ponit.
1719 1201 1739 1206 -
1760 1194 1787 1222 9.
1810 1185 1838 1220 b)
1854 1186 1897 1213 De
1915 1191 2001 1213 nocte
2022 1185 2052 1213 in
2073 1194 2150 1222 aqua
2170 1192 2198 1214 et
2219 1185 2282 1214 aliis
2303 1185 2475 1222 corporibus
2488 1194 2555 1223 spe-

1483 1224 1627 1254 cularibus
1648 1224 1785 1261 aspicitur
1804 1225 1900 1253 forma
1919 1225 2002 1253 lactei
2021 1224 2127 1254 citculi.
2150 1226 2207 1254 Sed
2221 1225 2335 1254 videtur
2347 1225 2556 1255 inconveniens

1483 1265 1578 1294 dicere
1592 1265 1674 1302 quod
1683 1271 1753 1293 tunc
1762 1265 1839 1293 visus
1853 1265 2060 1301 repercutiatur
2070 1266 2107 1294 ab
2121 1275 2198 1303 aqua
2211 1266 2250 1294 ad
2264 1266 2366 1294 solem.
2374 1267 2456 1303 Ergo
2470 1272 2524 1295 etc.
2537 1282 2556 1288 -

1483 1305 1623 1342 Epilogus
1644 1311 1673 1333 et
1692 1304 1852 1333 conclusio.

1484 1398 1573 1448 quia
1602 1397 1649 1436 de
1678 1405 1789 1435 nocte
1818 1410 1973 1447 semper
2004 1405 2163 1447 apparet
2189 1397 2386 1435 medietas
2407 1394 2554 1443 zodiaci

1483 1464 1599 1501 super
1626 1459 1767 1489 terram
1796 1453 1920 1498 (terra
1948 1450 2052 1488 enim
2086 1451 2231 1488 obtinet
2263 1451 2391 1488 vicem
2423 1449 2556 1500 puncti

1483 1512 1659 1554 respectu
1687 1505 1871 1554 sphaerae
1906 1505 2099 1542 stellarum
2133 1504 2318 1542 fixarum:
2346 1503 2452 1542 unde
2482 1516 2556 1555 per

1483 1558 1696 1607 grossitiem
1723 1565 1845 1595 terrae
1874 1557 2004 1595 nihil*
2033 1558 2242 1595 occultatur
2269 1557 2382 1595 nobis
2410 1557 2458 1596 de
2490 1565 2555 1595 zo—‘

1485 1612 1628 1658 diae0):
1650 1611 1718 1649 sed
1732 1611 1911 1660 quamvis
1930 1618 2031 1648 totus
2045 1611 2224 1649 zodiacus
2240 1611 2286 1648 sit
2304 1624 2327 1648 a
2341 1610 2453 1662 npbis
2466 1609 2556 1650 visi-

1484 1665 1578 1713 bilis,
1599 1673 1728 1702 tamen
1746 1664 1767 1686 '¹‘
1786 1676 1866 1702 non
1884 1663 2039 1702 videtur
2054 1664 2094 1702 in
2114 1677 2160 1702 eo
2180 1664 2307 1714 aliqua
2326 1663 2407 1702 talis
2427 1662 2555 1715 dispo-

1484 1718 1580 1766 sitio,
1597 1718 1702 1755 nisi*
1721 1718 1760 1755 in
1778 1724 1885 1767 parte
1901 1730 1977 1767 qua
2005 1717 2244 1766 coniungitur
2262 1718 2384 1755 lacteo
2400 1717 2554 1755 circulo.

1536 1783 1574 1819 4.
1589 1771 1744 1808 Deinde
1765 1783 1854 1807 cum
1882 1770 1988 1807 dicit:
2012 1771 2088 1813 Qui
2109 1776 2235 1808 autem
2263 1771 2366 1808 circa
2393 1771 2555 1808 Anaxa-

1483 1836 1623 1875 goram
1644 1832 1727 1871 etc.,
1747 1824 1856 1872 ponit
1874 1824 2085 1861 secundam
2105 1824 2342 1873 opinionem.
2359 1824 2410 1861 Et
2427 1823 2554 1874 primo

1484 1877 1615 1916 recitat
1635 1890 1732 1914 earn.
1759 1877 1809 1914 Et
1829 1877 1919 1917 dicit
1945 1877 2051 1926 quod
2069 1884 2274 1914 sectatores
2301 1879 2554 1926 Anaxagorae

1485 1938 1522 1968 et
1549 1929 1760 1968 Democriti
1796 1930 1970 1968 dixerunt
2007 1930 2215 1968 claritatem
2252 1930 2414 1968 lacteam
2452 1942 2552 1980 quae

1484 1992 1642 2034 apparet
1668 1983 1708 2021 in
1737 1984 1855 2031 caelo,
1887 1995 1969 2020 esse
1998 1984 2130 2020 lumen
2158 1983 2403 2032 quarundam
2429 1983 2552 2022 stella-

1484 2050 1582 2075 rum.
1610 2037 1710 2074 Cum
1739 2036 1842 2074 enim
1870 2037 1926 2074 sol
1955 2037 2072 2074 fertur
2099 2037 2171 2074 sub
2197 2043 2308 2085 terra,
2338 2036 2517 2075 dicebant
2534 2035 2553 2066 Ρ

1484 2091 1589 2140 quod
1609 2091 1747 2127 umbra
1774 2097 1896 2127 terrae
1915 2089 2093 2140 pertingit
2120 2102 2243 2140 usque
2271 2089 2322 2128 ad
2349 2090 2554 2140 sphaeram

1484 2145 1676 2182 stellarum
1700 2143 1879 2192 fixarum,
1898 2150 1936 2181 et
1954 2144 2118 2181 occultat
2137 2143 2326 2193 quasdam
2346 2143 2482 2192 stellas,
2502 2155 2552 2181 ne

1484 2196 1667 2246 recipiant
1682 2196 1809 2234 radios
1828 2196 1938 2244 solis;
1954 2209 2034 2234 non
2049 2204 2179 2235 autem
2194 2209 2342 2244 omnes,
2359 2195 2451 2246 quia
2463 2199 2553 2247 pro-

1482 2258 1567 2300 pter
1592 2250 1821 2300 parvitatem
1849 2257 1984 2299 terrae,
2008 2250 2147 2288 umbra
2175 2250 2256 2288 eius
2284 2262 2364 2288 non
2393 2257 2557 2299 occupat

1483 2312 1606 2342 toturn
1627 2304 1788 2352 caelum,
1814 2303 1882 2341 sed
1902 2303 2070 2353 aliquam
2092 2316 2256 2353 parvam
2269 2304 2290 2326 ²¹⁶
2307 2310 2469 2353 partem.
2489 2302 2556 2341 Di-

1484 2358 1621 2395 cebant
1649 2357 1751 2394 enim
1780 2356 1887 2405 quod
1917 2357 2062 2394 claritas
2090 2358 2284 2394 stellarum
2307 2369 2408 2407 quae
2437 2355 2552 2406 respi-

1484 2410 1633 2448 ciuntur
1645 2410 1666 2432 '¹‘
1685 2423 1708 2447 a
1727 2410 1819 2458 sole,
1839 2422 1919 2447 non
1939 2417 2108 2460 apparet,
2129 2410 2218 2460 quia
2244 2410 2470 2460 prohibetur
2488 2422 2554 2460 ap-

1481 2476 1615 2513 parere
1634 2476 1658 2500 a
1675 2462 1696 2485 ‘¹‘
1715 2463 1828 2500 radiis
1847 2462 1936 2500 solis
1956 2464 2006 2501 ad
2026 2475 2090 2500 eas
2107 2463 2424 2513 pertingentibu33
2445 2469 2483 2501 et
2501 2462 2555 2500 sic

1483 2517 1582 2554 circa
1606 2528 1670 2553 eas
1698 2528 1779 2554 non
1804 2515 1955 2553 videtur
1978 2516 2126 2554 claritas
2151 2515 2268 2554 lactis.
2299 2516 2378 2554 Sed
2404 2516 2553 2555 illarum

1483 2570 1675 2607 stellarum
1704 2569 1753 2606 ad
1781 2581 1876 2618 quas
1896 2581 1975 2606 non
1994 2569 2213 2618 pertingunt
2237 2569 2332 2607 radii
2361 2569 2463 2618 solis,
2484 2569 2537 2607 im

1482 2622 1658 2673 pediente
1687 2629 1796 2669 terra,
1827 2630 1985 2672 apparet
2002 2622 2023 2644 ’¹‘
2041 2622 2240 2672 proprium
2269 2623 2416 2670 lumen3
2445 2623 2553 2673 quod

1484 2675 1659 2714 dicebant
1687 2687 1770 2712 esse
1800 2675 2007 2713 claritatem
2035 2675 2152 2714 lactis.

1541 2730 1574 2767 5.
1596 2728 1776 2766 Secundo
1796 2728 1864 2766 ibi:
1887 2729 2139 2776 Manifestum
2163 2734 2218 2767 est
2235 2735 2360 2766 autem
2381 2736 2479 2778 etc.,.
2495 2741 2553 2767 re-

1482 2783 1620 2832 probat
1646 2782 1746 2819 hanc
1776 2781 1998 2831 opinionem
2026 2795 2096 2832 per
2125 2782 2219 2820 duas
2238 2782 2415 2820 rationes.
2446 2780 2552 2830 Qua-

1483 2848 1569 2873 rum
1601 2835 1768 2885 primam
1796 2835 1916 2884 ponit,
1947 2835 2077 2873 dicens
2101 2835 2345 2874 manifestum
2374 2847 2458 2873 esse
2476 2836 2553 2874 hoc

1482 2889 1589 2939 quod
1622 2889 1765 2926 dictum
1795 2897 1851 2926 est
1879 2901 1962 2926 esse
1990 2888 2234 2939 impossibile.
2269 2888 2372 2936 Quia
2405 2888 2552 2926 claritas

1483 2942 1586 2980 lactis
1628 2954 1783 2991 semper
1824 2950 1981 2992 apparet
2017 2942 2056 2980 in
2098 2941 2243 2980 eisdem
2284 2941 2424 2979 stellis:
2462 2941 2553 2991 quia

1483 2995 1644 3033 circulus
1672 2996 1815 3033 lacteus
1851 2995 2002 3034 videtur
2035 3008 2117 3033 esse
2151 3007 2251 3033 unus
2289 2995 2338 3033 de
2376 2995 2551 3033 maximis

1483 3049 1630 3086 circulis
1658 3049 1865 3098 sphaerae,
1885 3048 1952 3098 qui
1979 3049 2114 3087 dividit
2146 3061 2233 3086 eam
2260 3060 2331 3098 per
2358 3047 2545 3086 medium.

1483 3102 1561 3139 Sed
1590 3102 1679 3152 quia
1707 3103 1764 3139 sol
1793 3114 1871 3139 non
1899 3114 2053 3152 semper
2079 3110 2210 3140 manet
2235 3101 2276 3139 in
2295 3101 2436 3140 eodem
2463 3102 2551 3139 loco

1483 3155 1588 3203 caeli,
1609 3163 1759 3205 oportet
1787 3156 1893 3205 quod
1912 3167 2066 3205 semper
2093 3156 2164 3193 sint
2189 3155 2261 3192 alia
2290 3162 2326 3192 et
2353 3154 2426 3192 alia
2452 3162 2552 3193 astra

1483 3221 1582 3258 quae
1603 3208 1874 3246 occultantur*
1889 3209 2002 3247 radiis
2021 3209 2110 3247 solis
2128 3220 2199 3258 per
2211 3204 2394 3246 umbram
2409 3215 2548 3246 terrae:

1482 3262 1571 3322 quia
1600 3270 1750 3312 oportet
1773 3262 1968 3311 imaginari
1998 3270 2147 3300 motum
2170 3262 2333 3301 umbrae
2361 3261 2400 3299 in
2429 3273 2550 3311 oppo-

1482 3316 1595 3353 situm
1623 3316 1746 3353 motui
1775 3316 1877 3354 solis.
1907 3315 1947 3354 Si
1975 3316 2085 3364 igitur
2120 3314 2323 3353 occultatio
2357 3315 2550 3352 stellarum

1481 3381 1551 3418 per
1563 3370 1743 3407 umbram
1759 3377 1880 3407 terrae
1897 3377 1995 3407 esset
2009 3376 2124 3406 causa
2145 3367 2390 3418 apparitionis
2407 3368 2550 3406 lacteae

1483 3422 1656 3460 claritatis
1674 3421 1705 3470 ²⁸³,
1736 3430 1940 3472 oporteret,
1970 3429 2077 3460 moto
2102 3422 2193 3470 sole,
2222 3421 2414 3468 transferri
2443 3428 2480 3459 et
2498 3421 2551 3459 la-

1484 3575 1548 3598 runt
1567 3572 1625 3596 edd.
1643 3579 1661 3596 a
1680 3576 1705 3597 et
1729 3570 1803 3597 1561.
1820 3585 1839 3590 -
1858 3571 1914 3596 Lin.
1934 3579 1990 3604 seq.
2005 3579 2054 3604 pro
2071 3571 2222 3604 sphaeram,
2242 3576 2378 3603 vesperam
2397 3570 2450 3599 ΑΒ,
2465 3569 2511 3594 sed
2530 3569 2552 3594 B

1483 3606 1628 3668 ξὲἴίι-ἐελῐιὲτ.
1645 3621 1663 3626 -
1682 3607 1734 3632 Pro
1753 3613 1785 3632 ne
1803 3606 1934 3639 recipiant
1952 3606 2045 3632 radios
2062 3607 2133 3637 solis,
2153 3613 2186 3632 ne
2205 3605 2370 3639 recipiantur
2387 3612 2447 3631 cum
2466 3604 2552 3630 radiis

2580 1571 2782 1620 :mm-⁶

2583 1677 2782 1703 ’mmomn

2580 1730 2731 1758 ‘nequeam

2581 2419 2749 2452 neces-nm

2581 2452 2622 2499 rea
2637 2483 2686 2500 om.
2700 2483 2723 2500 Ι.
2737 2461 2745 2469 Ι

2580 2637 2590 2647 ·
2605 2638 2629 2658 ee
2642 2635 2696 2659 add.
2709 2641 2748 2659 Α..

2576 3429 2589 3442 “
2604 3429 2706 3452 cleri&
