2782 4134
105 678 145 699 ’h

105 788 114 796 ·
130 788 154 807 et
170 786 222 807 add.
245 785 314 807 codd.

104 818 145 834 exc

147 683 174 699 OC
188 684 209 699 Ρ.

149 820 185 834 ,Α-

351 287 419 324 172

398 353 498 400 Quia
517 359 645 389 tamen
665 352 760 388 haec
779 350 961 387 sententia
976 357 987 370 ⁹
1001 349 1151 387 videtur
1166 347 1402 395 aliquatenus

345 418 426 443 esse
455 412 608 452 extorta,
633 404 783 441 videtur
809 404 935 452 potius
964 402 1166 440 dicendum
1195 399 1299 448 quod
1327 400 1402 435 hoc

343 458 447 508 quod
476 458 578 505 dicit,
598 458 648 494 At
673 468 764 494 vero
793 468 911 505 neque
939 454 1208 511 ingenerabile,
1238 460 1292 488 est
1312 463 1401 488 con-

343 511 568 548 tinuandum
607 522 694 546 cum
732 509 1065 558 praecedentibus3
1104 514 1144 543 ut
1181 513 1226 542 Slt
1268 517 1401 563 sensus

344 564 449 613 quod
479 564 573 600 sicut
592 574 729 611 corpus
754 561 966 610 generabile
991 573 1068 597 non
1088 560 1214 617 habet.
1231 569 1400 594 animam

342 616 607 654 intellectivam
628 616 705 652 sine
725 627 854 660 sensu,
884 614 933 650 ita
957 626 1028 649 nec
1049 624 1187 660 corpus
1206 623 1400 659 lngenera-

343 670 427 707 bile.
459 669 534 706 Sed
555 681 692 717 corpus
710 666 961 715 ingenerabile
990 678 1068 702 non
1097 664 1277 714 accipitur
1299 664 1360 701 hic
1381 666 1400 685 >³²

343 723 505 759 caelum:
526 722 629 770 quod
648 728 749 770 patet
768 732 813 756 ex
831 721 905 756 hoc
925 719 1029 767 quod
1050 719 1198 755 caelum
1220 726 1275 755 est
1294 730 1401 754 man-

342 776 467 813 sivum
497 777 515 796 '³⁵
544 775 582 811 in
611 774 748 810 eodem
781 774 864 809 loco
899 773 1112 809 secundum
1145 779 1285 818 totum,
1320 771 1400 819 ipse

342 836 468 865 autem
497 827 660 876 loquitur
692 826 738 863 de
773 837 931 874 corpore
961 838 1040 862 non
1065 825 1252 862 mansivo.
1289 824 1401 861 Unde

340 881 491 918 videtur
518 881 579 917 hic
606 879 709 927 loqui
737 878 783 915 de
813 878 1041 927 quibusdam
1072 878 1294 927 corporibus
1322 877 1400 914 ani-

341 934 462 980 matis,
492 945 588 982 quae
617 931 798 968 Platonici
826 932 1026 968 daemones
1054 931 1315 977 nominabant,
1347 931 1400 968 di-

343 994 467 1024 centes
488 998 552 1022 eos
582 997 662 1021 esse
691 985 867 1021 animalia
896 997 1056 1033 corpore
1085 997 1207 1031 aerea,
1229 992 1400 1033 tempore

311 1072 313 1075 .
341 1047 508 1085 aeterna,
543 1038 637 1075 sicut
665 1038 848 1086 Apuleius
877 1039 1094 1075 Platonicus
1123 1037 1210 1075 dicit
1236 1038 1275 1074 in
1304 1038 1400 1075 libro

104 1156 112 1164 '¹
127 1154 232 1175 mansino
247 1160 268 1174 A.

102 1365 111 1373 ”
124 1363 239 1391 contingit
253 1369 274 1384 Ρ.

99 2162 108 2170 “
123 2160 246 2182 naturales
259 2167 280 2182 P.

100 2371 109 2380 '
117 2369 255 2391 animalibus
265 2376 292 2391 pn
303 2377 308 2393 z

99 2397 135 2418 ed.

99 2423 142 2444 cod

145 2397 191 2444 x1:¹51&
201 2402 253 2418 cum
265 2400 309 2418 cet.

340 1093 386 1129 de
403 1093 484 1129 Deo
501 1091 673 1128 Socratis.
703 1091 903 1128 Ponebant
921 1099 1050 1128 autern
1069 1091 1288 1128 huiusmodi
1318 1104 1399 1128 cor-

339 1157 434 1194 pora
462 1144 609 1181 moveri
629 1152 736 1181 motu
755 1145 1010 1193 progressivo,
1033 1153 1068 1182 et
1088 1157 1166 1182 non
1187 1145 1361 1182 mansiva
1382 1146 1401 1166 ’ᾖ

340 1198 378 1234 in
407 1197 543 1234 eodem
571 1198 668 1234 loco.
771 1227 774 1229 .

392 1263 427 1299 7.
459 1251 534 1287 Sed
556 1257 591 1286 et
611 1249 641 1287 si
661 1249 745 1298 quis
765 1249 978 1287 consideret
1002 1251 1175 1288 ordinem
1197 1263 1401 1300 corporum

340 1303 554 1340 caelestium
587 1303 683 1340 inter
720 1315 880 1352 corpora
918 1304 1120 1352 naturalia,
1159 1304 1402 1341 manifestum

339 1356 407 1393 erit
433 1356 537 1404 quod
570 1368 648 1393 non
683 1357 862 1393 convenit
896 1358 915 1378 '³‘
948 1357 981 1394 ei
1014 1357 1155 1394 habere
1191 1357 1402 1406 potentiam

339 1410 568 1446 sensitivam.
607 1409 737 1446 Primo
770 1410 925 1458 quidem
955 1410 1044 1458 quia
1072 1410 1292 1448 huiusmodi
1321 1423 1403 1448 cor-

337 1475 433 1511 pora
468 1474 547 1499 non
584 1471 671 1499 sunt
697 1463 873 1511 passiva,
910 1463 978 1500 sed
1015 1463 1163 1500 activa:
1198 1464 1302 1501 unde
1331 1476 1403 1501 nec

338 1515 538 1552 animabus
567 1528 722 1562 eorum,
757 1515 787 1552 si
817 1517 888 1553 sint
908 1517 1094 1563 animata,
1130 1517 1310 1554 convenit
1336 1517 1402 1554 ha-

338 1570 427 1605 bere
457 1569 601 1617 aliquas
629 1569 816 1618 potentias
845 1570 1054 1617 sensitivas,
1075 1582 1173 1618 quae
1202 1578 1289 1607 sunt
1316 1583 1401 1619 pas-

339 1621 442 1659 sivae
463 1619 487 1658 Ε.
508 1643 532 1649 -
554 1622 731 1659 Secundo
762 1622 851 1670 quia
878 1623 1097 1660 huiusmodi
1127 1635 1288 1672 corpora
1316 1631 1403 1661 sunt

337 1675 566 1722 uniformia,
604 1671 735 1724 utpote
769 1676 964 1724 sphaerica
997 1676 1201 1713 existentia.
1241 1677 1404 1726 Oportet

339 1735 465 1764 autem
487 1740 624 1778 corpus
643 1729 788 1766 habens
813 1729 980 1766 animam
1005 1729 1237 1776 sensitivam,
1258 1730 1401 1767 habere

339 1781 593 1818 diversitatem
622 1794 870 1829 organorum:
901 1783 1000 1831 quia,
1022 1795 1109 1819 cum
1129 1794 1262 1819 sensus
1281 1783 1327 1820 sit
1344 1783 1401 1821 vis

339 1834 595 1882 cognoscitiva
621 1835 917 1883 particularium,
949 1843 1099 1884 oportet
1127 1836 1232 1884 quod
1262 1849 1400 1885 corpus

339 1887 560 1924 sensitivum
580 1888 718 1925 habeat
737 1888 905 1926 diversas
923 1889 1110 1938 potentias
1139 1889 1349 1936 sensitivas,
1370 1890 1400 1927 si

337 1940 500 1989 perfecte
521 1941 663 1988 sentiat,
680 1941 817 1990 quibus
842 1950 1045 1990 cognoscat
1068 1942 1217 1979 diversa
1246 1943 1400 1980 sensibi-

338 1993 430 2029 lium
446 2005 583 2041 genera
597 2000 626 2038 ⁰3
651 1994 807 2031 diversis
828 2003 955 2032 autem
981 1995 1154 2032 sensibus
1175 1996 1402 2044 adaptantur

339 2046 488 2083 diversa
504 2059 655 2095 organa.
678 2048 786 2085 Unde
806 2048 1042 2086 uniformitas
1062 2049 1246 2097 sphaerici
1265 2062 1400 2099 corpo-

338 2099 387 2136 ris
402 2108 584 2148 repugnat
603 2101 837 2149 dispositioni
852 2102 1000 2138 animae
1017 2102 1228 2140 sensitivae.
1239 2103 1400 2140 -Tertio

338 2152 426 2200 quia
442 2165 602 2201 corpora
618 2154 789 2191 caelestia
804 2162 891 2192 sunt
911 2155 1016 2203 quasi
1035 2155 1269 2192 universales
1284 2157 1303 2177 ’ᾗ
1314 2168 1400 2193 cau-

338 2218 400 2242 sae
420 2205 640 2243 inferiorum
661 2207 882 2254 effectuum;
905 2216 940 2245 et
964 2208 1013 2245 ita
1029 2208 1185 2245 effectus
1207 2209 1400 2246 sensibiles

337 2265 423 2295 sunt
442 2258 481 2295 in
501 2260 723 2308 corporibus
744 2261 965 2298 caelestibus
985 2273 1063 2298 non
1083 2263 1294 2299 secundum
1316 2275 1400 2311 par-

336 2311 550 2359 ticularem,
581 2314 648 2350 sed
676 2314 887 2351 secundum
916 2314 1170 2352 universalem
1195 2315 1397 2365 rationem,

336 2364 430 2410 sicut
454 2365 492 2402 in
521 2366 642 2402 causis
670 2366 957 2404 universalibus.
989 2369 1110 2405 Multo
1135 2368 1246 2416 igitur
1278 2369 1399 2417 magis

335 2418 498 2455 rationes
514 2431 641 2456 rerum
661 2420 893 2457 sensibilium
913 2429 1000 2458 sunt
1018 2421 1055 2458 in
1070 2421 1270 2458 animabus
1283 2423 1302 2443 ’⁴³
1318 2434 1400 2459 cae-

389 2575 412 2609 v)
427 2576 491 2601 haec
504 2577 643 2601 sententia.
653 2590 671 2595 -
684 2577 748 2602 haec
759 2585 813 2602 om.
823 2577 876 2602 ΡΙ).
885 2591 904 2596 -
918 2577 954 2602 lbi
969 2578 1075 2603 videtur
1084 2579 1177 2610 potius
1191 2579 1340 2608 dicendum,
1357 2579 1402 2604 PG

336 2619 389 2636 om.
404 2611 516 2641 videtur,
536 2612 597 2636 dum
617 2612 640 2636 G
659 2612 716 2636 add.
730 2619 784 2637 esse
803 2618 863 2645 post
876 2613 976 2644 potius.
996 2613 1044 2638 Ed.
1064 2612 1128 2638 1516
1149 2622 1207 2638 cum
1227 2619 1274 2639 cet.
1290 2614 1364 2639 codd.

391 2644 414 2680 ξ)
435 2646 525 2671 Ρνίηιο
544 2647 768 2679 quidem...quae
786 2651 848 2672 sunt
861 2648 995 2680 passivae.
1008 2662 1027 2667 -
1040 2649 1060 2673 P
1079 2654 1104 2674 et
1118 2649 1192 2674 codd.
1212 2657 1266 2674 exc.
1280 2648 1306 2674 A
1325 2650 1401 2674 omit—

337 2686 394 2706 tunt
412 2681 606 2706 homoteleuton
625 2682 716 2707 Primo
729 2683 833 2715 quidem
883 2683 1036 2714 sensitiva55
1055 2692 1102 2716 pro
1116 2692 1183 2717 quae
1198 2687 1261 2709 sunt
1275 2685 1401 2716 passivae

338 2717 432 2742 habent
450 2724 517 2749 quae
535 2720 575 2742 est
589 2718 698 2749 passiva
709 2735 715 2746 ‚
741 2719 812 2751 quod
832 2724 990 2751 supponeret
1009 2719 1145 2744 lectionem
1169 2720 1264 2745 habere
1282 2720 1399 2753 aliquam

333 2752 483 2784 potentiam
501 2753 660 2782 sensitivam,
681 2761 748 2785 quae
766 2754 855 2786 utique
875 2759 944 2779 esset
963 2754 1039 2780 bona.

392 2787 417 2822 ο)
437 2788 595 2813 sensibilium
614 2795 749 2821 genera.-
761 2789 894 2814 sensibilia
914 2790 941 2819 P,
957 2790 1016 2823 quia
1035 2791 1109 2815 codd.
1129 2798 1182 2815 exc.
1196 2791 1218 2815 A
1237 2791 1399 2816 sensibilium

338 2828 506 2856 corrumpunt
523 2823 548 2848 in
567 2824 738 2849 sensibilibus.

1038 271 1108 308 DE
1139 269 1312 306 CAELO
1342 267 1412 304 ET
1442 266 1637 303 MUNDO
1667 266 1761 303 LlB.
1793 267 1824 303 II

1458 345 1608 381 lestium
1633 356 1851 393 corporum,
1872 345 1902 382 si
1922 345 1995 382 sint
2014 345 2192 393 animata,
2213 357 2292 382 non
2311 347 2526 384 secundum

1458 397 1645 434 rationem
1663 398 1943 446 particularem,
1962 411 2060 446 quae
2076 399 2237 447 pertinet
2256 398 2306 436 ad
2321 411 2477 438 sensum
2493 401 2526 447 *,
2555 406 2769 453 ggfsswmssm

1457 450 1525 487 sed
1554 451 1767 488 secundum
1801 451 1986 488 rationem
2012 452 2292 499 universalem,
2322 465 2421 501 quae
2441 465 2526 503 per·

1457 504 1548 541 tinet
1576 503 1624 541 ad
1652 503 1894 542 intellectum.

1511 558 1546 593 8.
1578 557 1752 606 Corpora
1779 557 1889 605 igitur
1907 559 1927 579 ³³²
1947 558 2141 605 caelestia,
2172 558 2202 595 si
2232 566 2319 596 sunt
2347 558 2525 608 animata,
2554 568 2713 617 gigg‘ggff
2727 575 2768 591 co-

1455 610 1598 647 habent
1616 610 1847 647 intellectum
1866 610 1946 648 sine
1967 624 2093 648 sensu.
2116 612 2192 649 Sed
2204 612 2299 650 sicut
2317 612 2527 650 intellectus
2678 611 2684 617 ’
2715 612 2721 617 ”

1456 664 1751 700 substantiarum
1781 672 2041 713 separatarum
2071 665 2265 713 cognoscit
2293 677 2372 703 non
2400 666 2526 703 solum

1455 716 1702 763 universalia,
1733 717 1800 754 sed
1821 717 1936 754 etiam
1963 718 2200 767 particularia
2229 719 2394 766 (habent
2423 719 2526 757 enim

1455 782 1523 819 per
1541 782 1660 806 unam
1679 769 1860 807 virtutem
1881 771 2180 819 cognoscitivam
2199 773 2305 821 quod
2324 784 2396 809 nos
2410 773 2526 810 habe-

1457 835 1542 860 mus
1561 835 1630 872 per
1648 824 1810 872 plures),
1830 823 1881 860 ita
1909 824 2024 862 etiarn
2045 833 2100 862 est
2114 831 2133 847 π
2153 825 2200 863 de
2220 826 2422 863 animabus
2443 838 2526 863 cae·
2653 838 2671 855 π

1456 876 1621 923 lestibus,
1638 877 1743 925 quod
1759 889 1829 913 suo
1845 876 2034 914 intellectu
2055 887 2290 927 cognoscunt
2305 891 2384 916 non
2399 879 2526 916 solum

1455 930 1696 977 universalia,
1717 930 1786 967 sed
1805 930 1919 967 etiam
1942 931 2192 979 particularia.-
2223 934 2278 969 Ita
2303 932 2404 969 enim
2426 934 2446 954 *²
2471 940 2527 970 est
2553 937 2768 988 {¹3¹{cgfgssgfiffl

1456 983 1494 1019 in
1515 983 1707 1030 omnibus,
1737 983 1844 1031 quod
1872 984 2124 1032 perfectiones
2153 997 2250 1034 quae
2273 985 2527 1023 attribuuntur
2703 981 2710 987 “
2734 981 2741 988 ’

1456 1036 1621 1073 inferiori
1654 1048 1723 1085 per
1756 1037 1897 1084 multa,
1931 1037 2117 1086 superiori
2146 1038 2398 1076 attribuuntur
2420 1045 2435 1070 Ρ
2457 1052 2527 1089 per
2655 1050 2670 1076 9

1455 1102 1599 1135 unum3
1635 1089 1732 1126 sicut
1759 1089 1978 1138 imaginatio
2006 1103 2084 1128 una
2118 1099 2174 1128 est
2199 1092 2320 1129 virtus
2349 1092 2525 1136 omnium

1456 1143 1690 1180 sensibilium
1712 1143 1987 1191 cognoscitiva,
2017 1156 2116 1192 quae
2136 1152 2264 1183 tamen
2289 1157 2423 1183 sensus
2441 1158 2527 1196 per-

1458 1196 1545 1245 cipit
1573 1209 1642 1245 per
1671 1196 1840 1233 diversas
1866 1196 2036 1234 virtutes.

1510 1251 1559 1287 Et
1578 1262 1624 1287 ex
1642 1250 1717 1287 hoc
1737 1249 1945 1287 excluditur
1963 1250 2126 1287 obiectio
2146 1250 2384 1300 Avicennae,
2406 1252 2470 1301 qui
2488 1252 2528 1290 in

1458 1316 1526 1340 sua
1553 1304 1820 1352 Metaphysica
1850 1303 2014 1341 ostendit
2041 1305 2148 1352 quod
2177 1311 2327 1353 oportet
2355 1305 2527 1343 animam

1458 1356 1627 1394 caelestis
1657 1356 1827 1406 corporis
1854 1357 1996 1394 habere
2023 1357 2104 1394 vim
2133 1351 2432 1406 imaginativarn‚
2457 1370 2528 1408 per

1458 1422 1575 1459 quarn
1595 1410 1856 1459 apprehendat
1874 1410 2118 1459 particulares
2137 1411 2229 1448 situs
2249 1411 2314 1460 qui
2338 1423 2527 1450 renovan-

1457 1463 1569 1500 turin
1585 1464 1690 1500 caelo
1706 1463 1918 1500 secundum
1935 1471 2085 1500 motum
2099 1463 2196 1510 eius;
2208 1464 2304 1502 sicut
2317 1464 2527 1504 intellectus

1457 1525 1585 1554 noster
1598 1516 1785 1566 practicus
1800 1528 1878 1553 non
1893 1524 2027 1554 movet
2040 1517 2253 1555 secundum
2267 1518 2525 1558 universalem

1457 1570 1804 1619 apprehensionem
1829 1569 1908 1606 sine
1936 1570 2162 1619 particulari,
2183 1578 2224 1608 ut
2244 1571 2379 1609 dicitur
2405 1571 2445 1610 in
2474 1573 2525 1610 111

1456 1625 1502 1660 de
1519 1623 1660 1660 Anima
1678 1624 1707 1659 ²¹².
1731 1623 1954 1660 Secundum
1975 1623 2077 1660 enirn
2097 1624 2301 1672 praedicta,
2317 1625 2526 1663 substantia
2553 1627 2765 1678 §.effi-,Qssss

1456 1689 1554 1726 quae
1583 1684 1716 1713 movet
1745 1677 1905 1723 eaelum,
1936 1676 2015 1713 sive
2044 1677 2090 1714 sit
2117 1677 2326 1715 substantia
2351 1686 2526 1727 separata

1456 1730 1537 1767 sive
1566 1729 1612 1766 sit
1640 1729 1788 1775 anima,
1818 1737 1943 1778 potest
1965 1731 2253 1779 apprehendere
2281 1731 2524 1780 particulares

1456 1783 1546 1820 situs
1565 1795 1634 1831 per
1653 1782 1883 1819 intellectum
1906 1782 1986 1820 sine
2006 1795 2138 1830 sensu,
2157 1791 2200 1820 ut
2220 1783 2363 1822 dictum
2385 1792 2451 1823 est.

1509 1848 1544 1884 9.
1575 1835 1692 1882 Quod
1712 1843 1840 1872 autern
1862 1835 2078 1885 Simplicius
2105 1836 2235 1874 obiicit
2254 1838 2286 1883 z,
2316 1838 2422 1887 quod
2441 1850 2526 1876 sen·
2551 1849 2563 1861 ¹·
2577 1848 2615 1871 cf·
2629 1855 2694 1871 num-
2710 1856 2734 1877 ⁴-

1455 1889 1521 1926 tire
1551 1889 1712 1938 pertinet
1737 1890 1756 1910 't'
1780 1889 1828 1926 ad
1849 1889 2087 1926 nobilitatem
2115 1890 2301 1927 inferioris
2330 1891 2523 1940 corporis,
2552 1897 2696 1926 ‘annuat
2709 1904 2732 1921 1²-

1455 1942 1557 1979 unde
1587 1942 1706 1990 magis
1732 1950 1863 1979 natum
1884 1950 1940 1979 est
1961 1942 2166 1980 convenire
2187 1943 2339 1993 corpori
2361 1943 2524 1993 caelesti,

1456 1995 1654 2044 dupliciter
1672 1995 1841 2033 solvitur.
1863 1995 1994 2032 Primo
2015 1996 2170 2045 quidem
2188 1997 2278 2046 quia
2293 1998 2325 2043 ⁹⁵,
2343 2009 2432 2035 cum
2447 1997 2526 2036 ani-

1455 2061 1520 2086 ma
1541 2061 1619 2086 non
1648 2049 1694 2085 sit
1721 2057 1877 2098 propter
1896 2061 2034 2098 corpus
2063 2050 2129 2087 sed
2160 2063 2180 2086 e
2209 2062 2416 2098 converSO‚
2445 2062 2526 2090 non

1455 2110 1511 2139 est
1539 2101 1860 2140 considerandum
1888 2102 2144 2151 principaliter
2174 2103 2214 2140 in
2241 2103 2419 2153 potentiis
2446 2103 2526 2142 ani·

1455 2167 1541 2192 mae
1562 2155 1600 2192 id
1621 2155 1725 2204 quod
1743 2155 1906 2204 pertinet
1933 2157 1981 2193 ad
2001 2155 2235 2194 nobilitatem
2255 2157 2436 2207 corporis,
2457 2157 2526 2196 sed

1454 2209 1493 2246 id
1522 2208 1628 2258 quod
1659 2209 1821 2258 pertinet
1854 2209 1903 2246 ad
1932 2209 2119 2246 rationem
2149 2209 2313 2248 animae.
2344 2211 2526 2249 Secundo

1455 2262 1543 2310 quia
1572 2261 1609 2299 id
1638 2262 1743 2310 quod
1768 2262 1910 2299 habent
1938 2275 2101 2312 corpora
2128 2263 2318 2310 inferiora,
2339 2264 2436 2302 idest
2463 2276 2527 2302 co-

2553 1999 2766 2054 :ms-..222³-

1455 2327 1637 2363 gnoscere
1666 2315 1856 2352 sensibilia
1884 2315 2051 2353 inferiori
2081 2316 2223 2364 modo,
2253 2317 2394 2354 scilicet
2418 2318 2438 2339 ¹²
2455 2330 2527 2368 per
2554 2325 2726 2350 'ideueodd-

1455 2381 1624 2415 sensum,
1640 2369 1783 2406 habent
1802 2381 1963 2418 corpora
1983 2369 2157 2406 caelestia
2175 2370 2362 2418 superiori
2386 2371 2523 2420 modo,

1455 2421 1593 2458 scilicet
1620 2434 1688 2470 per
1716 2421 1887 2458 animam
1915 2421 2182 2459 intellectivam
2211 2422 2264 2460 eis
2292 2423 2450 2461 unitam.

1931 2580 1969 2604 ita
1988 2580 2069 2605 etiam
2089 2583 2136 2606 est.
2149 2594 2169 2600 —
2188 2581 2243 2606 Sed
2259 2581 2298 2607 sic
2322 2581 2487 2608 intellectus.
2498 2599 2524 2608 ..

1455 2614 1532 2639 habet
1546 2615 1615 2640 enim
1667 2618 1693 2640 et
1712 2615 1750 2640 ita
1769 2618 1809 2640 est
1828 2615 1862 2647 P;
1882 2615 1961 2640 habet
1979 2615 2048 2640 enim
2068 2616 2145 2641 etiam
2158 2617 2190 2641 Α.
2204 2630 2223 2636 -
2236 2616 2286 2641 Pro
2299 2617 2448 2648 animabus,
2463 2618 2523 2644 ani-

1455 2650 1566 2675 malibus
1587 2650 1615 2675 Ρ.
1628 2665 1647 2669 -
1666 2650 1723 2676 Lin.
1738 2658 1794 2684 seq.
1813 2658 1862 2683 pro
1885 2650 1968 2684 quod,
1993 2658 2061 2683 quae
2081 2651 2109 2682 Ρ,
2129 2652 2175 2676 sed
2200 2652 2279 2685 paulo
2300 2652 2408 2678 iuferius
2427 2653 2484 2686 ipsa
2502 2653 2523 2679 P

1455 2686 1478 2710 le
1498 2685 1515 2710 it
1552 2686 1613 2711 uod.

1479 2693 1495 2718 g
1508 2694 1727 2755 p)qpersectiones
1745 2728 1813 2754 quae
1831 2722 2061 2747 attribuuntur...
2072 2722 2295 2748 attribuuntur.-
2303 2724 2436 2759 perfectio
2454 2731 2524 2758 quae

1453 2756 1642 2782 attribuitur...
1653 2757 1812 2782 attribuitur
1831 2758 1867 2787 A;
1887 2765 1935 2790 pro
1953 2758 2094 2789 super-Iori,
2113 2759 2295 2790 superforibus
2315 2759 2374 2785 Ρ.-
2388 2759 2470 2785 Paulo
2483 2759 2522 2786 in-

1454 2791 1532 2816 ferius
1548 2792 1567 2816 Ρ
1583 2798 1608 2816 et
1626 2793 1701 2818 codd.
1721 2800 1774 2818 exc.
1794 2793 1816 2818 Α
1834 2793 1956 2818 omittunt
1973 2793 2166 2826 cognoscitiva,
2187 2800 2213 2820 et
2231 2802 2278 2828 pro
2297 2795 2416 2828 percipit
2434 2795 2523 2829 legunt

1450 2827 1607 2859 participat.

1509 2579 1538 2613 π)
1560 2580 1614 2604 Sed
1632 2580 1701 2605 sicut
1720 2580 1910 2605 intellectus...

1346 3185 1504 3239 ffel&
