2782 4134
69 964 77 972 ·
97 963 121 994 in
142 968 169 984 eo
188 961 255 983 codd.
267 972 278 976 -

65 995 146 1018 primo
161 994 225 1010 curo.

69 1175 79 1185 ⁸
94 1174 151 1195 enim
165 1180 186 1194 A.

69 1649 150 1671 ⁴tertia
156 1655 169 1670 r
177 1652 198 1670 et
208 1648 276 1670 codd.

70 1682 152 1697 exc.A.-
161 1677 197 1696 est
205 1681 276 1696 om.»-

73 2706 84 2717 ⁴
89 2705 230 2736 profundum
241 2711 279 2727 co-

75 2732 136 2753 dices
150 2738 199 2753 exc.
213 2739 234 2753 Α.

307 293 376 330 126
993 279 1063 316 DE
1094 274 1268 313 CAELO
1297 272 1357 308 ΕΊ

67 391 76 401 “
91 388 169 410 insunt
182 386 250 408 codd.
264 396 274 400 -
302 376 505 409 moventur
523 374 630 404 motu
649 363 768 411 locali,
789 361 901 399 insint
957 369 1090 395 omnes
1110 356 1200 392 tales
1218 360 1354 401 parteS,

64 417 147 444 partes
162 419 209 435 om.
219 419 240 433 Ρ.

304 424 440 462 scilicet
460 422 630 459 dextrum
647 426 682 455 et
702 417 901 460 sinistrum,
923 420 1007 450 ante
1025 418 1059 447 et
1074 416 1183 454 retrO,
1206 416 1355 464 sursum

305 485 340 515 et
368 477 563 518 deorsum:
593 470 820 520 quibusdam
839 479 932 504 vero
952 462 1187 507 animalibus,
1218 459 1357 495 scilicet

304 528 529 579 imperfectis
550 524 563 548 δ
583 534 619 562 et
641 522 914 566 immobilibus,
935 518 1061 554 insunt
1080 512 1269 563 quaedam
1291 523 1352 546 eo-

305 595 401 629 rum,
432 581 568 618 scilicet
596 589 744 615 sursum
774 582 809 611 et
837 573 1025 616 deorsum,
1055 575 1140 604 ante
1170 573 1206 602 et
1234 572 1354 608 retr03

303 635 437 685 plantis
457 642 582 670 autem
602 643 679 668 non
698 630 822 665 insunt
839 625 908 662 nisi
927 633 1078 660 sursum
1103 627 1139 656 et
1163 619 1354 656 deorsum.

359 690 392 726 3.
422 686 569 724 Deinde
597 695 684 720 cum
722 680 823 718 dicit:
853 678 894 714 Si
923 681 1047 713 autem
1085 677 1228 722 oportet
1253 669 1356 707 caelo

304 742 483 789 adaptare
503 746 583 784 etc.,
605 734 764 772 ostendit
782 731 883 780 quod
904 730 933 766 si
957 729 996 765 in
1020 727 1124 764 caelo
1149 724 1289 773 aliquid
1310 723 1357 782 de

304 795 361 831 his
374 799 546 843 ponatur,
563 788 666 838 quod
685 797 837 823 necesse
859 790 913 820 est
932 781 1062 819 omnia
1080 777 1299 817 huiusmodi
1319 789 1356 813 in

307 860 351 884 eo
370 857 524 896 ponere.
545 844 593 880 Et
612 840 697 878 dicit
716 838 820 887 quod
839 837 869 874 si
889 835 1030 884 aliquid
1050 834 1180 871 talium
1210 837 1359 881 oportet

306 900 503 937 attribuere
523 896 638 942 caelo,
659 892 795 929 scilicet
808 890 870 927 vel
885 891 1059 927 dextrum
1073 887 1134 924 vel
1155 885 1357 930 sinistrum,

306 951 521 990 rationabile
550 955 604 985 est
627 945 730 994 quod
750 944 800 981 ibi
816 945 836 965 *
854 943 1022 992 primum
1048 940 1178 977 existat
1196 938 1233 976 id
1254 936 1359 987 quod

305 1004 490 1042 invenitur
507 1002 545 1038 in
573 998 795 1037 animalibus
822 996 1016 1046 perfectis:
1041 991 1358 1040 vel,-rationabile

306 1066 360 1095 est
379 1056 481 1106 quod
499 1055 537 1091 in
557 1066 602 1090 eo
618 1052 747 1088 existat
774 1050 814 1087 id
838 1049 942 1098 quod
969 1056 1023 1085 est
1037 1047 1203 1097 primurn
1223 1045 1261 1082 in
1281 1044 1358 1081 ani-

305 1111 476 1153 malibus,
499 1107 586 1156 quia
600 1105 721 1154 posito
736 1102 946 1153 posteriori,
962 1102 1115 1151 ponitur
1127 1099 1242 1149 prius.
1259 1099 1360 1135 Cum

305 1171 429 1200 autem
457 1162 476 1182 '¹‘
503 1161 575 1197 sint
599 1167 672 1195 tres
710 1156 968 1206 oppositiones
1005 1156 1066 1192 vel
1094 1153 1360 1198 dimensiones,

303 1213 613 1263 unumquodque*
631 1212 769 1248 horum
789 1209 913 1256 trium,
935 1209 1073 1246 scilicet
1091 1219 1255 1253 sursum,
1277 1213 1362 1242 ante

303 1276 339 1306 et
354 1268 534 1314 dextrum,
552 1272 607 1302 est
619 1265 722 1301 velut
734 1263 931 1312 quoddam
945 1261 1174 1311 principium
1190 1272 1280 1297 suae
1296 1271 1363 1308 op-

299 1320 493 1370 positionis
517 1319 579 1357 vel
606 1316 863 1354 dimensionis.
885 1315 1052 1364 Exponit
1079 1322 1206 1351 autem
1232 1324 1363 1350 conse-

302 1381 459 1423 quenter
477 1384 573 1422 quae
594 1370 724 1409 dixerit
743 1382 825 1406 esse
845 1369 905 1406 illa
923 1369 991 1407 tria
1007 1374 1034 1405 ¹:
1056 1379 1221 1417 quorum
1241 1378 1361 1403 unum

303 1434 357 1464 est
375 1425 562 1476 oppositio
590 1425 652 1462 vel
671 1423 856 1461 dimensio
879 1434 976 1471 quae
1005 1429 1061 1458 est
1088 1421 1183 1458 inter
1211 1432 1362 1457 sursum

303 1487 338 1517 et
366 1481 564 1525 deorsum,
594 1479 632 1515 in
661 1489 735 1526 qua
763 1475 918 1525 quidem
956 1487 1107 1512 sursum
1144 1481 1198 1510 est
1225 1472 1362 1522 princi-

301 1534 426 1583 pium;
456 1532 556 1569 aliud
585 1538 712 1568 autem
732 1538 787 1567 est
814 1530 909 1566 inter
928 1528 1090 1565 anterius
1119 1535 1155 1564 et
1183 1526 1264 1563 eius
1293 1539 1361 1576 op-

301 1586 479 1636 positum,
500 1585 604 1634 quod
623 1584 755 1621 dicitur
782 1590 892 1630 retro,
913 1581 978 1619 ubi
1003 1581 1106 1631 quod
1127 1587 1182 1618 est
1201 1587 1287 1617 ante
1308 1587 1364 1617 est

301 1639 548 1689 principium
578 1638 678 1675 aliud
705 1638 724 1657 ’¹‘
752 1644 878 1674 autem
908 1643 963 1672 est
995 1635 1089 1672 inter
1117 1634 1291 1671 dextrum
1327 1641 1363 1671 et

303 1693 505 1739 sinistrum,
525 1691 563 1728 in
583 1703 658 1740 qua
678 1690 850 1727 dextrum
871 1697 926 1726 est
944 1687 1183 1738 principium.
1206 1688 1255 1724 Et
1274 1687 1363 1736 quia

300 1746 508 1795 perfectum
539 1752 592 1781 est
620 1744 724 1793 quod
745 1751 889 1780 constat
918 1755 962 1779 ex
984 1741 1164 1778 omnibus
1191 1738 1362 1790 partibus

302 1811 368 1836 seu
395 1797 597 1847 principiis,
618 1797 835 1834 rationabile
865 1803 919 1833 est
938 1795 1043 1844 quod
1070 1799 1205 1832 omnes
1233 1794 1361 1832 huius-

302 1851 406 1888 modi
427 1850 683 1900 oppositiones
702 1850 764 1887 vel
786 1849 1043 1887 dimensiones
1063 1847 1304 1886 inveniantur
1323 1848 1361 1885 in

302 1905 516 1954 corporibus
530 1904 715 1952 perfectis,
731 1903 826 1940 idest
845 1903 883 1940 in
902 1902 1130 1940 animalibus
1145 1901 1319 1950 perfectis
1335 1901 1359 1938 ζ.

301 1958 422 2005 Unde,
448 1969 535 1994 cum
560 1958 706 1994 caelum
735 1956 782 1993 sit
809 1956 974 1993 maxime
1002 1955 1224 2004 perfectum,
1251 1954 1362 1992 ratio-

302 2011 424 2049 nabile
452 2018 506 2047 est
525 2012 627 2059 quod
647 2010 677 2047 si
696 2010 742 2047 sit
762 2022 880 2059 capax
900 2009 1036 2046 harum
1056 2008 1234 2058 partium,
1255 2008 1362 2057 quod

301 2065 437 2102 habeat
464 2076 608 2111 omnes,
636 2071 671 2100 et
698 2076 777 2100 non
804 2063 992 2112 quasdam
1020 2069 1180 2099 tantum.

353 2129 390 2164 4.
416 2117 562 2154 Deinde
591 2129 678 2154 cum
708 2116 812 2154 dicit:
841 2117 911 2153 Est
945 2121 1070 2153 autem
1104 2127 1254 2152 sursum
1283 2115 1362 2163 qui-

302 2171 384 2207 dem
405 2178 485 2218 etc.,
506 2170 668 2207 ostendit
683 2170 857 2207 ordinem
878 2169 1065 2207 dictorum
1088 2167 1363 2218 principiorum

304 2223 506 2272 dupliciter.
536 2223 665 2260 Primo
694 2223 851 2273 quidem
890 2235 935 2259 ex
962 2230 1068 2272 parte
1105 2222 1275 2271 ipsarum
1309 2221 1363 2258 di-

303 2276 554 2314 mensionum.
583 2277 686 2313 Nam
715 2289 866 2314 sursum
895 2283 951 2313 est
987 2275 1214 2325 principium
1243 2274 1363 2323 longi-

274 2375 277 2377 *
302 2329 458 2367 tudinis:
483 2342 573 2367 nam
601 2329 639 2366 in
666 2330 834 2377 homine,
856 2329 921 2378 qui
950 2337 1006 2366 est
1029 2329 1169 2366 animal
1197 2328 1363 2366 maxime

301 2383 520 2432 perfectum,
551 2383 683 2420 dicitur
709 2383 903 2431 longitudo
922 2388 952 2430 ¹¹,
978 2381 1087 2431 quasi
1114 2381 1282 2419 maxima
1311 2381 1364 2419 di-

275 2478 278 2480 .
303 2436 448 2473 mensio
470 2436 560 2484 eius,
577 2449 599 2473 a
614 2435 746 2485 capite,
763 2436 867 2485 quod
887 2444 943 2473 est
961 2447 1112 2472 sursum
1133 2435 1225 2482 eius,
1240 2447 1363 2483 usque

305 2489 351 2526 ad
370 2489 497 2538 pedes,
519 2489 582 2539 qui
602 2497 687 2527 sunt
706 2490 887 2527 deorsum
907 2488 999 2526 eius.
1025 2490 1210 2525 Dextrum
1235 2495 1364 2525 autem

306 2549 359 2579 est
385 2542 610 2591 principium
639 2542 857 2580 latitudinis:
889 2541 1090 2579 attenditur
1118 2540 1221 2578 enirn
1242 2541 1364 2578 latitu-

306 2595 355 2632 do
383 2595 546 2633 hominis
575 2596 787 2633 secundum
817 2595 1031 2633 distantiam
1060 2606 1159 2642 quae
1189 2601 1244 2631 est
1271 2593 1367 2631 inter

307 2648 477 2685 dextrum
506 2656 541 2686 et
568 2649 769 2686 sinistrum.
790 2648 967 2686 Anterius
996 2655 1125 2685 autem
1146 2654 1202 2684 est
1228 2646 1365 2696 princi-

306 2700 412 2749 pium
430 2702 707 2750 profunditatis:
738 2701 941 2740 attenditur
969 2701 1071 2738 enim
1099 2699 1367 2750 profunditas*

309 2753 387 2790 sive
407 2755 593 2801 grossities
612 2755 777 2792 hominis
797 2755 1008 2792 secundum
1031 2753 1246 2791 distantiam
1266 2765 1364 2802 quae

310 2814 364 2843 est
390 2806 485 2844 inter
513 2816 596 2845 ante
617 2816 652 2845 et
679 2816 791 2846 retro.
822 2809 863 2845 In
893 2807 972 2845 aliis
992 2815 1120 2844 autem
1141 2806 1368 2844 animalibus

308 2861 634 2908 proportionaliter
662 2874 701 2898 se
734 2862 860 2898 habet.
896 2860 1113 2909 Longitudo
1149 2867 1277 2897 autem
1313 2867 1369 2896 est

308 2912 410 2961 prior
428 2913 631 2962 latitudine,
648 2922 684 2951 et
698 2914 854 2951 latitudo
874 2913 1143 2963 profunditate,
1160 2913 1255 2950 sicut
1269 2913 1368 2950 linea

310 2966 518 3015 superficie,
536 2975 570 3004 et
589 2967 807 3016 superficies
828 2979 1000 3016 corpore.
1023 2968 1125 3014 Ergo
1146 2978 1297 3003 sursum
1313 2973 1369 3002 est

1358 271 1368 280 “
1397 265 1592 306 MUNDO
1622 264 1716 300 LIB.
1747 263 1779 299 II

1410 353 1514 403 prius
1544 363 1590 387 eo
1615 349 1727 399 -quod
1756 356 1812 385 est
1832 348 2021 394 dextrum,
2044 352 2079 382 et
2100 345 2276 382 dextrum
2296 353 2352 382 est
2379 344 2485 394 prius

1414 419 1459 443 eo
1489 404 1594 455 quod
1625 411 1681 440 est
1708 410 1794 440 ante
1810 400 1834 439 ⁰.

1469 460 1501 496 5.
1524 457 1704 495 Secundo
1734 455 1802 493 ibi:
1831 455 1967 492 Adhuc
1994 459 2120 490 autem
2149 452 2259 489 aliter
2287 459 2370 499 etc.,
2396 464 2486 501 pro-

1411 513 1475 549 bat
1502 512 1606 548 idem
1635 522 1680 547 ex
1699 516 1806 559 parte
1834 515 2021 545 motuum.
2043 507 2092 543 Et
2110 507 2187 543 hoc
2209 505 2311 552 ideo,
2331 505 2423 553 quia
2442 517 2488 542 ea

1412 577 1511 613 quae
1540 564 1640 602 dicta
1659 571 1757 610 sunt,
1778 569 1866 599 sunt
1885 560 2078 610 quaedam
2101 558 2287 609 principia
2315 571 2338 595 a
2365 559 2385 580 ²²
2405 558 2487 606 qui-

1411 620 1483 655 bus
1510 618 1637 667 primo
1668 616 1852 665 incipiunt
1870 623 1998 652 motus
2027 614 2066 651 in
2086 613 2316 651 animalibus
2344 612 2489 649 haben-

1411 672 1512 709 tibus
1531 670 1754 708 huiusmodi
1771 676 1899 719 partes
1923 668 2005 706 sive
2025 666 2222 717 principia.
2240 666 2372 703 Motus
2387 664 2490 702 enirn

1413 725 1605 774 augmenti
1634 724 1763 773 incipit
1782 723 1938 772 quidem
1962 734 1984 758 a
2003 734 2168 758 sursum.
2190 721 2239 757 Et
2266 720 2342 757 hoc
2369 718 2489 756 mani-

1412 780 1505 816 feste
1534 785 1693 828 apparet
1711 777 1750 814 in
1773 775 2016 813 hominibus:
2044 787 2136 812 nam
2162 781 2286 823 caput,
2308 772 2415 822 quod
2435 779 2491 810 est

1413 844 1565 869 sursum
1594 830 1774 877 hominis,
1796 837 1852 867 est
1871 829 1987 866 etiam
2015 840 2168 865 sursum
2188 827 2401 865 secundum
2420 838 2490 876 po-

1414 885 1591 923 sitionem
1625 883 1776 929 mundi3
1807 896 1829 920 a
1867 882 1988 931 capite
2027 889 2156 919 autem
2193 880 2324 930 incipit
2360 887 2490 917 motus

1414 937 1626 987 augmenti,
1656 937 1746 985 quia
1764 937 1803 974 in
1832 935 1980 973 orificio
2005 935 2081 972 oris
2095 942 2114 983 ‘,
2142 934 2250 983 quod
2278 942 2334 972 est
2361 933 2401 971 in
2430 945 2490 970 ca-

1413 992 1502 1042 pite,
1523 991 1681 1028 trahitur
1709 990 1946 1037 alimentum,
1968 988 2076 1037 quod
2105 996 2161 1026 est
2188 987 2382 1036 augmenti
2408 999 2490 1024 ma-

1414 1045 1517 1082 teria.
1549 1045 1770 1081 Plantarum
1808 1051 1936 1080 autern
1964 1054 2117 1079 sursum
2155 1049 2212 1079 est
2238 1041 2361 1089 radix,
2390 1052 2490 1089 quae

1415 1098 1727 1148 proportionatur
1755 1095 1867 1146 capiti
1890 1095 1930 1133 in
1948 1094 2178 1132 animalibus
2205 1094 2245 1132 in
2270 1094 2490 1143 sumptione

1417 1151 1606 1190 alimenti:
1636 1150 1706 1188 sed
1733 1149 1772 1187 id
1801 1149 1908 1198 quod
1945 1156 2003 1186 est
2030 1161 2183 1186 sursum
2219 1149 2393 1198 plantae,
2421 1159 2493 1198 per

1418 1205 1639 1255 oppositum
1659 1216 1700 1241 se
1719 1203 1836 1241 habet
1863 1202 2078 1240 seeundum
2098 1201 2212 1239 situm
2231 1202 2282 1239 ad
2300 1213 2455 1239 sursum
2471 1202 2491 1223 *

1416 1259 1563 1296 mundi.
1594 1259 1637 1295 In
1665 1257 1747 1295 aliis
1775 1263 1906 1294 autem
1943 1255 2171 1293 animalibus
2206 1254 2337 1293 medio
2370 1254 2491 1293 modo

1417 1325 1458 1350 se
1491 1313 1617 1349 habet.
1657 1312 1788 1348 Motus
1823 1317 1953 1347 autem
1991 1308 2057 1358 qui
2095 1316 2152 1346 est
2185 1308 2401 1346 secundum
2437 1309 2494 1345 l'o-

1418 1378 1517 1414 cum,
1538 1364 1670 1415 incipit
1697 1377 1720 1401 a
1748 1363 1904 1401 dextris:
1934 1362 2152 1400 naturaliter
2181 1361 2284 1399 enirn
2313 1361 2494 1400 animalia

1417 1419 1522 1470 prius
1549 1425 1710 1456 movent
1747 1417 1918 1455 dextram
1946 1424 2096 1466 partem
2134 1414 2254 1465 quam
2282 1414 2492 1464 sinistram,

1417 1473 1514 1511 sicut
1539 1473 1580 1510 in
1608 1471 1843 1510 ambulando
1882 1470 1986 1520 prius
2023 1477 2186 1507 movent
2222 1469 2399 1507 dextrum
2426 1481 2493 1518 pe-

1417 1527 1520 1564 dem.
1542 1526 1621 1564 Sed
1634 1526 1675 1563 in
1693 1533 1802 1562 motu
1821 1523 2052 1562 alterationis
2071 1523 2246 1573 ipsorum
2261 1534 2446 1561 sensuum
2458 1523 2492 1570 ³¹,
2520 1526 2533 1537 ⁸

1417 1588 1474 1618 est
1490 1579 1722 1631 principium
1741 1578 1780 1616 id
1799 1577 1908 1627 quod
1927 1585 1983 1615 est
2001 1576 2184 1615 anterius:
2205 1576 2372 1614 anterior
2391 1575 2494 1615 enim

1415 1647 1504 1684 pars
1519 1633 1693 1671 animalis
1713 1631 1847 1670 dicitur
1861 1631 1899 1669 in
1915 1643 1992 1680 qua
2012 1643 2146 1668 sensus
2167 1629 2369 1668 existunt*.
2391 1629 2493 1678 Quia

1416 1688 1526 1736 igitur
1554 1694 1682 1724 motus
1711 1685 1906 1734 augmenti
1935 1691 1992 1722 est
2017 1684 2124 1734 prior
2149 1691 2259 1722 motu
2287 1683 2492 1732 sensitivo,

1417 1741 1482 1790 qui
1511 1740 1626 1778 etiarn
1665 1747 1720 1777 est
1750 1738 1856 1788 prior
1881 1745 1990 1775 motu
2027 1737 2138 1775 locali
2166 1737 2205 1774 in
2237 1737 2466 1776 animalibus
2481 1766 2493 1786 ‚

1417 1806 1657 1843 consequens
1687 1800 1742 1830 est
1769 1792 1877 1841 quod
1902 1803 2055 1829 sursum
2084 1791 2131 1828 sit
2153 1790 2257 1840 prius
2286 1803 2404 1840 quam
2427 1803 2494 1829 an-

1416 1848 1545 1895 terius,
1567 1854 1603 1884 et
1630 1845 1798 1884 anterius
1824 1845 1938 1895 prius>
1958 1857 2076 1894 quam
2107 1844 2295 1882 dextrum.

1471 1902 1507 1939 6.
1529 1900 1680 1938 Deinde
1710 1911 1799 1936 cum
1828 1898 1934 1936 dicit:
1962 1899 2124 1947 Propter
2160 1897 2263 1947 quod
2287 1902 2326 1935 et
2350 1905 2427 1936 n‘on
2454 1897 2494 1934 in

1417 1954 1523 1992 omni
1539 1965 1699 2002 corpore
1724 1960 1806 2000 etc.,
1828 1951 1993 1990 ostendit
2016 1952 2123 2001 quod
2150 1950 2374 1989 huiusmodi
2390 1950 2494 2001 prin-

1419 2007 1516 2057 cipia
1537 2019 1616 2045 non
1635 2014 1723 2044 sunt
1740 2006 1780 2044 in
1799 2005 1980 2043 omnibus
2001 2005 2230 2055 corporibus
2246 2006 2279 2043 *.
2300 2005 2350 2042 Et
2362 2003 2491 2055 primo

1419 2060 1610 2098 concludit
1638 2073 1684 2097 ex
1710 2059 1931 2109 praemissis
1965 2059 2072 2108 quod
2105 2058 2262 2108 proprie
2292 2065 2328 2095 et
2353 2070 2425 2108 per
2451 2070 2494 2096 se

1418 2114 1614 2163 loquendo
1634 2126 1713 2150 non
1733 2120 1821 2150 sunt
1847 2112 2070 2150 huiusmodi
2088 2111 2275 2162 principia
2285 2111 2333 2149 ·in
2357 2124 2494 2162 corpo-

1419 2167 1523 2205 ribus
1546 2166 1779 2213 inanimatis;
1809 2165 1979 2204 secundo
2000 2165 2166 2203 ostendit
2181 2177 2252 2215 per
2271 2177 2389 2214 quem
2410 2177 2495 2204 mo-

1419 2221 1512 2259 dum
1531 2220 1582 2258 ibi
1600 2232 1681 2258 esse
1698 2219 1883 2267 dicuntur,
1900 2219 1969 2257 ibi:
1989 2219 2065 2256 Sed
2082 2219 2119 2256 in
2138 2219 2196 2256 his
2214 2219 2365 2269 quidem
2382 2219 2403 2241 ²⁸¹
2423 2226 2493 2258 etc.
2521 2228 2533 2240 ⁸

1472 2273 1573 2311 Dicit
1587 2286 1678 2322 ergo
1697 2273 1821 2323 primo
1843 2273 1960 2322 quod,
1977 2272 2068 2321 quia
2081 2271 2275 2322 praedicta
2289 2280 2378 2310 sunt
2390 2272 2494 2323 prin-

1419 2327 1517 2377 cipia
1545 2327 1789 2376 quorundam
1817 2334 2008 2374 motuum,
2038 2337 2282 2374 consequens
2310 2333 2368 2363 est
2386 2325 2494 2376 quod

1419 2393 1571 2418 sursum
1593 2388 1629 2417 et
1648 2379 1844 2426 deorsum,
1860 2378 2034 2416 dextrum
2054 2386 2091 2416 et
2108 2379 2313 2426 sinistrum,
2329 2379 2496 2417 anterius

1420 2442 1456 2471 et
1474 2433 1663 2483 posterius
1691 2445 1770 2470 non
1799 2432 1871 2469 sint
1898 2432 2119 2481 quaerenda
2147 2431 2186 2469 in
2210 2431 2392 2470 omnibus
2411 2444 2494 2470 cor-

1418 2487 1588 2536 poribus,
1611 2486 1680 2523 sed
1698 2486 1825 2523 solum
1854 2485 1893 2522 in
1913 2485 2140 2534 corporibus
2167 2485 2358 2534 animatis,
2378 2498 2495 2535 quae-

1421 2552 1588 2588 cumque
1616 2540 1759 2576 habent
1777 2538 1816 2576 in
1835 2538 1968 2588 seipsis
1995 2538 2226 2588 principium
2254 2546 2401 2577 motus:
2425 2538 2496 2577 sed

1420 2593 1459 2630 in
1479 2593 1583 2630 nullo
1605 2604 1811 2641 corporum
1830 2591 2128 2630 inanimatorum
2143 2591 2324 2630 videmus
2339 2592 2496 2641 aliquod

1419 2645 1650 2695 principium
1678 2644 1782 2682 unde
1811 2644 1965 2694 incipiat
1991 2653 2130 2682 motus.
2147 2666 2171 2674 -
2193 2645 2311 2692 Quod
2336 2645 2496 2695 quidem

1420 2706 1546 2748 potest
1573 2698 1725 2747 intelligi
1751 2698 1958 2748 dupliciter.
1989 2699 2076 2736 Uno
2097 2699 2218 2736 modo
2243 2698 2333 2748 quia
2353 2699 2392 2737 in
2412 2711 2495 2737 cor—

1421 2752 1579 2801 poribus
1607 2751 1783 2789 animatis
1813 2759 1868 2789 est
1886 2752 2116 2801 principium
2151 2752 2319 2790 activum
2353 2760 2494 2802 motus,

1422 2806 1528 2854 quod
1558 2813 1613 2842 est
1632 2805 1777 2844 anima:
1806 2805 1846 2842 in
1865 2806 2091 2855 corporibus
2120 2813 2250 2844 autem
2278 2805 2497 2844 inanimatis

1423 2871 1502 2896 non
1526 2866 1582 2896 est
1599 2858 1827 2908 principium
1857 2866 1985 2896 motus
2014 2858 2196 2906 activum,
2226 2859 2333 2908 quod
2357 2858 2501 2897 scilicet

1422 2919 1588 2960 moveat,
1605 2912 1671 2950 sed
1688 2919 1894 2949 moventur
1913 2913 1962 2950 ab
1983 2911 2158 2950 exteriori
2172 2921 2368 2961 movente,
2389 2912 2500 2962 quod

1424 2973 1479 3002 est
1515 2978 1700 3013 generans
1738 2966 1799 3002 vel
1834 2978 2041 3004 removens
2074 2965 2294 3015 prohibens.
2338 2965 2503 3004 Interius

364 3096 387 3130 ὃ)
407 3098 503 3123 scilicet
523 3098 688 3132 imperfectis.
701 3113 720 3118 -
732 3099 830 3124 scilicet
846 3100 886 3124 vel
899 3099 1028 3132 perfectis
1041 3100 1081 3124 vel
1096 3099 1256 3132 imperfectis
1270 3098 1299 3123 P.
1319 3099 1369 3123 Pro

314 3133 491 3162 immobilibus,
507 3133 661 3166 ignobilibus
675 3136 705 3165 Α,
721 3135 856 3160 mobilibus
870 3135 899 3164 B,
915 3134 1072 3160 innobilibus
1085 3135 1143 3159 C.-
1157 3135 1237 3159 Linea
1252 3135 1370 3167 sequenti

314 3170 339 3191 et
352 3167 471 3193 deorsum
483 3176 534 3193 om.
548 3169 648 3194 codices
663 3177 716 3194 exc.
729 3170 772 3194 sE.
781 3170 835 3194 -ln
847 3170 912 3194 libro
927 3170 960 3195 de
969 3170 1132 3195 Animalium
1147 3169 1259 3199 Incessu,
1271 3178 1326 3202 cap.
1336 3177 1370 3199 iv,

315 3202 376 3226 haec
389 3202 528 3229 habentur:
543 3213 555 3226 «
564 3211 693 3230 summum
708 3210 776 3230 certe
790 3211 815 3230 et
829 3206 910 3230 imum
924 3206 1011 3230 omnia
1024 3205 1120 3230 habent
1129 3205 1239 3230 viventia
1285 3205 1371 3236 Quae-

316 3245 425 3269 cumque
445 3243 530 3263 autem
549 3247 600 3263 non
619 3240 704 3264 solum
723 3241 818 3270 vivunt,
838 3241 883 3265 sed
903 3241 1022 3265 animalia
1041 3241 1116 3265 etiam
1136 3246 1202 3270 sunt.
1222 3240 1371 3265 huiusmodi

316 3272 434 3297 omnibus
453 3277 514 3298 ante
526 3279 550 3298 et
564 3278 635 3299 retro
648 3275 765 3300 insunt...
779 3276 964 3309 Quaecumque
978 3284 1041 3301 vero
1054 3276 1202 3301 animalium
1218 3283 1270 3300 non
1285 3277 1372 3300 solum

319 3314 396 3331 sensu
415 3314 474 3333 sunt
492 3309 616 3341 praedita,
635 3310 681 3334 sed
698 3318 802 3335 movere
816 3311 891 3336 etiam
907 3317 1018 3344 possunt
1030 3320 1089 3337 sese
1103 3320 1133 3336 ea
1147 3319 1214 3344 quae
1228 3311 1372 3336 secundum

319 3341 402 3381 locum
422 3347 460 3366 est
479 3343 629 3374 mutatione,
648 3345 673 3368 in
692 3344 721 3369 iis
740 3351 838 3376 praeter
857 3355 934 3379 supra
954 3347 1019 3372 dicta
1042 3347 1181 3372 sinistrum
1201 3351 1226 3371 et
1244 3346 1373 3372 dextrum

321 3376 491 3402 disterminata
510 3383 569 3402 sunt
587 3377 644 3412 (ed.
659 3379 759 3413 Didot).
770 3389 784 3403 i>

363 3412 394 3451 .⁵)
414 3419 478 3443 quae
497 3413 599 3438 dixerit
617 3421 670 3438 esse
689 3415 735 3439 illa
755 3415 816 3440 tria.
830 3430 848 3434 —
861 3418 932 3448 quod
947 3418 1056 3443 dixerat
1075 3418 1128 3443 tria
1143 3418 1174 3447 A,
1189 3425 1256 3450 quae
1270 3417 1374 3443 dixerit

323 3444 448 3478 (dixerat
466 3447 511 3477 El,
531 3448 602 3472 dixit
620 3449 656 3481 C)
676 3450 729 3473 tria
748 3455 795 3475 cet.

364 3480 399 3521 ιζ)
419 3481 486 3506 idest
499 3482 524 3506 in
540 3483 695 3523 animalibus
709 3485 841 3518 perfectis.
856 3501 873 3504 -
887 3487 956 3512 Haec
975 3488 1061 3517 verba,
1075 3497 1142 3521 quae
1163 3488 1282 3514 exhibent
1296 3488 1374 3521 expli-

323 3521 447 3556 cationem
467 3521 556 3557 textus,
575 3523 724 3557 omittuntur
743 3528 757 3543 a
776 3521 803 3549 Ρ,
822 3529 853 3545 eo
872 3523 941 3554 quod
960 3522 1153 3548 homoteleuton
1179 3524 1308 3549 continent
1315 3530 1322 3554 ;
1342 3523 1374 3548 cf.

324 3558 401 3583 supra
420 3558 484 3575 circa
502 3559 607 3583 princip.
625 3552 699 3577 huius
718 3555 825 3579 numeri.

377 3585 403 3618 η)
423 3586 467 3626 qui
484 3589 523 3610 est
541 3587 640 3611 animal
658 3589 774 3613 maxime
788 3592 948 3623 perfectum,
968 3593 1065 3617 dicitur
1087 3594 1236 3626 longitudo.
1250 3608 1269 3613 —
1285 3594 1320 3619 Ita
1340 3594 1374 3624 P;

325 3628 371 3653 pro
390 3628 448 3652 qui,
468 3621 538 3653 quod
550 3622 585 3652 Ας
606 3627 653 3647 cet.
672 3623 759 3662 legunt
773 3625 847 3663 ‘quod
865 3630 903 3650 est
919 3627 1018 3652 animal
1038 3629 1155 3654 maxime
1173 3630 1272 3654 dicitur
1286 3629 1375 3663 perse-

325 3659 395 3681 ctum
415 3654 547 3688 (perfecta
562 3656 600 3690 G)
614 3657 758 3689 longitudo,
773 3665 856 3690 inepta
870 3662 1102 3693 transpositionc.—
1116 3664 1151 3688 lbi
1166 3665 1210 3696 qui
1224 3668 1285 3689 sunt
1300 3665 1376 3690 deor-

1423 3106 1481 3124 sum
1500 3099 1563 3128 eius,
1585 3100 1642 3124 loco
1656 3100 1702 3132 qui
1719 3103 1789 3129 sunt,
1810 3099 1855 3132 qui
1869 3103 1909 3124 est
1923 3099 1951 3128 C.
1971 3099 2043 3132 quod
2056 3103 2096 3125 est
2110 3099 2164 3129 1³⁸1.
2183 3106 2252 3132 quae
2265 3102 2304 3124 est
2323 3099 2361 3131 G;
2381 3106 2503 3133 usque...

1424 3135 1547 3160 deorsum
1567 3135 1622 3160 eius
1641 3143 1694 3160 om.
1710 3135 1768 3167 Bpl.

1477 3168 1501 3202 0)
1524 3170 1597 3203 Ergo
1613 3177 1718 3195 sursum
1767 3177 1798 3196 eo
1817 3170 1889 3203 quod
1907 3174 1946 3196 est
1961 3174 2034 3196 ante.
2048 3185 2066 3189 -
2081 3170 2117 3195 lta
2132 3170 2201 3196 sEG.
2221 3171 2241 3195 P
2254 3175 2280 3196 ct
2294 3171 2371 3196 ceteri
2386 3170 2498 3198 habent:

1427 3206 1500 3238 Ergo
1515 3213 1620 3230 sursum
1640 3209 1679 3231 est
1689 3206 1768 3238 prius
1781 3213 1812 3231 eo
1825 3206 1898 3238 quod
1911 3210 1950 3232 est
1968 3209 2039 3235 ante,
2055 3209 2081 3231 et
2099 3209 2164 3231 ante
2177 3209 2218 3231 est
2233 3205 2312 3238 prius
2330 3213 2361 3231 eo
2375 3205 2448 3239 quod
2458 3208 2503 3231 est

1426 3241 1562 3270 dextrum,
1574 3249 1626 3265 non
1641 3242 1720 3271 bene;
1734 3249 1793 3266 nam
1809 3249 1839 3266 ex
1854 3250 1907 3274 quo
1918 3242 2089 3274 praemittitur
2098 3242 2170 3274 quod
2184 3241 2319 3274 longitudo
2329 3240 2415 3274 (cuiue
2429 3240 2500 3274 prin-

1426 3277 1521 3309 cipium
1540 3282 1579 3301 est
1597 3278 1719 3308 sursum)
1739 3277 1808 3309 prior
1823 3282 1863 3302 est
1879 3277 2012 3302 latitudine
2026 3276 2111 3309 (cuius
2126 3276 2281 3310 principium
2295 3281 2336 3301 est
2349 3275 2498 3309 dextrum).

1426 3317 1451 3336 et
1470 3312 1540 3344 quod
1556 3313 1664 3337 latitudo
1678 3314 1748 3345 prior
1762 3318 1802 3338 est
1815 3312 1987 3345 profunditate
2003 3311 2089 3345 (cuius
2107 3311 2263 3345 principium
2282 3316 2323 3336 eat
2340 3312 2423 3345 ante),
2437 3319 2500 3337 con-

1427 3347 1495 3372 cludi
1515 3347 1591 3372 debet
1609 3355 1713 3373 sursum
1729 3356 1788 3373 esse
1807 3348 1878 3381 prius
1899 3356 1930 3373 eo
1950 3348 2021 3381 quod
2041 3353 2081 3373 est
2101 3347 2238 3375 dextrum,
2253 3352 2278 3372 et
2297 3347 2426 3372 dextrum
2440 3354 2500 3372 esse

1427 3383 1497 3415 prius
1522 3391 1553 3407 eo
1573 3384 1643 3416 quod
1663 3389 1703 3408 est
1721 3387 1793 3409 autc.
1818 3384 1926 3416 insuper
1945 3384 2088 3408 notandum
2108 3383 2194 3416 quod,
2214 3381 2263 3407 nisi
2283 3382 2359 3407 lectio
2379 3383 2500 3416 adoptata

1427 3418 1577 3447 retineatur.
1597 3419 1758 3444 concluditur
1777 3418 1818 3444 hic
1838 3420 1902 3444 inter
1922 3419 2004 3444 varias
2027 3419 2184 3452 positionum
2204 3418 2305 3451 species
2325 3418 2439 3443 eundem
2457 3425 2500 3443 or—

1428 3454 1514 3478 dinem
1532 3455 1647 3483 existere,
1663 3455 1707 3487 qui
1722 3460 1762 3479 est
1776 3454 1800 3479 in
1814 3455 1933 3487 sequenti
1954 3462 2074 3480 numero.
2087 3454 2144 3479 Hoc
2156 3458 2243 3479 autem
2258 3461 2318 3478 esse
2337 3461 2390 3479 non
2409 3453 2500 3478 debet:

1429 3497 1488 3513 nam
1507 3490 1571 3514 ordo
1595 3490 1660 3515 intei-
1679 3497 1799 3519 sursum,
1820 3490 1949 3515 dextrum
1970 3496 1995 3515 et
2012 3493 2084 3518 ante,
2103 3489 2242 3514 attenditur
2261 3488 2302 3514 hic
2321 3496 2351 3514 ex
2370 3494 2442 3522 pai-te
2461 3488 2500 3513 di-

1429 3525 1608 3555 mensionum,
1629 3533 1739 3558 quarum
1759 3526 1817 3550 illae
1833 3526 1976 3558 positiones
1995 3525 2190 3551 considerantur
2209 3529 2238 3549 ut
2256 3525 2378 3558 principia
2385 3531 2393 3555 3
2412 3524 2438 3549 in
2452 3531 2500 3549 nu-

1431 3568 1503 3584 mero
1523 3566 1608 3585 nutem
1628 3562 1746 3593 sequenti
1767 3561 1904 3586 attenditui·
1918 3561 2062 3586 secundum
2077 3560 2163 3585 varios
2178 3564 2274 3590 motus.
2289 3567 2403 3593 quorum
2415 3559 2505 3584 diver-

1431 3603 1475 3620 sae
1494 3596 1634 3628 positiones
1654 3602 1714 3621 sunt
1733 3596 1855 3630 principia
1875 3597 1900 3621 in
1920 3596 2083 3622 animalibus.

1485 3632 1503 3663 ι)
1523 3632 1585 3663 quia
1600 3631 1626 3656 in
1642 3632 1744 3664 orificio
1762 3632 1827 3657 oris.
1838 3645 1857 3651 -
1870 3632 1933 3664 quia
1948 3632 1974 3656 in
1989 3631 2078 3666 officio
2092 3631 2147 3656 oris
2168 3631 2231 3662 DF1‚
2246 3631 2310 3664 quia
2328 3629 2455 3665 officim-is
2469 3630 2501 3660 Α,

1431 3666 1493 3698 quia
1513 3666 1538 3691 in
1559 3665 1649 3699 offoris
1665 3668 1697 3698 B,
1713 3667 1775 3699 quia
1795 3665 1885 3701 ‹isficio
1904 3667 1959 3693 oris
1972 3667 2002 3698 E,
2021 3667 2084 3700 quia
2097 3667 2199 3700 orificio
2212 3667 2268 3692 oris
2281 3666 2314 3691 G.

2517 565 2525 572 '
2541 568 2556 584 a
2571 568 2619 584 om.
2634 568 2673 584 Po.

2518 1207 2530 1218 ⁴
2544 1205 2671 1228 secundun
2680 1211 2735 1227 m-

2520 1239 2572 1256 eum
2585 1232 2620 1255 ad
2633 1232 2703 1254 suum
2712 1238 2737 1254 Ρ,

2521 1558 2610 1575 ΜΔ.

2520 1639 2532 1651 “
2546 1638 2629 1661 en‘ctlt
2639 1645 2661 1661 ι».

2522 2011 2701 2036 ’νεὸιεοοάὼ

2546 2227 2619 2250 Nan.
2633 2232 2687 2255 aeq.
