2782 4134
27 635 38 645 ·
52 634 119 656 Lect.
127 639 175 662 vm,
191 641 215 656 n.
227 635 241 656 6

28 666 80 689 “lq-

26 898 36 907 '
49 897 114 920 Lect-
124 904 155 925 tv,
170 904 194 920 ιι.
202 904 223 926 7.

25 951 36 961 ⁶
54 953 79 973 et
95 951 149 973 ndd.
169 950 239 973 codd.

25 983 76 1001 ut:-
89 983 113 999 Α.

27 1108 239 1137 munierum

25 1140 86 1164 ⁸·9·

1133 279 1244 316 CAP.
1273 280 1326 327 v,

270 357 358 394 riori
378 365 508 394 autem
537 358 702 406 signetur
728 365 914 407 punctum
943 357 990 393 G.
1020 358 1230 406 Dupliciter
1250 371 1339 407 ergo

268 418 396 460 potest
432 410 572 459 aliquid
602 411 752 448 moveri
789 423 859 459 per
894 410 998 446 hunc
1026 410 1228 448 circulum:
1259 424 1338 448 uno

268 463 388 500 modo
409 464 516 512 quod
544 471 747 501 moveatur
765 464 814 500 ab
843 465 877 500 A
896 475 1031 500 versus
1050 464 1094 510 B,
1116 464 1188 500 alio
1219 465 1337 502 modo

270 517 377 565 quod
406 525 610 554 moveatur
637 517 685 553 ab
713 519 748 553 A
775 528 911 553 versus
941 516 987 553 G.
1014 537 1038 544 -
1066 516 1182 554 Aliud
1209 526 1338 555 autem

269 570 376 618 quod
403 570 584 629 proponit
613 577 679 617 est,
701 570 806 618 quod
824 569 884 605 isti
902 569 979 606 duo
1005 577 1132 606 motus
1152 582 1231 607 non
1252 579 1339 608 sunt

271 623 467 660 contrarii·
504 631 700 660 ostensum
733 629 790 659 est
827 622 930 658 enim
959 622 999 658 in
1026 623 1153 682 primo
1184 624 1204 643 ²⁸
1233 624 1338 682 quod

270 676 348 713 duo
378 683 506 714 motus
532 676 730 713 circulares
749 687 829 712 non
848 682 936 711 sunt
955 675 1143 712 contrarii.
1174 676 1214 712 Si
1234 676 1338 713 enim

269 728 330 766 isti
357 737 486 766 motus
515 736 640 766 essent
668 727 856 775 contrarii,
885 735 1078 777 oporteret
1102 728 1209 776 quod
1233 740 1339 765 com-

268 789 440 831 peterent
459 781 602 819 naturis
627 781 904 818 contrariorum
928 781 1142 828 mobilium,
1163 781 1214 818 ita
1234 782 1339 830 quod

268 846 368 871 unus
402 846 537 872 eorum
572 834 837 871 attribueretur
874 834 940 871 uni
977 834 1132 881 mobili,
1172 842 1208 871 et
1245 834 1339 871 alius

269 886 476 924 contrario:
507 887 597 935 quia
624 887 719 924 sicut
738 899 854 936 supra
874 889 894 909 ²⁸
915 887 1058 925 dictum
1078 895 1146 933 est,
1167 887 1198 924 si
1217 900 1338 925 unum

269 939 549 977 contrariorum
578 947 633 977 est
651 940 691 977 in
710 948 856 989 natura,
886 953 1041 978 necesse
1062 948 1118 978 est
1138 942 1157 963 ’³‘
1177 941 1338 978 alterurn

269 1004 363 1030 esse.
390 1015 392 1017 -

322 1057 358 1083 2.
389 1046 569 1084 Secundo
597 1045 670 1083 ibi:
700 1047 775 1084 Sed
804 1047 839 1084 si
864 1048 956 1084 nihil
984 1055 1068 1096 etc.‚
1103 1055 1236 1084 movet
1272 1047 1339 1084 du-

266 1098 503 1136 bitationem.
533 1099 782 1137 Manifestum
807 1108 863 1138 est
888 1100 991 1138 enim
1021 1113 1064 1138 ex
1084 1100 1301 1150 praemissis
1319 1101 1339 1121 ’¹‘

267 1152 374 1201 quod
400 1152 441 1189 in
469 1152 710 1202 sempiternis
729 1153 820 1191 nihil
841 1154 976 1192 accidit
995 1154 1256 1202 contingenter
1275 1161 1340 1191 aut

242 1205 501 1255 *casualiterer
516 1205 606 1255 quia
634 1219 680 1244 ea
708 1219 806 1256 quae
834 1215 923 1244 sunt
950 1220 972 1245 a
1002 1220 1109 1254 casu,
1144 1219 1223 1244 non
1252 1214 1340 1244 sunt

25 1319 240 1350 'Luat-nnana.

23 1903 36 1916 ⁸
41 1902 79 1927 Cf.
86 1903 174 1931 leet-xv,
181 1909 237 1927 ιω).

23 2063 208 2093 ‘cal-omma,
215 2065 238 2088 8.

197 2124 239 2140 00-

48 2149 97 2166 ω..

23 2382 32 2392 ”
47 2383 106 2412 quia
119 2383 189 2406 codd.

22 2489 34 2501 ·
46 2488 119 2513 Num.
134 2494 214 2518 pnec.

20 2754 32 2767 ⁸
45 2754 106 2778 lbid.

267 1270 436 1307 semper,
466 1271 592 1307 neque
621 1260 735 1297 etiam
761 1268 803 1298 ut
830 1261 1058 1310 frequenter.
1091 1259 1249 1297 Dictum
1284 1268 1340 1297 est

267 1319 397 1349 autern
425 1324 541 1361 supra
557 1314 576 1335 ²³²
597 1313 702 1362 quod
730 1314 880 1351 caelum
909 1322 966 1351 est
992 1314 1282 1362 sempiternum,
1303 1321 1340 1350 et

268 1364 384 1403 etiam
412 1364 603 1404 circularis
630 1374 759 1404 motus
794 1367 887 1404 eius.
923 1366 1036 1404 Unde
1068 1366 1340 1404 rationabiliter

268 1417 469 1468 quaeritur,
488 1427 644 1469 propter
663 1432 780 1469 quam
807 1432 963 1458 causam
983 1420 1132 1457 caelum
1159 1427 1340 1458 movetur

266 1483 404 1509 versus
430 1483 549 1509 unam
574 1480 724 1522 partem
753 1481 790 1510 et
816 1485 896 1510 non
922 1485 1057 1510 versus
1086 1473 1217 1519 aliam,
1246 1481 1339 1522 puta

267 1524 317 1562 ab
336 1524 482 1563 oriente
499 1538 634 1563 versus
653 1526 826 1575 superius
844 1525 1184 1575 hemisphaerium,
1206 1533 1242 1563 et
1260 1539 1339 1564 non

265 1589 403 1615 versus
429 1578 596 1616 inferius.

268 1665 270 1667 ,
322 1631 356 1668 3.
387 1631 519 1669 Tertio
547 1631 617 1668 ibi:
645 1632 812 1670 Necesse
838 1633 938 1670 enim
958 1640 1043 1680 etc.‚
1065 1632 1228 1670 ostendit
1247 1645 1338 1682 qua-

264 1682 348 1720 liter
374 1683 421 1721 sit
447 1684 670 1722 huiusmodi
699 1697 814 1723 causa
841 1685 1079 1734 assignanda.
1115 1687 1158 1723 In
1185 1698 1340 1735 praece-

265 1736 444 1774 dentibus
473 1738 576 1775 enim
605 1738 804 1787 dupliciter
831 1738 1036 1787 assignavit
1071 1751 1227 1776 causam
1257 1751 1340 1776 cae-

264 1789 417 1827 lestium
446 1791 712 1829 accidentium.
742 1791 873 1829 Primo
904 1792 1008 1830 enim
1036 1792 1200 1830 ostendit
1234 1792 1340 1841 quod

266 1850 418 1903 oportet
437 1856 518 1882 esse
540 1844 711 1882 diversos
731 1852 859 1882 motus
878 1845 918 1883 in
938 1846 1056 1894 caelo,
1073 1845 1124 1883 ad
1138 1846 1214 1882 hoc
1232 1845 1339 1895 quod

265 1895 312 1933 sit
335 1897 563 1946 principium
591 1897 845 1946 generationis
875 1907 910 1936 et
939 1898 1190 1948 corruptionis
1211 1900 1252 1935 *.
1282 1911 1340 1936 se-

267 1950 395 1987 cundo
424 1950 590 1988 ostendit
617 1951 722 1999 quod
756 1959 916 2012 oportet
939 1953 1104 2012 figuram
1134 1952 1228 1990 caeli
1257 1965 1339 1989 esse

266 2003 486 2052 rotundam,
517 2016 564 2041 ex
597 2005 724 2064 aliquo
758 2005 944 2054 principio
973 2005 1090 2055 priori
1118 2005 1338 2055 supposito,

266 2055 355 2106 quia
373 2056 514 2094 scilicet
533 2058 684 2106 corpori
702 2058 829 2107 primo
851 2059 1011 2096 debetur
1028 2059 1150 2119 figura
1164 2059 1287 2119 prima
1304 2060 1339 2105 *;

265 2116 304 2146 et
330 2109 385 2146 sic
409 2109 580 2159 primitas
608 2112 628 2132 ²²
655 2111 824 2160 corporis
853 2119 910 2148 est
935 2112 1164 2161 principium
1192 2112 1340 2161 primae

265 2162 422 2210 figurae.
443 2163 494 2200 Et
511 2163 598 2201 ideo
618 2164 680 2201 hic
700 2164 788 2202 dicit
807 2164 924 2213 quod,
944 2165 975 2202 si
996 2165 1133 2202 debeat
1160 2165 1341 2213 assignari

265 2215 361 2252 ratio
397 2228 513 2265 quare
544 2217 693 2254 caelum
726 2217 780 2254 sic
807 2225 1011 2255 moveatur
1046 2226 1081 2255 et
1109 2231 1190 2255 non
1216 2218 1338 2266 aliter,

265 2280 422 2306 necesse
451 2277 507 2306 est
528 2270 748 2308 huiusmodi
768 2270 956 2308 rationem
985 2271 1178 2319 assignari,
1199 2279 1263 2308 aut
1282 2283 1339 2308 se-

266 2322 436 2360 cundum
464 2323 540 2360 hoc
567 2323 673 2372 quod
701 2323 784 2360 talis
812 2323 953 2361 modus
973 2324 1153 2361 motionis
1172 2324 1218 2361 sit
1236 2324 1338 2373 prin-

265 2375 406 2424 cipium
426 2376 582 2413 alicuius
602 2376 770 2424 effectus,
787 2384 852 2414 aut
869 2377 996 2426 potius
1015 2378 1121 2437 quod
1137 2378 1156 2398 ’Ξ
1172 2377 1240 2414 iste
1255 2390 1339 2414 mo-

265 2429 336 2466 dus
354 2428 536 2466 motionis
557 2429 773 2479 dependeat
787 2442 833 2467 ex
853 2430 981 2478 aliquo
999 2430 1117 2490 priori
1136 2430 1335 2479 principio.

318 2482 450 2519 Potest
473 2490 603 2520 autem
632 2490 670 2520 et
697 2483 802 2520 aliter
824 2483 987 2532 intelligi.
1017 2483 1173 2520 Dixerat
1192 2483 1212 2504 ²⁸
1233 2483 1337 2520 enim

264 2535 372 2583 quod
398 2535 631 2585 sempiterna
659 2548 738 2573 non
768 2545 932 2585 possunt
959 2549 1043 2573 esse
1071 2549 1094 2573 a
1121 2549 1233 2574 casu:
1266 2549 1339 2574 nec

263 2595 394 2625 tamen
414 2589 546 2626 omnia
574 2589 806 2639 sempiterna
834 2590 977 2627 habent
996 2602 1164 2638 causam,
1185 2589 1254 2627 sed
1273 2589 1338 2627 ali-

264 2641 372 2690 quod
395 2642 671 2692 sempiternum
701 2650 756 2680 est
784 2644 890 2692 quod
919 2655 1075 2680 causam
1102 2655 1183 2680 non
1201 2643 1335 2691 habet,

264 2694 334 2732 sed
361 2694 488 2744 ipsum
517 2703 574 2733 est
595 2695 720 2746 prima
749 2709 864 2734 causa
892 2696 1067 2734 aliorum.
1097 2695 1198 2743 Quia
1225 2695 1337 2744 igitur

265 2759 311 2784 ex
330 2749 628 2798 sempiternitate
649 2749 741 2786 caeli
760 2757 798 2786 et
816 2758 944 2787 motus
965 2750 1044 2786 eius
1064 2750 1301 2787 concluserat
1315 2750 1336 2770 *

264 2801 542 2851 quaestionem,
564 2815 640 2852 qua
659 2802 852 2852 quaeritur
869 2810 1026 2852 propter
1044 2815 1163 2851 quam
1179 2815 1334 2841 causam

263 2862 391 2892 motus
420 2856 513 2893 caeli
541 2863 598 2894 est
624 2868 760 2894 versus
777 2868 898 2893 unam
916 2863 1067 2905 partem
1096 2863 1133 2893 et
1150 2868 1230 2893 non
1248 2869 1334 2894 ver-

264 2919 328 2944 sus
356 2908 488 2955 aliam;
513 2921 560 2946 ne
587 2909 764 2947 videatur
791 2909 964 2958 quaestio
983 2909 1247 2946 irrationabilis
1266 2922 1334 2947 seu

263 2959 401 2998 inutilis
419 2960 454 3009 ¹³,
484 2962 675 3011 subiungit
703 2962 810 3010 quod
836 2974 992 3000 necesse
1021 2970 1077 3000 est
1103 2963 1178 2999 hoc
1205 2962 1333 3012 ipsum

264 3013 371 3063 quod
399 3023 455 3052 est
488 3015 636 3052 caelum
665 3015 719 3052 sic
745 3015 914 3063 moveri,
951 3023 1015 3053 aut
1046 3028 1130 3053 esse
1161 3015 1331 3065 primum

262 3066 493 3116 principium
523 3069 698 3106 omniurn
726 3069 855 3118 (quod
884 3077 939 3106 est
966 3069 1214 3119 impossibile,
1244 3082 1332 3107 curn

263 3119 390 3157 omnis
405 3129 533 3159 motus
547 3121 687 3159 habeat
701 3134 856 3159 causam
871 3125 1124 3170 moventem);
1139 3130 1204 3160 aut
1218 3135 1331 3172 opor-

262 3181 315 3210 tet
343 3173 468 3211 dicere
497 3174 604 3223 quod
638 3174 717 3212 eius
749 3175 796 3212 sit
828 3175 1026 3224 quoddam
1059 3175 1161 3213 aliud
1193 3176 1330 3225 princi-

317 3305 342 3340 β)
361 3307 482 3340 quaestio
501 3306 696 3332 irrationabilis
710 3313 756 3332 seu
775 3307 887 3333 inutilis.
899 3321 918 3327 -
931 3307 982 3332 Pro
994 3308 1126 3340 quaestio,
1141 3309 1213 3333 ratio
1227 3309 1266 3339 G;
1285 3316 1330 3334 seu

262 3342 364 3368 inutilis
381 3350 436 3368 om.
450 3350 543 3367 omnes
561 3342 642 3367 nostri
661 3342 736 3367 codd.

315 3378 342 3411 γ)
362 3378 426 3403 velit
443 3381 545 3403 attente
563 3377 711 3403 enuntiare.
727 3391 746 3396 -
759 3380 861 3403 attente
878 3379 1043 3404 annuntians
1057 3380 1088 3410 A,
1106 3382 1208 3404 attente
1226 3386 1331 3404 annun-

262 3413 332 3438 tiare
351 3418 413 3444 cet.;
431 3413 536 3446 utrique
550 3413 653 3438 lectioni
674 3417 804 3438 structura
816 3413 915 3444 deficit;
934 3414 980 3439 DE
998 3415 1161 3447 corriguntur
1178 3414 1203 3439 in
1217 3417 1331 3439 attentet

262 3448 432 3478 annuntiare,
452 3453 478 3473 et
495 3448 546 3474 hoc
564 3448 672 3473 vicinius
692 3453 733 3473 est
751 3449 838 3474 textui.
857 3449 877 3474 P
895 3457 949 3474 om.
962 3453 989 3482 et
1007 3454 1065 3474 ante
1084 3450 1155 3482 quod
1174 3450 1215 3474 de.

315 3483 340 3517 δ)
361 3491 513 3509 mensuram
531 3491 596 3509 suae
606 3484 761 3517 facultatis.
773 3498 792 3502 -
804 3491 955 3510 mensuram
967 3485 1113 3519 facilitatis
1127 3486 1160 3516 1>;
1180 3485 1250 3518 quod
1265 3484 1331 3509 bene

262 3519 370 3552 quidem
389 3519 509 3552 explicari
526 3524 627 3552 potest,
646 3519 694 3544 sed
713 3520 842 3545 contextui
860 3520 992 3545 evidenter
1009 3520 1096 3545 minus
1115 3520 1242 3552 congruit.

316 3555 338 3587 ε)
357 3562 523 3579 communem
539 3555 676 3580 hominum
690 3555 807 3581 modum.
821 3569 840 3575 -
853 3555 904 3580 Pro
916 3563 1089 3585 communem,
1103 3562 1205 3580 omnem
1220 3555 1249 3579 F.
1268 3555 1330 3579 Per-

262 3590 300 3623 git
317 3589 338 3614 Ρ
357 3593 406 3615 aut
424 3590 504 3615 etiam
523 3590 548 3615 si
558 3590 668 3623 firmius
687 3594 714 3615 et
731 3591 830 3616 certius
848 3598 880 3616 ea
898 3595 1042 3624 cognoscat
1048 3599 1057 3621 ‚·
1076 3591 1123 3616 sed
1141 3593 1168 3615 et
1185 3590 1283 3615 certius
1304 3589 1330 3613 in

262 3630 355 3651 neutro
374 3630 443 3651 textu
461 3625 604 3657 invenitur,
623 3633 710 3659 neque
731 3626 811 3652 servit
828 3627 860 3652 ad
878 3627 1098 3660 interpretandum
1116 3626 1238 3658 firmius,
1259 3624 1330 3657 quod

1357 279 1509 317 LECT.
1539 279 1609 316 VII

2394 293 2463 330 147

1394 359 1512 408 pium.
1543 360 1592 396 Et
1612 358 1665 395 sic
1685 358 1954 396 rationabiliter
1974 358 2188 406 quaesitum
2209 366 2264 395 est
2283 360 2331 396 de
2352 372 2467 397 causa

1395 425 1512 462 quare
1541 419 1722 449 movetur
1750 412 1799 449 ad
1826 412 1925 448 hanc
1947 419 2096 460 partem
2118 419 2153 448 et
2171 424 2250 449 non
2270 412 2319 449 ad
2339 413 2463 450 aliam.

1447 478 1485 513 4.
1515 465 1667 502 Deinde
1688 477 1777 502 curn
1806 464 1911 502 dicit:
1936 466 2051 501 Forte
2070 465 2218 513 quidem
2245 465 2362 515 igitur
2381 473 2464 513 etc.‚

1395 519 1561 556 ostendit
1589 518 1851 556 difficultatem
1878 518 1992 555 huius
2026 518 2270 566 quaestionis.
2300 519 2350 555 Et
2378 519 2467 556 dicit

1395 572 1500 620 quod
1528 572 1604 608 hoc
1633 572 1738 620 quod
1766 571 1902 620 aliquis
1923 571 1971 608 de
1991 571 2221 619 quibusdam
2251 571 2466 609 difficilibus

1395 632 1431 661 et
1445 625 1601 662 occultis
1616 625 1706 661 velit
1725 631 1863 662 attente
1884 624 2080 662 enuntiare
2094 630 2122 671 ⁷,
2134 624 2362 673 assignando
2379 637 2465 662 cau-

1395 689 1478 713 sam
1497 690 1644 725 eorum,
1662 685 1698 714 et
1713 678 1820 725 quod
1840 678 1886 715 de
1907 677 2087 715 omnibus
2101 677 2197 714 tvelit
2220 677 2408 726 inquirere
2430 686 2466 715 et

1394 730 1485 766 nihil
1513 730 1829 778 praetermittere,
1859 730 1955 768 forte
1983 730 2175 768 videbitur
2204 742 2285 767 esse
2315 731 2465 779 signum

1393 783 1457 819 vel
1486 778 1627 819 multae
1656 783 1850 831 stultitiae,
1882 796 1928 820 ex
1957 796 2033 832 qua
2059 783 2238 833 provenit
2265 784 2373 832 quod
2400 796 2465 820 ne-

1395 835 1464 872 scit
1481 836 1502 856 *
1521 835 1734 873 discernere
1763 836 1858 873 inter
1886 836 2007 874 facilia
2036 844 2073 874 et
2101 836 2283 883 difficilia;
2318 845 2383 874 aut
2412 845 2467 875 est

1395 888 1546 936 signum
1565 888 1706 925 multae
1722 890 2038 938 promptitudinis,
2058 890 2157 927 idest
2175 902 2338 938 magnae
2356 902 2465 939 prae-

1395 941 1634 991 sumptionis,
1665 954 1710 978 ex
1736 954 1813 990 qua
1833 943 2012 991 contingit
2040 943 2146 992 quod
2164 944 2283 981 homo
2304 956 2383 981 non
2403 956 2466 980 co-

1394 995 1542 1043 gnoscit
1561 1007 1782 1032 mensuram
1803 1008 1893 1032 suae
1914 996 2096 1033 facultatis
2112 994 2126 1018 ⁸
2141 997 2239 1033 circa
2257 996 2465 1045 inquisitio-

1394 1060 1485 1086 nem
1504 1048 1683 1086 veritatis.
1713 1049 1763 1085 Et
1782 1049 1959 1096 quamvis
1979 1049 2135 1097 quidam
2158 1062 2272 1099 super
2290 1051 2366 1087 hoc
2394 1050 2467 1087 sint

1394 1101 1633 1150 increpandi,
1663 1113 1743 1139 non
1770 1109 1899 1138 tamen
1927 1101 2066 1139 iustum
2096 1110 2151 1139 est
2188 1103 2294 1152 quod
2331 1115 2466 1140 omnes

1394 1154 1563 1191 similiter
1581 1154 1918 1203 reprehendantur,
1935 1155 2002 1192 sed
2021 1156 2071 1192 ad
2086 1156 2162 1192 duo
2178 1163 2328 1205 oportet
2347 1164 2466 1194 atten—

1395 1208 1497 1244 dere.
1528 1207 1660 1244 Primo
1689 1207 1846 1256 quidem
1865 1207 1914 1245 ad
1935 1221 2090 1245 causam
2119 1221 2218 1257 quae
2244 1217 2379 1247 movet
2396 1211 2465 1246 ho-

1395 1260 1540 1298 minem
1568 1260 1617 1297 ad
1645 1260 1882 1309 loquendum
1912 1261 1959 1298 de
1987 1261 2143 1299 talibus:
2172 1270 2300 1300 utrum
2321 1263 2467 1310 ‘scilicet

1394 1314 1470 1351 hoc
1493 1313 1604 1350 faciat
1628 1326 1675 1350 ex
1697 1326 1830 1351 amore
1858 1314 2024 1352 veritatis
2046 1316 2077 1362 ²³³,
2099 1327 2148 1352 an
2170 1316 2219 1353 ad
2247 1316 2465 1354 ostentatio-

1394 1379 1485 1404 nem
1505 1366 1722 1416 sapientiae.
1746 1367 1925 1404 Secundo
1947 1375 2095 1417 oportet
2115 1369 2356 1406 considerare
2372 1382 2465 1419 quo-

1395 1420 1515 1458 modo
1554 1433 1594 1457 se
1631 1420 1771 1457 habeat
1804 1420 1937 1469 aliquis
1979 1421 2019 1457 in
2057 1422 2247 1459 credendo
2284 1435 2330 1459 ea
2367 1435 2465 1472 quae

1395 1473 1546 1511 asserit:
1576 1480 1704 1511 utrum
1733 1473 1871 1510 scilicet
1898 1474 2038 1511 habeat
2057 1474 2104 1512 de
2127 1475 2181 1512 eis
2201 1475 2367 1512 debilem
2387 1488 2465 1512 cer-

1394 1527 1605 1574 titudinem,
1635 1527 1848 1564 seeundum
1878 1539 2127 1564 communem
2155 1528 2358 1565 hominum
2383 1541 2466 1566 rno-

1396 1580 1490 1618 dum
1517 1585 1546 1626 ⁸,
1577 1587 1642 1617 aut
1669 1579 1784 1616 etiam
1813 1579 1960 1616 firmius
1996 1592 2041 1616 ea
2070 1588 2289 1628 cognoscat,
2329 1581 2467 1619 scilicet

1395 1646 1510 1682 supra
1548 1645 1798 1670 communem
1835 1632 1998 1669 modum
2039 1633 2253 1671 hominum.
2299 1635 2465 1681 Quando

1395 1686 1505 1735 igitur
1532 1686 1667 1734 aliquis
1694 1693 1820 1735 potest
1839 1685 2019 1745 attingere
2040 1686 2089 1723 ad
2108 1687 2183 1723 hoc
2202 1687 2306 1736 quod
2326 1700 2466 1736 cogno-

1395 1748 1475 1777 scat
1502 1738 1736 1777 necessarias
1765 1751 1899 1776 causas
1932 1739 2068 1776 certius
2101 1752 2219 1788 quam
2253 1741 2465 1778 secundum

1396 1805 1646 1830 communem
1674 1792 1879 1829 hominum
1907 1792 2083 1839 modum,
2103 1800 2192 1829 tunc
2212 1801 2363 1842 oportet
2383 1795 2465 1831 red-

1397 1846 1485 1883 dere
1514 1845 1650 1894 gratias
1678 1845 1737 1882 his
1772 1845 1835 1894 qui
1865 1846 1957 1882 tales
1986 1846 2227 1883 necessitates
2256 1846 2464 1894 inveniunt,

1395 1899 1516 1947 magis
1545 1911 1662 1948 quam
1692 1911 1758 1936 eos
1787 1898 1996 1947 increpare.

1452 1954 1485 1990 5.
1506 1952 1656 1990 Deinde
1686 1964 1775 1989 curn
1805 1951 1912 1988 dicit:
1941 1952 2059 1989 Nunc
2086 1957 2211 1988 autem
2240 1953 2341 2000 quod
2365 1953 2465 1990 vide-

1395 2012 1457 2043 tur
1475 2013 1559 2051 etc.‚
1590 2005 1703 2042 solvit
1720 2004 1973 2054 praemissam
2002 2005 2279 2053 quaestionem.
2305 2006 2354 2042 Et
2378 2005 2466 2043 dicit

1396 2059 1513 2108 quod,
1530 2059 1561 2096 si
1575 2060 1595 2080 ³¹²
1609 2058 1751 2107 gratiae
1766 2058 1840 2095 sint
1859 2058 2029 2106 agendae
2043 2057 2102 2094 his
2117 2058 2181 2107 qui
2202 2058 2379 2095 certiores
2400 2071 2464 2096 ne-

1397 2112 1588 2149 cessitates
1608 2111 1818 2158 inveniunt,
1835 2123 1938 2148 nunc
1953 2118 2081 2148 autem
2098 2111 2135 2148 in
2150 2112 2222 2148 hac
2243 2112 2463 2160 quaestione

1395 2165 1534 2202 sufficit
1548 2165 1672 2202 dicere
1688 2164 1808 2202 illud'fe
1819 2164 1925 2214 quod
1940 2164 2051 2201 nobis
2065 2164 2226 2212 videtur,
2244 2165 2310 2202 etsi
2326 2178 2404 2202 non
2419 2165 2465 2202 sit
2490 2175 2501 2186 ⁸

1396 2218 1493 2256 adeo
1509 2226 1666 2255 certum.
1687 2218 1788 2255 Dicit
1808 2230 1897 2265 ergo
1918 2217 2024 2266 quod
2042 2219 2060 2238 '¹‘
2075 2217 2171 2254 inter
2191 2230 2235 2254 ea
2254 2231 2352 2266 quae
2374 2231 2463 2256 con—

1394 2271 1500 2319 tingit
1518 2271 1617 2319 fieri,
1638 2278 1772 2308 natura
1791 2283 1945 2319 semper
1963 2270 2049 2307 facit
2068 2270 2106 2307 id
2122 2272 2141 2291 ²¹*
2162 2271 2268 2318 quod
2293 2279 2349 2308 est
2368 2272 2463 2320 opti-

1395 2337 1520 2372 mum,
1542 2331 1726 2374 tanquam
1744 2331 1849 2360 mota
1870 2331 1905 2360 et
1925 2323 2065 2360 directa
2079 2335 2101 2359 a
2119 2323 2243 2372 primo
2263 2324 2461 2373 principio,

1395 2378 1499 2427 quod
1519 2385 1575 2414 est
1608 2377 1691 2426 ipsa
1720 2376 1881 2414 essentia
1900 2376 2089 2413 bonitatis.
2119 2376 2306 2414 Videmus
2334 2385 2462 2415 autem

1394 2431 1500 2480 quod
1515 2438 1618 2468 tanto
1635 2430 1770 2479 aliquis
1785 2437 1912 2466 motus
1927 2429 2056 2466 localis
2072 2437 2128 2466 est
2143 2430 2302 2479 dignior,
2319 2439 2460 2479 quanto

1394 2496 1529 2522 versus
1546 2482 1758 2532 digniorem
1771 2490 1920 2532 partem
1934 2483 2123 2532 procedit3
2141 2490 2268 2520 motus
2284 2483 2386 2520 enim
2400 2497 2461 2521 ac-

1394 2537 1485 2587 cipit
1503 2537 1672 2586 speciem
1687 2549 1710 2573 a
1724 2537 1905 2581 termin0;
1927 2535 2022 2572 sicut
2035 2535 2074 2573 in
2090 2536 2258 2573 motibus
2278 2537 2461 2575 localibus

1392 2590 1514 2638 rectis,
1539 2597 1669 2627 motus
1688 2589 1817 2626 localis
1837 2589 1902 2638 qui
1921 2596 1977 2626 est
1996 2589 2046 2626 ad
2065 2589 2301 2638 superiorem
2319 2590 2460 2638 locum,

1392 2651 1449 2681 est
1462 2642 1723 2681 honorabilior
1738 2650 1774 2679 et
1788 2642 1984 2679 nobilioris
2002 2642 2172 2691 corporis
2194 2655 2311 2691 quarn
2333 2651 2461 2680 motus

1389 2697 1520 2734 localis
1538 2696 1604 2746 qui
1624 2704 1679 2734 est
1698 2696 1748 2734 ad
1766 2695 1986 2733 inferiorem
2006 2696 2146 2743 locum,
2169 2708 2214 2732 eo
2236 2695 2340 2744 quod
2355 2697 2460 2733 locus

1389 2750 1455 2799 qui
1475 2758 1531 2787 est
1555 2762 1705 2787 sursum
1735 2756 1790 2786 est
1815 2748 1961 2797 dignior
1989 2749 2075 2785 loco
2096 2749 2161 2797 qui
2181 2756 2236 2786 est
2265 2750 2458 2786 deorsum.

1389 2804 1439 2840 Et
1460 2804 1536 2840 hoc
1564 2803 1722 2853 quidem
1750 2802 1993 2839 manifestum
2022 2809 2078 2839 est
2101 2802 2139 2839 in
2167 2802 2342 2839 homine:
2368 2815 2458 2839 nam

1389 2864 1514 2906 caput,
1535 2857 1640 2906 quod
1660 2863 1716 2894 est
1735 2868 1897 2903 sursum,
1921 2863 1976 2892 est
1994 2855 2158 2892 nobilius
2185 2855 2363 2904 pedibus,
2393 2855 2458 2903 qui

1388 2918 1475 2947 sunt
1499 2910 1681 2947 deorsum
1701 2909 1726 2946 ζ.
1757 2910 1806 2946 Et
1825 2908 1994 2946 similiter
2019 2921 2108 2957 pars
2129 2908 2294 2945 anterior
2312 2908 2458 2956 dignior

1389 2971 1444 3000 est
1461 2963 1682 3013 posteriori,
1712 2962 1806 2999 sicut
1826 2962 1938 2999 etiam
1968 2968 2004 2998 et
2032 2962 2205 2999 dextrum
2226 2969 2281 2997 est
2310 2960 2456 3009 dignius

1388 3029 1506 3064 quarn
1522 3016 1724 3063 sinistrum,
1736 3016 1831 3052 sicut
1846 3027 1960 3064 supra
1971 3015 1991 3036 *
2008 3014 2150 3051 dictum
2165 3022 2230 3061 est,
2248 3021 2284 3050 et
2299 3015 2339 3034 *²¹⁶
2358 3014 2453 3051 sieut

1385 3077 1490 3119 patet
1516 3070 1555 3107 in
1588 3069 1826 3107 animalibus.
1857 3068 1966 3105 Dicta
2001 3079 2091 3115 ergo
2121 3066 2303 3104 dubitatio
2339 3079 2455 3116 quam

1386 3135 1488 3160 nunc
1516 3123 1732 3170 movimus,
1768 3124 1788 3143 ²¹²
1818 3121 2035 3158 testificatur
2067 3119 2171 3169 quod
2204 3119 2243 3156 in
2276 3120 2381 3156 caelo
2411 3120 2457 3157 sit

1378 3177 1489 3224 prius
1517 3182 1553 3213 et
1571 3176 1775 3224 posterius,
1805 3174 1901 3211 idest
1933 3180 2019 3210 ante
2048 3180 2084 3209 et
2111 3180 2223 3221 retr0,
2246 3172 2292 3209 de
2317 3172 2455 3222 quibus

1386 3308 1473 3333 statim
1495 3315 1543 3340 per
1565 3308 1664 3332 scilicet
1683 3312 1730 3331 etc.
1750 3306 1930 3338 explicarun-
1910 3304 1993 3328 -Pro
2016 3311 2182 3329 communem
2207 3304 2331 3334 modum,
2350 3312 2454 3330 omnem

1387 3343 1494 3368 modum
1514 3343 1597 3371 codd„
1617 3347 1723 3373 excepto
1742 3346 1829 3365 tamen
1848 3342 1885 3369 A,
1905 3339 1949 3372 qui
1968 3339 2028 3364 hab.
2041 3340 2169 3365 lacunam.

1439 3377 1465 3412 ζ)
1485 3378 1532 3410 qui
1549 3381 1613 3402 sunt
1632 3377 1796 3402 deorsumst-
1809 3376 1872 3400 Post
1885 3375 1934 3399 hoc
1946 3375 2113 3407 prosequitur
2130 3375 2167 3399 Α·
2186 3377 2213 3399 et
2230 3375 2354 3400 similiter
2373 3375 2453 3401 etiam

1385 3414 1458 3438 circa
1477 3416 1564 3437 motus
1582 3412 1709 3445 gravium
1728 3414 1754 3436 et
1772 3411 1877 3441 levium,
1897 3417 1959 3435 nam
1979 3411 2051 3435 locus
2069 3410 2115 3442 qui
2133 3413 2173 3435 est
2190 3417 2296 3435 sursum
2311 3414 2351 3436 est
2369 3411 2453 3436 conti-

1386 3455 1450 3473 nens
1465 3448 1550 3472 locum
1569 3447 1616 3480 qui
1633 3450 1673 3471 est
1692 3446 1826 3471 deorsum.
1846 3429 1882 3470 E't
1900 3445 2023 3470 similiter
2037 3453 2105 3478 pars
2124 3446 2246 3470 anterior
2259 3451 2308 3471 etc.
2328 3446 2454 3476 Quamvis

1385 3484 1410 3508 in
1430 3483 1539 3508 lectione
1557 3483 1580 3507 A
1601 3482 1664 3506 haec
1683 3489 1743 3514 pars
1763 3482 1844 3506 etiam
1863 3481 1936 3506 circa
1954 3484 2064 3506 motus..
2058 3498 2073 3505 ..
2092 3484 2119 3506 et
2136 3481 2260 3506 similiter
2283 3481 2317 3506 sit
2334 3481 2453 3506 homote-

1386 3520 1486 3548 leuton,
1506 3518 1577 3550 quod
1596 3518 1616 3541 P
1631 3523 1657 3542 et
1675 3518 1751 3542 ceteri
1770 3517 1892 3541 omisisse
1913 3516 1961 3540 dici
1981 3522 2097 3548 possent.
2116 3521 2203 3541 tamen
2222 3524 2274 3541 non
2294 3517 2453 3542 admittimus

1385 3554 1556 3583 additionem;
1576 3560 1636 3577 nam
1656 3560 1723 3585 quae
1742 3553 1863 3583 continet,
1877 3559 1969 3585 pamm
1980 3551 2098 3576 differunt
2113 3551 2144 3576 ab
2160 3552 2197 3576 eis
2219 3560 2286 3584 quae
2305 3552 2330 3577 in
2349 3559 2452 3584 praece-

1385 3588 1519 3617 dentibus.
1544 3588 1667 3613 Videmus
1686 3591 1775 3613 autem
1795 3592 1858 3619 etc.‚
1877 3587 1953 3612 latius
1978 3587 2029 3612 iam
2050 3587 2116 3612 dicta
2136 3592 2210 3618 sunt;
2231 3595 2316 3620 neque
2337 3587 2362 3612 in
2382 3592 2451 3612 textu

1384 3623 1529 3649 Aristotelis
1548 3623 1695 3648 fundantur.

2493 851 2502 858 ·
2518 850 2613 875 nesciat,
2621 856 2657 872 ΡΒ.

2595 979 2610 1004 ὃ

2494 1327 2502 1336 ·
2518 1326 2612 1347 virtutis
2626 1332 2647 1348 Ρ.

2492 2071 2500 2080 ·
2516 2070 2561 2091 etsi
2573 2075 2624 2092 Aen.

2516 2175 2576 2197 illud
2588 2182 2636 2198 om.
2651 2183 2673 2198 P.

2493 2230 2500 2237 ¹
2515 2228 2579 2256 quod
2592 2235 2642 2251 om.
2655 2236 2677 2251 Ρ.

2491 2283 2500 2291 ·
2515 2281 2541 2302 id
2556 2287 2604 2303 om.
2617 2288 2640 2304 A.

2581 2912 2596 2940 ζ

2485 3020 2493 3028 ”
2502 3020 2597 3046 Lect.11,
2606 3026 2629 3042 n.
2637 3027 2652 3047 4
2660 3026 2696 3048 sq.

2483 3047 2505 3058 ⁸·
2521 3049 2544 3067 et
2558 3053 2606 3069 om.
2620 3053 2642 3069 Ρ.

2483 3131 2491 3139 ·
2507 3132 2531 3151 et
2543 3129 2595 3151 add.
2610 3136 2632 3151 Ρ.
