<?xml version="1.0" encoding="UTF-8"?>
<!DOCTYPE html PUBLIC "-//W3C//DTD XHTML 1.0 Transitional//EN"
    "http://www.w3.org/TR/xhtml1/DTD/xhtml1-transitional.dtd">
<html xmlns="http://www.w3.org/1999/xhtml" xml:lang="en" lang="en">
 <head>
  <title>
</title>
<meta http-equiv="Content-Type" content="text/html;charset=utf-8" />
  <meta name='ocr-system' content='tesseract 3.04.00' />
  <meta name='ocr-capabilities' content='ocr_page ocr_carea ocr_par ocr_line ocrx_word'/>
</head>
<body>
  <div class='ocr_page' id='page_1' title='image "./operaomniaiussui03thom/operaomniaiussui03thom_0079.png"; bbox 0 0 2782 4134; ppageno 0'>
   <div class='ocr_carea' id='block_1_1' title="bbox 47 1137 191 1187">
    <p class='ocr_par' dir='ltr' id='par_1_1' title="bbox 47 1137 191 1186">
     <span class='ocr_line' id='line_1_1' title="bbox 47 1137 191 1159; baseline -0.008 0"><span class='ocrx_word' id='word_1_1' title='bbox 47 1137 191 1159; x_wconf 57' lang='lat' dir='ltr'>*mmx-</span> <span class='ocrx_word' id='word_1_2' title='bbox 162 1143 191 1158; x_wconf 71' lang='lat' dir='ltr'>u</span> 
     </span>
     <span class='ocr_line' id='line_1_2' title="bbox 92 1163 161 1187; baseline 0 -1"><span class='ocrx_word' id='word_1_3' title='bbox 92 1163 161 1187; x_wconf 54' lang='lat' dir='ltr'>.:·biao</span> 
     </span>
    </p>
   </div>
   <div class='ocr_carea' id='block_1_2' title="bbox 0 1248 234 1350">
    <p class='ocr_par' dir='ltr' id='par_1_2' title="bbox 0 1248 224 1350">
     <span class='ocr_line' id='line_1_3' title="bbox 2 1248 111 1270; baseline -0.02 -1.842"><span class='ocrx_word' id='word_1_4' title='bbox 2 1248 63 1270; x_wconf 58' lang='grc' dir='ltr'>-Μ</span> <span class='ocrx_word' id='word_1_5' title='bbox 93 1250 111 1266; x_wconf 66' lang='lat'>⁸</span> 
     </span>
     <span class='ocr_line' id='line_1_4' title="bbox 0 1271 234 1350; baseline -0.004 -30"><span class='ocrx_word' id='word_1_6' title='bbox 0 1271 234 1350; x_wconf 48' lang='lat' dir='ltr'>kffffiffl.</span> 
     </span>
    </p>
   </div>
   <div class='ocr_carea' id='block_1_3' title="bbox 11 1408 174 1431">
    <p class='ocr_par' dir='ltr' id='par_1_3' title="bbox 11 1408 174 1431">
     <span class='ocr_line' id='line_1_5' title="bbox 11 1408 174 1431; baseline -0.012 -5"><span class='ocrx_word' id='word_1_7' title='bbox 11 1408 118 1431; x_wconf 61' lang='lat' dir='ltr'>,02¹3ssoe</span> <span class='ocrx_word' id='word_1_8' title='bbox 126 1409 174 1425; x_wconf 75' lang='grc' dir='ltr'>,π”.ι</span> 
     </span>
    </p>
   </div>
   <div class='ocr_carea' id='block_1_4' title="bbox 0 1673 223 1700">
    <p class='ocr_par' dir='ltr' id='par_1_4' title="bbox 0 1673 223 1700">
     <span class='ocr_line' id='line_1_6' title="bbox 0 1673 223 1700; baseline -0.013 -3"><span class='ocrx_word' id='word_1_9' title='bbox 0 1675 3 1700; x_wconf 64' lang='grc' dir='ltr'>ξ</span> <span class='ocrx_word' id='word_1_10' title='bbox 10 1673 83 1697; x_wconf 60' lang='lat' dir='ltr'>-ueo</span> <span class='ocrx_word' id='word_1_11' title='bbox 93 1673 204 1695; x_wconf 58' lang='lat' dir='ltr'>mik.</span> <span class='ocrx_word' id='word_1_12' title='bbox 220 1676 223 1681; x_wconf 87' lang='lat'><em>&#39;</em></span> 
     </span>
    </p>
   </div>
   <div class='ocr_carea' id='block_1_5' title="bbox 125 1706 227 1722">
    <p class='ocr_par' dir='ltr' id='par_1_5' title="bbox 125 1706 227 1722">
     <span class='ocr_line' id='line_1_7' title="bbox 125 1706 227 1722; baseline -0.02 0"><span class='ocrx_word' id='word_1_13' title='bbox 125 1706 163 1722; x_wconf 58' lang='grc' dir='ltr'>ΑΗ</span> <span class='ocrx_word' id='word_1_14' title='bbox 178 1707 227 1722; x_wconf 60' lang='lat' dir='ltr'>suu</span> 
     </span>
    </p>
   </div>
   <div class='ocr_carea' id='block_1_6' title="bbox 0 1772 133 1799">
    <p class='ocr_par' dir='ltr' id='par_1_6' title="bbox 0 1772 133 1799">
     <span class='ocr_line' id='line_1_8' title="bbox 0 1772 133 1799; baseline -0.008 0"><span class='ocrx_word' id='word_1_15' title='bbox 0 1772 133 1799; x_wconf 44' lang='lat' dir='ltr'>statua</span> 
     </span>
    </p>
   </div>
   <div class='ocr_carea' id='block_1_7' title="bbox 44 1833 225 1856">
    <p class='ocr_par' dir='ltr' id='par_1_7' title="bbox 44 1833 225 1856">
     <span class='ocr_line' id='line_1_9' title="bbox 44 1833 225 1856; baseline -0.011 -1"><span class='ocrx_word' id='word_1_16' title='bbox 44 1842 67 1856; x_wconf 63' lang='grc' dir='ltr'>,Α</span> <span class='ocrx_word' id='word_1_17' title='bbox 79 1833 134 1855; x_wconf 67' lang='lat' dir='ltr'>‚hbe</span> <span class='ocrx_word' id='word_1_18' title='bbox 150 1839 197 1853; x_wconf 54' lang='lat' dir='ltr'>*nc</span> <span class='ocrx_word' id='word_1_19' title='bbox 217 1834 225 1843; x_wconf 69' lang='lat'>⁸</span> 
     </span>
    </p>
   </div>
   <div class='ocr_carea' id='block_1_8' title="bbox 1101 246 1614 295">
    <p class='ocr_par' dir='ltr' id='par_1_8' title="bbox 1101 246 1614 295">
     <span class='ocr_line' id='line_1_10' title="bbox 1101 246 1614 295; baseline -0.002 -11"><span class='ocrx_word' id='word_1_20' title='bbox 1101 247 1215 285; x_wconf 89' lang='lat' dir='ltr'>CAP.</span> <span class='ocrx_word' id='word_1_21' title='bbox 1245 247 1314 295; x_wconf 90' lang='lat' dir='ltr'>IV,</span> <span class='ocrx_word' id='word_1_22' title='bbox 1345 247 1497 284; x_wconf 92' lang='lat' dir='ltr'>LECT.</span> <span class='ocrx_word' id='word_1_23' title='bbox 1526 246 1614 284; x_wconf 90' lang='lat' dir='ltr'>VIII</span> 
     </span>
    </p>
   </div>
   <div class='ocr_carea' id='block_1_9' title="bbox 257 327 1336 670">
    <p class='ocr_par' dir='ltr' id='par_1_9' title="bbox 257 327 1336 644">
     <span class='ocr_line' id='line_1_11' title="bbox 258 327 1333 376; baseline -0.002 -10"><span class='ocrx_word' id='word_1_24' title='bbox 258 327 340 366; x_wconf 76' lang='lat' dir='ltr'>e&#39;t&#39;Z</span> <span class='ocrx_word' id='word_1_25' title='bbox 357 333 393 376; x_wconf 80' lang='lat'>¹¹,</span> <span class='ocrx_word' id='word_1_26' title='bbox 413 340 494 366; x_wconf 91' lang='lat' dir='ltr'>non</span> <span class='ocrx_word' id='word_1_27' title='bbox 514 336 756 367; x_wconf 81' lang='lat' dir='ltr'>mensuratur</span> <span class='ocrx_word' id='word_1_28' title='bbox 768 327 1026 375; x_wconf 83' lang='lat' dir='ltr'>semicirculo,</span> <span class='ocrx_word' id='word_1_29' title='bbox 1043 328 1113 365; x_wconf 88' lang='lat' dir='ltr'>sed</span> <span class='ocrx_word' id='word_1_30' title='bbox 1133 328 1333 365; x_wconf 89' lang='lat' dir='ltr'>diametro.</span> 
     </span>
     <span class='ocr_line' id='line_1_12' title="bbox 257 381 1334 430; baseline -0.002 -11"><span class='ocrx_word' id='word_1_31' title='bbox 257 382 311 419; x_wconf 83' lang='lat' dir='ltr'>Et</span> <span class='ocrx_word' id='word_1_32' title='bbox 338 381 467 419; x_wconf 84' lang='lat' dir='ltr'>adhuc</span> <span class='ocrx_word' id='word_1_33' title='bbox 494 382 567 419; x_wconf 86' lang='lat' dir='ltr'>alia</span> <span class='ocrx_word' id='word_1_34' title='bbox 596 382 690 420; x_wconf 88' lang='lat' dir='ltr'>ratio</span> <span class='ocrx_word' id='word_1_35' title='bbox 719 389 797 419; x_wconf 73' lang='lat' dir='ltr'>est:</span> <span class='ocrx_word' id='word_1_36' title='bbox 822 381 911 430; x_wconf 90' lang='lat' dir='ltr'>quia</span> <span class='ocrx_word' id='word_1_37' title='bbox 948 393 1047 418; x_wconf 90' lang='lat' dir='ltr'>unus</span> <span class='ocrx_word' id='word_1_38' title='bbox 1080 389 1209 419; x_wconf 90' lang='lat' dir='ltr'>motus</span> <span class='ocrx_word' id='word_1_39' title='bbox 1243 393 1334 417; x_wconf 89' lang='lat' dir='ltr'>con-</span> 
     </span>
     <span class='ocr_line' id='line_1_13' title="bbox 258 434 1334 485; baseline -0.001 -13"><span class='ocrx_word' id='word_1_40' title='bbox 258 434 387 472; x_wconf 78' lang='lat' dir='ltr'>tinuus</span> <span class='ocrx_word' id='word_1_41' title='bbox 407 436 478 482; x_wconf 91' lang='lat' dir='ltr'>est,</span> <span class='ocrx_word' id='word_1_42' title='bbox 512 435 579 485; x_wconf 91' lang='lat' dir='ltr'>qui</span> <span class='ocrx_word' id='word_1_43' title='bbox 597 435 784 485; x_wconf 79' lang='lat' dir='ltr'>incipiens</span> <span class='ocrx_word' id='word_1_44' title='bbox 803 435 851 471; x_wconf 90' lang='lat' dir='ltr'>ab</span> <span class='ocrx_word' id='word_1_45' title='bbox 881 435 931 482; x_wconf 89' lang='lat' dir='ltr'>E,</span> <span class='ocrx_word' id='word_1_46' title='bbox 960 434 1067 472; x_wconf 89' lang='lat' dir='ltr'>venit</span> <span class='ocrx_word' id='word_1_47' title='bbox 1084 435 1124 472; x_wconf 89' lang='lat' dir='ltr'>in</span> <span class='ocrx_word' id='word_1_48' title='bbox 1143 436 1172 471; x_wconf 96' lang='lat' dir='ltr'><em>Z</em></span> <span class='ocrx_word' id='word_1_49' title='bbox 1192 446 1263 484; x_wconf 87' lang='lat' dir='ltr'>per</span> <span class='ocrx_word' id='word_1_50' title='bbox 1282 435 1295 471; x_wconf 92' lang='lat' dir='ltr'>l</span> <span class='ocrx_word' id='word_1_51' title='bbox 1314 435 1334 456; x_wconf 79' lang='lat'>*</span> 
     </span>
     <span class='ocr_line' id='line_1_14' title="bbox 259 488 1336 549; baseline 0 -24"><span class='ocrx_word' id='word_1_52' title='bbox 259 488 560 549; x_wconf 76' lang='lat' dir='ltr'>semicirculum,</span> <span class='ocrx_word' id='word_1_53' title='bbox 582 496 619 526; x_wconf 91' lang='lat' dir='ltr'>et</span> <span class='ocrx_word' id='word_1_54' title='bbox 636 489 774 525; x_wconf 89' lang='lat' dir='ltr'>iterum</span> <span class='ocrx_word' id='word_1_55' title='bbox 791 499 863 537; x_wconf 93' lang='lat' dir='ltr'>per</span> <span class='ocrx_word' id='word_1_56' title='bbox 881 488 917 524; x_wconf 98' lang='lat' dir='ltr'>T</span> <span class='ocrx_word' id='word_1_57' title='bbox 937 488 1220 525; x_wconf 84' lang='lat' dir='ltr'>semicirculum</span> <span class='ocrx_word' id='word_1_58' title='bbox 1241 488 1336 525; x_wconf 89' lang='lat' dir='ltr'>redit</span> 
     </span>
     <span class='ocr_line' id='line_1_15' title="bbox 260 541 1334 590; baseline -0.002 -11"><span class='ocrx_word' id='word_1_59' title='bbox 260 553 285 578; x_wconf 83' lang='lat' dir='ltr'>a</span> <span class='ocrx_word' id='word_1_60' title='bbox 295 542 341 579; x_wconf 95' lang='grc' dir='ltr'><strong><em>Ζ</em></strong></span> <span class='ocrx_word' id='word_1_61' title='bbox 370 541 411 579; x_wconf 91' lang='lat' dir='ltr'>in</span> <span class='ocrx_word' id='word_1_62' title='bbox 438 542 494 589; x_wconf 89' lang='lat' dir='ltr'>E;</span> <span class='ocrx_word' id='word_1_63' title='bbox 524 541 603 579; x_wconf 91' lang='lat' dir='ltr'>duo</span> <span class='ocrx_word' id='word_1_64' title='bbox 632 549 760 579; x_wconf 90' lang='lat' dir='ltr'>autem</span> <span class='ocrx_word' id='word_1_65' title='bbox 788 547 917 578; x_wconf 87' lang='lat' dir='ltr'>motus</span> <span class='ocrx_word' id='word_1_66' title='bbox 946 541 1123 579; x_wconf 88' lang='lat' dir='ltr'>contrarii</span> <span class='ocrx_word' id='word_1_67' title='bbox 1143 554 1223 578; x_wconf 90' lang='lat' dir='ltr'>non</span> <span class='ocrx_word' id='word_1_68' title='bbox 1245 553 1334 590; x_wconf 92' lang='lat' dir='ltr'>pos-</span> 
     </span>
     <span class='ocr_line' id='line_1_16' title="bbox 261 594 1332 670; baseline 0 -39"><span class='ocrx_word' id='word_1_69' title='bbox 261 603 349 632; x_wconf 87' lang='lat' dir='ltr'>sunt</span> <span class='ocrx_word' id='word_1_70' title='bbox 385 594 469 632; x_wconf 87' lang='lat' dir='ltr'>sibi</span> <span class='ocrx_word' id='word_1_71' title='bbox 492 594 660 633; x_wconf 86' lang='lat' dir='ltr'>invicem</span> <span class='ocrx_word' id='word_1_72' title='bbox 698 594 930 642; x_wconf 88' lang='lat' dir='ltr'>continuari,</span> <span class='ocrx_word' id='word_1_73' title='bbox 964 602 1006 631; x_wconf 93' lang='lat' dir='ltr'>ut</span> <span class='ocrx_word' id='word_1_74' title='bbox 1036 602 1142 670; x_wconf 86' lang='lat' dir='ltr'>patet</span> <span class='ocrx_word' id='word_1_75' title='bbox 1177 595 1217 631; x_wconf 89' lang='lat' dir='ltr'>in</span> <span class='ocrx_word' id='word_1_76' title='bbox 1244 595 1332 632; x_wconf 91' lang='lat' dir='ltr'>VIII</span> 
     </span>
    </p>
   </div>
   <div class='ocr_carea' id='block_1_10' title="bbox 154 649 450 705">
    <p class='ocr_par' dir='ltr' id='par_1_10' title="bbox 154 649 450 705">
     <span class='ocr_line' id='line_1_17' title="bbox 154 649 450 705; baseline 0 -19"><span class='ocrx_word' id='word_1_77' title='bbox 154 666 168 699; x_wconf 46' lang='grc' dir='ltr'>ν.</span> <span class='ocrx_word' id='word_1_78' title='bbox 225 658 233 705; x_wconf 75' lang='lat' dir='ltr'><strong>j</strong></span> <span class='ocrx_word' id='word_1_79' title='bbox 258 649 414 697; x_wconf 74' lang='lat' dir='ltr'>Pkysic.</span> <span class='ocrx_word' id='word_1_80' title='bbox 426 649 450 670; x_wconf 64' lang='lat'>‘³‘</span> 
     </span>
    </p>
   </div>
   <div class='ocr_carea' id='block_1_11' title="bbox 221 700 1337 1124">
    <p class='ocr_par' dir='ltr' id='par_1_11' title="bbox 256 700 1337 1124">
     <span class='ocr_line' id='line_1_18' title="bbox 301 700 1333 747; baseline -0.001 -8.988"><span class='ocrx_word' id='word_1_81' title='bbox 301 713 334 738; x_wconf 81' lang='grc' dir='ltr'>ι</span> <span class='ocrx_word' id='word_1_82' title='bbox 347 714 379 738; x_wconf 89' lang='grc' dir='ltr'>ι.</span> <span class='ocrx_word' id='word_1_83' title='bbox 390 700 559 738; x_wconf 84' lang='lat' dir='ltr'>Deinde</span> <span class='ocrx_word' id='word_1_84' title='bbox 587 712 678 737; x_wconf 90' lang='lat' dir='ltr'>cum</span> <span class='ocrx_word' id='word_1_85' title='bbox 707 700 816 738; x_wconf 88' lang='lat' dir='ltr'>dicit:</span> <span class='ocrx_word' id='word_1_86' title='bbox 845 701 888 737; x_wconf 80' lang='lat' dir='ltr'>Si</span> <span class='ocrx_word' id='word_1_87' title='bbox 912 706 1041 738; x_wconf 87' lang='lat' dir='ltr'>autem</span> <span class='ocrx_word' id='word_1_88' title='bbox 1070 706 1106 737; x_wconf 89' lang='lat' dir='ltr'>et</span> <span class='ocrx_word' id='word_1_89' title='bbox 1132 701 1225 737; x_wconf 85' lang='lat' dir='ltr'>istae</span> <span class='ocrx_word' id='word_1_90' title='bbox 1251 708 1333 747; x_wconf 67' lang='lat' dir='ltr'>etc„</span> 
     </span>
     <span class='ocr_line' id='line_1_19' title="bbox 261 753 1335 803; baseline -0.001 -12"><span class='ocrx_word' id='word_1_91' title='bbox 261 753 429 792; x_wconf 64' lang='lat' dir='ltr'>ostendit</span> <span class='ocrx_word' id='word_1_92' title='bbox 454 754 560 803; x_wconf 81' lang='lat' dir='ltr'>quod</span> <span class='ocrx_word' id='word_1_93' title='bbox 588 753 710 791; x_wconf 79' lang='lat' dir='ltr'>etiam</span> <span class='ocrx_word' id='word_1_94' title='bbox 732 753 764 791; x_wconf 91' lang='lat' dir='ltr'>si</span> <span class='ocrx_word' id='word_1_95' title='bbox 790 754 885 791; x_wconf 88' lang='lat' dir='ltr'>istae</span> <span class='ocrx_word' id='word_1_96' title='bbox 912 761 1040 802; x_wconf 89' lang='lat' dir='ltr'>partes</span> <span class='ocrx_word' id='word_1_97' title='bbox 1069 761 1246 790; x_wconf 90' lang='lat' dir='ltr'>motuum</span> <span class='ocrx_word' id='word_1_98' title='bbox 1267 753 1335 791; x_wconf 92' lang='lat' dir='ltr'>cir-</span> 
     </span>
     <span class='ocr_line' id='line_1_20' title="bbox 221 806 1336 856; baseline 0 -12"><span class='ocrx_word' id='word_1_99' title='bbox 221 806 486 844; x_wconf 46' lang='lat' dir='ltr'>-a&#39;mriume</span> <span class='ocrx_word' id='word_1_100' title='bbox 502 815 632 844; x_wconf 80' lang='lat' dir='ltr'>essent</span> <span class='ocrx_word' id='word_1_101' title='bbox 660 807 883 854; x_wconf 88' lang='lat' dir='ltr'>contrariae,</span> <span class='ocrx_word' id='word_1_102' title='bbox 912 819 994 844; x_wconf 93' lang='lat' dir='ltr'>non</span> <span class='ocrx_word' id='word_1_103' title='bbox 1021 814 1151 844; x_wconf 89' lang='lat' dir='ltr'>tamen</span> <span class='ocrx_word' id='word_1_104' title='bbox 1178 815 1336 856; x_wconf 88' lang='lat' dir='ltr'>propter</span> 
     </span>
     <span class='ocr_line' id='line_1_21' title="bbox 225 855 1336 909; baseline 0 -11"><span class='ocrx_word' id='word_1_105' title='bbox 225 855 341 898; x_wconf 68' lang='lat' dir='ltr'>hoc·</span> <span class='ocrx_word' id='word_1_106' title='bbox 355 868 583 909; x_wconf 80' lang='lat' dir='ltr'>sequeretur</span> <span class='ocrx_word' id='word_1_107' title='bbox 599 860 707 909; x_wconf 93' lang='lat' dir='ltr'>quod</span> <span class='ocrx_word' id='word_1_108' title='bbox 726 861 972 898; x_wconf 85' lang='lat' dir='ltr'>contrarietas</span> <span class='ocrx_word' id='word_1_109' title='bbox 991 867 1090 898; x_wconf 88' lang='lat' dir='ltr'>esset</span> <span class='ocrx_word' id='word_1_110' title='bbox 1108 860 1148 898; x_wconf 90' lang='lat' dir='ltr'>in</span> <span class='ocrx_word' id='word_1_111' title='bbox 1166 861 1336 898; x_wconf 90' lang='lat' dir='ltr'>motibus</span> 
     </span>
     <span class='ocr_line' id='line_1_22' title="bbox 259 912 1337 962; baseline 0 -11"><span class='ocrx_word' id='word_1_112' title='bbox 259 912 506 951; x_wconf 73' lang='lat' dir='ltr'>circularibus</span> <span class='ocrx_word' id='word_1_113' title='bbox 534 913 750 951; x_wconf 84' lang='lat' dir='ltr'>secundum</span> <span class='ocrx_word' id='word_1_114' title='bbox 778 922 919 951; x_wconf 90' lang='lat' dir='ltr'>totum:</span> <span class='ocrx_word' id='word_1_115' title='bbox 939 926 1019 951; x_wconf 88' lang='lat' dir='ltr'>non</span> <span class='ocrx_word' id='word_1_116' title='bbox 1039 914 1146 951; x_wconf 87' lang='lat' dir='ltr'>enim</span> <span class='ocrx_word' id='word_1_117' title='bbox 1165 914 1337 962; x_wconf 90' lang='lat' dir='ltr'>sequitur</span> 
     </span>
     <span class='ocr_line' id='line_1_23' title="bbox 258 966 1337 1017; baseline 0 -13"><span class='ocrx_word' id='word_1_118' title='bbox 258 966 321 1004; x_wconf 81' lang='lat' dir='ltr'>ad:</span> <span class='ocrx_word' id='word_1_119' title='bbox 339 966 646 1005; x_wconf 75' lang='lat' dir='ltr'>contrarietatem</span> <span class='ocrx_word' id='word_1_120' title='bbox 673 967 841 1017; x_wconf 88' lang='lat' dir='ltr'>partium</span> <span class='ocrx_word' id='word_1_121' title='bbox 866 967 1113 1005; x_wconf 87' lang='lat' dir='ltr'>contrarietas</span> <span class='ocrx_word' id='word_1_122' title='bbox 1131 967 1257 1005; x_wconf 89' lang='lat' dir='ltr'>totius.</span> <span class='ocrx_word' id='word_1_123' title='bbox 1287 969 1337 1004; x_wconf 94' lang='lat' dir='ltr'>Et</span> 
     </span>
     <span class='ocr_line' id='line_1_24' title="bbox 256 1018 1336 1070; baseline 0 -12"><span class='ocrx_word' id='word_1_124' title='bbox 256 1018 316 1057; x_wconf 73' lang='lat' dir='ltr'>sie</span> <span class='ocrx_word' id='word_1_125' title='bbox 341 1027 448 1070; x_wconf 85' lang='lat' dir='ltr'>patet</span> <span class='ocrx_word' id='word_1_126' title='bbox 475 1020 583 1070; x_wconf 90' lang='lat' dir='ltr'>quod</span> <span class='ocrx_word' id='word_1_127' title='bbox 609 1020 649 1058; x_wconf 93' lang='lat' dir='ltr'>id</span> <span class='ocrx_word' id='word_1_128' title='bbox 667 1021 773 1070; x_wconf 93' lang='lat' dir='ltr'>quod</span> <span class='ocrx_word' id='word_1_129' title='bbox 792 1021 870 1059; x_wconf 88' lang='lat' dir='ltr'>iam</span> <span class='ocrx_word' id='word_1_130' title='bbox 892 1021 1058 1059; x_wconf 90' lang='lat' dir='ltr'>ostendit</span> <span class='ocrx_word' id='word_1_131' title='bbox 1077 1021 1336 1070; x_wconf 88' lang='lat' dir='ltr'>Philosophus</span> 
     </span>
     <span class='ocr_line' id='line_1_25' title="bbox 257 1073 1337 1124; baseline 0 -13"><span class='ocrx_word' id='word_1_132' title='bbox 257 1073 336 1113; x_wconf 77' lang='lat' dir='ltr'>de</span> <span class='ocrx_word' id='word_1_133' title='bbox 328 1074 611 1112; x_wconf 84' lang='lat' dir='ltr'>contrarietate</span> <span class='ocrx_word' id='word_1_134' title='bbox 637 1081 654 1105; x_wconf 77' lang='grc' dir='ltr'>ι’</span> <span class='ocrx_word' id='word_1_135' title='bbox 686 1074 852 1124; x_wconf 88' lang='lat' dir='ltr'>partium</span> <span class='ocrx_word' id='word_1_136' title='bbox 885 1082 1014 1112; x_wconf 90' lang='lat' dir='ltr'>motus</span> <span class='ocrx_word' id='word_1_137' title='bbox 1043 1074 1256 1122; x_wconf 89' lang='lat' dir='ltr'>circularis,</span> <span class='ocrx_word' id='word_1_138' title='bbox 1291 1087 1337 1112; x_wconf 86' lang='lat' dir='ltr'>ex</span> 
     </span>
    </p>
   </div>
   <div class='ocr_carea' id='block_1_12' title="bbox 214 1126 1336 1222">
    <p class='ocr_par' dir='ltr' id='par_1_12' title="bbox 220 1126 1336 1222">
     <span class='ocr_line' id='line_1_26' title="bbox 220 1126 1336 1179; baseline -0.001 -14"><span class='ocrx_word' id='word_1_139' title='bbox 220 1143 225 1145; x_wconf 94' lang='lat'>·</span> <span class='ocrx_word' id='word_1_140' title='bbox 256 1126 472 1165; x_wconf 67' lang='lat' dir='ltr'>abundanti</span> <span class='ocrx_word' id='word_1_141' title='bbox 499 1135 725 1179; x_wconf 91' lang='lat' dir='ltr'>prosecutus</span> <span class='ocrx_word' id='word_1_142' title='bbox 753 1136 822 1176; x_wconf 90' lang='lat' dir='ltr'>est,</span> <span class='ocrx_word' id='word_1_143' title='bbox 850 1136 892 1165; x_wconf 93' lang='lat' dir='ltr'>ut</span> <span class='ocrx_word' id='word_1_144' title='bbox 915 1127 1079 1166; x_wconf 90' lang='lat' dir='ltr'>totaliter</span> <span class='ocrx_word' id='word_1_145' title='bbox 1097 1141 1120 1166; x_wconf 91' lang='lat' dir='ltr'>a</span> <span class='ocrx_word' id='word_1_146' title='bbox 1138 1135 1248 1165; x_wconf 91' lang='lat' dir='ltr'>motu</span> <span class='ocrx_word' id='word_1_147' title='bbox 1267 1127 1336 1165; x_wconf 91' lang='lat' dir='ltr'>cir-</span> 
     </span>
     <span class='ocr_line' id='line_1_27' title="bbox 214 1171 971 1222; baseline 0 -2"><span class='ocrx_word' id='word_1_148' title='bbox 214 1171 714 1222; x_wconf 57' lang='lat' dir='ltr'>madentem</span> <span class='ocrx_word' id='word_1_149' title='bbox 742 1182 971 1220; x_wconf 86' lang='lat' dir='ltr'>excluderet.</span> 
     </span>
    </p>
   </div>
   <div class='ocr_carea' id='block_1_13' title="bbox 218 1211 1338 1282">
    <p class='ocr_par' dir='ltr' id='par_1_13' title="bbox 218 1211 1338 1282">
     <span class='ocr_line' id='line_1_28' title="bbox 218 1211 1338 1282; baseline 0.001 -12"><span class='ocrx_word' id='word_1_150' title='bbox 218 1245 226 1253; x_wconf 91' lang='lat'>·</span> <span class='ocrx_word' id='word_1_151' title='bbox 260 1244 283 1270; x_wconf 79' lang='lat'>,⁴</span> <span class='ocrx_word' id='word_1_152' title='bbox 310 1244 390 1272; x_wconf 57' lang='grc' dir='ltr'>ια</span> <span class='ocrx_word' id='word_1_153' title='bbox 410 1234 562 1272; x_wconf 89' lang='lat' dir='ltr'>Deinde</span> <span class='ocrx_word' id='word_1_154' title='bbox 601 1247 689 1272; x_wconf 90' lang='lat' dir='ltr'>cum</span> <span class='ocrx_word' id='word_1_155' title='bbox 727 1235 832 1272; x_wconf 86' lang='lat' dir='ltr'>dicit:</span> <span class='ocrx_word' id='word_1_156' title='bbox 859 1236 915 1272; x_wconf 81' lang='lat' dir='ltr'>At</span> <span class='ocrx_word' id='word_1_157' title='bbox 938 1247 1030 1272; x_wconf 81' lang='lat' dir='ltr'>vero</span> <span class='ocrx_word' id='word_1_158' title='bbox 1059 1241 1143 1282; x_wconf 67' lang='lat' dir='ltr'>etc„</span> <span class='ocrx_word' id='word_1_159' title='bbox 1173 1211 1338 1271; x_wconf 88' lang='lat' dir='ltr'>ostendit</span> 
     </span>
    </p>
   </div>
   <div class='ocr_carea' id='block_1_14' title="bbox 258 1287 1336 1379">
    <p class='ocr_par' dir='ltr' id='par_1_14' title="bbox 258 1287 1335 1379">
     <span class='ocr_line' id='line_1_29' title="bbox 258 1287 1335 1336; baseline -0.003 -10"><span class='ocrx_word' id='word_1_160' title='bbox 258 1287 373 1336; x_wconf 79' lang='lat' dir='ltr'>quod</span> <span class='ocrx_word' id='word_1_161' title='bbox 402 1287 471 1325; x_wconf 87' lang='lat' dir='ltr'>toti</span> <span class='ocrx_word' id='word_1_162' title='bbox 505 1288 628 1326; x_wconf 85' lang='lat' dir='ltr'>motui</span> <span class='ocrx_word' id='word_1_163' title='bbox 666 1288 836 1326; x_wconf 85' lang='lat' dir='ltr'>circulari</span> <span class='ocrx_word' id='word_1_164' title='bbox 872 1300 953 1326; x_wconf 88' lang='lat' dir='ltr'>non</span> <span class='ocrx_word' id='word_1_165' title='bbox 982 1294 1039 1325; x_wconf 89' lang='lat' dir='ltr'>est</span> <span class='ocrx_word' id='word_1_166' title='bbox 1065 1287 1162 1324; x_wconf 89' lang='lat' dir='ltr'>alius</span> <span class='ocrx_word' id='word_1_167' title='bbox 1189 1288 1335 1324; x_wconf 67' lang='lat' dir='ltr'>totus*</span> 
     </span>
     <span class='ocr_line' id='line_1_30' title="bbox 258 1340 1336 1379; baseline -0.001 0"><span class='ocrx_word' id='word_1_168' title='bbox 258 1342 390 1379; x_wconf 53' lang='lat' dir='ltr'>§tems</span> <span class='ocrx_word' id='word_1_169' title='bbox 418 1340 608 1379; x_wconf 83' lang='lat' dir='ltr'>circularis</span> <span class='ocrx_word' id='word_1_170' title='bbox 637 1341 865 1379; x_wconf 82' lang='lat' dir='ltr'>contrarius:</span> <span class='ocrx_word' id='word_1_171' title='bbox 886 1348 924 1378; x_wconf 87' lang='lat' dir='ltr'>et</span> <span class='ocrx_word' id='word_1_172' title='bbox 941 1341 1018 1378; x_wconf 85' lang='lat' dir='ltr'>hoc</span> <span class='ocrx_word' id='word_1_173' title='bbox 1045 1340 1195 1378; x_wconf 81' lang='lat' dir='ltr'>duabus</span> <span class='ocrx_word' id='word_1_174' title='bbox 1224 1340 1336 1378; x_wconf 82' lang='lat' dir='ltr'>ratio-</span> 
     </span>
    </p>
   </div>
   <div class='ocr_carea' id='block_1_15' title="bbox 186 1391 1336 1444">
    <p class='ocr_par' dir='ltr' id='par_1_15' title="bbox 186 1391 1336 1444">
     <span class='ocr_line' id='line_1_31' title="bbox 186 1391 1336 1444; baseline -0.001 -12"><span class='ocrx_word' id='word_1_175' title='bbox 186 1406 225 1424; x_wconf 59' lang='grc' dir='ltr'>ιι·</span> <span class='ocrx_word' id='word_1_176' title='bbox 258 1391 410 1432; x_wconf 60' lang='lat' dir='ltr'>aitrus.</span> <span class='ocrx_word' id='word_1_177' title='bbox 407 1394 594 1442; x_wconf 83' lang='lat' dir='ltr'>Quarum</span> <span class='ocrx_word' id='word_1_178' title='bbox 620 1394 747 1444; x_wconf 91' lang='lat' dir='ltr'>prima</span> <span class='ocrx_word' id='word_1_179' title='bbox 774 1394 936 1432; x_wconf 83' lang='lat' dir='ltr'>sumitur</span> <span class='ocrx_word' id='word_1_180' title='bbox 959 1405 1004 1431; x_wconf 87' lang='lat' dir='ltr'>ex</span> <span class='ocrx_word' id='word_1_181' title='bbox 1030 1393 1336 1431; x_wconf 86' lang='lat' dir='ltr'>consideratione</span> 
     </span>
    </p>
   </div>
   <div class='ocr_carea' id='block_1_16' title="bbox 255 1445 1338 2339">
    <p class='ocr_par' dir='ltr' id='par_1_16' title="bbox 255 1445 1338 2286">
     <span class='ocr_line' id='line_1_32' title="bbox 259 1445 1337 1495; baseline 0 -11"><span class='ocrx_word' id='word_1_182' title='bbox 259 1445 378 1495; x_wconf 80' lang='lat' dir='ltr'>ipsius</span> <span class='ocrx_word' id='word_1_183' title='bbox 397 1455 527 1485; x_wconf 85' lang='lat' dir='ltr'>motus</span> <span class='ocrx_word' id='word_1_184' title='bbox 547 1447 766 1485; x_wconf 83' lang='lat' dir='ltr'>circularis</span> <span class='ocrx_word' id='word_1_185' title='bbox 756 1459 797 1485; x_wconf 89' lang='lat' dir='ltr'>m</span> <span class='ocrx_word' id='word_1_186' title='bbox 815 1447 1026 1485; x_wconf 89' lang='lat' dir='ltr'>communi.</span> <span class='ocrx_word' id='word_1_187' title='bbox 1053 1447 1109 1484; x_wconf 91' lang='lat' dir='ltr'>Sit</span> <span class='ocrx_word' id='word_1_188' title='bbox 1127 1459 1218 1495; x_wconf 87' lang='lat' dir='ltr'>ergo</span> <span class='ocrx_word' id='word_1_189' title='bbox 1237 1459 1337 1485; x_wconf 92' lang='lat' dir='ltr'>unus</span> 
     </span>
     <span class='ocr_line' id='line_1_33' title="bbox 257 1498 1336 1551; baseline 0 -13"><span class='ocrx_word' id='word_1_190' title='bbox 257 1498 436 1547; x_wconf 65' lang='lat' dir='ltr'>tinnulus,</span> <span class='ocrx_word' id='word_1_191' title='bbox 465 1512 583 1550; x_wconf 89' lang='lat' dir='ltr'>super</span> <span class='ocrx_word' id='word_1_192' title='bbox 609 1513 728 1549; x_wconf 90' lang='lat' dir='ltr'>quem</span> <span class='ocrx_word' id='word_1_193' title='bbox 751 1501 791 1538; x_wconf 90' lang='lat' dir='ltr'>in</span> <span class='ocrx_word' id='word_1_194' title='bbox 809 1501 930 1538; x_wconf 89' lang='lat' dir='ltr'>tribus</span> <span class='ocrx_word' id='word_1_195' title='bbox 947 1499 1098 1551; x_wconf 87' lang='lat' dir='ltr'>punctis</span> <span class='ocrx_word' id='word_1_196' title='bbox 1118 1500 1336 1538; x_wconf 90' lang='lat' dir='ltr'>describan-</span> 
     </span>
     <span class='ocr_line' id='line_1_34' title="bbox 257 1552 1336 1603; baseline 0 -12"><span class='ocrx_word' id='word_1_197' title='bbox 257 1552 341 1592; x_wconf 66' lang='lat' dir='ltr'>mr</span> <span class='ocrx_word' id='word_1_198' title='bbox 349 1554 393 1591; x_wconf 74' lang='grc' dir='ltr'>’.Α</span> <span class='ocrx_word' id='word_1_199' title='bbox 418 1561 459 1591; x_wconf 84' lang='lat' dir='ltr'>et</span> <span class='ocrx_word' id='word_1_200' title='bbox 480 1554 515 1592; x_wconf 91' lang='lat' dir='ltr'>B</span> <span class='ocrx_word' id='word_1_201' title='bbox 545 1560 582 1591; x_wconf 90' lang='lat' dir='ltr'>et</span> <span class='ocrx_word' id='word_1_202' title='bbox 610 1555 657 1592; x_wconf 94' lang='lat' dir='ltr'>G.</span> <span class='ocrx_word' id='word_1_203' title='bbox 693 1555 819 1603; x_wconf 89' lang='lat' dir='ltr'>Super</span> <span class='ocrx_word' id='word_1_204' title='bbox 851 1555 955 1592; x_wconf 89' lang='lat' dir='ltr'>hunc</span> <span class='ocrx_word' id='word_1_205' title='bbox 989 1561 1118 1592; x_wconf 89' lang='lat' dir='ltr'>autem</span> <span class='ocrx_word' id='word_1_206' title='bbox 1153 1554 1336 1592; x_wconf 88' lang='lat' dir='ltr'>circulum</span> 
     </span>
     <span class='ocr_line' id='line_1_35' title="bbox 257 1604 1337 1657; baseline 0 -12"><span class='ocrx_word' id='word_1_207' title='bbox 257 1604 515 1655; x_wconf 75' lang='lat' dir='ltr'>imeffiganmr</span> <span class='ocrx_word' id='word_1_208' title='bbox 541 1606 619 1645; x_wconf 89' lang='lat' dir='ltr'>duo</span> <span class='ocrx_word' id='word_1_209' title='bbox 649 1615 778 1645; x_wconf 90' lang='lat' dir='ltr'>motus</span> <span class='ocrx_word' id='word_1_210' title='bbox 807 1607 1019 1655; x_wconf 89' lang='lat' dir='ltr'>circulares,</span> <span class='ocrx_word' id='word_1_211' title='bbox 1049 1620 1215 1657; x_wconf 89' lang='lat' dir='ltr'>quorum</span> <span class='ocrx_word' id='word_1_212' title='bbox 1237 1620 1337 1645; x_wconf 89' lang='lat' dir='ltr'>unus</span> 
     </span>
     <span class='ocr_line' id='line_1_36' title="bbox 255 1657 1336 1711; baseline -0.001 -12"><span class='ocrx_word' id='word_1_213' title='bbox 255 1657 416 1710; x_wconf 62' lang='lat' dir='ltr'>incipiat·</span> <span class='ocrx_word' id='word_1_214' title='bbox 441 1661 492 1698; x_wconf 87' lang='lat' dir='ltr'>ab</span> <span class='ocrx_word' id='word_1_215' title='bbox 519 1662 573 1708; x_wconf 87' lang='lat' dir='ltr'>A,</span> <span class='ocrx_word' id='word_1_216' title='bbox 608 1668 646 1698; x_wconf 90' lang='lat' dir='ltr'>et</span> <span class='ocrx_word' id='word_1_217' title='bbox 675 1673 748 1711; x_wconf 84' lang='lat' dir='ltr'>per</span> <span class='ocrx_word' id='word_1_218' title='bbox 774 1662 806 1699; x_wconf 91' lang='lat' dir='ltr'><strong>B</strong></span> <span class='ocrx_word' id='word_1_219' title='bbox 832 1661 952 1699; x_wconf 84' lang='lat' dir='ltr'>vadat</span> <span class='ocrx_word' id='word_1_220' title='bbox 978 1661 1019 1699; x_wconf 92' lang='lat' dir='ltr'>in</span> <span class='ocrx_word' id='word_1_221' title='bbox 1047 1662 1100 1708; x_wconf 90' lang='lat' dir='ltr'>G,</span> <span class='ocrx_word' id='word_1_222' title='bbox 1134 1669 1171 1699; x_wconf 91' lang='lat' dir='ltr'>et</span> <span class='ocrx_word' id='word_1_223' title='bbox 1197 1661 1252 1698; x_wconf 91' lang='lat' dir='ltr'>sic</span> <span class='ocrx_word' id='word_1_224' title='bbox 1278 1674 1336 1698; x_wconf 90' lang='lat' dir='ltr'>re—</span> 
     </span>
     <span class='ocr_line' id='line_1_37' title="bbox 257 1713 1334 1762; baseline 0.001 -11"><span class='ocrx_word' id='word_1_225' title='bbox 257 1718 431 1752; x_wconf 62' lang='lat' dir='ltr'>nemun·</span> <span class='ocrx_word' id='word_1_226' title='bbox 463 1713 516 1751; x_wconf 88' lang='lat' dir='ltr'>ad</span> <span class='ocrx_word' id='word_1_227' title='bbox 541 1716 599 1761; x_wconf 89' lang='lat' dir='ltr'>A;</span> <span class='ocrx_word' id='word_1_228' title='bbox 632 1714 728 1752; x_wconf 89' lang='lat' dir='ltr'>alius</span> <span class='ocrx_word' id='word_1_229' title='bbox 761 1722 890 1752; x_wconf 87' lang='lat' dir='ltr'>autem</span> <span class='ocrx_word' id='word_1_230' title='bbox 919 1723 1049 1752; x_wconf 90' lang='lat' dir='ltr'>motus</span> <span class='ocrx_word' id='word_1_231' title='bbox 1082 1727 1103 1752; x_wconf 90' lang='lat' dir='ltr'>e</span> <span class='ocrx_word' id='word_1_232' title='bbox 1132 1727 1334 1762; x_wconf 84' lang='lat' dir='ltr'>converSO,</span> 
     </span>
     <span class='ocr_line' id='line_1_38' title="bbox 258 1765 1337 1818; baseline -0.001 -12"><span class='ocrx_word' id='word_1_233' title='bbox 258 1765 447 1817; x_wconf 75' lang='lat' dir='ltr'>incipiens</span> <span class='ocrx_word' id='word_1_234' title='bbox 457 1767 516 1804; x_wconf 87' lang='lat' dir='ltr'>&#39;ab</span> <span class='ocrx_word' id='word_1_235' title='bbox 535 1769 582 1815; x_wconf 90' lang='lat' dir='ltr'>A,</span> <span class='ocrx_word' id='word_1_236' title='bbox 602 1767 729 1818; x_wconf 90' lang='lat' dir='ltr'>primo</span> <span class='ocrx_word' id='word_1_237' title='bbox 748 1769 867 1806; x_wconf 80' lang='lat' dir='ltr'>vadat</span> <span class='ocrx_word' id='word_1_238' title='bbox 885 1768 935 1806; x_wconf 89' lang='lat' dir='ltr'>ad</span> <span class='ocrx_word' id='word_1_239' title='bbox 954 1769 1002 1816; x_wconf 89' lang='lat' dir='ltr'>G,</span> <span class='ocrx_word' id='word_1_240' title='bbox 1024 1777 1061 1806; x_wconf 91' lang='lat' dir='ltr'>et</span> <span class='ocrx_word' id='word_1_241' title='bbox 1079 1768 1134 1805; x_wconf 88' lang='lat' dir='ltr'>sic</span> <span class='ocrx_word' id='word_1_242' title='bbox 1151 1768 1337 1806; x_wconf 88' lang='lat' dir='ltr'>transiens</span> 
     </span>
     <span class='ocr_line' id='line_1_39' title="bbox 259 1821 1337 1871; baseline 0.001 -13"><span class='ocrx_word' id='word_1_243' title='bbox 259 1829 333 1870; x_wconf 73' lang='lat' dir='ltr'>por</span> <span class='ocrx_word' id='word_1_244' title='bbox 344 1821 381 1858; x_wconf 79' lang='grc' dir='ltr'>Β</span> <span class='ocrx_word' id='word_1_245' title='bbox 395 1827 610 1859; x_wconf 83' lang='lat' dir='ltr'>revertatur</span> <span class='ocrx_word' id='word_1_246' title='bbox 624 1821 674 1859; x_wconf 92' lang='lat' dir='ltr'>ad</span> <span class='ocrx_word' id='word_1_247' title='bbox 687 1823 735 1859; x_wconf 87' lang='lat' dir='ltr'>A.</span> <span class='ocrx_word' id='word_1_248' title='bbox 756 1821 857 1859; x_wconf 91' lang='lat' dir='ltr'>Dicit</span> <span class='ocrx_word' id='word_1_249' title='bbox 869 1834 960 1871; x_wconf 88' lang='lat' dir='ltr'>ergo</span> <span class='ocrx_word' id='word_1_250' title='bbox 974 1822 1047 1859; x_wconf 92' lang='lat' dir='ltr'>hos</span> <span class='ocrx_word' id='word_1_251' title='bbox 1059 1822 1079 1843; x_wconf 80' lang='grc'><em>*</em></span> <span class='ocrx_word' id='word_1_252' title='bbox 1091 1822 1189 1859; x_wconf 90' lang='lat' dir='ltr'>duos</span> <span class='ocrx_word' id='word_1_253' title='bbox 1208 1830 1337 1859; x_wconf 90' lang='lat' dir='ltr'>motus</span> 
     </span>
     <span class='ocr_line' id='line_1_40' title="bbox 257 1874 1338 1925; baseline -0.001 -12"><span class='ocrx_word' id='word_1_254' title='bbox 257 1884 343 1913; x_wconf 75' lang='lat' dir='ltr'>non</span> <span class='ocrx_word' id='word_1_255' title='bbox 370 1885 455 1912; x_wconf 85' lang='lat' dir='ltr'>esse</span> <span class='ocrx_word' id='word_1_256' title='bbox 487 1874 709 1912; x_wconf 90' lang='lat' dir='ltr'>contrarios.</span> <span class='ocrx_word' id='word_1_257' title='bbox 743 1875 913 1925; x_wconf 87' lang='lat' dir='ltr'>Uterque</span> <span class='ocrx_word' id='word_1_258' title='bbox 947 1874 1051 1913; x_wconf 90' lang='lat' dir='ltr'>enim</span> <span class='ocrx_word' id='word_1_259' title='bbox 1082 1875 1223 1912; x_wconf 91' lang='lat' dir='ltr'>horum</span> <span class='ocrx_word' id='word_1_260' title='bbox 1254 1887 1338 1912; x_wconf 91' lang='lat' dir='ltr'>mo-</span> 
     </span>
     <span class='ocr_line' id='line_1_41' title="bbox 257 1927 1337 1978; baseline 0 -12"><span class='ocrx_word' id='word_1_261' title='bbox 257 1930 382 1966; x_wconf 74' lang='lat' dir='ltr'>tmtm</span> <span class='ocrx_word' id='word_1_262' title='bbox 397 1927 447 1965; x_wconf 88' lang='lat' dir='ltr'>ab</span> <span class='ocrx_word' id='word_1_263' title='bbox 474 1927 617 1966; x_wconf 90' lang='lat' dir='ltr'>eodem</span> <span class='ocrx_word' id='word_1_264' title='bbox 645 1928 786 1978; x_wconf 88' lang='lat' dir='ltr'>incipit,</span> <span class='ocrx_word' id='word_1_265' title='bbox 815 1929 956 1966; x_wconf 89' lang='lat' dir='ltr'>scilicet</span> <span class='ocrx_word' id='word_1_266' title='bbox 983 1930 1032 1966; x_wconf 91' lang='lat' dir='ltr'>ab</span> <span class='ocrx_word' id='word_1_267' title='bbox 1051 1930 1100 1977; x_wconf 91' lang='lat' dir='ltr'>A,</span> <span class='ocrx_word' id='word_1_268' title='bbox 1121 1937 1158 1966; x_wconf 92' lang='lat' dir='ltr'>et</span> <span class='ocrx_word' id='word_1_269' title='bbox 1175 1928 1215 1966; x_wconf 90' lang='lat' dir='ltr'>in</span> <span class='ocrx_word' id='word_1_270' title='bbox 1233 1928 1337 1966; x_wconf 86' lang='lat' dir='ltr'>idem</span> 
     </span>
     <span class='ocr_line' id='line_1_42' title="bbox 258 1980 1338 2031; baseline -0.002 -10"><span class='ocrx_word' id='word_1_271' title='bbox 258 1980 502 2029; x_wconf 73' lang='lat' dir='ltr'>terminatur,</span> <span class='ocrx_word' id='word_1_272' title='bbox 529 1981 671 2019; x_wconf 89' lang='lat' dir='ltr'>scilicet</span> <span class='ocrx_word' id='word_1_273' title='bbox 698 1981 738 2019; x_wconf 91' lang='lat' dir='ltr'>in</span> <span class='ocrx_word' id='word_1_274' title='bbox 755 1981 883 2031; x_wconf 87' lang='lat' dir='ltr'>ipsum</span> <span class='ocrx_word' id='word_1_275' title='bbox 903 1985 955 2028; x_wconf 89' lang='lat' dir='ltr'>A;</span> <span class='ocrx_word' id='word_1_276' title='bbox 980 1990 1019 2020; x_wconf 90' lang='lat' dir='ltr'>et</span> <span class='ocrx_word' id='word_1_277' title='bbox 1037 1982 1091 2019; x_wconf 91' lang='lat' dir='ltr'>sic</span> <span class='ocrx_word' id='word_1_278' title='bbox 1109 1990 1214 2031; x_wconf 90' lang='lat' dir='ltr'>patet</span> <span class='ocrx_word' id='word_1_279' title='bbox 1233 1983 1338 2031; x_wconf 92' lang='lat' dir='ltr'>quod</span> 
     </span>
     <span class='ocr_line' id='line_1_43' title="bbox 258 2032 1337 2085; baseline -0.001 -12"><span class='ocrx_word' id='word_1_280' title='bbox 258 2032 428 2073; x_wconf 72' lang='lat' dir='ltr'>isti-duo</span> <span class='ocrx_word' id='word_1_281' title='bbox 449 2043 582 2072; x_wconf 87' lang='lat' dir='ltr'>motus</span> <span class='ocrx_word' id='word_1_282' title='bbox 616 2047 696 2073; x_wconf 92' lang='lat' dir='ltr'>non</span> <span class='ocrx_word' id='word_1_283' title='bbox 724 2035 907 2085; x_wconf 91' lang='lat' dir='ltr'>incipiunt</span> <span class='ocrx_word' id='word_1_284' title='bbox 935 2048 957 2073; x_wconf 88' lang='lat' dir='ltr'>a</span> <span class='ocrx_word' id='word_1_285' title='bbox 985 2036 1188 2084; x_wconf 85' lang='lat' dir='ltr'>contrario,</span> <span class='ocrx_word' id='word_1_286' title='bbox 1210 2048 1337 2084; x_wconf 89' lang='lat' dir='ltr'>neque</span> 
     </span>
     <span class='ocr_line' id='line_1_44' title="bbox 258 2086 1337 2135; baseline 0 -9"><span class='ocrx_word' id='word_1_287' title='bbox 258 2086 511 2126; x_wconf 68' lang='lat' dir='ltr'>nmxinamur</span> <span class='ocrx_word' id='word_1_288' title='bbox 530 2089 578 2126; x_wconf 88' lang='lat' dir='ltr'>ad</span> <span class='ocrx_word' id='word_1_289' title='bbox 599 2089 848 2135; x_wconf 85' lang='lat' dir='ltr'>contrarium;</span> <span class='ocrx_word' id='word_1_290' title='bbox 874 2089 1084 2127; x_wconf 90' lang='lat' dir='ltr'>contrarius</span> <span class='ocrx_word' id='word_1_291' title='bbox 1103 2097 1232 2127; x_wconf 90' lang='lat' dir='ltr'>autem</span> <span class='ocrx_word' id='word_1_292' title='bbox 1252 2101 1337 2127; x_wconf 90' lang='lat' dir='ltr'>mo-</span> 
     </span>
     <span class='ocr_line' id='line_1_45' title="bbox 258 2140 1335 2190; baseline 0.001 -11"><span class='ocrx_word' id='word_1_293' title='bbox 258 2140 479 2179; x_wconf 59' lang='lat' dir='ltr'>tue-‹toealis</span> <span class='ocrx_word' id='word_1_294' title='bbox 508 2149 565 2179; x_wconf 88' lang='lat' dir='ltr'>est</span> <span class='ocrx_word' id='word_1_295' title='bbox 591 2141 659 2190; x_wconf 90' lang='lat' dir='ltr'>qui</span> <span class='ocrx_word' id='word_1_296' title='bbox 688 2150 744 2179; x_wconf 91' lang='lat' dir='ltr'>est</span> <span class='ocrx_word' id='word_1_297' title='bbox 762 2154 785 2179; x_wconf 90' lang='lat' dir='ltr'>a</span> <span class='ocrx_word' id='word_1_298' title='bbox 804 2142 994 2180; x_wconf 90' lang='lat' dir='ltr'>contrario</span> <span class='ocrx_word' id='word_1_299' title='bbox 1022 2142 1063 2180; x_wconf 89' lang='lat' dir='ltr'>in</span> <span class='ocrx_word' id='word_1_300' title='bbox 1091 2142 1335 2180; x_wconf 89' lang='lat' dir='ltr'>contrarium.</span> 
     </span>
     <span class='ocr_line' id='line_1_46' title="bbox 259 2193 1337 2247; baseline 0.002 -16"><span class='ocrx_word' id='word_1_301' title='bbox 259 2193 371 2231; x_wconf 69' lang='lat' dir='ltr'>Patet</span> <span class='ocrx_word' id='word_1_302' title='bbox 397 2206 488 2242; x_wconf 88' lang='lat' dir='ltr'>ergo</span> <span class='ocrx_word' id='word_1_303' title='bbox 517 2195 734 2243; x_wconf 86' lang='lat' dir='ltr'>praedictos</span> <span class='ocrx_word' id='word_1_304' title='bbox 762 2202 891 2232; x_wconf 90' lang='lat' dir='ltr'>motus</span> <span class='ocrx_word' id='word_1_305' title='bbox 920 2195 1120 2233; x_wconf 90' lang='lat' dir='ltr'>circulares</span> <span class='ocrx_word' id='word_1_306' title='bbox 1147 2208 1235 2247; x_wconf 53' lang='lat' dir='ltr'>non,</span> <span class='ocrx_word' id='word_1_307' title='bbox 1253 2208 1337 2233; x_wconf 90' lang='lat' dir='ltr'>esse</span> 
     </span>
     <span class='ocr_line' id='line_1_47' title="bbox 260 2247 487 2286; baseline 0 0"><span class='ocrx_word' id='word_1_308' title='bbox 260 2247 487 2286; x_wconf 79' lang='lat' dir='ltr'>contrarios.</span> 
     </span>
    </p>

    <p class='ocr_par' dir='ltr' id='par_1_17' title="bbox 321 2300 1336 2339">
     <span class='ocr_line' id='line_1_48' title="bbox 321 2300 1336 2339; baseline 0 0"><span class='ocrx_word' id='word_1_309' title='bbox 321 2301 381 2339; x_wconf 83' lang='lat'>13.</span> <span class='ocrx_word' id='word_1_310' title='bbox 410 2300 551 2338; x_wconf 91' lang='lat' dir='ltr'>Obiicit</span> <span class='ocrx_word' id='word_1_311' title='bbox 579 2309 707 2338; x_wconf 87' lang='lat' dir='ltr'>autem</span> <span class='ocrx_word' id='word_1_312' title='bbox 736 2308 868 2339; x_wconf 91' lang='lat' dir='ltr'>contra</span> <span class='ocrx_word' id='word_1_313' title='bbox 893 2302 970 2339; x_wconf 88' lang='lat' dir='ltr'>hoc</span> <span class='ocrx_word' id='word_1_314' title='bbox 1001 2301 1139 2339; x_wconf 88' lang='lat' dir='ltr'>iterum</span> <span class='ocrx_word' id='word_1_315' title='bbox 1172 2303 1336 2339; x_wconf 88' lang='lat' dir='ltr'>loannes</span> 
     </span>
    </p>
   </div>
   <div class='ocr_carea' id='block_1_17' title="bbox 172 2345 1335 2405">
    <p class='ocr_par' dir='ltr' id='par_1_18' title="bbox 172 2345 1335 2405">
     <span class='ocr_line' id='line_1_49' title="bbox 172 2345 1335 2405; baseline 0 -13"><span class='ocrx_word' id='word_1_316' title='bbox 172 2347 182 2357; x_wconf 59' lang='grc'>“</span> <span class='ocrx_word' id='word_1_317' title='bbox 212 2345 227 2356; x_wconf 30' lang='grc' dir='ltr'><em>Ἀ</em></span> <span class='ocrx_word' id='word_1_318' title='bbox 260 2353 555 2393; x_wconf 77' lang='lat' dir='ltr'>Grammaticus.</span> <span class='ocrx_word' id='word_1_319' title='bbox 586 2354 716 2392; x_wconf 91' lang='lat' dir='ltr'>Primo</span> <span class='ocrx_word' id='word_1_320' title='bbox 746 2354 905 2404; x_wconf 91' lang='lat' dir='ltr'>quidem</span> <span class='ocrx_word' id='word_1_321' title='bbox 933 2354 1023 2405; x_wconf 91' lang='lat' dir='ltr'>quia</span> <span class='ocrx_word' id='word_1_322' title='bbox 1043 2355 1082 2392; x_wconf 91' lang='lat' dir='ltr'>in</span> <span class='ocrx_word' id='word_1_323' title='bbox 1101 2355 1261 2392; x_wconf 89' lang='lat' dir='ltr'>diversis</span> <span class='ocrx_word' id='word_1_324' title='bbox 1280 2355 1335 2392; x_wconf 90' lang='lat' dir='ltr'>vi·</span> 
     </span>
    </p>
   </div>
   <div class='ocr_carea' id='block_1_18' title="bbox 260 2407 1336 2501">
    <p class='ocr_par' dir='ltr' id='par_1_19' title="bbox 260 2407 1336 2501">
     <span class='ocr_line' id='line_1_50' title="bbox 260 2407 1336 2447; baseline -0.002 0"><span class='ocrx_word' id='word_1_325' title='bbox 260 2407 372 2447; x_wconf 77' lang='lat' dir='ltr'>detur</span> <span class='ocrx_word' id='word_1_326' title='bbox 385 2419 470 2445; x_wconf 85' lang='lat' dir='ltr'>esse</span> <span class='ocrx_word' id='word_1_327' title='bbox 485 2407 638 2445; x_wconf 84' lang='lat' dir='ltr'>diversa</span> <span class='ocrx_word' id='word_1_328' title='bbox 652 2407 746 2445; x_wconf 90' lang='lat' dir='ltr'>ratio</span> <span class='ocrx_word' id='word_1_329' title='bbox 763 2408 1047 2446; x_wconf 89' lang='lat' dir='ltr'>contrarietatis.</span> <span class='ocrx_word' id='word_1_330' title='bbox 1064 2408 1219 2446; x_wconf 89' lang='lat' dir='ltr'>Moveri</span> <span class='ocrx_word' id='word_1_331' title='bbox 1234 2408 1336 2446; x_wconf 90' lang='lat' dir='ltr'>enim</span> 
     </span>
     <span class='ocr_line' id='line_1_51' title="bbox 260 2461 1335 2501; baseline -0.001 -1"><span class='ocrx_word' id='word_1_332' title='bbox 260 2473 295 2501; x_wconf 64' lang='lat' dir='ltr'>av</span> <span class='ocrx_word' id='word_1_333' title='bbox 311 2461 503 2499; x_wconf 75' lang='lat' dir='ltr'>contrario</span> <span class='ocrx_word' id='word_1_334' title='bbox 523 2461 564 2499; x_wconf 91' lang='lat' dir='ltr'>in</span> <span class='ocrx_word' id='word_1_335' title='bbox 583 2461 815 2499; x_wconf 87' lang='lat' dir='ltr'>contrarium</span> <span class='ocrx_word' id='word_1_336' title='bbox 845 2462 1070 2500; x_wconf 86' lang='lat' dir='ltr'>determinat</span> <span class='ocrx_word' id='word_1_337' title='bbox 1092 2461 1335 2500; x_wconf 88' lang='lat' dir='ltr'>contrarieta-</span> 
     </span>
    </p>
   </div>
   <div class='ocr_carea' id='block_1_19' title="bbox 223 2514 1335 2565">
    <p class='ocr_par' dir='ltr' id='par_1_20' title="bbox 223 2514 1335 2565">
     <span class='ocr_line' id='line_1_52' title="bbox 223 2514 1335 2565; baseline 0 -13"><span class='ocrx_word' id='word_1_338' title='bbox 223 2530 227 2533; x_wconf 94' lang='lat'>·</span> <span class='ocrx_word' id='word_1_339' title='bbox 260 2522 340 2553; x_wconf 86' lang='lat' dir='ltr'>tem</span> <span class='ocrx_word' id='word_1_340' title='bbox 367 2514 408 2552; x_wconf 91' lang='lat' dir='ltr'>in</span> <span class='ocrx_word' id='word_1_341' title='bbox 435 2514 604 2552; x_wconf 89' lang='lat' dir='ltr'>motibus</span> <span class='ocrx_word' id='word_1_342' title='bbox 633 2514 766 2552; x_wconf 89' lang='lat' dir='ltr'>rectis:</span> <span class='ocrx_word' id='word_1_343' title='bbox 794 2515 898 2553; x_wconf 89' lang='lat' dir='ltr'>unde</span> <span class='ocrx_word' id='word_1_344' title='bbox 918 2528 998 2554; x_wconf 89' lang='lat' dir='ltr'>non</span> <span class='ocrx_word' id='word_1_345' title='bbox 1017 2523 1180 2565; x_wconf 90' lang='lat' dir='ltr'>oportet,</span> <span class='ocrx_word' id='word_1_346' title='bbox 1201 2516 1232 2553; x_wconf 90' lang='lat' dir='ltr'>si</span> <span class='ocrx_word' id='word_1_347' title='bbox 1251 2515 1335 2553; x_wconf 89' lang='lat' dir='ltr'>talis</span> 
     </span>
    </p>
   </div>
   <div class='ocr_carea' id='block_1_20' title="bbox 257 2567 1339 3249">
    <p class='ocr_par' dir='ltr' id='par_1_21' title="bbox 257 2567 1339 3151">
     <span class='ocr_line' id='line_1_53' title="bbox 261 2567 1335 2619; baseline 0.001 -14"><span class='ocrx_word' id='word_1_348' title='bbox 261 2567 506 2610; x_wconf 78' lang='lat' dir='ltr'>contrarietas</span> <span class='ocrx_word' id='word_1_349' title='bbox 530 2580 611 2606; x_wconf 91' lang='lat' dir='ltr'>non</span> <span class='ocrx_word' id='word_1_350' title='bbox 630 2576 688 2606; x_wconf 89' lang='lat' dir='ltr'>est</span> <span class='ocrx_word' id='word_1_351' title='bbox 706 2569 746 2606; x_wconf 91' lang='lat' dir='ltr'>in</span> <span class='ocrx_word' id='word_1_352' title='bbox 763 2569 932 2607; x_wconf 90' lang='lat' dir='ltr'>motibus</span> <span class='ocrx_word' id='word_1_353' title='bbox 951 2569 1208 2617; x_wconf 89' lang='lat' dir='ltr'>circularibus,</span> <span class='ocrx_word' id='word_1_354' title='bbox 1229 2569 1335 2619; x_wconf 92' lang='lat' dir='ltr'>quod</span> 
     </span>
     <span class='ocr_line' id='line_1_54' title="bbox 259 2622 1333 2672; baseline -0.001 -12"><span class='ocrx_word' id='word_1_355' title='bbox 259 2629 419 2672; x_wconf 80' lang='lat' dir='ltr'>propter</span> <span class='ocrx_word' id='word_1_356' title='bbox 444 2622 520 2660; x_wconf 92' lang='lat' dir='ltr'>hoc</span> <span class='ocrx_word' id='word_1_357' title='bbox 543 2622 648 2660; x_wconf 90' lang='lat' dir='ltr'>nulla</span> <span class='ocrx_word' id='word_1_358' title='bbox 667 2622 912 2660; x_wconf 90' lang='lat' dir='ltr'>contrarietas</span> <span class='ocrx_word' id='word_1_359' title='bbox 931 2622 971 2660; x_wconf 91' lang='lat' dir='ltr'>in</span> <span class='ocrx_word' id='word_1_360' title='bbox 990 2622 1044 2660; x_wconf 89' lang='lat' dir='ltr'>eis</span> <span class='ocrx_word' id='word_1_361' title='bbox 1064 2635 1147 2660; x_wconf 90' lang='lat' dir='ltr'>esse</span> <span class='ocrx_word' id='word_1_362' title='bbox 1166 2623 1333 2672; x_wconf 88' lang='lat' dir='ltr'>possit.-.</span> 
     </span>
     <span class='ocr_line' id='line_1_55' title="bbox 261 2675 1335 2724; baseline 0.001 -11"><span class='ocrx_word' id='word_1_363' title='bbox 261 2676 372 2724; x_wconf 80' lang='lat' dir='ltr'>Item,</span> <span class='ocrx_word' id='word_1_364' title='bbox 396 2675 496 2713; x_wconf 87' lang='lat' dir='ltr'>sicut</span> <span class='ocrx_word' id='word_1_365' title='bbox 524 2683 580 2713; x_wconf 86' lang='lat' dir='ltr'>est</span> <span class='ocrx_word' id='word_1_366' title='bbox 599 2675 648 2714; x_wconf 93' lang='lat' dir='ltr'>de</span> <span class='ocrx_word' id='word_1_367' title='bbox 667 2675 814 2714; x_wconf 89' lang='lat' dir='ltr'>ratione</span> <span class='ocrx_word' id='word_1_368' title='bbox 843 2684 972 2714; x_wconf 89' lang='lat' dir='ltr'>motus</span> <span class='ocrx_word' id='word_1_369' title='bbox 997 2677 1173 2714; x_wconf 89' lang='lat' dir='ltr'>contrarii</span> <span class='ocrx_word' id='word_1_370' title='bbox 1193 2677 1233 2714; x_wconf 91' lang='lat' dir='ltr'>in</span> <span class='ocrx_word' id='word_1_371' title='bbox 1252 2689 1335 2714; x_wconf 90' lang='lat' dir='ltr'>mo-</span> 
     </span>
     <span class='ocr_line' id='line_1_56' title="bbox 259 2728 1334 2778; baseline 0.001 -11"><span class='ocrx_word' id='word_1_372' title='bbox 259 2729 360 2768; x_wconf 86' lang='lat' dir='ltr'>tibus</span> <span class='ocrx_word' id='word_1_373' title='bbox 385 2728 500 2767; x_wconf 83' lang='lat' dir='ltr'>rectis</span> <span class='ocrx_word' id='word_1_374' title='bbox 526 2728 635 2777; x_wconf 87' lang='lat' dir='ltr'>quod</span> <span class='ocrx_word' id='word_1_375' title='bbox 662 2729 709 2767; x_wconf 90' lang='lat' dir='ltr'>sit</span> <span class='ocrx_word' id='word_1_376' title='bbox 737 2729 785 2767; x_wconf 92' lang='lat' dir='ltr'>de</span> <span class='ocrx_word' id='word_1_377' title='bbox 815 2730 1004 2767; x_wconf 87' lang='lat' dir='ltr'>contrario</span> <span class='ocrx_word' id='word_1_378' title='bbox 1029 2730 1068 2767; x_wconf 93' lang='lat' dir='ltr'>in</span> <span class='ocrx_word' id='word_1_379' title='bbox 1089 2730 1334 2778; x_wconf 88' lang='lat' dir='ltr'>contrarium,</span> 
     </span>
     <span class='ocr_line' id='line_1_57' title="bbox 258 2782 1334 2833; baseline 0 -12"><span class='ocrx_word' id='word_1_380' title='bbox 258 2782 312 2821; x_wconf 76' lang='lat' dir='ltr'>ita</span> <span class='ocrx_word' id='word_1_381' title='bbox 339 2789 396 2820; x_wconf 84' lang='lat' dir='ltr'>est</span> <span class='ocrx_word' id='word_1_382' title='bbox 414 2782 465 2821; x_wconf 87' lang='lat' dir='ltr'>de</span> <span class='ocrx_word' id='word_1_383' title='bbox 483 2783 630 2820; x_wconf 83' lang='lat' dir='ltr'>ratione</span> <span class='ocrx_word' id='word_1_384' title='bbox 648 2790 777 2820; x_wconf 90' lang='lat' dir='ltr'>motus</span> <span class='ocrx_word' id='word_1_385' title='bbox 806 2783 913 2833; x_wconf 89' lang='lat' dir='ltr'>quod</span> <span class='ocrx_word' id='word_1_386' title='bbox 931 2783 976 2820; x_wconf 93' lang='lat' dir='ltr'>sit</span> <span class='ocrx_word' id='word_1_387' title='bbox 995 2783 1044 2820; x_wconf 91' lang='lat' dir='ltr'>de</span> <span class='ocrx_word' id='word_1_388' title='bbox 1063 2796 1141 2821; x_wconf 90' lang='lat' dir='ltr'>uno</span> <span class='ocrx_word' id='word_1_389' title='bbox 1162 2784 1201 2821; x_wconf 90' lang='lat' dir='ltr'>in</span> <span class='ocrx_word' id='word_1_390' title='bbox 1220 2783 1334 2821; x_wconf 91' lang='lat' dir='ltr'>aliud.</span> 
     </span>
     <span class='ocr_line' id='line_1_58' title="bbox 259 2836 1336 2885; baseline 0 -11"><span class='ocrx_word' id='word_1_391' title='bbox 259 2836 335 2875; x_wconf 81' lang='lat' dir='ltr'>Per</span> <span class='ocrx_word' id='word_1_392' title='bbox 346 2836 424 2874; x_wconf 84' lang='lat' dir='ltr'>hoc</span> <span class='ocrx_word' id='word_1_393' title='bbox 442 2843 572 2874; x_wconf 86' lang='lat' dir='ltr'>autem</span> <span class='ocrx_word' id='word_1_394' title='bbox 587 2836 694 2885; x_wconf 93' lang='lat' dir='ltr'>quod</span> <span class='ocrx_word' id='word_1_395' title='bbox 706 2843 835 2874; x_wconf 88' lang='lat' dir='ltr'>motus</span> <span class='ocrx_word' id='word_1_396' title='bbox 850 2837 1040 2874; x_wconf 89' lang='lat' dir='ltr'>circularis</span> <span class='ocrx_word' id='word_1_397' title='bbox 1055 2845 1111 2875; x_wconf 93' lang='lat' dir='ltr'>est</span> <span class='ocrx_word' id='word_1_398' title='bbox 1129 2838 1180 2874; x_wconf 89' lang='lat' dir='ltr'>ab</span> <span class='ocrx_word' id='word_1_399' title='bbox 1195 2837 1336 2875; x_wconf 91' lang='lat' dir='ltr'>eodem</span> 
     </span>
     <span class='ocr_line' id='line_1_59' title="bbox 257 2889 1337 2938; baseline 0.001 -11"><span class='ocrx_word' id='word_1_400' title='bbox 257 2889 301 2927; x_wconf 79' lang='lat' dir='ltr'>in</span> <span class='ocrx_word' id='word_1_401' title='bbox 325 2889 446 2937; x_wconf 84' lang='lat' dir='ltr'>idem,</span> <span class='ocrx_word' id='word_1_402' title='bbox 475 2902 555 2927; x_wconf 90' lang='lat' dir='ltr'>non</span> <span class='ocrx_word' id='word_1_403' title='bbox 582 2890 708 2927; x_wconf 84' lang='lat' dir='ltr'>solum</span> <span class='ocrx_word' id='word_1_404' title='bbox 737 2890 943 2928; x_wconf 84' lang='lat' dir='ltr'>excluditur</span> <span class='ocrx_word' id='word_1_405' title='bbox 970 2890 1078 2938; x_wconf 89' lang='lat' dir='ltr'>quod</span> <span class='ocrx_word' id='word_1_406' title='bbox 1105 2903 1186 2928; x_wconf 91' lang='lat' dir='ltr'>non</span> <span class='ocrx_word' id='word_1_407' title='bbox 1214 2891 1260 2928; x_wconf 90' lang='lat' dir='ltr'>sit</span> <span class='ocrx_word' id='word_1_408' title='bbox 1288 2891 1337 2928; x_wconf 94' lang='lat' dir='ltr'>de</span> 
     </span>
     <span class='ocr_line' id='line_1_60' title="bbox 261 2941 1339 2992; baseline 0.002 -13"><span class='ocrx_word' id='word_1_409' title='bbox 261 2941 451 2980; x_wconf 83' lang='lat' dir='ltr'>contrario</span> <span class='ocrx_word' id='word_1_410' title='bbox 475 2942 515 2980; x_wconf 87' lang='lat' dir='ltr'>in</span> <span class='ocrx_word' id='word_1_411' title='bbox 535 2943 778 2991; x_wconf 86' lang='lat' dir='ltr'>contrarium,</span> <span class='ocrx_word' id='word_1_412' title='bbox 808 2944 877 2981; x_wconf 91' lang='lat' dir='ltr'>sed</span> <span class='ocrx_word' id='word_1_413' title='bbox 905 2943 1020 2981; x_wconf 88' lang='lat' dir='ltr'>etiam</span> <span class='ocrx_word' id='word_1_414' title='bbox 1049 2944 1156 2992; x_wconf 93' lang='lat' dir='ltr'>quod</span> <span class='ocrx_word' id='word_1_415' title='bbox 1184 2957 1264 2982; x_wconf 93' lang='lat' dir='ltr'>non</span> <span class='ocrx_word' id='word_1_416' title='bbox 1292 2944 1339 2981; x_wconf 90' lang='lat' dir='ltr'>sit</span> 
     </span>
     <span class='ocr_line' id='line_1_61' title="bbox 263 2994 1337 3044; baseline 0.003 -12"><span class='ocrx_word' id='word_1_417' title='bbox 263 2994 313 3033; x_wconf 87' lang='lat' dir='ltr'>de</span> <span class='ocrx_word' id='word_1_418' title='bbox 339 3007 418 3032; x_wconf 90' lang='lat' dir='ltr'>uno</span> <span class='ocrx_word' id='word_1_419' title='bbox 446 2995 487 3032; x_wconf 92' lang='lat' dir='ltr'>in</span> <span class='ocrx_word' id='word_1_420' title='bbox 514 2996 629 3035; x_wconf 87' lang='lat' dir='ltr'>aliud.</span> <span class='ocrx_word' id='word_1_421' title='bbox 659 2997 762 3044; x_wconf 86' lang='lat' dir='ltr'>Ergo</span> <span class='ocrx_word' id='word_1_422' title='bbox 790 3009 871 3034; x_wconf 89' lang='lat' dir='ltr'>non</span> <span class='ocrx_word' id='word_1_423' title='bbox 899 2998 1025 3035; x_wconf 89' lang='lat' dir='ltr'>solum</span> <span class='ocrx_word' id='word_1_424' title='bbox 1052 2998 1262 3035; x_wconf 84' lang='lat' dir='ltr'>excluditur</span> <span class='ocrx_word' id='word_1_425' title='bbox 1281 3004 1295 3018; x_wconf 84' lang='lat'><em>⁰</em></span> <span class='ocrx_word' id='word_1_426' title='bbox 1315 3011 1337 3035; x_wconf 91' lang='lat' dir='ltr'>a</span> 
     </span>
     <span class='ocr_line' id='line_1_62' title="bbox 262 3047 1338 3099; baseline 0.002 -13"><span class='ocrx_word' id='word_1_427' title='bbox 262 3047 431 3086; x_wconf 89' lang='lat' dir='ltr'>motibus</span> <span class='ocrx_word' id='word_1_428' title='bbox 459 3048 702 3087; x_wconf 84' lang='lat' dir='ltr'>circularibus</span> <span class='ocrx_word' id='word_1_429' title='bbox 730 3050 837 3098; x_wconf 92' lang='lat' dir='ltr'>quod</span> <span class='ocrx_word' id='word_1_430' title='bbox 856 3063 935 3088; x_wconf 92' lang='lat' dir='ltr'>non</span> <span class='ocrx_word' id='word_1_431' title='bbox 959 3050 1034 3088; x_wconf 91' lang='lat' dir='ltr'>sint</span> <span class='ocrx_word' id='word_1_432' title='bbox 1061 3051 1248 3099; x_wconf 90' lang='lat' dir='ltr'>contrarii,</span> <span class='ocrx_word' id='word_1_433' title='bbox 1269 3051 1338 3089; x_wconf 92' lang='lat' dir='ltr'>sed</span> 
     </span>
     <span class='ocr_line' id='line_1_63' title="bbox 263 3101 1067 3151; baseline 0.004 -13"><span class='ocrx_word' id='word_1_434' title='bbox 263 3101 377 3139; x_wconf 89' lang='lat' dir='ltr'>etiam</span> <span class='ocrx_word' id='word_1_435' title='bbox 405 3102 512 3149; x_wconf 88' lang='lat' dir='ltr'>quod</span> <span class='ocrx_word' id='word_1_436' title='bbox 538 3102 690 3151; x_wconf 90' lang='lat' dir='ltr'>penitus</span> <span class='ocrx_word' id='word_1_437' title='bbox 716 3115 798 3141; x_wconf 92' lang='lat' dir='ltr'>non</span> <span class='ocrx_word' id='word_1_438' title='bbox 826 3103 899 3142; x_wconf 91' lang='lat' dir='ltr'>sint</span> <span class='ocrx_word' id='word_1_439' title='bbox 926 3111 1067 3141; x_wconf 88' lang='lat' dir='ltr'>motus.</span> 
     </span>
    </p>

    <p class='ocr_par' dir='ltr' id='par_1_22' title="bbox 263 3154 1338 3249">
     <span class='ocr_line' id='line_1_64' title="bbox 316 3154 1338 3207; baseline 0.005 -16"><span class='ocrx_word' id='word_1_440' title='bbox 316 3154 534 3192; x_wconf 89' lang='lat' dir='ltr'>Dicendum</span> <span class='ocrx_word' id='word_1_441' title='bbox 563 3163 620 3192; x_wconf 90' lang='lat' dir='ltr'>est</span> <span class='ocrx_word' id='word_1_442' title='bbox 648 3162 776 3194; x_wconf 90' lang='lat' dir='ltr'>autem</span> <span class='ocrx_word' id='word_1_443' title='bbox 804 3157 853 3194; x_wconf 90' lang='lat' dir='ltr'>ad</span> <span class='ocrx_word' id='word_1_444' title='bbox 881 3157 1047 3206; x_wconf 90' lang='lat' dir='ltr'>primum</span> <span class='ocrx_word' id='word_1_445' title='bbox 1077 3157 1183 3207; x_wconf 88' lang='lat' dir='ltr'>quod</span> <span class='ocrx_word' id='word_1_446' title='bbox 1212 3171 1295 3196; x_wconf 94' lang='lat' dir='ltr'>esse</span> <span class='ocrx_word' id='word_1_447' title='bbox 1314 3171 1338 3196; x_wconf 92' lang='lat' dir='ltr'>a</span> 
     </span>
     <span class='ocr_line' id='line_1_65' title="bbox 263 3209 1337 3249; baseline 0.003 -3"><span class='ocrx_word' id='word_1_448' title='bbox 263 3216 452 3247; x_wconf 77' lang='lat' dir='ltr'>contrario</span> <span class='ocrx_word' id='word_1_449' title='bbox 471 3220 511 3246; x_wconf 79' lang='lat' dir='ltr'>in</span> <span class='ocrx_word' id='word_1_450' title='bbox 527 3209 759 3246; x_wconf 86' lang='lat' dir='ltr'>contrarium</span> <span class='ocrx_word' id='word_1_451' title='bbox 777 3222 858 3247; x_wconf 88' lang='lat' dir='ltr'>non</span> <span class='ocrx_word' id='word_1_452' title='bbox 877 3218 934 3248; x_wconf 90' lang='lat' dir='ltr'>est</span> <span class='ocrx_word' id='word_1_453' title='bbox 951 3211 1046 3248; x_wconf 89' lang='lat' dir='ltr'>ratio</span> <span class='ocrx_word' id='word_1_454' title='bbox 1066 3212 1337 3249; x_wconf 87' lang='lat' dir='ltr'>contrarietatis</span> 
     </span>
    </p>
   </div>
   <div class='ocr_carea' id='block_1_21' title="bbox 258 3358 1337 3679">
    <p class='ocr_par' dir='ltr' id='par_1_23' title="bbox 262 3358 1337 3428">
     <span class='ocr_line' id='line_1_66' title="bbox 318 3358 1337 3402; baseline 0.002 -16"><span class='ocrx_word' id='word_1_455' title='bbox 318 3360 347 3394; x_wconf 79' lang='grc' dir='ltr'>π)</span> <span class='ocrx_word' id='word_1_456' title='bbox 368 3360 439 3386; x_wconf 75' lang='lat' dir='ltr'>inter</span> <span class='ocrx_word' id='word_1_457' title='bbox 458 3360 486 3385; x_wconf 89' lang='lat' dir='ltr'><em>E</em></span> <span class='ocrx_word' id='word_1_458' title='bbox 500 3363 527 3385; x_wconf 93' lang='lat' dir='ltr'>et</span> <span class='ocrx_word' id='word_1_459' title='bbox 546 3360 607 3384; x_wconf 89' lang='lat' dir='ltr'>Z.-</span> <span class='ocrx_word' id='word_1_460' title='bbox 625 3359 696 3384; x_wconf 84' lang='lat' dir='ltr'>inter</span> <span class='ocrx_word' id='word_1_461' title='bbox 716 3358 792 3384; x_wconf 88' lang='lat' dir='ltr'>ETZ</span> <span class='ocrx_word' id='word_1_462' title='bbox 805 3359 839 3390; x_wconf 88' lang='lat' dir='ltr'>P,</span> <span class='ocrx_word' id='word_1_463' title='bbox 864 3359 942 3385; x_wconf 85' lang='lat' dir='ltr'>simili</span> <span class='ocrx_word' id='word_1_464' title='bbox 961 3361 1041 3385; x_wconf 84' lang='lat' dir='ltr'>modo</span> <span class='ocrx_word' id='word_1_465' title='bbox 1059 3361 1080 3385; x_wconf 92' lang='lat' dir='ltr'>P</span> <span class='ocrx_word' id='word_1_466' title='bbox 1098 3361 1142 3386; x_wconf 88' lang='lat' dir='ltr'>lin.</span> <span class='ocrx_word' id='word_1_467' title='bbox 1153 3369 1213 3402; x_wconf 67' lang='lat' dir='ltr'>seq.</span> <span class='ocrx_word' id='word_1_468' title='bbox 1227 3370 1274 3395; x_wconf 88' lang='lat' dir='ltr'>pro</span> <span class='ocrx_word' id='word_1_469' title='bbox 1300 3363 1337 3387; x_wconf 82' lang='lat' dir='ltr'>Et</span> 
     </span>
     <span class='ocr_line' id='line_1_67' title="bbox 262 3394 1242 3428; baseline 0.001 -7"><span class='ocrx_word' id='word_1_470' title='bbox 262 3395 341 3421; x_wconf 80' lang='lat' dir='ltr'>habet</span> <span class='ocrx_word' id='word_1_471' title='bbox 360 3395 418 3426; x_wconf 80' lang='grc' dir='ltr'>ΕΖ,</span> <span class='ocrx_word' id='word_1_472' title='bbox 438 3396 474 3421; x_wconf 81' lang='lat' dir='ltr'>ita</span> <span class='ocrx_word' id='word_1_473' title='bbox 490 3400 520 3420; x_wconf 91' lang='lat' dir='ltr'>ut</span> <span class='ocrx_word' id='word_1_474' title='bbox 538 3395 608 3428; x_wconf 79' lang='lat' dir='ltr'>legat</span> <span class='ocrx_word' id='word_1_475' title='bbox 623 3395 672 3420; x_wconf 78' lang='lat' dir='ltr'>sed</span> <span class='ocrx_word' id='word_1_476' title='bbox 690 3394 823 3420; x_wconf 83' lang='lat' dir='ltr'>diametro</span> <span class='ocrx_word' id='word_1_477' title='bbox 842 3395 898 3420; x_wconf 66' lang='lat' dir='ltr'>H.</span> <span class='ocrx_word' id='word_1_478' title='bbox 915 3395 1012 3421; x_wconf 82' lang='lat' dir='ltr'>Adhuc</span> <span class='ocrx_word' id='word_1_479' title='bbox 1029 3396 1085 3421; x_wconf 83' lang='lat' dir='ltr'>alia</span> <span class='ocrx_word' id='word_1_480' title='bbox 1103 3396 1174 3422; x_wconf 66' lang='lat' dir='ltr'>ratio</span> <span class='ocrx_word' id='word_1_481' title='bbox 1192 3402 1242 3423; x_wconf 85' lang='lat' dir='ltr'>etc.</span> 
     </span>
    </p>

    <p class='ocr_par' dir='ltr' id='par_1_24' title="bbox 258 3430 1335 3500">
     <span class='ocr_line' id='line_1_68' title="bbox 318 3430 1335 3465; baseline 0.002 -9"><span class='ocrx_word' id='word_1_482' title='bbox 318 3431 343 3465; x_wconf 84' lang='grc' dir='ltr'>ρ)</span> <span class='ocrx_word' id='word_1_483' title='bbox 362 3431 435 3464; x_wconf 77' lang='lat' dir='ltr'>quod</span> <span class='ocrx_word' id='word_1_484' title='bbox 453 3431 507 3464; x_wconf 72' lang='lat' dir='ltr'>iam</span> <span class='ocrx_word' id='word_1_485' title='bbox 526 3430 644 3456; x_wconf 81' lang='lat' dir='ltr'>ostendit</span> <span class='ocrx_word' id='word_1_486' title='bbox 663 3430 838 3463; x_wconf 82' lang='lat' dir='ltr'>Philosophus</span> <span class='ocrx_word' id='word_1_487' title='bbox 857 3430 891 3455; x_wconf 85' lang='lat' dir='ltr'>de</span> <span class='ocrx_word' id='word_1_488' title='bbox 913 3431 1148 3456; x_wconf 72' lang='lat' dir='ltr'>contrarietate.</span> <span class='ocrx_word' id='word_1_489' title='bbox 1127 3433 1234 3464; x_wconf 76' lang='lat' dir='ltr'>—quod</span> <span class='ocrx_word' id='word_1_490' title='bbox 1251 3440 1335 3465; x_wconf 76' lang='lat' dir='ltr'>supra</span> 
     </span>
     <span class='ocr_line' id='line_1_69' title="bbox 258 3466 791 3500; baseline -0.004 -8"><span class='ocrx_word' id='word_1_491' title='bbox 258 3469 421 3500; x_wconf 78' lang='lat' dir='ltr'>prosecutus</span> <span class='ocrx_word' id='word_1_492' title='bbox 439 3470 480 3492; x_wconf 87' lang='lat' dir='ltr'>est</span> <span class='ocrx_word' id='word_1_493' title='bbox 498 3467 532 3492; x_wconf 88' lang='lat' dir='ltr'>de</span> <span class='ocrx_word' id='word_1_494' title='bbox 549 3466 742 3492; x_wconf 80' lang='lat' dir='ltr'>contrarietate</span> <span class='ocrx_word' id='word_1_495' title='bbox 759 3467 791 3491; x_wconf 88' lang='grc' dir='ltr'>Α.</span> 
     </span>
    </p>

    <p class='ocr_par' dir='ltr' id='par_1_25' title="bbox 262 3501 1335 3679">
     <span class='ocr_line' id='line_1_70' title="bbox 318 3501 1334 3536; baseline 0 -8"><span class='ocrx_word' id='word_1_496' title='bbox 318 3501 346 3536; x_wconf 78' lang='lat' dir='ltr'>c)</span> <span class='ocrx_word' id='word_1_497' title='bbox 365 3502 437 3535; x_wconf 79' lang='lat' dir='ltr'>quod</span> <span class='ocrx_word' id='word_1_498' title='bbox 460 3509 515 3528; x_wconf 79' lang='lat' dir='ltr'>non</span> <span class='ocrx_word' id='word_1_499' title='bbox 538 3503 576 3528; x_wconf 84' lang='lat' dir='ltr'>sit</span> <span class='ocrx_word' id='word_1_500' title='bbox 599 3502 633 3527; x_wconf 84' lang='lat' dir='ltr'>de</span> <span class='ocrx_word' id='word_1_501' title='bbox 657 3502 829 3527; x_wconf 86' lang='lat' dir='ltr'>contrario...</span> <span class='ocrx_word' id='word_1_502' title='bbox 841 3502 1008 3528; x_wconf 81' lang='lat' dir='ltr'>excluditur.</span> <span class='ocrx_word' id='word_1_503' title='bbox 1025 3515 1044 3520; x_wconf 94' lang='lat'>—</span> <span class='ocrx_word' id='word_1_504' title='bbox 1061 3502 1120 3527; x_wconf 86' lang='lat' dir='ltr'>Hoc</span> <span class='ocrx_word' id='word_1_505' title='bbox 1137 3502 1334 3528; x_wconf 68' lang='lat' dir='ltr'>homoteleuton</span> 
     </span>
     <span class='ocr_line' id='line_1_71' title="bbox 262 3536 1335 3569; baseline 0.001 -6"><span class='ocrx_word' id='word_1_506' title='bbox 262 3537 394 3563; x_wconf 78' lang='lat' dir='ltr'>omissum</span> <span class='ocrx_word' id='word_1_507' title='bbox 412 3538 441 3563; x_wconf 86' lang='lat' dir='ltr'>in</span> <span class='ocrx_word' id='word_1_508' title='bbox 457 3538 514 3569; x_wconf 83' lang='grc' dir='ltr'>ΡΑ,</span> <span class='ocrx_word' id='word_1_509' title='bbox 533 3538 694 3563; x_wconf 80' lang='lat' dir='ltr'>restituimus</span> <span class='ocrx_word' id='word_1_510' title='bbox 714 3545 744 3562; x_wconf 87' lang='lat' dir='ltr'>ex</span> <span class='ocrx_word' id='word_1_511' title='bbox 763 3538 855 3563; x_wconf 83' lang='lat' dir='ltr'>ceteris</span> <span class='ocrx_word' id='word_1_512' title='bbox 877 3538 1018 3563; x_wconf 82' lang='lat' dir='ltr'>codicibus.</span> <span class='ocrx_word' id='word_1_513' title='bbox 1031 3536 1118 3562; x_wconf 79' lang='lat' dir='ltr'>Verba</span> <span class='ocrx_word' id='word_1_514' title='bbox 1131 3538 1202 3563; x_wconf 87' lang='lat' dir='ltr'>enim</span> <span class='ocrx_word' id='word_1_515' title='bbox 1219 3539 1264 3564; x_wconf 76' lang='lat' dir='ltr'>illa</span> <span class='ocrx_word' id='word_1_516' title='bbox 1281 3539 1335 3564; x_wconf 82' lang='lat' dir='ltr'>Per</span> 
     </span>
     <span class='ocr_line' id='line_1_72' title="bbox 263 3573 1334 3607; baseline 0.002 -9"><span class='ocrx_word' id='word_1_517' title='bbox 263 3573 314 3599; x_wconf 79' lang='lat' dir='ltr'>hoc</span> <span class='ocrx_word' id='word_1_518' title='bbox 331 3577 430 3603; x_wconf 83' lang='lat' dir='ltr'>autem,</span> <span class='ocrx_word' id='word_1_519' title='bbox 445 3573 558 3599; x_wconf 82' lang='lat' dir='ltr'>indicare</span> <span class='ocrx_word' id='word_1_520' title='bbox 569 3574 690 3599; x_wconf 87' lang='lat' dir='ltr'>videntur</span> <span class='ocrx_word' id='word_1_521' title='bbox 708 3574 780 3606; x_wconf 89' lang='lat' dir='ltr'>quod</span> <span class='ocrx_word' id='word_1_522' title='bbox 794 3574 826 3599; x_wconf 87' lang='lat' dir='ltr'>D.</span> <span class='ocrx_word' id='word_1_523' title='bbox 839 3573 957 3598; x_wconf 84' lang='lat' dir='ltr'>Thomas</span> <span class='ocrx_word' id='word_1_524' title='bbox 975 3573 1084 3598; x_wconf 88' lang='lat' dir='ltr'>intendit</span> <span class='ocrx_word' id='word_1_525' title='bbox 1095 3573 1145 3598; x_wconf 91' lang='lat' dir='ltr'>hoc</span> <span class='ocrx_word' id='word_1_526' title='bbox 1163 3574 1222 3599; x_wconf 89' lang='lat' dir='ltr'>loco</span> <span class='ocrx_word' id='word_1_527' title='bbox 1235 3582 1334 3607; x_wconf 82' lang='lat' dir='ltr'>ponere</span> 
     </span>
     <span class='ocr_line' id='line_1_73' title="bbox 264 3609 1333 3642; baseline 0 -8"><span class='ocrx_word' id='word_1_528' title='bbox 264 3609 383 3642; x_wconf 77' lang='lat' dir='ltr'>explicite</span> <span class='ocrx_word' id='word_1_529' title='bbox 396 3609 527 3634; x_wconf 85' lang='lat' dir='ltr'>minorem</span> <span class='ocrx_word' id='word_1_530' title='bbox 535 3609 689 3642; x_wconf 77' lang='lat' dir='ltr'>argmnenti,</span> <span class='ocrx_word' id='word_1_531' title='bbox 704 3617 757 3642; x_wconf 90' lang='lat' dir='ltr'>quo</span> <span class='ocrx_word' id='word_1_532' title='bbox 767 3610 875 3634; x_wconf 86' lang='lat' dir='ltr'>Ioannes</span> <span class='ocrx_word' id='word_1_533' title='bbox 885 3609 1004 3634; x_wconf 89' lang='lat' dir='ltr'>Gramm.</span> <span class='ocrx_word' id='word_1_534' title='bbox 1013 3609 1101 3634; x_wconf 84' lang='lat' dir='ltr'>nititur</span> <span class='ocrx_word' id='word_1_535' title='bbox 1109 3610 1248 3634; x_wconf 89' lang='lat' dir='ltr'>ostendere</span> <span class='ocrx_word' id='word_1_536' title='bbox 1261 3610 1333 3642; x_wconf 90' lang='lat' dir='ltr'>quod</span> 
     </span>
     <span class='ocr_line' id='line_1_74' title="bbox 267 3643 1333 3679; baseline 0 -9"><span class='ocrx_word' id='word_1_537' title='bbox 267 3644 332 3670; x_wconf 74' lang='lat' dir='ltr'>ratio</span> <span class='ocrx_word' id='word_1_538' title='bbox 351 3644 504 3678; x_wconf 83' lang='lat' dir='ltr'>Philosophi</span> <span class='ocrx_word' id='word_1_539' title='bbox 519 3644 601 3678; x_wconf 90' lang='lat' dir='ltr'>(num.</span> <span class='ocrx_word' id='word_1_540' title='bbox 616 3643 714 3679; x_wconf 82' lang='lat' dir='ltr'>praec.)</span> <span class='ocrx_word' id='word_1_541' title='bbox 734 3645 811 3670; x_wconf 90' lang='lat' dir='ltr'>nimis</span> <span class='ocrx_word' id='word_1_542' title='bbox 826 3645 926 3678; x_wconf 83' lang='lat' dir='ltr'>probat.</span> <span class='ocrx_word' id='word_1_543' title='bbox 945 3645 1061 3678; x_wconf 80' lang='lat' dir='ltr'>Apparet</span> <span class='ocrx_word' id='word_1_544' title='bbox 1078 3645 1155 3670; x_wconf 80' lang='lat' dir='ltr'>etiam</span> <span class='ocrx_word' id='word_1_545' title='bbox 1174 3645 1245 3678; x_wconf 89' lang='lat' dir='ltr'>quod</span> <span class='ocrx_word' id='word_1_546' title='bbox 1264 3645 1333 3670; x_wconf 78' lang='lat' dir='ltr'>iuxta</span> 
     </span>
    </p>
   </div>
   <div class='ocr_carea' id='block_1_22' title="bbox 2412 244 2458 281">
    <p class='ocr_par' dir='ltr' id='par_1_26' title="bbox 2412 244 2458 281">
     <span class='ocr_line' id='line_1_75' title="bbox 2412 244 2458 281; baseline 0 0"><span class='ocrx_word' id='word_1_547' title='bbox 2412 244 2458 281; x_wconf 87' lang='lat'>35</span> 
     </span>
    </p>
   </div>
   <div class='ocr_carea' id='block_1_23' title="bbox 1388 325 2707 2832">
    <p class='ocr_par' dir='ltr' id='par_1_27' title="bbox 1390 325 2462 376">
     <span class='ocr_line' id='line_1_76' title="bbox 1390 325 2462 376; baseline -0.002 -12"><span class='ocrx_word' id='word_1_548' title='bbox 1390 326 1544 376; x_wconf 89' lang='lat' dir='ltr'>propria</span> <span class='ocrx_word' id='word_1_549' title='bbox 1562 326 1602 364; x_wconf 91' lang='lat' dir='ltr'>in</span> <span class='ocrx_word' id='word_1_550' title='bbox 1617 327 1638 348; x_wconf 82' lang='grc'>*</span> <span class='ocrx_word' id='word_1_551' title='bbox 1652 326 1819 364; x_wconf 91' lang='lat' dir='ltr'>motibus</span> <span class='ocrx_word' id='word_1_552' title='bbox 1848 326 2031 364; x_wconf 86' lang='lat' dir='ltr'>localibus</span> <span class='ocrx_word' id='word_1_553' title='bbox 2054 326 2120 376; x_wconf 90' lang='lat' dir='ltr'>qui</span> <span class='ocrx_word' id='word_1_554' title='bbox 2139 334 2226 363; x_wconf 91' lang='lat' dir='ltr'>sunt</span> <span class='ocrx_word' id='word_1_555' title='bbox 2249 325 2462 363; x_wconf 89' lang='lat' dir='ltr'>secundum</span> 
     </span>
    </p>

    <p class='ocr_par' dir='ltr' id='par_1_28' title="bbox 1391 378 2463 426">
     <span class='ocr_line' id='line_1_77' title="bbox 1391 378 2463 426; baseline -0.002 -9"><span class='ocrx_word' id='word_1_556' title='bbox 1391 380 1533 417; x_wconf 91' lang='lat' dir='ltr'>lineam</span> <span class='ocrx_word' id='word_1_557' title='bbox 1553 387 1714 426; x_wconf 88' lang='lat' dir='ltr'>rectam;</span> <span class='ocrx_word' id='word_1_558' title='bbox 1743 380 1812 417; x_wconf 87' lang='lat' dir='ltr'>sed</span> <span class='ocrx_word' id='word_1_559' title='bbox 1832 388 1889 417; x_wconf 92' lang='lat' dir='ltr'>est</span> <span class='ocrx_word' id='word_1_560' title='bbox 1908 380 2125 419; x_wconf 88' lang='lat' dir='ltr'>communis</span> <span class='ocrx_word' id='word_1_561' title='bbox 2145 379 2240 416; x_wconf 92' lang='lat' dir='ltr'>ratio</span> <span class='ocrx_word' id='word_1_562' title='bbox 2262 378 2463 416; x_wconf 89' lang='lat' dir='ltr'>contrarie-</span> 
     </span>
    </p>

    <p class='ocr_par' dir='ltr' id='par_1_29' title="bbox 1390 432 2704 488">
     <span class='ocr_line' id='line_1_78' title="bbox 1390 432 2704 488; baseline -0.002 -18"><span class='ocrx_word' id='word_1_563' title='bbox 1390 433 1475 470; x_wconf 87' lang='lat' dir='ltr'>tatis</span> <span class='ocrx_word' id='word_1_564' title='bbox 1493 433 1534 470; x_wconf 92' lang='lat' dir='ltr'>in</span> <span class='ocrx_word' id='word_1_565' title='bbox 1554 434 1734 471; x_wconf 90' lang='lat' dir='ltr'>omnibus</span> <span class='ocrx_word' id='word_1_566' title='bbox 1754 433 1934 481; x_wconf 88' lang='lat' dir='ltr'>motibus,</span> <span class='ocrx_word' id='word_1_567' title='bbox 1963 441 2006 470; x_wconf 91' lang='lat' dir='ltr'>ut</span> <span class='ocrx_word' id='word_1_568' title='bbox 2032 440 2136 482; x_wconf 89' lang='lat' dir='ltr'>patet</span> <span class='ocrx_word' id='word_1_569' title='bbox 2160 433 2198 470; x_wconf 91' lang='lat' dir='ltr'>in</span> <span class='ocrx_word' id='word_1_570' title='bbox 2217 433 2253 470; x_wconf 92' lang='lat' dir='ltr'>V</span> <span class='ocrx_word' id='word_1_571' title='bbox 2276 432 2424 481; x_wconf 80' lang='lat' dir='ltr'>Physic.</span> <span class='ocrx_word' id='word_1_572' title='bbox 2443 433 2462 453; x_wconf 40' lang='grc' dir='ltr'>’ᾖ</span> <span class='ocrx_word' id='word_1_573' title='bbox 2490 435 2575 483; x_wconf 58' lang='lat' dir='ltr'>&#39;SC-ff]</span> <span class='ocrx_word' id='word_1_574' title='bbox 2589 441 2704 488; x_wconf 43' lang='lat' dir='ltr'>ffevcfflffij</span> 
     </span>
    </p>

    <p class='ocr_par' dir='ltr' id='par_1_30' title="bbox 1391 484 2553 536">
     <span class='ocr_line' id='line_1_79' title="bbox 1391 484 2553 536; baseline -0.002 -13"><span class='ocrx_word' id='word_1_575' title='bbox 1391 487 1441 523; x_wconf 92' lang='lat' dir='ltr'>Et</span> <span class='ocrx_word' id='word_1_576' title='bbox 1459 486 1573 523; x_wconf 89' lang='lat' dir='ltr'>huius</span> <span class='ocrx_word' id='word_1_577' title='bbox 1593 487 1687 524; x_wconf 88' lang='lat' dir='ltr'>ratio</span> <span class='ocrx_word' id='word_1_578' title='bbox 1709 495 1775 534; x_wconf 92' lang='lat' dir='ltr'>est,</span> <span class='ocrx_word' id='word_1_579' title='bbox 1795 487 1885 536; x_wconf 87' lang='lat' dir='ltr'>quia</span> <span class='ocrx_word' id='word_1_580' title='bbox 1906 486 2149 524; x_wconf 89' lang='lat' dir='ltr'>contrarietas</span> <span class='ocrx_word' id='word_1_581' title='bbox 2174 493 2230 523; x_wconf 90' lang='lat' dir='ltr'>est</span> <span class='ocrx_word' id='word_1_582' title='bbox 2254 484 2464 522; x_wconf 85' lang='lat' dir='ltr'>differentia</span> <span class='ocrx_word' id='word_1_583' title='bbox 2491 494 2516 509; x_wconf 80' lang='lat'>¹¹-</span> <span class='ocrx_word' id='word_1_584' title='bbox 2531 488 2553 509; x_wconf 73' lang='grc'>8</span> 
     </span>
    </p>

    <p class='ocr_par' dir='ltr' id='par_1_31' title="bbox 1391 536 2705 590">
     <span class='ocr_line' id='line_1_80' title="bbox 1391 536 2705 590; baseline -0.001 -14"><span class='ocrx_word' id='word_1_585' title='bbox 1391 540 1605 578; x_wconf 88' lang='lat' dir='ltr'>seeundum</span> <span class='ocrx_word' id='word_1_586' title='bbox 1621 541 1799 588; x_wconf 86' lang='lat' dir='ltr'>formam,</span> <span class='ocrx_word' id='word_1_587' title='bbox 1817 548 1859 577; x_wconf 92' lang='lat' dir='ltr'>ut</span> <span class='ocrx_word' id='word_1_588' title='bbox 1873 539 2107 577; x_wconf 83' lang='lat' dir='ltr'>ostenditur·</span> <span class='ocrx_word' id='word_1_589' title='bbox 2099 552 2138 576; x_wconf 80' lang='lat' dir='ltr'>in</span> <span class='ocrx_word' id='word_1_590' title='bbox 2152 540 2188 576; x_wconf 88' lang='lat' dir='ltr'>X</span> <span class='ocrx_word' id='word_1_591' title='bbox 2203 539 2444 587; x_wconf 65' lang='lat' dir='ltr'>Metaphys:²</span> <span class='ocrx_word' id='word_1_592' title='bbox 2453 551 2462 584; x_wconf 87' lang='grc'>;</span> <span class='ocrx_word' id='word_1_593' title='bbox 2492 537 2581 590; x_wconf 55' lang='grc' dir='ltr'>ἷὼῑῗῗ·</span> <span class='ocrx_word' id='word_1_594' title='bbox 2587 542 2645 590; x_wconf 44' lang='grc' dir='ltr'>ἐξ(</span> <span class='ocrx_word' id='word_1_595' title='bbox 2650 536 2678 585; x_wconf 60' lang='grc' dir='ltr'>ξ</span> <span class='ocrx_word' id='word_1_596' title='bbox 2681 536 2705 585; x_wconf 66' lang='lat'>{2</span> 
     </span>
    </p>

    <p class='ocr_par' dir='ltr' id='par_1_32' title="bbox 1391 592 2462 642">
     <span class='ocr_line' id='line_1_81' title="bbox 1391 592 2462 642; baseline -0.001 -13"><span class='ocrx_word' id='word_1_597' title='bbox 1391 600 1520 630; x_wconf 89' lang='lat' dir='ltr'>motus</span> <span class='ocrx_word' id='word_1_598' title='bbox 1539 602 1667 630; x_wconf 90' lang='lat' dir='ltr'>autem</span> <span class='ocrx_word' id='word_1_599' title='bbox 1696 595 1813 631; x_wconf 90' lang='lat' dir='ltr'>habet</span> <span class='ocrx_word' id='word_1_600' title='bbox 1839 594 2008 632; x_wconf 86' lang='lat' dir='ltr'>formam</span> <span class='ocrx_word' id='word_1_601' title='bbox 2037 605 2105 630; x_wconf 90' lang='lat' dir='ltr'>seu</span> <span class='ocrx_word' id='word_1_602' title='bbox 2124 592 2294 642; x_wconf 90' lang='lat' dir='ltr'>speciem</span> <span class='ocrx_word' id='word_1_603' title='bbox 2319 604 2364 629; x_wconf 91' lang='lat' dir='ltr'>ex</span> <span class='ocrx_word' id='word_1_604' title='bbox 2393 604 2462 628; x_wconf 88' lang='lat' dir='ltr'>suo</span> 
     </span>
    </p>

    <p class='ocr_par' dir='ltr' id='par_1_33' title="bbox 1390 646 2463 696">
     <span class='ocr_line' id='line_1_82' title="bbox 1390 646 2463 696; baseline 0 -14"><span class='ocrx_word' id='word_1_605' title='bbox 1390 646 1571 692; x_wconf 90' lang='lat' dir='ltr'>termino;</span> <span class='ocrx_word' id='word_1_606' title='bbox 1588 648 1653 684; x_wconf 78' lang='lat' dir='ltr'>et*</span> <span class='ocrx_word' id='word_1_607' title='bbox 1663 647 1751 685; x_wconf 90' lang='lat' dir='ltr'>ideo</span> <span class='ocrx_word' id='word_1_608' title='bbox 1770 647 1811 684; x_wconf 92' lang='lat' dir='ltr'>in</span> <span class='ocrx_word' id='word_1_609' title='bbox 1830 648 1934 684; x_wconf 90' lang='lat' dir='ltr'>nullo</span> <span class='ocrx_word' id='word_1_610' title='bbox 1950 655 2060 684; x_wconf 89' lang='lat' dir='ltr'>motu</span> <span class='ocrx_word' id='word_1_611' title='bbox 2074 653 2200 696; x_wconf 90' lang='lat' dir='ltr'>potest</span> <span class='ocrx_word' id='word_1_612' title='bbox 2215 658 2296 683; x_wconf 91' lang='lat' dir='ltr'>esse</span> <span class='ocrx_word' id='word_1_613' title='bbox 2317 653 2463 682; x_wconf 88' lang='lat' dir='ltr'>contra-</span> 
     </span>
    </p>

    <p class='ocr_par' dir='ltr' id='par_1_34' title="bbox 1391 699 2464 749">
     <span class='ocr_line' id='line_1_83' title="bbox 1391 699 2464 749; baseline 0 -14"><span class='ocrx_word' id='word_1_614' title='bbox 1391 699 1503 736; x_wconf 90' lang='lat' dir='ltr'>rietas</span> <span class='ocrx_word' id='word_1_615' title='bbox 1522 699 1667 749; x_wconf 90' lang='lat' dir='ltr'>absque</span> <span class='ocrx_word' id='word_1_616' title='bbox 1697 700 1960 738; x_wconf 85' lang='lat' dir='ltr'>contrarietate</span> <span class='ocrx_word' id='word_1_617' title='bbox 1987 701 2252 738; x_wconf 89' lang='lat' dir='ltr'>terminorum.</span> <span class='ocrx_word' id='word_1_618' title='bbox 2273 719 2298 727; x_wconf 91' lang='lat'>-</span> <span class='ocrx_word' id='word_1_619' title='bbox 2317 699 2379 736; x_wconf 92' lang='lat' dir='ltr'>Ad</span> <span class='ocrx_word' id='word_1_620' title='bbox 2408 711 2464 735; x_wconf 91' lang='lat' dir='ltr'>se-</span> 
     </span>
    </p>

    <p class='ocr_par' dir='ltr' id='par_1_35' title="bbox 1392 752 2607 802">
     <span class='ocr_line' id='line_1_84' title="bbox 1392 752 2607 802; baseline 0.002 -14"><span class='ocrx_word' id='word_1_621' title='bbox 1392 752 1562 799; x_wconf 79' lang='lat' dir='ltr'>cundum</span> <span class='ocrx_word' id='word_1_622' title='bbox 1578 753 1785 791; x_wconf 89' lang='lat' dir='ltr'>dicendum</span> <span class='ocrx_word' id='word_1_623' title='bbox 1799 755 1907 802; x_wconf 93' lang='lat' dir='ltr'>quod</span> <span class='ocrx_word' id='word_1_624' title='bbox 1921 762 2048 791; x_wconf 89' lang='lat' dir='ltr'>motus</span> <span class='ocrx_word' id='word_1_625' title='bbox 2063 752 2264 800; x_wconf 86' lang='lat' dir='ltr'>circularis,</span> <span class='ocrx_word' id='word_1_626' title='bbox 2275 752 2394 801; x_wconf 68' lang='lat' dir='ltr'>quia*</span> <span class='ocrx_word' id='word_1_627' title='bbox 2410 760 2466 790; x_wconf 91' lang='lat' dir='ltr'>est</span> <span class='ocrx_word' id='word_1_628' title='bbox 2492 759 2499 767; x_wconf 91' lang='lat'>&#39;</span> <span class='ocrx_word' id='word_1_629' title='bbox 2517 758 2559 785; x_wconf 59' lang='lat'>⁹¹⁴³</span> <span class='ocrx_word' id='word_1_630' title='bbox 2570 764 2607 780; x_wconf 68' lang='grc' dir='ltr'>ΑΞ-</span> 
     </span>
    </p>

    <p class='ocr_par' dir='ltr' id='par_1_36' title="bbox 1390 805 2466 854">
     <span class='ocr_line' id='line_1_85' title="bbox 1390 805 2466 854; baseline 0 -12"><span class='ocrx_word' id='word_1_631' title='bbox 1390 805 1539 854; x_wconf 89' lang='lat' dir='ltr'>primus</span> <span class='ocrx_word' id='word_1_632' title='bbox 1558 814 1753 853; x_wconf 85' lang='lat' dir='ltr'>motuum,</span> <span class='ocrx_word' id='word_1_633' title='bbox 1774 807 1978 844; x_wconf 90' lang='lat' dir='ltr'>minimum</span> <span class='ocrx_word' id='word_1_634' title='bbox 1998 808 2115 844; x_wconf 90' lang='lat' dir='ltr'>habet</span> <span class='ocrx_word' id='word_1_635' title='bbox 2128 807 2176 844; x_wconf 91' lang='lat' dir='ltr'>de</span> <span class='ocrx_word' id='word_1_636' title='bbox 2191 805 2409 844; x_wconf 85' lang='lat' dir='ltr'>diversitate</span> <span class='ocrx_word' id='word_1_637' title='bbox 2430 813 2466 842; x_wconf 89' lang='lat' dir='ltr'>et</span> 
     </span>
    </p>

    <p class='ocr_par' dir='ltr' id='par_1_37' title="bbox 1391 859 2467 909">
     <span class='ocr_line' id='line_1_86' title="bbox 1391 859 2467 909; baseline -0.001 -13"><span class='ocrx_word' id='word_1_638' title='bbox 1391 859 1601 908; x_wconf 92' lang='lat' dir='ltr'>plurimum</span> <span class='ocrx_word' id='word_1_639' title='bbox 1617 860 1665 897; x_wconf 93' lang='lat' dir='ltr'>de</span> <span class='ocrx_word' id='word_1_640' title='bbox 1679 860 1948 898; x_wconf 80' lang='lat' dir='ltr'>uniformitate.</span> <span class='ocrx_word' id='word_1_641' title='bbox 1970 862 2019 898; x_wconf 91' lang='lat' dir='ltr'>Et</span> <span class='ocrx_word' id='word_1_642' title='bbox 2035 861 2112 898; x_wconf 90' lang='lat' dir='ltr'>hoc</span> <span class='ocrx_word' id='word_1_643' title='bbox 2130 860 2288 909; x_wconf 86' lang='lat' dir='ltr'>quidem</span> <span class='ocrx_word' id='word_1_644' title='bbox 2309 866 2467 908; x_wconf 90' lang='lat' dir='ltr'>apparet</span> 
     </span>
    </p>

    <p class='ocr_par' dir='ltr' id='par_1_38' title="bbox 1391 912 2465 962">
     <span class='ocr_line' id='line_1_87' title="bbox 1391 912 2465 962; baseline 0 -13"><span class='ocrx_word' id='word_1_645' title='bbox 1391 913 1725 962; x_wconf 88' lang='lat' dir='ltr'>proportionaliter</span> <span class='ocrx_word' id='word_1_646' title='bbox 1751 913 1790 950; x_wconf 88' lang='lat' dir='ltr'>in</span> <span class='ocrx_word' id='word_1_647' title='bbox 1819 914 1952 951; x_wconf 90' lang='lat' dir='ltr'>mobili</span> <span class='ocrx_word' id='word_1_648' title='bbox 1981 922 2018 951; x_wconf 89' lang='lat' dir='ltr'>et</span> <span class='ocrx_word' id='word_1_649' title='bbox 2045 914 2086 951; x_wconf 90' lang='lat' dir='ltr'>in</span> <span class='ocrx_word' id='word_1_650' title='bbox 2113 921 2235 951; x_wconf 91' lang='lat' dir='ltr'>motu.</span> <span class='ocrx_word' id='word_1_651' title='bbox 2266 914 2308 950; x_wconf 90' lang='lat' dir='ltr'>In</span> <span class='ocrx_word' id='word_1_652' title='bbox 2331 912 2465 950; x_wconf 91' lang='lat' dir='ltr'>mobili</span> 
     </span>
    </p>

    <p class='ocr_par' dir='ltr' id='par_1_39' title="bbox 1393 966 2464 1015">
     <span class='ocr_line' id='line_1_88' title="bbox 1393 966 2464 1015; baseline 0 -12"><span class='ocrx_word' id='word_1_653' title='bbox 1393 966 1572 1015; x_wconf 91' lang='lat' dir='ltr'>quidem,</span> <span class='ocrx_word' id='word_1_654' title='bbox 1610 966 1701 1015; x_wconf 93' lang='lat' dir='ltr'>quia</span> <span class='ocrx_word' id='word_1_655' title='bbox 1732 979 1811 1003; x_wconf 92' lang='lat' dir='ltr'>non</span> <span class='ocrx_word' id='word_1_656' title='bbox 1841 975 1962 1004; x_wconf 89' lang='lat' dir='ltr'>mutat</span> <span class='ocrx_word' id='word_1_657' title='bbox 1996 979 2110 1004; x_wconf 90' lang='lat' dir='ltr'>suum</span> <span class='ocrx_word' id='word_1_658' title='bbox 2149 967 2215 1004; x_wconf 85' lang='lat' dir='ltr'>ubi</span> <span class='ocrx_word' id='word_1_659' title='bbox 2249 966 2464 1004; x_wconf 85' lang='lat' dir='ltr'>seeundum</span> 
     </span>
    </p>

    <p class='ocr_par' dir='ltr' id='par_1_40' title="bbox 1391 1019 2465 1070">
     <span class='ocr_line' id='line_1_89' title="bbox 1391 1019 2465 1070; baseline 0 -14"><span class='ocrx_word' id='word_1_660' title='bbox 1391 1026 1516 1057; x_wconf 91' lang='lat' dir='ltr'>totum</span> <span class='ocrx_word' id='word_1_661' title='bbox 1544 1020 1739 1068; x_wconf 90' lang='lat' dir='ltr'>subiecto,</span> <span class='ocrx_word' id='word_1_662' title='bbox 1778 1019 1845 1057; x_wconf 91' lang='lat' dir='ltr'>sed</span> <span class='ocrx_word' id='word_1_663' title='bbox 1884 1021 2009 1058; x_wconf 90' lang='lat' dir='ltr'>solum</span> <span class='ocrx_word' id='word_1_664' title='bbox 2046 1020 2215 1058; x_wconf 90' lang='lat' dir='ltr'>ratione:</span> <span class='ocrx_word' id='word_1_665' title='bbox 2253 1032 2342 1070; x_wconf 83' lang='lat' dir='ltr'>pars</span> <span class='ocrx_word' id='word_1_666' title='bbox 2370 1032 2465 1057; x_wconf 91' lang='lat' dir='ltr'>vero</span> 
     </span>
    </p>

    <p class='ocr_par' dir='ltr' id='par_1_41' title="bbox 1393 1073 2467 1122">
     <span class='ocr_line' id='line_1_90' title="bbox 1393 1073 2467 1122; baseline 0 -12"><span class='ocrx_word' id='word_1_667' title='bbox 1393 1073 1586 1122; x_wconf 91' lang='lat' dir='ltr'>quaelibet</span> <span class='ocrx_word' id='word_1_668' title='bbox 1622 1081 1745 1110; x_wconf 92' lang='lat' dir='ltr'>mutat</span> <span class='ocrx_word' id='word_1_669' title='bbox 1782 1086 1896 1110; x_wconf 89' lang='lat' dir='ltr'>suum</span> <span class='ocrx_word' id='word_1_670' title='bbox 1934 1074 1999 1111; x_wconf 85' lang='lat' dir='ltr'>ubi</span> <span class='ocrx_word' id='word_1_671' title='bbox 2035 1074 2150 1111; x_wconf 89' lang='lat' dir='ltr'>etiam</span> <span class='ocrx_word' id='word_1_672' title='bbox 2188 1073 2360 1111; x_wconf 90' lang='lat' dir='ltr'>subiecto</span> <span class='ocrx_word' id='word_1_673' title='bbox 2377 1103 2387 1121; x_wconf 92' lang='lat'>,</span> <span class='ocrx_word' id='word_1_674' title='bbox 2424 1080 2467 1110; x_wconf 92' lang='lat' dir='ltr'>ut</span> 
     </span>
    </p>

    <p class='ocr_par' dir='ltr' id='par_1_42' title="bbox 1393 1124 2707 1181">
     <span class='ocr_line' id='line_1_91' title="bbox 1393 1124 2707 1181; baseline 0.001 -18"><span class='ocrx_word' id='word_1_675' title='bbox 1393 1134 1592 1164; x_wconf 91' lang='lat' dir='ltr'>ostensum</span> <span class='ocrx_word' id='word_1_676' title='bbox 1621 1134 1678 1164; x_wconf 89' lang='lat' dir='ltr'>est</span> <span class='ocrx_word' id='word_1_677' title='bbox 1703 1124 1747 1164; x_wconf 77' lang='lat' dir='ltr'>in&#39;</span> <span class='ocrx_word' id='word_1_678' title='bbox 1772 1127 1824 1163; x_wconf 92' lang='lat' dir='ltr'>VI</span> <span class='ocrx_word' id='word_1_679' title='bbox 1853 1128 2003 1175; x_wconf 83' lang='lat' dir='ltr'>Physic.</span> <span class='ocrx_word' id='word_1_680' title='bbox 2026 1128 2046 1149; x_wconf 70' lang='lat'><em>*</em></span> <span class='ocrx_word' id='word_1_681' title='bbox 2075 1129 2126 1164; x_wconf 93' lang='lat' dir='ltr'>Et</span> <span class='ocrx_word' id='word_1_682' title='bbox 2153 1126 2322 1164; x_wconf 89' lang='lat' dir='ltr'>similiter</span> <span class='ocrx_word' id='word_1_683' title='bbox 2351 1126 2464 1164; x_wconf 89' lang='lat' dir='ltr'>etiam</span> <span class='ocrx_word' id='word_1_684' title='bbox 2494 1126 2580 1175; x_wconf 34' lang='lat' dir='ltr'>&#39;S&#39;Cffi</span> <span class='ocrx_word' id='word_1_685' title='bbox 2587 1133 2707 1181; x_wconf 50' lang='lat' dir='ltr'>“1503ssss</span> 
     </span>
    </p>

    <p class='ocr_par' dir='ltr' id='par_1_43' title="bbox 1392 1180 2562 1240">
     <span class='ocr_line' id='line_1_92' title="bbox 1392 1180 2562 1240; baseline 0 -23"><span class='ocrx_word' id='word_1_686' title='bbox 1392 1192 1481 1240; x_wconf 88' lang='lat' dir='ltr'>pars</span> <span class='ocrx_word' id='word_1_687' title='bbox 1509 1187 1639 1217; x_wconf 92' lang='lat' dir='ltr'>motus</span> <span class='ocrx_word' id='word_1_688' title='bbox 1673 1180 1863 1217; x_wconf 89' lang='lat' dir='ltr'>circularis</span> <span class='ocrx_word' id='word_1_689' title='bbox 1899 1187 1954 1217; x_wconf 90' lang='lat' dir='ltr'>est</span> <span class='ocrx_word' id='word_1_690' title='bbox 1987 1181 2034 1218; x_wconf 91' lang='lat' dir='ltr'>de</span> <span class='ocrx_word' id='word_1_691' title='bbox 2062 1193 2141 1218; x_wconf 92' lang='lat' dir='ltr'>uno</span> <span class='ocrx_word' id='word_1_692' title='bbox 2174 1181 2214 1218; x_wconf 89' lang='lat' dir='ltr'>in</span> <span class='ocrx_word' id='word_1_693' title='bbox 2247 1180 2348 1218; x_wconf 91' lang='lat' dir='ltr'>aliud</span> <span class='ocrx_word' id='word_1_694' title='bbox 2377 1181 2465 1217; x_wconf 84' lang='lat' dir='ltr'>sub·</span> <span class='ocrx_word' id='word_1_695' title='bbox 2494 1186 2516 1202; x_wconf 90' lang='lat'>¹¹·</span> <span class='ocrx_word' id='word_1_696' title='bbox 2533 1186 2562 1202; x_wconf 89' lang='lat'>¹²·</span> 
     </span>
    </p>

    <p class='ocr_par' dir='ltr' id='par_1_44' title="bbox 1393 1233 2467 1271">
     <span class='ocr_line' id='line_1_93' title="bbox 1393 1233 2467 1271; baseline 0.001 -1"><span class='ocrx_word' id='word_1_697' title='bbox 1393 1233 1492 1270; x_wconf 90' lang='lat' dir='ltr'>iecto</span> <span class='ocrx_word' id='word_1_698' title='bbox 1523 1233 1721 1270; x_wconf 86' lang='lat' dir='ltr'>differens:</span> <span class='ocrx_word' id='word_1_699' title='bbox 1750 1240 1852 1270; x_wconf 91' lang='lat' dir='ltr'>totus</span> <span class='ocrx_word' id='word_1_700' title='bbox 1880 1242 2009 1271; x_wconf 90' lang='lat' dir='ltr'>autem</span> <span class='ocrx_word' id='word_1_701' title='bbox 2038 1242 2167 1271; x_wconf 89' lang='lat' dir='ltr'>motus</span> <span class='ocrx_word' id='word_1_702' title='bbox 2197 1233 2386 1271; x_wconf 90' lang='lat' dir='ltr'>circularis</span> <span class='ocrx_word' id='word_1_703' title='bbox 2411 1242 2467 1271; x_wconf 88' lang='lat' dir='ltr'>est</span> 
     </span>
    </p>

    <p class='ocr_par' dir='ltr' id='par_1_45' title="bbox 1393 1285 2464 1335">
     <span class='ocr_line' id='line_1_94' title="bbox 1393 1285 2464 1335; baseline 0 -11"><span class='ocrx_word' id='word_1_704' title='bbox 1393 1285 1551 1335; x_wconf 90' lang='lat' dir='ltr'>quidem</span> <span class='ocrx_word' id='word_1_705' title='bbox 1572 1287 1620 1324; x_wconf 93' lang='lat' dir='ltr'>de</span> <span class='ocrx_word' id='word_1_706' title='bbox 1640 1287 1780 1324; x_wconf 91' lang='lat' dir='ltr'>eodem</span> <span class='ocrx_word' id='word_1_707' title='bbox 1809 1287 1848 1324; x_wconf 92' lang='lat' dir='ltr'>in</span> <span class='ocrx_word' id='word_1_708' title='bbox 1866 1287 1971 1324; x_wconf 88' lang='lat' dir='ltr'>idern</span> <span class='ocrx_word' id='word_1_709' title='bbox 1999 1288 2212 1325; x_wconf 90' lang='lat' dir='ltr'>secundum</span> <span class='ocrx_word' id='word_1_710' title='bbox 2237 1287 2464 1334; x_wconf 91' lang='lat' dir='ltr'>subiectum,</span> 
     </span>
    </p>

    <p class='ocr_par' dir='ltr' id='par_1_46' title="bbox 1393 1340 2466 1379">
     <span class='ocr_line' id='line_1_95' title="bbox 1393 1340 2466 1379; baseline 0.001 -2"><span class='ocrx_word' id='word_1_711' title='bbox 1393 1340 1460 1379; x_wconf 86' lang='lat' dir='ltr'>sed</span> <span class='ocrx_word' id='word_1_712' title='bbox 1481 1348 1537 1378; x_wconf 90' lang='lat' dir='ltr'>est</span> <span class='ocrx_word' id='word_1_713' title='bbox 1555 1341 1604 1378; x_wconf 93' lang='lat' dir='ltr'>de</span> <span class='ocrx_word' id='word_1_714' title='bbox 1622 1353 1703 1377; x_wconf 91' lang='lat' dir='ltr'>uno</span> <span class='ocrx_word' id='word_1_715' title='bbox 1731 1340 1771 1377; x_wconf 93' lang='lat' dir='ltr'>in</span> <span class='ocrx_word' id='word_1_716' title='bbox 1790 1340 1893 1378; x_wconf 91' lang='lat' dir='ltr'>aliud</span> <span class='ocrx_word' id='word_1_717' title='bbox 1921 1340 2099 1378; x_wconf 90' lang='lat' dir='ltr'>differens</span> <span class='ocrx_word' id='word_1_718' title='bbox 2128 1341 2209 1378; x_wconf 91' lang='lat' dir='ltr'>sola</span> <span class='ocrx_word' id='word_1_719' title='bbox 2238 1340 2393 1378; x_wconf 89' lang='lat' dir='ltr'>ratione.</span> <span class='ocrx_word' id='word_1_720' title='bbox 2425 1341 2466 1378; x_wconf 90' lang='lat' dir='ltr'>Si</span> 
     </span>
    </p>

    <p class='ocr_par' dir='ltr' id='par_1_47' title="bbox 1393 1393 2467 1443">
     <span class='ocr_line' id='line_1_96' title="bbox 1393 1393 2467 1443; baseline 0.001 -13"><span class='ocrx_word' id='word_1_721' title='bbox 1393 1393 1498 1431; x_wconf 90' lang='lat' dir='ltr'>enim</span> <span class='ocrx_word' id='word_1_722' title='bbox 1527 1393 1733 1443; x_wconf 86' lang='lat' dir='ltr'>accipiatur</span> <span class='ocrx_word' id='word_1_723' title='bbox 1761 1394 1952 1431; x_wconf 90' lang='lat' dir='ltr'>circulatio</span> <span class='ocrx_word' id='word_1_724' title='bbox 1985 1407 2064 1431; x_wconf 90' lang='lat' dir='ltr'>una</span> <span class='ocrx_word' id='word_1_725' title='bbox 2096 1407 2195 1443; x_wconf 86' lang='lat' dir='ltr'>quae</span> <span class='ocrx_word' id='word_1_726' title='bbox 2229 1395 2278 1431; x_wconf 90' lang='lat' dir='ltr'>ab</span> <span class='ocrx_word' id='word_1_727' title='bbox 2306 1397 2342 1431; x_wconf 96' lang='lat' dir='ltr'>A</span> <span class='ocrx_word' id='word_1_728' title='bbox 2370 1393 2467 1431; x_wconf 89' lang='lat' dir='ltr'>redit</span> 
     </span>
    </p>

    <p class='ocr_par' dir='ltr' id='par_1_48' title="bbox 1393 1446 2466 1497">
     <span class='ocr_line' id='line_1_97' title="bbox 1393 1446 2466 1497; baseline 0 -13"><span class='ocrx_word' id='word_1_729' title='bbox 1393 1446 1432 1484; x_wconf 91' lang='lat' dir='ltr'>in</span> <span class='ocrx_word' id='word_1_730' title='bbox 1459 1449 1506 1494; x_wconf 92' lang='lat' dir='ltr'>A,</span> <span class='ocrx_word' id='word_1_731' title='bbox 1534 1447 1663 1497; x_wconf 90' lang='lat' dir='ltr'>ipsum</span> <span class='ocrx_word' id='word_1_732' title='bbox 1691 1449 1742 1494; x_wconf 94' lang='lat' dir='ltr'>A,</span> <span class='ocrx_word' id='word_1_733' title='bbox 1773 1447 1879 1497; x_wconf 91' lang='lat' dir='ltr'>quod</span> <span class='ocrx_word' id='word_1_734' title='bbox 1908 1455 1964 1484; x_wconf 90' lang='lat' dir='ltr'>est</span> <span class='ocrx_word' id='word_1_735' title='bbox 1990 1448 2175 1485; x_wconf 89' lang='lat' dir='ltr'>terminus</span> <span class='ocrx_word' id='word_1_736' title='bbox 2205 1460 2227 1484; x_wconf 87' lang='lat' dir='ltr'>a</span> <span class='ocrx_word' id='word_1_737' title='bbox 2254 1460 2332 1495; x_wconf 91' lang='lat' dir='ltr'>quo</span> <span class='ocrx_word' id='word_1_738' title='bbox 2363 1455 2400 1484; x_wconf 92' lang='lat' dir='ltr'>et</span> <span class='ocrx_word' id='word_1_739' title='bbox 2426 1447 2466 1484; x_wconf 89' lang='lat' dir='ltr'>in</span> 
     </span>
    </p>

    <p class='ocr_par' dir='ltr' id='par_1_49' title="bbox 1393 1500 2464 1559">
     <span class='ocr_line' id='line_1_98' title="bbox 1393 1500 2464 1559; baseline 0.001 -22"><span class='ocrx_word' id='word_1_740' title='bbox 1393 1512 1527 1559; x_wconf 82' lang='lat' dir='ltr'>quem,</span> <span class='ocrx_word' id='word_1_741' title='bbox 1558 1507 1613 1538; x_wconf 91' lang='lat' dir='ltr'>est</span> <span class='ocrx_word' id='word_1_742' title='bbox 1639 1501 1744 1538; x_wconf 90' lang='lat' dir='ltr'>idem</span> <span class='ocrx_word' id='word_1_743' title='bbox 1773 1500 1961 1548; x_wconf 91' lang='lat' dir='ltr'>subiecto,</span> <span class='ocrx_word' id='word_1_744' title='bbox 2001 1501 2069 1538; x_wconf 92' lang='lat' dir='ltr'>sed</span> <span class='ocrx_word' id='word_1_745' title='bbox 2097 1501 2224 1538; x_wconf 86' lang='lat' dir='ltr'>differt</span> <span class='ocrx_word' id='word_1_746' title='bbox 2251 1501 2271 1522; x_wconf 84' lang='grc'><em>*</em></span> <span class='ocrx_word' id='word_1_747' title='bbox 2300 1501 2464 1548; x_wconf 89' lang='lat' dir='ltr'>ratione,</span> 
     </span>
    </p>

    <p class='ocr_par' dir='ltr' id='par_1_50' title="bbox 1394 1553 2467 1603">
     <span class='ocr_line' id='line_1_99' title="bbox 1394 1553 2467 1603; baseline 0.001 -13"><span class='ocrx_word' id='word_1_748' title='bbox 1394 1553 1621 1603; x_wconf 86' lang='lat' dir='ltr'>inquantum</span> <span class='ocrx_word' id='word_1_749' title='bbox 1659 1553 1841 1602; x_wconf 90' lang='lat' dir='ltr'>accipitur</span> <span class='ocrx_word' id='word_1_750' title='bbox 1873 1561 1915 1590; x_wconf 93' lang='lat' dir='ltr'>ut</span> <span class='ocrx_word' id='word_1_751' title='bbox 1946 1553 2176 1603; x_wconf 89' lang='lat' dir='ltr'>principium</span> <span class='ocrx_word' id='word_1_752' title='bbox 2215 1561 2252 1591; x_wconf 88' lang='lat' dir='ltr'>et</span> <span class='ocrx_word' id='word_1_753' title='bbox 2288 1554 2386 1591; x_wconf 89' lang='lat' dir='ltr'>finis.</span> <span class='ocrx_word' id='word_1_754' title='bbox 2417 1555 2467 1591; x_wconf 91' lang='lat' dir='ltr'>Et</span> 
     </span>
    </p>

    <p class='ocr_par' dir='ltr' id='par_1_51' title="bbox 1392 1606 2466 1656">
     <span class='ocr_line' id='line_1_100' title="bbox 1392 1606 2466 1656; baseline 0 -12"><span class='ocrx_word' id='word_1_755' title='bbox 1392 1606 1504 1655; x_wconf 88' lang='lat' dir='ltr'>ideo,</span> <span class='ocrx_word' id='word_1_756' title='bbox 1538 1606 1628 1656; x_wconf 88' lang='lat' dir='ltr'>quia</span> <span class='ocrx_word' id='word_1_757' title='bbox 1661 1615 1790 1644; x_wconf 90' lang='lat' dir='ltr'>motus</span> <span class='ocrx_word' id='word_1_758' title='bbox 1819 1607 2010 1644; x_wconf 89' lang='lat' dir='ltr'>circularis</span> <span class='ocrx_word' id='word_1_759' title='bbox 2036 1607 2245 1656; x_wconf 89' lang='lat' dir='ltr'>plurimum</span> <span class='ocrx_word' id='word_1_760' title='bbox 2274 1608 2390 1644; x_wconf 90' lang='lat' dir='ltr'>habet</span> <span class='ocrx_word' id='word_1_761' title='bbox 2419 1608 2466 1644; x_wconf 90' lang='lat' dir='ltr'>de</span> 
     </span>
    </p>

    <p class='ocr_par' dir='ltr' id='par_1_52' title="bbox 1393 1660 2465 1710">
     <span class='ocr_line' id='line_1_101' title="bbox 1393 1660 2465 1710; baseline 0 -12"><span class='ocrx_word' id='word_1_762' title='bbox 1393 1660 1548 1708; x_wconf 91' lang='lat' dir='ltr'>unitate,</span> <span class='ocrx_word' id='word_1_763' title='bbox 1570 1668 1627 1698; x_wconf 92' lang='lat' dir='ltr'>est</span> <span class='ocrx_word' id='word_1_764' title='bbox 1646 1668 1782 1698; x_wconf 90' lang='lat' dir='ltr'>natura</span> <span class='ocrx_word' id='word_1_765' title='bbox 1811 1660 1892 1697; x_wconf 87' lang='lat' dir='ltr'>eius</span> <span class='ocrx_word' id='word_1_766' title='bbox 1920 1660 2127 1710; x_wconf 90' lang='lat' dir='ltr'>longinqua</span> <span class='ocrx_word' id='word_1_767' title='bbox 2148 1673 2170 1698; x_wconf 92' lang='lat' dir='ltr'>a</span> <span class='ocrx_word' id='word_1_768' title='bbox 2190 1660 2465 1709; x_wconf 86' lang='lat' dir='ltr'>contrarietate,</span> 
     </span>
    </p>

    <p class='ocr_par' dir='ltr' id='par_1_53' title="bbox 1393 1714 2466 1764">
     <span class='ocr_line' id='line_1_102' title="bbox 1393 1714 2466 1764; baseline 0 -13"><span class='ocrx_word' id='word_1_769' title='bbox 1393 1726 1492 1764; x_wconf 92' lang='lat' dir='ltr'>quae</span> <span class='ocrx_word' id='word_1_770' title='bbox 1522 1722 1579 1752; x_wconf 90' lang='lat' dir='ltr'>est</span> <span class='ocrx_word' id='word_1_771' title='bbox 1605 1714 1775 1751; x_wconf 89' lang='lat' dir='ltr'>maxima</span> <span class='ocrx_word' id='word_1_772' title='bbox 1803 1714 1990 1752; x_wconf 89' lang='lat' dir='ltr'>distantia.</span> <span class='ocrx_word' id='word_1_773' title='bbox 2026 1715 2076 1751; x_wconf 92' lang='lat' dir='ltr'>Et</span> <span class='ocrx_word' id='word_1_774' title='bbox 2103 1714 2191 1751; x_wconf 92' lang='lat' dir='ltr'>ideo</span> <span class='ocrx_word' id='word_1_775' title='bbox 2226 1714 2308 1751; x_wconf 91' lang='lat' dir='ltr'>talis</span> <span class='ocrx_word' id='word_1_776' title='bbox 2337 1722 2466 1751; x_wconf 91' lang='lat' dir='ltr'>motus</span> 
     </span>
    </p>

    <p class='ocr_par' dir='ltr' id='par_1_54' title="bbox 1394 1767 2470 1817">
     <span class='ocr_line' id='line_1_103' title="bbox 1394 1767 2470 1817; baseline 0 -12"><span class='ocrx_word' id='word_1_777' title='bbox 1394 1767 1578 1817; x_wconf 90' lang='lat' dir='ltr'>competit</span> <span class='ocrx_word' id='word_1_778' title='bbox 1604 1767 1736 1817; x_wconf 89' lang='lat' dir='ltr'>primis</span> <span class='ocrx_word' id='word_1_779' title='bbox 1766 1767 2013 1816; x_wconf 89' lang='lat' dir='ltr'>corporibus,</span> <span class='ocrx_word' id='word_1_780' title='bbox 2052 1780 2152 1816; x_wconf 87' lang='lat' dir='ltr'>quae</span> <span class='ocrx_word' id='word_1_781' title='bbox 2187 1775 2275 1805; x_wconf 90' lang='lat' dir='ltr'>sunt</span> <span class='ocrx_word' id='word_1_782' title='bbox 2310 1768 2470 1816; x_wconf 67' lang='lat' dir='ltr'>propin:</span> 
     </span>
    </p>

    <p class='ocr_par' dir='ltr' id='par_1_55' title="bbox 1393 1820 2466 1871">
     <span class='ocr_line' id='line_1_104' title="bbox 1393 1820 2466 1871; baseline 0.001 -13"><span class='ocrx_word' id='word_1_783' title='bbox 1393 1821 1578 1871; x_wconf 89' lang='lat' dir='ltr'>quissima</span> <span class='ocrx_word' id='word_1_784' title='bbox 1597 1820 1814 1859; x_wconf 89' lang='lat' dir='ltr'>substantiis</span> <span class='ocrx_word' id='word_1_785' title='bbox 1834 1820 2081 1870; x_wconf 88' lang='lat' dir='ltr'>simplicibus,</span> <span class='ocrx_word' id='word_1_786' title='bbox 2093 1833 2192 1871; x_wconf 88' lang='lat' dir='ltr'>quae</span> <span class='ocrx_word' id='word_1_787' title='bbox 2209 1821 2360 1870; x_wconf 90' lang='lat' dir='ltr'>penitus</span> <span class='ocrx_word' id='word_1_788' title='bbox 2376 1834 2466 1859; x_wconf 93' lang='lat' dir='ltr'>con-</span> 
     </span>
    </p>

    <p class='ocr_par' dir='ltr' id='par_1_56' title="bbox 1392 1874 2613 1976">
     <span class='ocr_line' id='line_1_105' title="bbox 1392 1874 2613 1912; baseline -0.002 0"><span class='ocrx_word' id='word_1_789' title='bbox 1392 1874 1581 1912; x_wconf 90' lang='lat' dir='ltr'>trarietate</span> <span class='ocrx_word' id='word_1_790' title='bbox 1610 1882 1740 1912; x_wconf 88' lang='lat' dir='ltr'>carent</span> <span class='ocrx_word' id='word_1_791' title='bbox 1757 1880 1783 1911; x_wconf 49' lang='grc' dir='ltr'>τ.</span> <span class='ocrx_word' id='word_1_792' title='bbox 2598 1893 2613 1910; x_wconf 80' lang='grc' dir='ltr'><strong><em>τ</em></strong></span> 
     </span>
     <span class='ocr_line' id='line_1_106' title="bbox 1453 1927 2466 1976; baseline -0.002 -10"><span class='ocrx_word' id='word_1_793' title='bbox 1453 1940 1510 1976; x_wconf 88' lang='lat'>14.</span> <span class='ocrx_word' id='word_1_794' title='bbox 1542 1928 1763 1966; x_wconf 91' lang='lat' dir='ltr'>Secundam</span> <span class='ocrx_word' id='word_1_795' title='bbox 1801 1927 1988 1964; x_wconf 87' lang='lat' dir='ltr'>rationem</span> <span class='ocrx_word' id='word_1_796' title='bbox 2021 1927 2130 1976; x_wconf 91' lang='lat' dir='ltr'>ponit</span> <span class='ocrx_word' id='word_1_797' title='bbox 2157 1927 2230 1964; x_wconf 92' lang='lat' dir='ltr'>ibi:</span> <span class='ocrx_word' id='word_1_798' title='bbox 2269 1927 2312 1964; x_wconf 88' lang='lat' dir='ltr'>Si</span> <span class='ocrx_word' id='word_1_799' title='bbox 2340 1933 2466 1965; x_wconf 87' lang='lat' dir='ltr'>autem</span> 
     </span>
    </p>

    <p class='ocr_par' dir='ltr' id='par_1_57' title="bbox 1393 1980 2468 2030">
     <span class='ocr_line' id='line_1_107' title="bbox 1393 1980 2468 2030; baseline -0.001 -11"><span class='ocrx_word' id='word_1_800' title='bbox 1393 1987 1430 2019; x_wconf 89' lang='lat' dir='ltr'>et</span> <span class='ocrx_word' id='word_1_801' title='bbox 1464 1987 1559 2019; x_wconf 85' lang='lat' dir='ltr'>esset</span> <span class='ocrx_word' id='word_1_802' title='bbox 1584 1989 1655 2019; x_wconf 91' lang='lat' dir='ltr'>etc.</span> <span class='ocrx_word' id='word_1_803' title='bbox 1694 1982 1743 2018; x_wconf 89' lang='lat' dir='ltr'>Et</span> <span class='ocrx_word' id='word_1_804' title='bbox 1769 1981 1865 2018; x_wconf 89' lang='lat' dir='ltr'>haec</span> <span class='ocrx_word' id='word_1_805' title='bbox 1894 1980 2054 2029; x_wconf 91' lang='lat' dir='ltr'>quidem</span> <span class='ocrx_word' id='word_1_806' title='bbox 2082 1981 2175 2018; x_wconf 90' lang='lat' dir='ltr'>ratio</span> <span class='ocrx_word' id='word_1_807' title='bbox 2205 1980 2368 2018; x_wconf 91' lang='lat' dir='ltr'>sumitur</span> <span class='ocrx_word' id='word_1_808' title='bbox 2399 1993 2468 2030; x_wconf 89' lang='lat' dir='ltr'>per</span> 
     </span>
    </p>

    <p class='ocr_par' dir='ltr' id='par_1_58' title="bbox 1394 2034 2607 2086">
     <span class='ocr_line' id='line_1_108' title="bbox 1394 2034 2607 2086; baseline -0.002 -13"><span class='ocrx_word' id='word_1_809' title='bbox 1394 2036 1691 2086; x_wconf 88' lang='lat' dir='ltr'>applicationem</span> <span class='ocrx_word' id='word_1_810' title='bbox 1706 2040 1720 2055; x_wconf 78' lang='lat'>⁰</span> <span class='ocrx_word' id='word_1_811' title='bbox 1735 2034 1927 2071; x_wconf 90' lang='lat' dir='ltr'>circularis</span> <span class='ocrx_word' id='word_1_812' title='bbox 1956 2042 2084 2072; x_wconf 90' lang='lat' dir='ltr'>motus</span> <span class='ocrx_word' id='word_1_813' title='bbox 2108 2034 2158 2071; x_wconf 92' lang='lat' dir='ltr'>ad</span> <span class='ocrx_word' id='word_1_814' title='bbox 2178 2047 2341 2083; x_wconf 90' lang='lat' dir='ltr'>corpora</span> <span class='ocrx_word' id='word_1_815' title='bbox 2359 2042 2467 2072; x_wconf 88' lang='lat' dir='ltr'>natu-</span> <span class='ocrx_word' id='word_1_816' title='bbox 2593 2045 2607 2060; x_wconf 65' lang='grc' dir='ltr'>υ</span> 
     </span>
    </p>

    <p class='ocr_par' dir='ltr' id='par_1_59' title="bbox 1393 2087 2466 2138">
     <span class='ocr_line' id='line_1_109' title="bbox 1393 2087 2466 2138; baseline -0.002 -11"><span class='ocrx_word' id='word_1_817' title='bbox 1393 2089 1496 2127; x_wconf 90' lang='lat' dir='ltr'>ralia.</span> <span class='ocrx_word' id='word_1_818' title='bbox 1527 2089 1639 2136; x_wconf 89' lang='lat' dir='ltr'>Quae</span> <span class='ocrx_word' id='word_1_819' title='bbox 1659 2088 1818 2138; x_wconf 86' lang='lat' dir='ltr'>quidem</span> <span class='ocrx_word' id='word_1_820' title='bbox 1843 2087 1938 2125; x_wconf 88' lang='lat' dir='ltr'>ratio</span> <span class='ocrx_word' id='word_1_821' title='bbox 1958 2088 2040 2125; x_wconf 92' lang='lat' dir='ltr'>talis</span> <span class='ocrx_word' id='word_1_822' title='bbox 2061 2095 2128 2125; x_wconf 91' lang='lat' dir='ltr'>est.</span> <span class='ocrx_word' id='word_1_823' title='bbox 2159 2087 2199 2125; x_wconf 91' lang='lat' dir='ltr'>Si</span> <span class='ocrx_word' id='word_1_824' title='bbox 2219 2100 2318 2125; x_wconf 90' lang='lat' dir='ltr'>unus</span> <span class='ocrx_word' id='word_1_825' title='bbox 2337 2096 2466 2125; x_wconf 90' lang='lat' dir='ltr'>motus</span> 
     </span>
    </p>

    <p class='ocr_par' dir='ltr' id='par_1_60' title="bbox 1393 2141 2467 2191">
     <span class='ocr_line' id='line_1_110' title="bbox 1393 2141 2467 2191; baseline -0.001 -11"><span class='ocrx_word' id='word_1_826' title='bbox 1393 2142 1586 2180; x_wconf 88' lang='lat' dir='ltr'>circularis</span> <span class='ocrx_word' id='word_1_827' title='bbox 1625 2150 1724 2180; x_wconf 90' lang='lat' dir='ltr'>esset</span> <span class='ocrx_word' id='word_1_828' title='bbox 1761 2141 1971 2178; x_wconf 83' lang='lat' dir='ltr'>contrarius</span> <span class='ocrx_word' id='word_1_829' title='bbox 2005 2141 2086 2188; x_wconf 88' lang='lat' dir='ltr'>alii,</span> <span class='ocrx_word' id='word_1_830' title='bbox 2131 2149 2324 2191; x_wconf 88' lang='lat' dir='ltr'>oporteret</span> <span class='ocrx_word' id='word_1_831' title='bbox 2359 2141 2467 2190; x_wconf 89' lang='lat' dir='ltr'>quod</span> 
     </span>
    </p>

    <p class='ocr_par' dir='ltr' id='par_1_61' title="bbox 1393 2194 2466 2241">
     <span class='ocr_line' id='line_1_111' title="bbox 1393 2194 2466 2241; baseline -0.001 -8"><span class='ocrx_word' id='word_1_832' title='bbox 1393 2197 1486 2233; x_wconf 89' lang='lat' dir='ltr'>alter</span> <span class='ocrx_word' id='word_1_833' title='bbox 1506 2208 1642 2233; x_wconf 89' lang='lat' dir='ltr'>eorum</span> <span class='ocrx_word' id='word_1_834' title='bbox 1665 2202 1763 2232; x_wconf 89' lang='lat' dir='ltr'>esset</span> <span class='ocrx_word' id='word_1_835' title='bbox 1789 2195 1944 2241; x_wconf 80' lang='lat' dir='ltr'>frustra3</span> <span class='ocrx_word' id='word_1_836' title='bbox 1975 2195 2042 2232; x_wconf 92' lang='lat' dir='ltr'>sed</span> <span class='ocrx_word' id='word_1_837' title='bbox 2071 2194 2162 2232; x_wconf 91' lang='lat' dir='ltr'>nihil</span> <span class='ocrx_word' id='word_1_838' title='bbox 2191 2202 2247 2232; x_wconf 90' lang='lat' dir='ltr'>est</span> <span class='ocrx_word' id='word_1_839' title='bbox 2273 2195 2409 2232; x_wconf 90' lang='lat' dir='ltr'>frustra</span> <span class='ocrx_word' id='word_1_840' title='bbox 2428 2195 2466 2232; x_wconf 89' lang='lat' dir='ltr'>in</span> 
     </span>
    </p>

    <p class='ocr_par' dir='ltr' id='par_1_62' title="bbox 1391 2248 2465 2297">
     <span class='ocr_line' id='line_1_112' title="bbox 1391 2248 2465 2297; baseline -0.002 -10"><span class='ocrx_word' id='word_1_841' title='bbox 1391 2257 1544 2295; x_wconf 89' lang='lat' dir='ltr'>natura;</span> <span class='ocrx_word' id='word_1_842' title='bbox 1574 2261 1665 2297; x_wconf 87' lang='lat' dir='ltr'>ergo</span> <span class='ocrx_word' id='word_1_843' title='bbox 1685 2261 1765 2286; x_wconf 92' lang='lat' dir='ltr'>non</span> <span class='ocrx_word' id='word_1_844' title='bbox 1785 2255 1872 2285; x_wconf 89' lang='lat' dir='ltr'>sunt</span> <span class='ocrx_word' id='word_1_845' title='bbox 1900 2248 1978 2286; x_wconf 91' lang='lat' dir='ltr'>duo</span> <span class='ocrx_word' id='word_1_846' title='bbox 2001 2256 2130 2285; x_wconf 91' lang='lat' dir='ltr'>motus</span> <span class='ocrx_word' id='word_1_847' title='bbox 2153 2248 2354 2286; x_wconf 90' lang='lat' dir='ltr'>circulares</span> <span class='ocrx_word' id='word_1_848' title='bbox 2375 2261 2465 2286; x_wconf 91' lang='lat' dir='ltr'>con-</span> 
     </span>
    </p>

    <p class='ocr_par' dir='ltr' id='par_1_63' title="bbox 1391 2301 2465 2351">
     <span class='ocr_line' id='line_1_113' title="bbox 1391 2301 2465 2351; baseline -0.002 -11"><span class='ocrx_word' id='word_1_849' title='bbox 1391 2303 1504 2340; x_wconf 85' lang='lat' dir='ltr'>trarii.</span> <span class='ocrx_word' id='word_1_850' title='bbox 1525 2323 1550 2331; x_wconf 89' lang='lat'>—</span> <span class='ocrx_word' id='word_1_851' title='bbox 1571 2302 1882 2340; x_wconf 88' lang='lat' dir='ltr'>Conditionalem</span> <span class='ocrx_word' id='word_1_852' title='bbox 1911 2309 2041 2339; x_wconf 89' lang='lat' dir='ltr'>autem</span> <span class='ocrx_word' id='word_1_853' title='bbox 2069 2302 2209 2351; x_wconf 91' lang='lat' dir='ltr'>probat</span> <span class='ocrx_word' id='word_1_854' title='bbox 2236 2302 2300 2339; x_wconf 91' lang='lat' dir='ltr'>sic.</span> <span class='ocrx_word' id='word_1_855' title='bbox 2339 2301 2378 2338; x_wconf 91' lang='lat' dir='ltr'>Si</span> <span class='ocrx_word' id='word_1_856' title='bbox 2408 2315 2465 2339; x_wconf 87' lang='lat' dir='ltr'>es-</span> 
     </span>
    </p>

    <p class='ocr_par' dir='ltr' id='par_1_64' title="bbox 1391 2355 2465 2404">
     <span class='ocr_line' id='line_1_114' title="bbox 1391 2355 2465 2404; baseline -0.002 -10"><span class='ocrx_word' id='word_1_857' title='bbox 1391 2364 1476 2394; x_wconf 88' lang='lat' dir='ltr'>sent</span> <span class='ocrx_word' id='word_1_858' title='bbox 1512 2356 1590 2394; x_wconf 89' lang='lat' dir='ltr'>duo</span> <span class='ocrx_word' id='word_1_859' title='bbox 1628 2363 1757 2393; x_wconf 91' lang='lat' dir='ltr'>motus</span> <span class='ocrx_word' id='word_1_860' title='bbox 1795 2355 1997 2392; x_wconf 89' lang='lat' dir='ltr'>circulares</span> <span class='ocrx_word' id='word_1_861' title='bbox 2035 2355 2231 2401; x_wconf 89' lang='lat' dir='ltr'>contrarii,</span> <span class='ocrx_word' id='word_1_862' title='bbox 2271 2362 2465 2404; x_wconf 92' lang='lat' dir='ltr'>oporteret</span> 
     </span>
    </p>

    <p class='ocr_par' dir='ltr' id='par_1_65' title="bbox 1391 2408 2463 2458">
     <span class='ocr_line' id='line_1_115' title="bbox 1391 2408 2463 2458; baseline -0.002 -11"><span class='ocrx_word' id='word_1_863' title='bbox 1391 2409 1496 2458; x_wconf 92' lang='lat' dir='ltr'>quod</span> <span class='ocrx_word' id='word_1_864' title='bbox 1525 2421 1691 2458; x_wconf 89' lang='lat' dir='ltr'>corpora</span> <span class='ocrx_word' id='word_1_865' title='bbox 1719 2421 1819 2457; x_wconf 89' lang='lat' dir='ltr'>quae</span> <span class='ocrx_word' id='word_1_866' title='bbox 1847 2415 2097 2446; x_wconf 88' lang='lat' dir='ltr'>moverentur</span> <span class='ocrx_word' id='word_1_867' title='bbox 2114 2408 2184 2445; x_wconf 89' lang='lat' dir='ltr'>illis</span> <span class='ocrx_word' id='word_1_868' title='bbox 2207 2409 2359 2446; x_wconf 91' lang='lat' dir='ltr'>duobus</span> <span class='ocrx_word' id='word_1_869' title='bbox 2379 2421 2463 2445; x_wconf 91' lang='lat' dir='ltr'>mo-</span> 
     </span>
    </p>

    <p class='ocr_par' dir='ltr' id='par_1_66' title="bbox 1389 2461 2461 2514">
     <span class='ocr_line' id='line_1_116' title="bbox 1389 2461 2461 2514; baseline -0.002 -13"><span class='ocrx_word' id='word_1_870' title='bbox 1389 2463 1502 2510; x_wconf 90' lang='lat' dir='ltr'>tibus,</span> <span class='ocrx_word' id='word_1_871' title='bbox 1517 2462 1720 2500; x_wconf 88' lang='lat' dir='ltr'>transirent</span> <span class='ocrx_word' id='word_1_872' title='bbox 1733 2474 1803 2514; x_wconf 92' lang='lat' dir='ltr'>per</span> <span class='ocrx_word' id='word_1_873' title='bbox 1817 2461 1954 2499; x_wconf 87' lang='lat' dir='ltr'>eadem</span> <span class='ocrx_word' id='word_1_874' title='bbox 1970 2461 2076 2510; x_wconf 90' lang='lat' dir='ltr'>signa</span> <span class='ocrx_word' id='word_1_875' title='bbox 2091 2461 2130 2498; x_wconf 94' lang='lat' dir='ltr'>in</span> <span class='ocrx_word' id='word_1_876' title='bbox 2145 2461 2283 2499; x_wconf 91' lang='lat' dir='ltr'>circulo</span> <span class='ocrx_word' id='word_1_877' title='bbox 2301 2462 2461 2510; x_wconf 84' lang='lat' dir='ltr'>signata:</span> 
     </span>
    </p>

    <p class='ocr_par' dir='ltr' id='par_1_67' title="bbox 1390 2515 2605 2564">
     <span class='ocr_line' id='line_1_117' title="bbox 1390 2515 2605 2564; baseline -0.002 -10"><span class='ocrx_word' id='word_1_878' title='bbox 1390 2524 1428 2554; x_wconf 92' lang='lat' dir='ltr'>et</span> <span class='ocrx_word' id='word_1_879' title='bbox 1456 2517 1532 2554; x_wconf 90' lang='lat' dir='ltr'>hoc</span> <span class='ocrx_word' id='word_1_880' title='bbox 1558 2516 1647 2553; x_wconf 90' lang='lat' dir='ltr'>ideo</span> <span class='ocrx_word' id='word_1_881' title='bbox 1665 2521 1693 2562; x_wconf 68' lang='lat'>7,</span> <span class='ocrx_word' id='word_1_882' title='bbox 1714 2515 1805 2564; x_wconf 91' lang='lat' dir='ltr'>quia</span> <span class='ocrx_word' id='word_1_883' title='bbox 1824 2515 2068 2552; x_wconf 88' lang='lat' dir='ltr'>contrarietas</span> <span class='ocrx_word' id='word_1_884' title='bbox 2092 2523 2220 2552; x_wconf 90' lang='lat' dir='ltr'>motus</span> <span class='ocrx_word' id='word_1_885' title='bbox 2241 2515 2369 2553; x_wconf 91' lang='lat' dir='ltr'>localis</span> <span class='ocrx_word' id='word_1_886' title='bbox 2390 2515 2463 2552; x_wconf 90' lang='lat' dir='ltr'>exi-</span> <span class='ocrx_word' id='word_1_887' title='bbox 2589 2527 2605 2552; x_wconf 80' lang='grc' dir='ltr'>φ</span> 
     </span>
    </p>

    <p class='ocr_par' dir='ltr' id='par_1_68' title="bbox 1390 2569 2464 2619">
     <span class='ocr_line' id='line_1_118' title="bbox 1390 2569 2464 2619; baseline -0.003 -11"><span class='ocrx_word' id='word_1_888' title='bbox 1390 2571 1442 2619; x_wconf 88' lang='lat' dir='ltr'>git</span> <span class='ocrx_word' id='word_1_889' title='bbox 1460 2570 1768 2608; x_wconf 89' lang='lat' dir='ltr'>contrarietatem</span> <span class='ocrx_word' id='word_1_890' title='bbox 1786 2569 1974 2616; x_wconf 90' lang='lat' dir='ltr'>locorum,</span> <span class='ocrx_word' id='word_1_891' title='bbox 1986 2581 2084 2617; x_wconf 92' lang='lat' dir='ltr'>quae</span> <span class='ocrx_word' id='word_1_892' title='bbox 2100 2569 2244 2616; x_wconf 88' lang='lat' dir='ltr'>attingit</span> <span class='ocrx_word' id='word_1_893' title='bbox 2257 2576 2464 2617; x_wconf 87' lang='lat' dir='ltr'>utrumque</span> 
     </span>
    </p>

    <p class='ocr_par' dir='ltr' id='par_1_69' title="bbox 1391 2622 2464 2671">
     <span class='ocr_line' id='line_1_119' title="bbox 1391 2622 2464 2671; baseline -0.002 -10"><span class='ocrx_word' id='word_1_894' title='bbox 1391 2623 1605 2662; x_wconf 90' lang='lat' dir='ltr'>mobilium.</span> <span class='ocrx_word' id='word_1_895' title='bbox 1633 2623 1674 2660; x_wconf 92' lang='lat' dir='ltr'>Si</span> <span class='ocrx_word' id='word_1_896' title='bbox 1693 2634 1784 2671; x_wconf 88' lang='lat' dir='ltr'>ergo</span> <span class='ocrx_word' id='word_1_897' title='bbox 1805 2629 1931 2659; x_wconf 90' lang='lat' dir='ltr'>essent</span> <span class='ocrx_word' id='word_1_898' title='bbox 1949 2630 2077 2659; x_wconf 92' lang='lat' dir='ltr'>motus</span> <span class='ocrx_word' id='word_1_899' title='bbox 2098 2622 2298 2659; x_wconf 88' lang='lat' dir='ltr'>circulares</span> <span class='ocrx_word' id='word_1_900' title='bbox 2318 2630 2464 2659; x_wconf 91' lang='lat' dir='ltr'>contra-</span> 
     </span>
    </p>

    <p class='ocr_par' dir='ltr' id='par_1_70' title="bbox 1391 2675 2465 2727">
     <span class='ocr_line' id='line_1_120' title="bbox 1391 2675 2465 2727; baseline -0.002 -12"><span class='ocrx_word' id='word_1_901' title='bbox 1391 2678 1447 2726; x_wconf 90' lang='lat' dir='ltr'>rii,</span> <span class='ocrx_word' id='word_1_902' title='bbox 1476 2683 1671 2727; x_wconf 88' lang='lat' dir='ltr'>oporteret</span> <span class='ocrx_word' id='word_1_903' title='bbox 1688 2677 1796 2726; x_wconf 92' lang='lat' dir='ltr'>quod</span> <span class='ocrx_word' id='word_1_904' title='bbox 1814 2675 1900 2712; x_wconf 92' lang='lat' dir='ltr'>loca</span> <span class='ocrx_word' id='word_1_905' title='bbox 1923 2675 2051 2724; x_wconf 90' lang='lat' dir='ltr'>aliqua</span> <span class='ocrx_word' id='word_1_906' title='bbox 2070 2675 2356 2724; x_wconf 87' lang='lat' dir='ltr'>designarentur</span> <span class='ocrx_word' id='word_1_907' title='bbox 2376 2688 2465 2713; x_wconf 92' lang='lat' dir='ltr'>con-</span> 
     </span>
    </p>

    <p class='ocr_par' dir='ltr' id='par_1_71' title="bbox 1391 2729 2466 2778">
     <span class='ocr_line' id='line_1_121' title="bbox 1391 2729 2466 2778; baseline -0.003 -9"><span class='ocrx_word' id='word_1_908' title='bbox 1391 2731 1504 2769; x_wconf 88' lang='lat' dir='ltr'>traria</span> <span class='ocrx_word' id='word_1_909' title='bbox 1517 2731 1556 2768; x_wconf 93' lang='lat' dir='ltr'>in</span> <span class='ocrx_word' id='word_1_910' title='bbox 1572 2730 1725 2767; x_wconf 91' lang='lat' dir='ltr'>circulo.</span> <span class='ocrx_word' id='word_1_911' title='bbox 1747 2730 1791 2767; x_wconf 93' lang='lat' dir='ltr'>In</span> <span class='ocrx_word' id='word_1_912' title='bbox 1806 2737 1910 2767; x_wconf 90' lang='lat' dir='ltr'>recta</span> <span class='ocrx_word' id='word_1_913' title='bbox 1929 2729 2087 2778; x_wconf 90' lang='lat' dir='ltr'>quidem</span> <span class='ocrx_word' id='word_1_914' title='bbox 2106 2729 2206 2766; x_wconf 90' lang='lat' dir='ltr'>linea</span> <span class='ocrx_word' id='word_1_915' title='bbox 2223 2729 2466 2777; x_wconf 85' lang='lat' dir='ltr'>designantur</span> 
     </span>
    </p>

    <p class='ocr_par' dir='ltr' id='par_1_72' title="bbox 1388 2782 2464 2832">
     <span class='ocr_line' id='line_1_122' title="bbox 1388 2782 2464 2832; baseline -0.003 -10"><span class='ocrx_word' id='word_1_916' title='bbox 1388 2785 1474 2823; x_wconf 89' lang='lat' dir='ltr'>sola</span> <span class='ocrx_word' id='word_1_917' title='bbox 1511 2784 1590 2822; x_wconf 93' lang='lat' dir='ltr'>duo</span> <span class='ocrx_word' id='word_1_918' title='bbox 1623 2784 1710 2821; x_wconf 91' lang='lat' dir='ltr'>loca</span> <span class='ocrx_word' id='word_1_919' title='bbox 1743 2782 1948 2830; x_wconf 84' lang='lat' dir='ltr'>contraria,</span> <span class='ocrx_word' id='word_1_920' title='bbox 1988 2795 2087 2832; x_wconf 89' lang='lat' dir='ltr'>quae</span> <span class='ocrx_word' id='word_1_921' title='bbox 2125 2782 2266 2819; x_wconf 90' lang='lat' dir='ltr'>scilicet</span> <span class='ocrx_word' id='word_1_922' title='bbox 2298 2782 2464 2820; x_wconf 82' lang='lat' dir='ltr'>maxime</span> 
     </span>
    </p>
   </div>
   <div class='ocr_carea' id='block_1_24' title="bbox 2491 332 2705 380">
    <p class='ocr_par' dir='ltr' id='par_1_73' title="bbox 2491 332 2705 380">
     <span class='ocr_line' id='line_1_123' title="bbox 2491 332 2705 355; baseline 0.005 -2"><span class='ocrx_word' id='word_1_923' title='bbox 2491 334 2500 342; x_wconf 80' lang='lat'>&#39;¹</span> <span class='ocrx_word' id='word_1_924' title='bbox 2517 333 2541 353; x_wconf 86' lang='lat' dir='ltr'>in</span> <span class='ocrx_word' id='word_1_925' title='bbox 2564 338 2611 355; x_wconf 88' lang='lat' dir='ltr'>om.</span> <span class='ocrx_word' id='word_1_926' title='bbox 2635 332 2705 354; x_wconf 82' lang='lat' dir='ltr'>codd.</span> 
     </span>
     <span class='ocr_line' id='line_1_124' title="bbox 2491 365 2578 380; baseline 0 0"><span class='ocrx_word' id='word_1_927' title='bbox 2491 365 2540 380; x_wconf 84' lang='lat' dir='ltr'>exc.</span> <span class='ocrx_word' id='word_1_928' title='bbox 2557 365 2578 380; x_wconf 86' lang='lat' dir='ltr'>c.</span> 
     </span>
    </p>
   </div>
   <div class='ocr_carea' id='block_1_25' title="bbox 2491 646 2704 694">
    <p class='ocr_par' dir='ltr' id='par_1_74' title="bbox 2491 646 2704 694">
     <span class='ocr_line' id='line_1_125' title="bbox 2491 646 2704 668; baseline 0.005 -1"><span class='ocrx_word' id='word_1_929' title='bbox 2491 646 2502 657; x_wconf 69' lang='lat'>⁴¹</span> <span class='ocrx_word' id='word_1_930' title='bbox 2521 648 2545 667; x_wconf 82' lang='lat' dir='ltr'>et</span> <span class='ocrx_word' id='word_1_931' title='bbox 2564 652 2612 668; x_wconf 85' lang='lat' dir='ltr'>orn.</span> <span class='ocrx_word' id='word_1_932' title='bbox 2635 646 2704 668; x_wconf 87' lang='lat' dir='ltr'>codd.</span> 
     </span>
     <span class='ocr_line' id='line_1_126' title="bbox 2491 679 2593 694; baseline 0 0"><span class='ocrx_word' id='word_1_933' title='bbox 2491 679 2541 694; x_wconf 82' lang='lat' dir='ltr'>cxc.</span> <span class='ocrx_word' id='word_1_934' title='bbox 2556 679 2593 694; x_wconf 76' lang='grc' dir='ltr'>ΑΒ.</span> 
     </span>
    </p>
   </div>
   <div class='ocr_carea' id='block_1_26' title="bbox 2492 1506 2667 1535">
    <p class='ocr_par' dir='ltr' id='par_1_75' title="bbox 2492 1506 2667 1535">
     <span class='ocr_line' id='line_1_127' title="bbox 2492 1506 2667 1535; baseline 0.006 -7"><span class='ocrx_word' id='word_1_935' title='bbox 2492 1507 2503 1518; x_wconf 89' lang='lat'>&#39;¹</span> <span class='ocrx_word' id='word_1_936' title='bbox 2519 1506 2631 1535; x_wconf 67' lang='lat' dir='ltr'>differem</span> <span class='ocrx_word' id='word_1_937' title='bbox 2644 1513 2667 1529; x_wconf 76' lang='lat' dir='ltr'>P.</span> 
     </span>
    </p>
   </div>
   <div class='ocr_carea' id='block_1_27' title="bbox 1393 2831 2763 2884">
    <p class='ocr_par' dir='ltr' id='par_1_76' title="bbox 1393 2831 2763 2884">
     <span class='ocr_line' id='line_1_128' title="bbox 1393 2831 2763 2884; baseline -0.003 -8"><span class='ocrx_word' id='word_1_938' title='bbox 1393 2838 1549 2876; x_wconf 88' lang='lat' dir='ltr'>distant:</span> <span class='ocrx_word' id='word_1_939' title='bbox 1578 2837 1651 2874; x_wconf 88' lang='lat' dir='ltr'>alia</span> <span class='ocrx_word' id='word_1_940' title='bbox 1677 2849 1773 2874; x_wconf 87' lang='lat' dir='ltr'>vero</span> <span class='ocrx_word' id='word_1_941' title='bbox 1810 2837 1895 2873; x_wconf 91' lang='lat' dir='ltr'>loca</span> <span class='ocrx_word' id='word_1_942' title='bbox 1923 2835 2069 2884; x_wconf 84' lang='lat' dir='ltr'>signata</span> <span class='ocrx_word' id='word_1_943' title='bbox 2095 2847 2165 2884; x_wconf 90' lang='lat' dir='ltr'>per</span> <span class='ocrx_word' id='word_1_944' title='bbox 2190 2837 2210 2857; x_wconf 64' lang='lat'>³⁸</span> <span class='ocrx_word' id='word_1_945' title='bbox 2238 2836 2379 2873; x_wconf 87' lang='lat' dir='ltr'>lineam</span> <span class='ocrx_word' id='word_1_946' title='bbox 2409 2848 2464 2872; x_wconf 89' lang='lat' dir='ltr'>re-</span> <span class='ocrx_word' id='word_1_947' title='bbox 2493 2843 2705 2866; x_wconf 74' lang='lat' dir='ltr'>&#39;secundumcodd·</span> <span class='ocrx_word' id='word_1_948' title='bbox 2753 2831 2763 2839; x_wconf 83' lang='grc'><strong>’</strong></span> 
     </span>
    </p>
   </div>
   <div class='ocr_carea' id='block_1_28' title="bbox 1392 2889 2670 3249">
    <p class='ocr_par' dir='ltr' id='par_1_77' title="bbox 1392 2889 2670 3249">
     <span class='ocr_line' id='line_1_129' title="bbox 1394 2889 2670 2940; baseline -0.003 -11"><span class='ocrx_word' id='word_1_949' title='bbox 1394 2899 1506 2939; x_wconf 90' lang='lat' dir='ltr'>ctam,</span> <span class='ocrx_word' id='word_1_950' title='bbox 1527 2903 1628 2940; x_wconf 89' lang='lat' dir='ltr'>quae</span> <span class='ocrx_word' id='word_1_951' title='bbox 1657 2897 1744 2927; x_wconf 91' lang='lat' dir='ltr'>sunt</span> <span class='ocrx_word' id='word_1_952' title='bbox 1771 2889 1868 2926; x_wconf 89' lang='lat' dir='ltr'>infra</span> <span class='ocrx_word' id='word_1_953' title='bbox 1896 2889 1974 2927; x_wconf 92' lang='lat' dir='ltr'>duo</span> <span class='ocrx_word' id='word_1_954' title='bbox 2003 2890 2088 2926; x_wconf 90' lang='lat' dir='ltr'>loca</span> <span class='ocrx_word' id='word_1_955' title='bbox 2109 2890 2128 2910; x_wconf 67' lang='lat'>²¹⁶</span> <span class='ocrx_word' id='word_1_956' title='bbox 2156 2897 2344 2937; x_wconf 88' lang='lat' dir='ltr'>extrema,</span> <span class='ocrx_word' id='word_1_957' title='bbox 2375 2901 2464 2926; x_wconf 90' lang='lat' dir='ltr'>cum</span> <span class='ocrx_word' id='word_1_958' title='bbox 2492 2897 2569 2919; x_wconf 76' lang='lat' dir='ltr'>‘1⁰ca</span> <span class='ocrx_word' id='word_1_959' title='bbox 2586 2903 2670 2919; x_wconf 64' lang='grc' dir='ltr'><strong>οπω-</strong></span> 
     </span>
     <span class='ocr_line' id='line_1_130' title="bbox 1393 2942 2465 2991; baseline -0.003 -8"><span class='ocrx_word' id='word_1_960' title='bbox 1393 2958 1473 2983; x_wconf 89' lang='lat' dir='ltr'>non</span> <span class='ocrx_word' id='word_1_961' title='bbox 1488 2944 1657 2982; x_wconf 85' lang='lat' dir='ltr'>maxime</span> <span class='ocrx_word' id='word_1_962' title='bbox 1673 2943 1822 2991; x_wconf 90' lang='lat' dir='ltr'>distent,</span> <span class='ocrx_word' id='word_1_963' title='bbox 1838 2955 1918 2980; x_wconf 90' lang='lat' dir='ltr'>non</span> <span class='ocrx_word' id='word_1_964' title='bbox 1933 2942 2076 2979; x_wconf 90' lang='lat' dir='ltr'>habent</span> <span class='ocrx_word' id='word_1_965' title='bbox 2096 2942 2400 2979; x_wconf 90' lang='lat' dir='ltr'>contrarietatem</span> <span class='ocrx_word' id='word_1_966' title='bbox 2415 2943 2465 2980; x_wconf 92' lang='lat' dir='ltr'>ad</span> 
     </span>
     <span class='ocr_line' id='line_1_131' title="bbox 1392 2995 2464 3044; baseline -0.005 -8"><span class='ocrx_word' id='word_1_967' title='bbox 1392 2998 1572 3036; x_wconf 90' lang='lat' dir='ltr'>invicem.</span> <span class='ocrx_word' id='word_1_968' title='bbox 1603 2997 1681 3035; x_wconf 89' lang='lat' dir='ltr'>Sed</span> <span class='ocrx_word' id='word_1_969' title='bbox 1700 2997 1739 3034; x_wconf 90' lang='lat' dir='ltr'>in</span> <span class='ocrx_word' id='word_1_970' title='bbox 1759 2997 1900 3033; x_wconf 92' lang='lat' dir='ltr'>circulo</span> <span class='ocrx_word' id='word_1_971' title='bbox 1922 2995 2119 3032; x_wconf 88' lang='lat' dir='ltr'>cuiuslibet</span> <span class='ocrx_word' id='word_1_972' title='bbox 2141 2995 2271 3044; x_wconf 91' lang='lat' dir='ltr'>puncti</span> <span class='ocrx_word' id='word_1_973' title='bbox 2293 3003 2348 3032; x_wconf 91' lang='lat' dir='ltr'>est</span> <span class='ocrx_word' id='word_1_974' title='bbox 2368 2995 2464 3032; x_wconf 89' lang='lat' dir='ltr'>acci-</span> 
     </span>
     <span class='ocr_line' id='line_1_132' title="bbox 1392 3048 2464 3101; baseline -0.002 -12"><span class='ocrx_word' id='word_1_975' title='bbox 1392 3064 1484 3101; x_wconf 91' lang='lat' dir='ltr'>pere</span> <span class='ocrx_word' id='word_1_976' title='bbox 1503 3051 1715 3088; x_wconf 86' lang='lat' dir='ltr'>maximam</span> <span class='ocrx_word' id='word_1_977' title='bbox 1745 3048 1960 3087; x_wconf 88' lang='lat' dir='ltr'>distantiam</span> <span class='ocrx_word' id='word_1_978' title='bbox 1986 3048 2036 3085; x_wconf 89' lang='lat' dir='ltr'>ad</span> <span class='ocrx_word' id='word_1_979' title='bbox 2064 3048 2219 3096; x_wconf 88' lang='lat' dir='ltr'>aliquod</span> <span class='ocrx_word' id='word_1_980' title='bbox 2247 3048 2348 3086; x_wconf 90' lang='lat' dir='ltr'>aliud</span> <span class='ocrx_word' id='word_1_981' title='bbox 2367 3061 2464 3097; x_wconf 92' lang='lat' dir='ltr'>pun—</span> 
     </span>
     <span class='ocr_line' id='line_1_133' title="bbox 1393 3101 2464 3151; baseline -0.002 -9"><span class='ocrx_word' id='word_1_982' title='bbox 1393 3113 1497 3142; x_wconf 91' lang='lat' dir='ltr'>ctum</span> <span class='ocrx_word' id='word_1_983' title='bbox 1527 3104 1677 3142; x_wconf 86' lang='lat' dir='ltr'>circuli:</span> <span class='ocrx_word' id='word_1_984' title='bbox 1710 3103 1800 3151; x_wconf 91' lang='lat' dir='ltr'>quia</span> <span class='ocrx_word' id='word_1_985' title='bbox 1827 3115 1849 3139; x_wconf 89' lang='lat' dir='ltr'>a</span> <span class='ocrx_word' id='word_1_986' title='bbox 1873 3101 2044 3150; x_wconf 89' lang='lat' dir='ltr'>quolibet</span> <span class='ocrx_word' id='word_1_987' title='bbox 2070 3109 2213 3150; x_wconf 92' lang='lat' dir='ltr'>puncto</span> <span class='ocrx_word' id='word_1_988' title='bbox 2243 3102 2390 3150; x_wconf 86' lang='lat' dir='ltr'>signato</span> <span class='ocrx_word' id='word_1_989' title='bbox 2425 3103 2464 3140; x_wconf 90' lang='lat' dir='ltr'>in</span> 
     </span>
     <span class='ocr_line' id='line_1_134' title="bbox 1394 3154 2464 3217; baseline -0.003 -21"><span class='ocrx_word' id='word_1_990' title='bbox 1394 3159 1533 3196; x_wconf 92' lang='lat' dir='ltr'>circulo</span> <span class='ocrx_word' id='word_1_991' title='bbox 1554 3157 1736 3217; x_wconf 80' lang='lat' dir='ltr'>contingit</span> <span class='ocrx_word' id='word_1_992' title='bbox 1755 3156 1893 3193; x_wconf 90' lang='lat' dir='ltr'>ducere</span> <span class='ocrx_word' id='word_1_993' title='bbox 1912 3154 2080 3203; x_wconf 90' lang='lat' dir='ltr'>aliquam</span> <span class='ocrx_word' id='word_1_994' title='bbox 2100 3154 2346 3215; x_wconf 85' lang='lat' dir='ltr'>diametrum,</span> <span class='ocrx_word' id='word_1_995' title='bbox 2363 3168 2464 3205; x_wconf 88' lang='lat' dir='ltr'>quae</span> 
     </span>
     <span class='ocr_line' id='line_1_135' title="bbox 1394 3207 2464 3249; baseline -0.003 0"><span class='ocrx_word' id='word_1_996' title='bbox 1394 3219 1450 3249; x_wconf 92' lang='lat' dir='ltr'>est</span> <span class='ocrx_word' id='word_1_997' title='bbox 1467 3211 1638 3249; x_wconf 88' lang='lat' dir='ltr'>maxima</span> <span class='ocrx_word' id='word_1_998' title='bbox 1656 3210 1843 3247; x_wconf 91' lang='lat' dir='ltr'>linearum</span> <span class='ocrx_word' id='word_1_999' title='bbox 1871 3215 2060 3245; x_wconf 90' lang='lat' dir='ltr'>rectarum</span> <span class='ocrx_word' id='word_1_1000' title='bbox 2090 3207 2308 3246; x_wconf 89' lang='lat' dir='ltr'>cadentium</span> <span class='ocrx_word' id='word_1_1001' title='bbox 2337 3209 2377 3246; x_wconf 93' lang='lat' dir='ltr'>in</span> <span class='ocrx_word' id='word_1_1002' title='bbox 2396 3209 2464 3247; x_wconf 92' lang='lat' dir='ltr'>cir-</span> 
     </span>
    </p>
   </div>
   <div class='ocr_carea' id='block_1_29' title="bbox 1387 3358 2463 3677">
    <p class='ocr_par' dir='ltr' id='par_1_78' title="bbox 1391 3358 2463 3466">
     <span class='ocr_line' id='line_1_136' title="bbox 1391 3358 2463 3393; baseline -0.002 -7"><span class='ocrx_word' id='word_1_1003' title='bbox 1391 3361 1528 3386; x_wconf 85' lang='lat' dir='ltr'>lectionem</span> <span class='ocrx_word' id='word_1_1004' title='bbox 1547 3361 1695 3393; x_wconf 81' lang='lat' dir='ltr'>adoptatam</span> <span class='ocrx_word' id='word_1_1005' title='bbox 1713 3359 1797 3392; x_wconf 84' lang='lat' dir='ltr'>magis</span> <span class='ocrx_word' id='word_1_1006' title='bbox 1816 3359 1933 3384; x_wconf 81' lang='lat' dir='ltr'>ordinate</span> <span class='ocrx_word' id='word_1_1007' title='bbox 1952 3364 1978 3384; x_wconf 86' lang='lat' dir='ltr'>et</span> <span class='ocrx_word' id='word_1_1008' title='bbox 1996 3359 2065 3384; x_wconf 82' lang='lat' dir='ltr'>clare</span> <span class='ocrx_word' id='word_1_1009' title='bbox 2083 3358 2191 3384; x_wconf 84' lang='lat' dir='ltr'>infertur</span> <span class='ocrx_word' id='word_1_1010' title='bbox 2218 3359 2352 3384; x_wconf 87' lang='lat' dir='ltr'>conclusio</span> <span class='ocrx_word' id='word_1_1011' title='bbox 2370 3367 2386 3385; x_wconf 85' lang='lat' dir='ltr'>a</span> <span class='ocrx_word' id='word_1_1012' title='bbox 2402 3359 2463 3385; x_wconf 90' lang='lat' dir='ltr'>Phi-</span> 
     </span>
     <span class='ocr_line' id='line_1_137' title="bbox 1391 3397 1611 3421; baseline -0.005 0"><span class='ocrx_word' id='word_1_1013' title='bbox 1391 3398 1417 3421; x_wconf 93' lang='lat' dir='ltr'>lo</span> <span class='ocrx_word' id='word_1_1014' title='bbox 1453 3404 1488 3421; x_wconf 91' lang='lat' dir='ltr'>no</span> <span class='ocrx_word' id='word_1_1015' title='bbox 1506 3397 1611 3420; x_wconf 86' lang='lat' dir='ltr'>intenta.</span> 
     </span>
     <span class='ocr_line' id='line_1_138' title="bbox 1418 3405 2461 3466; baseline -0.001 -10"><span class='ocrx_word' id='word_1_1016' title='bbox 1418 3405 1470 3466; x_wconf 44' lang='lat' dir='ltr'>pqr)</span> <span class='ocrx_word' id='word_1_1017' title='bbox 1491 3439 1559 3464; x_wconf 83' lang='lat' dir='ltr'>quae</span> <span class='ocrx_word' id='word_1_1018' title='bbox 1573 3431 1683 3463; x_wconf 85' lang='lat' dir='ltr'>penitus</span> <span class='ocrx_word' id='word_1_1019' title='bbox 1700 3430 1895 3456; x_wconf 81' lang='lat' dir='ltr'>contrarietate</span> <span class='ocrx_word' id='word_1_1020' title='bbox 1912 3434 2014 3456; x_wconf 87' lang='lat' dir='ltr'>carent.</span> <span class='ocrx_word' id='word_1_1021' title='bbox 2028 3444 2046 3450; x_wconf 91' lang='lat'><strong>—</strong></span> <span class='ocrx_word' id='word_1_1022' title='bbox 2059 3431 2111 3455; x_wconf 88' lang='lat' dir='ltr'>Pro</span> <span class='ocrx_word' id='word_1_1023' title='bbox 2129 3437 2205 3463; x_wconf 86' lang='lat' dir='ltr'>quae,</span> <span class='ocrx_word' id='word_1_1024' title='bbox 2225 3433 2252 3455; x_wconf 88' lang='lat' dir='ltr'>et</span> <span class='ocrx_word' id='word_1_1025' title='bbox 2265 3430 2348 3460; x_wconf 67' lang='lat' dir='ltr'>codd„</span> <span class='ocrx_word' id='word_1_1026' title='bbox 2368 3439 2461 3456; x_wconf 85' lang='lat' dir='ltr'>secun-</span> 
     </span>
    </p>

    <p class='ocr_par' dir='ltr' id='par_1_79' title="bbox 1390 3466 2461 3535">
     <span class='ocr_line' id='line_1_139' title="bbox 1391 3466 2461 3499; baseline -0.002 -7"><span class='ocrx_word' id='word_1_1027' title='bbox 1391 3469 1454 3492; x_wconf 89' lang='lat' dir='ltr'>dum</span> <span class='ocrx_word' id='word_1_1028' title='bbox 1479 3475 1559 3499; x_wconf 85' lang='lat' dir='ltr'>quam</span> <span class='ocrx_word' id='word_1_1029' title='bbox 1578 3467 1716 3491; x_wconf 89' lang='lat' dir='ltr'>lectionem</span> <span class='ocrx_word' id='word_1_1030' title='bbox 1734 3466 1844 3498; x_wconf 82' lang='lat' dir='ltr'>penitus</span> <span class='ocrx_word' id='word_1_1031' title='bbox 1866 3466 2045 3491; x_wconf 85' lang='lat' dir='ltr'>contrarietate</span> <span class='ocrx_word' id='word_1_1032' title='bbox 2070 3474 2157 3491; x_wconf 86' lang='lat' dir='ltr'>carere</span> <span class='ocrx_word' id='word_1_1033' title='bbox 2176 3466 2303 3491; x_wconf 89' lang='lat' dir='ltr'>diceretur</span> <span class='ocrx_word' id='word_1_1034' title='bbox 2322 3467 2354 3491; x_wconf 90' lang='lat' dir='ltr'>de</span> <span class='ocrx_word' id='word_1_1035' title='bbox 2372 3467 2461 3499; x_wconf 88' lang='lat' dir='ltr'>primis</span> 
     </span>
     <span class='ocr_line' id='line_1_140' title="bbox 1390 3501 2327 3535; baseline -0.002 -7"><span class='ocrx_word' id='word_1_1036' title='bbox 1390 3502 1554 3535; x_wconf 84' lang='lat' dir='ltr'>corporibus,</span> <span class='ocrx_word' id='word_1_1037' title='bbox 1575 3502 1638 3526; x_wconf 91' lang='lat' dir='ltr'>dum</span> <span class='ocrx_word' id='word_1_1038' title='bbox 1656 3501 1743 3534; x_wconf 86' lang='lat' dir='ltr'>potius</span> <span class='ocrx_word' id='word_1_1039' title='bbox 1762 3501 1825 3526; x_wconf 85' lang='lat' dir='ltr'>solis</span> <span class='ocrx_word' id='word_1_1040' title='bbox 1844 3501 1994 3527; x_wconf 82' lang='lat' dir='ltr'>substantiis</span> <span class='ocrx_word' id='word_1_1041' title='bbox 2014 3501 2175 3534; x_wconf 85' lang='lat' dir='ltr'>simplicibus</span> <span class='ocrx_word' id='word_1_1042' title='bbox 2195 3502 2327 3534; x_wconf 86' lang='lat' dir='ltr'>competit.</span> 
     </span>
    </p>

    <p class='ocr_par' dir='ltr' id='par_1_80' title="bbox 1388 3537 2460 3606">
     <span class='ocr_line' id='line_1_141' title="bbox 1443 3537 2460 3571; baseline -0.001 -9"><span class='ocrx_word' id='word_1_1043' title='bbox 1443 3538 1468 3571; x_wconf 85' lang='lat' dir='ltr'>u)</span> <span class='ocrx_word' id='word_1_1044' title='bbox 1483 3537 1727 3570; x_wconf 77' lang='lat' dir='ltr'>applicationem.</span> <span class='ocrx_word' id='word_1_1045' title='bbox 1737 3537 1943 3570; x_wconf 81' lang='lat' dir='ltr'>appellationem</span> <span class='ocrx_word' id='word_1_1046' title='bbox 1958 3537 2018 3568; x_wconf 85' lang='lat' dir='ltr'>FG;</span> <span class='ocrx_word' id='word_1_1047' title='bbox 2037 3542 2078 3562; x_wconf 89' lang='lat' dir='ltr'>est</span> <span class='ocrx_word' id='word_1_1048' title='bbox 2092 3537 2198 3562; x_wconf 86' lang='lat' dir='ltr'>evidens</span> <span class='ocrx_word' id='word_1_1049' title='bbox 2213 3537 2385 3570; x_wconf 81' lang='lat' dir='ltr'>corruptio.—</span> <span class='ocrx_word' id='word_1_1050' title='bbox 2365 3537 2460 3561; x_wconf 87' lang='lat' dir='ltr'>—Post</span> 
     </span>
     <span class='ocr_line' id='line_1_142' title="bbox 1388 3571 2275 3606; baseline -0.002 -7"><span class='ocrx_word' id='word_1_1051' title='bbox 1388 3582 1468 3599; x_wconf 85' lang='lat' dir='ltr'>unam</span> <span class='ocrx_word' id='word_1_1052' title='bbox 1487 3574 1531 3598; x_wconf 91' lang='lat' dir='ltr'>lin.</span> <span class='ocrx_word' id='word_1_1053' title='bbox 1550 3581 1598 3606; x_wconf 86' lang='lat' dir='ltr'>pro</span> <span class='ocrx_word' id='word_1_1054' title='bbox 1616 3573 1678 3602; x_wconf 84' lang='lat' dir='ltr'>alii,</span> <span class='ocrx_word' id='word_1_1055' title='bbox 1697 3572 1758 3598; x_wconf 80' lang='lat' dir='ltr'>aliis</span> <span class='ocrx_word' id='word_1_1056' title='bbox 1777 3573 1810 3604; x_wconf 85' lang='lat' dir='ltr'>P;</span> <span class='ocrx_word' id='word_1_1057' title='bbox 1829 3573 1870 3598; x_wconf 88' lang='lat' dir='ltr'>ed.</span> <span class='ocrx_word' id='word_1_1058' title='bbox 1889 3571 1956 3598; x_wconf 81' lang='lat'>1516</span> <span class='ocrx_word' id='word_1_1059' title='bbox 1975 3573 2037 3605; x_wconf 88' lang='lat' dir='ltr'>legit</span> <span class='ocrx_word' id='word_1_1060' title='bbox 2055 3580 2116 3598; x_wconf 89' lang='lat' dir='ltr'>cum</span> <span class='ocrx_word' id='word_1_1061' title='bbox 2135 3573 2275 3598; x_wconf 88' lang='lat' dir='ltr'>codicibus.</span> 
     </span>
    </p>

    <p class='ocr_par' dir='ltr' id='par_1_81' title="bbox 1387 3607 2459 3677">
     <span class='ocr_line' id='line_1_143' title="bbox 1442 3607 2459 3643; baseline -0.003 -9"><span class='ocrx_word' id='word_1_1062' title='bbox 1442 3609 1470 3643; x_wconf 85' lang='grc' dir='ltr'>φ)</span> <span class='ocrx_word' id='word_1_1063' title='bbox 1490 3612 1516 3634; x_wconf 88' lang='lat' dir='ltr'>et</span> <span class='ocrx_word' id='word_1_1064' title='bbox 1534 3609 1583 3634; x_wconf 84' lang='lat' dir='ltr'>hoc</span> <span class='ocrx_word' id='word_1_1065' title='bbox 1603 3608 1701 3634; x_wconf 83' lang='lat' dir='ltr'>ideo.-</span> <span class='ocrx_word' id='word_1_1066' title='bbox 1719 3612 1746 3634; x_wconf 86' lang='lat' dir='ltr'>et</span> <span class='ocrx_word' id='word_1_1067' title='bbox 1763 3607 1813 3634; x_wconf 81' lang='lat' dir='ltr'>hoc</span> <span class='ocrx_word' id='word_1_1068' title='bbox 1829 3608 1947 3634; x_wconf 80' lang='lat' dir='ltr'>ostendit</span> <span class='ocrx_word' id='word_1_1069' title='bbox 1960 3609 1990 3634; x_wconf 90' lang='lat' dir='ltr'>P.</span> <span class='ocrx_word' id='word_1_1070' title='bbox 2003 3623 2022 3627; x_wconf 90' lang='lat'><strong>—</strong></span> <span class='ocrx_word' id='word_1_1071' title='bbox 2040 3609 2104 3633; x_wconf 87' lang='lat' dir='ltr'>Post</span> <span class='ocrx_word' id='word_1_1072' title='bbox 2119 3609 2184 3633; x_wconf 80' lang='lat' dir='ltr'>duas</span> <span class='ocrx_word' id='word_1_1073' title='bbox 2200 3609 2244 3632; x_wconf 89' lang='lat' dir='ltr'>lin.</span> <span class='ocrx_word' id='word_1_1074' title='bbox 2257 3615 2305 3640; x_wconf 89' lang='lat' dir='ltr'>pro</span> <span class='ocrx_word' id='word_1_1075' title='bbox 2324 3609 2459 3639; x_wconf 81' lang='lat' dir='ltr'>oporteret</span> 
     </span>
     <span class='ocr_line' id='line_1_144' title="bbox 1387 3642 2457 3677; baseline -0.003 -7"><span class='ocrx_word' id='word_1_1076' title='bbox 1387 3645 1460 3677; x_wconf 86' lang='lat' dir='ltr'>quod</span> <span class='ocrx_word' id='word_1_1077' title='bbox 1477 3645 1537 3670; x_wconf 80' lang='lat' dir='ltr'>loca</span> <span class='ocrx_word' id='word_1_1078' title='bbox 1554 3644 1658 3677; x_wconf 77' lang='lat' dir='ltr'>aliqua,</span> <span class='ocrx_word' id='word_1_1079' title='bbox 1678 3646 1815 3676; x_wconf 85' lang='lat' dir='ltr'>oporteret</span> <span class='ocrx_word' id='word_1_1080' title='bbox 1831 3644 1904 3677; x_wconf 81' lang='lat' dir='ltr'>quod</span> <span class='ocrx_word' id='word_1_1081' title='bbox 1918 3644 1978 3670; x_wconf 83' lang='lat' dir='ltr'>loca</span> <span class='ocrx_word' id='word_1_1082' title='bbox 1991 3644 2032 3670; x_wconf 88' lang='lat' dir='ltr'>ed.</span> <span class='ocrx_word' id='word_1_1083' title='bbox 2051 3643 2131 3674; x_wconf 82' lang='lat'>1516,</span> <span class='ocrx_word' id='word_1_1084' title='bbox 2150 3646 2255 3676; x_wconf 84' lang='lat' dir='ltr'>oportet</span> <span class='ocrx_word' id='word_1_1085' title='bbox 2273 3643 2344 3675; x_wconf 76' lang='lat' dir='ltr'>quod</span> <span class='ocrx_word' id='word_1_1086' title='bbox 2356 3643 2414 3668; x_wconf 85' lang='lat' dir='ltr'>loca</span> <span class='ocrx_word' id='word_1_1087' title='bbox 2428 3642 2457 3667; x_wconf 89' lang='lat' dir='ltr'>P.</span> 
     </span>
    </p>
   </div>
  </div>
 </body>
</html>
