2782 4134
12 662 24 674 ³
32 660 181 690 probandum
195 666 224 682 εα

11 691 35 710 et
48 687 100 709 Par.

10 714 23 727 ⁴
30 714 223 742 cf.1ect.seq.n.1.

10 821 22 832 ·
35 820 109 843 Num.
121 826 170 849 seq.

108 868 127 896 λ

1127 308 1238 344 CAP.
1270 309 1302 355 I,
1333 307 1484 345 LECT.
1515 309 1565 345 111

251 383 487 432 impossibile
507 391 687 433 sequatur
706 384 916 422 dicentibus
937 385 1054 421 lineas
1074 385 1321 423 indivisibiles

252 438 315 474 vel
344 437 578 486 superficies,
601 449 647 473 ex
672 437 808 486 quibus
829 446 1110 486 componantur
1125 445 1138 459 κ
1160 451 1321 487 corpora

252 490 456 537 naturalia,
492 502 537 526 ex
565 490 701 526 talibus
737 502 834 538 quae
870 503 948 526 non
987 500 1073 528 sunt
1106 492 1322 540 susceptiva

251 543 474 592 passionum
505 555 711 591 corporum
741 543 982 580 naturalium.

274 608 277 611 ’
307 597 342 634 6.
359 596 509 634 Deinde
525 609 613 633 cum
629 595 732 633 dicit:
749 597 792 632 Si
804 596 928 644 itaque
943 597 1225 644 impossibilium
1237 606 1320 644 etc„

250 650 358 699 ponit
377 649 560 699 speciales
575 649 738 687 rationes
753 649 802 686 ad
821 649 1121 697 improbandum
1134 651 1152 669 ss
1168 650 1322 698 positio-

252 716 343 741 nem
362 703 597 752 praedictam
618 703 651 740 *.
674 702 783 740 Circa
803 714 964 751 quarum
986 702 1151 751 primam
1173 703 1249 739 duo
1270 703 1322 739 fa-

253 757 316 794 cit:
345 757 471 805 primo
491 755 672 805 proponit
695 755 900 801 rationem3
931 755 1100 792 seeundo
1121 756 1259 803 probat
1279 767 1323 792 ea

252 822 351 858 quae
372 817 637 858 supposuerat,
658 809 727 846 ibi:
753 810 827 846 Sed
845 815 881 846 et
897 809 998 857 quod
1014 814 1198 857 punctum
1215 808 1234 829 ²³
1252 816 1320 845 etc.

305 863 407 901 Dicit
426 875 515 910 ergo
535 863 660 912 primo
680 862 914 911 impossibile
930 874 1025 908 esse,
1042 862 1072 899 si
1085 860 1098 882 ²
1117 869 1322 909 utrumque

253 928 388 953 eorum
409 929 454 953 ex
475 916 612 965 quibus
642 916 784 964 aliquid
814 915 1068 964 componitur,
1093 915 1237 952 nullam
1256 916 1322 951 ha-

251 969 340 1007 beat
367 970 603 1018 gravitatem,
633 969 740 1018 quod
769 969 1027 1018 compositum
1056 981 1102 1006 ex
1132 968 1323 1005 ambobus

250 1023 391 1060 habeat
419 1023 655 1071 gravitatem.
683 1023 761 1060 Sed
782 1035 944 1072 corpora
963 1021 1154 1059 sensibilia
1181 1022 1324 1058 habent

251 1077 494 1124 gravitatem3
524 1084 589 1114 aut
608 1076 751 1123 omnia,
773 1076 868 1113 sicut
889 1076 1038 1113 dicebat
1057 1074 1319 1120 Democritus,

250 1137 318 1171 aut
335 1131 540 1179 quaedam,
562 1129 702 1166 scilicet
729 1138 827 1166 terra
857 1137 893 1166 et
917 1141 1028 1177 aqua,
1058 1128 1153 1165 sicut
1170 1127 1323 1177 ipsimet

250 1183 436 1220 Platonici
457 1183 644 1226 dicebant.
676 1184 779 1231 Ergo
801 1195 940 1231 corpus
959 1181 1134 1219 sensibile
1155 1193 1234 1218 non
1253 1194 1322 1230 po-

224 1275 237 1277 *
249 1235 521 1286 testaeemp‘o‘ni
542 1249 587 1273 ex
603 1237 717 1273 rebus
738 1249 816 1274 non
835 1236 1065 1273 habentibus
1085 1235 1320 1283 gravitatem.

9 1831 25 1845 ⁴
36 1833 63 1855 et
73 1837 123 1855 om.
135 1837 158 1855 1·-

9 1884 24 1898 ⁴
33 1886 58 1908 et
64 1890 114 1908 om.
121 1891 149 1914 ις
158 1885 225 1908 alac.

11 1952 30 1969 1,
67 1964 78 1969 ,,
115 1964 119 1967 .

251 1290 331 1327 Sed
358 1298 543 1339 punctum
573 1291 717 1327 nullam
745 1290 861 1327 habet
888 1289 1130 1337 gravitatem:
1161 1300 1251 1336 ergo
1277 1300 1323 1325 ex

250 1343 401 1392 punctis
430 1356 510 1381 non
537 1351 663 1392 potest
692 1343 874 1392 componi
903 1342 1044 1392 aliquid
1071 1341 1218 1380 habens
1241 1353 1323 1389 gra-

249 1396 420 1435 vitatem.
439 1397 696 1446 Componitur
710 1405 838 1434 autem
855 1409 900 1434 ex
916 1396 970 1433 eis
985 1395 1198 1432 secundum
1214 1407 1323 1443 prae-

253 1449 392 1487 dictam
421 1450 653 1499 positionem
682 1451 800 1487 linea:
837 1462 926 1497 ergo
964 1449 1077 1486 etiam
1111 1448 1210 1485 linea
1244 1461 1323 1485 non

250 1506 377 1553 potest
403 1504 547 1541 habere
575 1503 812 1551 gravitatem.
843 1504 892 1540 Et
910 1515 979 1552 per
999 1514 1238 1552 consequens
1258 1514 1323 1538 ne-

251 1569 329 1606 que
357 1557 578 1606 superficies
597 1564 633 1605 ss‘,
663 1569 761 1605 quae
791 1556 1036 1605 componitur
1061 1567 1106 1592 ex
1130 1555 1258 1592 lineis:
1289 1563 1325 1592 et

251 1610 408 1654 ulterius
440 1622 566 1660 neque
595 1623 746 1660 corpus,
775 1610 883 1658 quod
911 1609 1156 1658 componitur
1188 1621 1234 1646 ex
1263 1621 1324 1646 su-

251 1663 498 1714 perficiebus:
519 1664 623 1713 quod
640 1671 695 1701 est
714 1672 846 1702 contra
859 1663 1100 1712 praedicta.-
1112 1663 1179 1699 Est
1194 1669 1323 1699 autern

253 1717 575 1757 considerandum
604 1717 710 1766 quod
739 1717 808 1754 ista
837 1717 931 1754 ratio
959 1724 1062 1753 tenet
1090 1716 1127 1752 in
1153 1716 1324 1764 partibus

252 1770 521 1819 quantitativis,
552 1783 650 1819 quae
675 1779 762 1808 sunt
782 1770 954 1807 eiusdem
974 1777 1131 1806 naturae
1157 1777 1194 1806 et
1212 1769 1324 1807 ratio-

253 1824 311 1862 nis
331 1832 368 1861 et
387 1825 407 1846 *
428 1824 476 1861 ad
496 1824 664 1862 invicem
686 1831 722 1861 et
741 1836 831 1861 cum
855 1831 952 1861 toto:
973 1835 1052 1860 non
1072 1830 1201 1860 autem
1221 1831 1325 1860 tenet

252 1877 292 1916 in
309 1877 482 1927 partibus
501 1877 775 1924 essentialibus,
792 1889 955 1925 quarum
976 1884 1031 1913 est
1051 1876 1122 1914 alia
1142 1876 1235 1913 ratio
1257 1877 1323 1914 et*

218 1951 221 1954 ·
253 1931 302 1968 ab
321 1931 487 1969 invicem
504 1939 541 1968 et
555 1943 577 1968 a
591 1938 683 1968 toto.
701 1931 814 1968 Unde
829 1943 908 1967 non
923 1930 1103 1979 sequitur,
1120 1929 1151 1967 si
1166 1930 1326 1968 materia

195 1984 197 1986 ’
253 1997 334 2023 non
353 1992 409 2022 est
428 1984 554 2033 gravis
577 1997 648 2022 nec
668 1985 811 2031 forma,
832 1984 939 2032 quod
959 1983 1215 2032 compositum
1245 1996 1325 2021 non

10 2209 25 2222 ⁸
37 2208 109 2232 Num.
119 2208 226 2238 praeced.

11 2417 26 2430 ⁶
38 2417 110 2440 Num.
125 2423 158 2440 10.

253 2038 300 2076 sit
327 2050 460 2087 grave:
490 2038 581 2087 quia
599 2038 758 2075 materia
778 2045 834 2074 est
852 2037 977 2085 gravis
996 2037 1034 2074 in
1054 2037 1235 2086 potentia,
1256 2050 1326 2086 per

252 2091 420 2133 formam
449 2099 578 2129 autem
598 2091 642 2128 fit
665 2091 807 2140 aliquid
835 2103 951 2139 grave
979 2098 1066 2128 actu
1085 2096 1108 2127 ν.

308 2157 345 2194 7.
365 2145 516 2182 Deinde
537 2157 627 2182 curn
647 2144 755 2183 dicit:
777 2145 851 2182 Sed
868 2150 905 2181 et
921 2145 1023 2193 quod
1034 2149 1219 2193 punctum
1240 2151 1324 2191 etc.,

253 2198 391 2248 probat
417 2211 517 2247 quae
539 2206 793 2247 supposuerat
820 2197 860 2236 in
889 2197 1033 2235 ratione
1062 2197 1272 2246 praemissa
1291 2198 1324 2235 ³².

255 2253 304 2290 Et
317 2251 444 2300 primo
464 2252 602 2301 probat
620 2251 726 2300 quod
746 2258 931 2300 punctum
953 2264 1032 2288 non
1048 2251 1095 2288 sit
1113 2263 1247 2298 grave;
1269 2263 1327 2288 se-

255 2305 382 2347 cundo
403 2305 509 2354 quod
529 2317 575 2342 ex
594 2317 674 2342 non
693 2305 873 2352 gravibus
901 2317 979 2341 non
998 2312 1124 2353 potest
1143 2304 1327 2353 componi

254 2358 396 2407 aliquid
423 2370 555 2407 grave,
585 2358 658 2396 ibi:
688 2359 763 2395 Sed
788 2359 912 2396 adhuc
941 2370 1060 2406 neque
1087 2369 1137 2394 ex
1156 2370 1230 2395 non
1260 2359 1326 2395 ha-

255 2413 423 2454 bentibus
439 2414 457 2432 *
479 2420 549 2449 etc.

309 2465 484 2503 Primum
513 2472 642 2502 autem
670 2465 808 2514 probat
832 2464 951 2501 tribus
971 2464 1191 2502 rationibus.
1223 2465 1327 2512 Qua-

255 2531 342 2556 rum
361 2518 486 2568 prima
509 2519 592 2556 talis
616 2526 683 2555 est.
715 2519 844 2555 Omne
863 2530 979 2566 grave
998 2526 1124 2567 potest
1152 2531 1234 2555 esse
1264 2519 1329 2555 ali-

255 2584 334 2621 quo
364 2572 436 2609 alio
475 2572 649 2620 gravius,
686 2579 722 2609 et
751 2569 868 2616 omne
904 2572 990 2608 leve
1028 2572 1208 2620 contingit
1245 2585 1328 2610 esse

256 2625 383 2674 aliquo
412 2625 534 2662 levius
554 2622 584 2662 ⁵:
616 2625 683 2662 sed
707 2633 836 2662 tamen
859 2637 938 2662 non
960 2633 1016 2662 est
1034 2638 1190 2662 necesse
1211 2638 1327 2662 omne

255 2680 363 2728 quod
383 2686 438 2715 est
457 2679 608 2727 gravius
638 2686 702 2715 aut
725 2678 858 2724 levius,
881 2691 963 2715 esse
992 2691 1108 2727 grave
1138 2686 1202 2716 aut
1229 2679 1326 2716 leve.

304 2731 465 2769 Videtur
480 2739 610 2768 autem
625 2733 730 2780 quod
746 2731 808 2768 hic
823 2731 958 2768 dicitur
973 2745 1055 2769 esse
1071 2733 1225 2769 falsum:
1238 2745 1329 2770 nam

257 2784 562 2834 comparativum
595 2785 871 2834 praesupponit
903 2785 1112 2834 positivum
1141 2791 1172 2830 ’ς
1213 2798 1329 2823 omne

309 2925 336 2961 κ)
356 2929 560 2959 componantur·
571 2939 591 2945 ·-
603 2929 800 2958 componuntur
818 2925 895 2951 PEG.
914 2939 933 2945 -
950 2926 1001 2950 Pro
1020 2933 1057 2951 ex
1076 2926 1181 2957 talibus,
1196 2933 1234 2951 ex
1251 2930 1330 2951 natu-

256 2962 357 2987 ralibus
371 2963 403 2992 A,
415 2962 559 2987 secundum
573 2962 643 2986 enim
663 2962 748 2993 ipsum
764 2961 871 2986 videtur
887 2969 943 2986 esse
961 2961 1121 2994 impossibile
1134 2962 1206 2994 quod
1224 2969 1330 2995 compo—

256 3000 358 3023 nantur
375 3004 492 3029 corpora
513 2997 652 3022 naturalia
670 3004 708 3022 ex
726 2997 824 3022 talibus
843 2997 878 3028 E;
898 2997 961 3022 haec
987 2998 1062 3022 lectio
1082 2998 1102 3022 E
1122 2997 1148 3022 in
1168 3005 1198 3022 se
1218 3005 1270 3023 non
1290 3003 1330 3023 est

256 3034 333 3063 mala,
348 3038 374 3058 et
392 3033 501 3066 explicat
519 3034 605 3057 minus
620 3033 765 3065 expeditam
786 3033 923 3057 lectionem
938 3033 958 3057 P
978 3038 1004 3057 et
1023 3038 1169 3058 ceterorum
1183 3041 1229 3065 per
1248 3034 1329 3058 omis-

256 3069 358 3093 sionem
376 3068 544 3093 homoteleuti
563 3069 740 3093 secundum...
753 3069 899 3093 naturalia.

309 3102 338 3138 λ)
354 3104 513 3136 impossibile
526 3111 590 3131 esse,
603 3104 634 3129 si.
648 3118 667 3123 —
677 3104 727 3128 Pro
742 3111 804 3133 esse,
820 3108 859 3129 est
872 3105 962 3134 codd.;
982 3112 1030 3137 pro
1043 3104 1076 3133 si,
1086 3104 1157 3136 quod
1171 3105 1191 3128 B
1207 3109 1233 3129 et
1244 3105 1328 3129 Oxon.

255 3139 394 3164 -Inferius
408 3147 456 3172 pro
472 3140 544 3172 quod
562 3140 736 3171 compositum
750 3147 788 3164 ex
801 3140 927 3165 ambobus
946 3140 1042 3164 habeat
1060 3140 1237 3173 gravitatem,
1258 3141 1329 3172 quod

256 3183 310 3200 om.
325 3175 381 3204 AG,
400 3178 427 3200 et
445 3175 517 3207 quod
535 3175 709 3207 compositum
729 3175 826 3200 habeat
843 3182 880 3200 ex
898 3175 1026 3200 ambabus
1045 3175 1208 3208 gravitatem
1229 3176 1257 3200 P.

311 3210 340 3245 μ)
355 3210 409 3235 Sed
418 3214 549 3242 punctum
565 3211 699 3235 nullam
714 3218 797 3243 neque
809 3211 970 3243 superficies.
982 3225 1002 3229 -
1014 3211 1041 3235 In
1055 3210 1102 3235 hac
1115 3217 1187 3243 parte
1198 3211 1290 3235 PAEG
1305 3216 1331 3235 et

257 3246 317 3271 Par.
331 3254 385 3270 om.
405 3245 600 3270 homoteleuton
621 3246 675 3270 Sed
687 3249 817 3277 punctum
838 3247 973 3271 nullam...
986 3246 1085 3271 habens
1103 3247 1282 3279 gravitatem;
1301 3252 1330 3270 ut

257 3281 383 3306 mendum
402 3282 537 3314 corrigant,
553 3282 588 3306 sE
605 3281 671 3305 inter
683 3282 754 3306 linea
769 3286 794 3306 et
807 3289 872 3314 ergo
887 3282 956 3306 addit
968 3285 995 3306 et
1005 3285 1108 3313 puncta
1123 3283 1223 3306 nullam
1238 3282 1328 3315 gravi-

257 3320 340 3342 tatem
359 3317 463 3345 habent,
478 3317 497 3341 P
512 3325 576 3341 vero
591 3325 639 3349 pro
657 3317 832 3348 Componitur
850 3321 971 3342 autem...
986 3324 1068 3349 neque
1082 3317 1234 3350 superficies
1253 3317 1329 3348 legit:

260 3353 436 3384 Componitur
455 3356 544 3377 autem
559 3352 664 3384 (corpus
680 3352 812 3384 sensibile)
829 3360 866 3377 ex
880 3353 917 3377 eis
931 3353 1020 3383 (rebus
1035 3361 1088 3377 non
1103 3353 1256 3377 habentibus
1272 3360 1329 3384 gra-

257 3387 374 3419 vitatem)
393 3388 538 3412 secundum
554 3388 724 3419 praedictam
740 3388 901 3419 positionem
908 3395 916 3416 ,·
935 3389 958 3413 si
976 3388 1045 3412 enim
1062 3392 1192 3420 punctum
1213 3395 1264 3412 non
1279 3394 1329 3418 po-

259 3426 310 3447 test
322 3423 419 3448 habere
431 3423 602 3456 gravitatem,
618 3430 683 3456 ergo
698 3430 747 3448 nec
760 3423 838 3453 linea,
853 3431 920 3456 quae
933 3431 970 3448 ex
978 3424 1088 3455 punctis
1102 3423 1285 3455 covnponitur5
1304 3425 1330 3446 et

258 3458 282 3482 si
300 3458 371 3482 linea
389 3465 441 3483 non
458 3461 549 3490 potest
566 3458 663 3483 habere
675 3459 846 3491 gravitatem,
857 3466 910 3491 per
923 3466 1083 3491 consequens
1103 3466 1149 3483 nec
1168 3458 1328 3490 superficies.

259 3493 334 3518 Patet
352 3493 373 3518 E
392 3493 524 3518 arbitrarie
544 3499 688 3518 correctum
707 3502 774 3525 esse,
787 3495 806 3518 Ρ
821 3502 884 3519 vero
898 3494 1047 3519 adhibuisse
1061 3499 1159 3518 textum
1173 3492 1328 3517 Aristotelis.

313 3528 336 3562 ν)
357 3529 428 3561 quod
441 3529 654 3566 pomponium...
666 3537 750 3562 grave
768 3533 840 3555 actu.
853 3544 872 3548 -
885 3530 956 3562 quod
979 3529 1088 3561 aliquod
1107 3536 1144 3552 ex
1163 3528 1200 3552 eis
1222 3535 1328 3558 compo-

257 3564 339 3589 situm
359 3571 411 3589 non
431 3564 467 3589 sit
484 3564 587 3597 aliquid
612 3572 696 3598 grave
719 3569 780 3590 actu
801 3566 835 3597 Ρ;
861 3565 1057 3590 homoteleuton
1077 3571 1123 3588 nec
1140 3564 1269 3596 forma...
1290 3565 1329 3586 est

257 3599 352 3632 gravis
371 3607 425 3625 om.
438 3600 495 3624 Par.

314 3633 338 3667 Ε)
357 3642 413 3660 esse
430 3635 520 3667 aliquo
538 3635 592 3661 alio
609 3636 753 3669 gravius...
768 3643 823 3661 esse
837 3636 927 3667 aliquo
940 3634 1030 3669 [φίας.
1045 3648 1063 3653 -
1075 3640 1130 3658 esse
1143 3633 1234 3664 aliquo
1249 3632 1327 3656 modo

258 3671 403 3703 gravius...
415 3671 505 3703 aliquo
523 3672 601 3696 modo
621 3679 675 3697 esse
694 3672 776 3696 leuius
795 3672 828 3701 Ρ;
849 3671 879 3696 cf.
899 3675 996 3694 textum
1012 3674 1036 3693 et
1050 3667 1128 3692 finem
1141 3667 1217 3692 huius
1233 3675 1304 3691 num.

2369 310 2445 358 237

1379 386 1479 423 enim
1500 386 1620 424 albius
1641 394 1696 424 est
1715 388 1890 425 album.-
1902 387 2043 425 Dicunt
2058 400 2146 436 ergo
2163 388 2319 436 quidam
2341 388 2445 437 quod

1378 440 1698 488 comparativum,
1728 440 1758 478 si
1777 441 1930 489 proprie
1960 441 2180 489 accipiatur,
2209 454 2446 490 praesuppo-

1377 493 1430 529 nit
1450 495 1469 514 '⁵
1488 493 1707 541 positivum,
1739 502 1775 544 et
1803 494 1912 532 infert
1940 494 2085 543 ipsum:
2116 496 2183 531 sed
2212 495 2444 543 quandoque

1378 547 1613 594 comparatio
1643 555 1700 584 est
1726 547 1907 594 abusiva,
1936 555 2029 596 puta
2058 560 2146 584 cum
2175 547 2318 596 aliquid
2340 560 2444 585 com-

1377 599 1546 646 parative
1576 600 1710 637 dicitur
1729 609 1904 649 respectu
1933 601 2109 649 oppositi,
2131 600 2225 637 sicut
2244 601 2274 637 si
2301 601 2446 638 dicatur

1378 663 1521 698 cygnus
1541 653 1662 690 albior
1682 666 1818 700 corvo;
1838 655 1902 691 vel
1922 654 2036 690 etiam
2057 654 2087 691 si
2106 654 2247 702 aliquid
2260 655 2280 674 '³‘
2299 654 2446 691 dicatur

1378 706 1636 752 comparative
1665 715 1821 755 propter
1847 708 1923 744 hoc
1952 707 2057 755 quod
2085 707 2213 744 minus
2248 707 2446 756 participat

1379 756 1425 792 de
1446 758 1636 805 opposito,
1657 768 1748 807 puta
1768 760 1797 796 si
1823 760 1968 797 dicatur
1991 760 2124 809 aliquis
2147 760 2333 809 Aethiops
2362 772 2445 797 esse

1378 809 1498 845 albior
1532 823 1667 859 corVO,
1703 813 1792 860 quia
1826 821 1882 850 est
1916 813 2042 850 minus
2071 813 2197 861 niger;
2233 822 2268 850 et
2301 814 2397 850 sicut
2425 815 2445 836 ²⁵³

1378 862 1512 898 dicitur
1527 863 1682 912 aliquod
1697 865 1822 902 minus
1843 868 1988 903 malum
2010 879 2091 903 esse
2109 866 2304 914 eligibilius
2324 867 2445 915 magis

1378 916 1503 961 malo,
1535 928 1622 953 curn
1652 924 1781 954 tamen
1809 921 1954 956 malum
1983 932 2062 957 non
2091 920 2141 957 sit·
2166 920 2343 967 eligibile‚
2374 933 2445 957 nec

1377 968 1563 1017 Aethiops
1587 970 1632 1006 sit
1655 971 1774 1007 albus.
1805 973 1853 1008 Et
1880 985 1948 1020 per
1966 973 2068 1010 hunc
2089 973 2250 1010 modum
2270 973 2331 1010 hic
2357 973 2445 1011 Phi-

1377 1021 1561 1070 losophus
1591 1023 1678 1060 dicit
1698 1024 1801 1072 quod
1822 1037 1899 1062 non
1919 1038 2034 1062 omne
2063 1026 2215 1073 gravius
2236 1035 2292 1063 est
2315 1039 2443 1074 grave,

1377 1087 1449 1111 nec
1469 1087 1583 1112 omne
1603 1076 1725 1113 levius
1745 1085 1802 1113 est
1821 1079 1922 1115 leve:
1942 1079 2044 1116 unde
2065 1079 2114 1116 ad
2134 1079 2410 1127 designandam
2425 1081 2445 1102 *

1378 1128 1580 1165 abusivam
1610 1129 1950 1178 comparationem,
1981 1132 2125 1169 addidit
2142 1133 2163 1153 ³²
2177 1134 2298 1181 forte.

1432 1181 1509 1218 Sed
1537 1182 1626 1230 quia
1655 1195 1734 1220 non
1758 1192 1814 1220 est
1840 1185 2075 1222 consuetudo
2104 1185 2314 1223 Aristotelis
2333 1193 2375 1222 ut
2399 1198 2445 1222 ex

1378 1234 1546 1271 abusivis
1574 1236 1830 1273 locutionibus
1859 1246 2161 1285 argumentetur,
2201 1239 2288 1276 ideo
2318 1239 2444 1276 dicen-

1378 1288 1470 1324 dum
1502 1296 1557 1327 est
1577 1289 1681 1337 quod
1710 1290 1902 1338 quaedam
1927 1299 2013 1327 sunt
2032 1304 2129 1339 quae
2159 1292 2335 1329 dicuntur
2362 1300 2445 1329 tan-

1377 1348 1457 1378 tum
1476 1342 1495 1362 '⁴‘
1511 1342 1695 1389 absolute,
1717 1342 1812 1380 sicut
1827 1344 1956 1380 album
1971 1345 2034 1380 vel
2050 1345 2175 1390 dulce3
2196 1353 2232 1382 et
2251 1346 2289 1382 in
2308 1345 2445 1382 talibus
2472 1354 2480 1364 ·

1378 1395 1684 1444 comparativum
1711 1397 1985 1445 praesupponit
2011 1398 2244 1446 positivum,
2265 1406 2302 1435 et
2336 1399 2445 1435 infert

1377 1447 1504 1496 ipsum
1524 1453 1553 1485 π.
1585 1449 1788 1495 Quaedam
1818 1458 1946 1486 autem
1975 1459 2061 1488 sunt
2089 1464 2186 1500 quae
2213 1452 2445 1501 quandoque

1379 1501 1555 1539 dicuntur
1575 1503 1760 1548 absolute,
1778 1503 2011 1551 quandoque
2027 1513 2154 1541 autem
2171 1505 2338 1552 relative,
2351 1505 2446 1542 sicut

1378 1567 1495 1602 grave
1525 1563 1562 1592 et
1589 1556 1691 1593 leve:
1722 1568 1826 1603 nam,
1847 1565 1888 1593 ut
1915 1556 1952 1593 in
1974 1565 2107 1606 quarto
2126 1559 2144 1579 ’³
2173 1558 2328 1605 dicetur,
2351 1558 2445 1606 ignis
2473 1570 2482 1578 ·

1356 1642 1360 1647 .
1379 1608 1515 1645 dicitur
1534 1609 1707 1646 absolute
1722 1609 1829 1657 levis,
1846 1618 1945 1647 terra
1965 1619 2093 1647 autem
2113 1612 2284 1648 absolute
2305 1612 2444 1659 gravis3

1378 1674 1443 1699 aer
1472 1670 1601 1699 autern
1621 1662 1670 1700 ad
1690 1662 1816 1710 ignem
1846 1663 2003 1711 quidem
2032 1664 2157 1712 gravis
2175 1670 2201 1710 P,
2232 1665 2282 1701 ad
2306 1677 2446 1713 aquam

1378 1723 1508 1752 autem
1543 1724 1578 1753 et
1611 1724 1751 1753 terram
1784 1717 1889 1754 levis.
1927 1717 1989 1754 Sic
2024 1725 2060 1754 et
2093 1730 2193 1766 aqua
2226 1718 2274 1755 ad
2307 1725 2448 1755 terram

1379 1769 1536 1818 quidem
1567 1777 1623 1806 est
1650 1769 1757 1816 levis,
1788 1770 1837 1806 ad
1865 1770 1992 1818 ignem
2023 1779 2149 1808 autem
2180 1778 2216 1808 et
2244 1771 2292 1808 ad
2318 1784 2446 1808 aerem

1378 1822 1515 1870 gravis.
1547 1823 1793 1860 Manifestum
1823 1831 1879 1860 est
1907 1832 2040 1868 autem
2065 1825 2167 1873 quod
2197 1825 2235 1861 id
2260 1826 2365 1872 quod
2394 1832 2450 1861 est

1379 1877 1552 1913 absolute
1582 1889 1711 1924 grave,
1742 1883 1797 1913 est
1826 1877 1939 1913 etiam
1968 1890 2084 1925 grave
2108 1890 2177 1926 per
2197 1878 2448 1926 comparatio-

1379 1942 1470 1966 nem
1500 1930 1549 1967 ad
1577 1929 1669 1976 alia;
1701 1938 1736 1967 et
1768 1930 1808 1968 id
1836 1931 1941 1978 quod
1972 1939 2027 1967 est
2054 1931 2226 1968 absolute
2263 1933 2360 1978 leve,
2393 1939 2450 1968 est

1380 1983 1494 2020 etiarn
1523 1984 1609 2020 leve
1638 1996 1708 2032 per
1736 1984 2063 2032 comparationem
2093 1985 2141 2022 ad
2170 1985 2241 2021 alia
2261 1991 2295 2030 “3
2327 1993 2363 2021 et
2381 1997 2449 2033 per

1378 2037 1481 2074 hunc
1510 2037 1673 2074 modum
1703 2049 1820 2074 omne
1845 2050 1961 2085 grave
1991 2046 2047 2075 est
2075 2038 2238 2085 gravius,
2269 2046 2305 2074 et
2333 2050 2450 2075 omne

1379 2090 1464 2127 leve
1494 2098 1550 2127 est
1577 2090 1710 2128 levius.
1741 2091 1833 2127 Non
1857 2098 1987 2128 tamen
2016 2091 2185 2140 sequitur
2209 2091 2313 2140 quod
2333 2104 2449 2128 omne

1379 2143 1501 2181 levius
1522 2151 1577 2181 est
1595 2145 1693 2190 leve,
1725 2151 1790 2181 aut
1809 2156 1926 2182 omne
1950 2145 2103 2192 gravius
2132 2145 2177 2182 sit
2197 2157 2330 2192 grave:
2360 2145 2450 2193 quia

1381 2209 1460 2234 non
1493 2197 1664 2246 sequitur
1693 2198 1730 2244 *,
1766 2197 1796 2234 si
1835 2206 1891 2234 est
1926 2199 2010 2234 leve
2048 2199 2095 2236 ad
2134 2198 2225 2244 alia,
2264 2197 2369 2246 quod
2407 2199 2451 2235 sit
2475 2207 2484 2215 '

1380 2251 1466 2287 leve
1496 2251 1686 2296 absolute;
1717 2258 1754 2287 et
1782 2251 1921 2288 eadem
1951 2251 2044 2288 ratio
2071 2259 2126 2289 est
2146 2253 2193 2289 de
2219 2252 2334 2299 gravi.
2356 2272 2380 2280 -
2401 2252 2450 2289 Et

1381 2304 1487 2352 quod
1506 2305 1604 2341 haec
1623 2304 1669 2341 sit
1689 2303 1784 2341 ratio
1805 2304 1891 2341 dicti
1910 2310 1938 2351 τ,
1958 2313 2062 2353 patet
2082 2318 2127 2341 ex
2146 2306 2322 2353 exemplo
2335 2305 2449 2354 ⁴quod

1381 2357 1499 2406 ponit.
1530 2358 1717 2406 Magnum
1747 2357 1863 2405 enim,
1885 2358 2143 2395 communiter
2162 2366 2373 2407 acceptum,
2395 2358 2449 2395 di-

1383 2411 1477 2449 citur
1498 2411 1546 2448 ad
1566 2411 1720 2460 aliquid,
1741 2419 1783 2448 ut
1800 2419 1903 2460 patet
1922 2412 1959 2448 in
1979 2412 2296 2449 Praedicamentis
2311 2413 2352 2448 ³¹²:
2381 2411 2448 2448 sed
2475 2422 2485 2433 ³

1383 2464 1614 2513 applicatum
1644 2464 1755 2502 alicui
1783 2465 1836 2502 rei
1857 2470 1881 2511 ⁰,
1903 2465 2035 2503 dicitur
2063 2466 2235 2502 absolute
2265 2477 2450 2512 magnum

1383 2519 1489 2567 quod
1516 2518 1692 2567 pertingit
1728 2518 1778 2556 ad
1812 2518 2061 2567 quantitatem
2101 2519 2268 2555 debitam
2298 2519 2347 2555 illi
2377 2518 2448 2564 rei3

1383 2572 1479 2608 sicut
1506 2573 1626 2609 homo
1657 2572 1791 2609 dicitur
1818 2584 1981 2620 magnus
2010 2573 2192 2618 absolute,
2224 2571 2288 2620 qui
2309 2571 2452 2619 attingit

1383 2625 1432 2662 ad
1460 2626 1669 2674 perfectam
1698 2625 1865 2662 hominis
1898 2626 2157 2674 quantitatem.
2195 2626 2243 2662 Et
2271 2625 2322 2661 ita
2349 2632 2454 2674 patet

1383 2678 1490 2727 quod
1515 2691 1699 2727 magnum
1729 2679 1864 2716 dicitur
1892 2680 2075 2726 absolute,
2098 2686 2133 2715 et
2153 2679 2200 2715 ad
2221 2678 2373 2727 aliquid.
2404 2679 2453 2715 Et

1383 2732 1472 2770 inde
1502 2741 1558 2769 est
1581 2732 1688 2782 quod
1717 2745 1833 2770 omne
1863 2745 2046 2780 magnum
2077 2733 2249 2769 absolute
2279 2731 2412 2768 dicitur
2433 2733 2452 2752 '³‘

1384 2799 1568 2834 magnum
1598 2786 1646 2823 ad
1674 2785 1836 2835 aliquid,
1867 2785 1971 2835 quod
2002 2794 2056 2822 est
2090 2797 2172 2822 esse
2199 2785 2343 2822 maius:
2374 2797 2453 2821 non

1439 2927 1465 2960 ο)
1485 2926 1697 2958 comparativum
1719 2925 1916 2958 praesupponit
1934 2925 2088 2956 positivum.
2106 2937 2126 2942 -
2143 2926 2170 2948 et
2189 2923 2270 2956 infert
2289 2923 2373 2954 ipsum
2393 2922 2452 2947 add.

1384 2963 1428 2987 sE.
1448 2963 1471 2990 Ρ,
1488 2970 1535 2995 pro
1554 2962 1767 2994 comparativum
1786 2961 1848 2994 legit
1871 2960 2082 2992 comparativus,
2108 2964 2133 2983 et
2157 2959 2190 2983 ita
2215 2963 2274 2990 post
2293 2966 2371 2982 unam
2391 2958 2449 2988 lin.;

1384 2999 1430 3022 sed
1450 2997 1555 3022 inferius
1575 2998 1600 3022 in
1619 2998 1668 3022 hoc
1688 3005 1760 3022 num.
1778 2997 1819 3028 (cf.
1835 3001 1887 3020 not.
1901 2996 1967 3028 seq.)
1987 2995 2042 3028 ipsa
2056 2994 2074 3018 P
2090 2994 2151 3026 legit
2164 2993 2392 3026 praesupponitur
2400 3000 2451 3024 po-

1383 3032 1501 3058 sitiiaeutn.
1526 3034 1544 3057 P
1565 3034 1670 3065 insuper
1692 3041 1739 3065 pro
1758 3031 1968 3064 praesupponit,
1992 3029 2125 3061 supponit.
2143 3043 2162 3047 -
2180 3029 2270 3053 Statim
2294 3036 2341 3061 pro
2365 3028 2450 3057 enim,

1383 3073 1472 3094 autem
1494 3069 1587 3100 PGpE.

1438 3106 1466 3136 π)
1487 3108 1513 3129 et
1533 3104 1558 3128 in
1579 3104 1707 3133 talibus‚..
1722 3103 1804 3136 infert
1823 3102 1916 3133 ipsum.
1930 3115 1948 3119 -
1962 3103 1988 3124 et
2008 3101 2033 3124 in
2054 3099 2150 3124 talibus
2166 3098 2357 3131 comparativis
2367 3105 2450 3130 prae-

1383 3140 1544 3171 supponitur
1558 3139 1704 3170 positivum
1724 3141 1749 3162 et
1768 3137 1883 3170 insertur
1902 3136 1929 3164 Ρ,
1950 3135 2010 3167 quia
2029 3135 2070 3159 ed.
2090 3133 2155 3163 ¹516
2174 3142 2234 3158 cum
2252 3135 2272 3158 E
2287 3134 2449 3165 comparati—

1384 3183 1445 3200 vum
1465 3174 1607 3206 corrumpit
1626 3175 1650 3198 in
1669 3172 1867 3204 comparatIvis‚
1887 3179 1940 3203 quo
1959 3171 2026 3194 facto
2045 3177 2139 3194 sensus
2160 3170 2241 3194 abest.

1438 3211 1462 3243 ρ)
1482 3218 1529 3234 aer
1548 3213 1636 3234 autem
1656 3209 1693 3232 ad
1712 3208 1799 3240 ignem
1819 3207 1923 3238 quidem
1938 3206 2031 3238 gravis
2050 3211 2129 3229 etc.-
2142 3205 2183 3229 BF
2203 3210 2228 3229 et
2247 3204 2331 3229 Oxon.
2345 3205 2448 3235 legunt:

1383 3253 1431 3270 aer
1453 3249 1542 3270 autem
1562 3247 1601 3269 est
1619 3244 1656 3268 ad
1681 3244 1768 3275 ignem
1793 3242 1898 3274 quidem
1919 3240 2035 3273 (quidem
2052 3248 2106 3264 om.
2120 3240 2151 3273 F)
2172 3240 2276 3272 gravis,
2296 3240 2334 3264 ad
2351 3246 2448 3271 aquam

1383 3284 1472 3305 autem
1488 3283 1514 3305 et
1527 3283 1627 3304 terram
1648 3279 1724 3307 Ievis,
1744 3278 1813 3302 sicut
1831 3284 1901 3308 aqua
1919 3276 1957 3300 ad
1975 3279 2076 3300 terram
2091 3275 2154 3300 Ievis
2173 3279 2219 3303 est,
2233 3275 2271 3299 ad
2286 3275 2373 3307 ignem
2388 3279 2449 3303 etc.;

1382 3317 1405 3340 A
1424 3323 1499 3340 vero:
1520 3315 1590 3345 (on-1.
1605 3321 1685 3338 aer...
1699 3312 1802 3346 gravis)
1821 3312 1858 3336 ad
1875 3319 1972 3343 aquam
1997 3314 2085 3335 autem
2105 3313 2131 3335 et
2150 3313 2251 3335 terram
2270 3310 2348 3339 levis,
2367 3310 2406 3334 sic
2424 3313 2451 3334 et

1383 3358 1479 3382 aquam
1500 3350 1537 3374 ad
1555 3353 1655 3373 terram
1676 3351 1715 3372 est
1733 3348 1770 3372 ad
1789 3347 1875 3379 ignem
1895 3350 1984 3371 autem
2004 3349 2030 3371 et
2047 3346 2118 3370 aeris
2136 3346 2238 3378 gravis.

1437 3386 1462 3418 σ)
1478 3389 1503 3409 et
1519 3385 1546 3409 id
1556 3384 1658 3416 quod...
1673 3383 1710 3407 ad
1721 3383 1784 3407 alia.
1794 3395 1812 3400 —
1824 3383 1879 3406 Hoc
1894 3382 2088 3405 homoteleuton
2103 3389 2156 3405 orn.
2168 3381 2258 3405 PAEG
2273 3385 2298 3404 et
2313 3381 2382 3411 Par.;
2403 3380 2450 3404 sed

1383 3421 1480 3453 optime
1500 3420 1530 3444 ad
1550 3418 1727 3451 praecedentia
1746 3423 1771 3442 et
1790 3418 1924 3449 sequentia
1943 3417 2052 3449 quadrat
2071 3421 2099 3440 ut
2122 3422 2198 3449 patet.

1437 3456 1461 3487 τ)
1477 3456 1512 3479 Et
1521 3454 1592 3486 quod
1604 3454 1668 3478 haec
1680 3453 1716 3478 sit
1730 3453 1800 3477 ratio
1814 3452 1886 3477 dicti.
1900 3467 1919 3470 -
1933 3452 2015 3476 Idest:
2032 3457 2056 3476 et
2070 3452 2139 3484 quod
2154 3451 2195 3476 hic
2210 3451 2242 3475 sit
2256 3459 2350 3476 sensus
2365 3456 2450 3475 textus

1382 3490 1545 3515 Aristotelici‚
1566 3489 1583 3513 Ρ
1604 3489 1665 3520 legit
1685 3489 1720 3513 Et
1739 3488 1809 3519 quod
1827 3488 1892 3512 haec
1910 3487 1981 3512 ratio
2002 3487 2038 3511 sit
2057 3494 2133 3516 vera,
2154 3487 2197 3511 ubi
2217 3487 2249 3510 de
2275 3495 2327 3519 qua
2351 3487 2450 3511 ratione

1381 3531 1478 3558 agatur,
1499 3533 1550 3548 non
1570 3524 1660 3556 liquet.
1676 3538 1692 3542 -
1711 3523 1802 3548 Statim
1821 3531 1869 3555 pro
1888 3530 1925 3547 ex
1943 3523 2074 3554 exemplo,
2095 3522 2121 3546 in
2141 3523 2265 3554 exemplo
2278 3522 2305 3552 Ρ,
2325 3522 2449 3553 exemplo

1382 3562 1417 3591 Α,
1437 3568 1474 3585 ex
1492 3567 1542 3592 quo
1563 3559 1621 3583 Par.

1435 3596 1460 3626 υ)
1480 3594 1642 3626 applicatum
1662 3593 1743 3618 alicui
1762 3594 1808 3618 rei.
1826 3606 1845 3612 —-
1863 3593 2011 3624 oppositum
2032 3593 2071 3617 rei
2088 3593 2170 3617 alicui
2188 3593 2266 3625 GpE‚
2291 3593 2449 3624 (oppilatam

1382 3631 1422 3655 rei
1441 3631 1480 3655 rei
1498 3630 1579 3654 aliam
1595 3630 1651 3654 Par.
1661 3628 1677 3661 l)
1698 3629 1767 3661 quod
1782 3629 1800 3652 P
1816 3629 1917 3660 corrigit
1936 3628 1961 3652 in
1980 3628 2131 3659 appositum
2152 3628 2191 3653 rei
2209 3628 2297 3653 alicui.
2311 3642 2330 3647 —
2343 3629 2394 3652 Pro
2409 3627 2450 3651 di-

1381 3666 1463 3694 citur,
1484 3673 1534 3690 non
1555 3665 1655 3690 dicitur
1673 3665 1702 3689 B.
1717 3678 1736 3682 -
1753 3665 1808 3688 Lin.
1823 3671 1878 3696 seq.
1900 3672 1947 3696 pro
1961 3664 2103 3696 pertingit,
2121 3664 2240 3695 pertinet
2258 3663 2300 3687 BF
2321 3669 2346 3688 et
2364 3664 2449 3688 Oxon.

2469 506 2480 517 ⁸
2496 511 2562 526 suum
2576 505 2630 526 add.
2644 513 2667 527 Α.

2471 664 2482 675 “
2497 664 2589 692 aliquid
2603 670 2651 686 om.
2662 671 2684 686 Ρ.

2472 820 2483 830 ⁸
2499 819 2608 840 similiter
2626 825 2639 840 ι’
2658 822 2680 840 et

2473 845 2560 873 Oxou..
2577 852 2625 867 om.
2636 852 2658 867 ῡ.

2470 1089 2482 1101 *
2496 1088 2670 1117 assignandam

2471 1121 2493 1152 ξ’
2510 1141 2580 1163 addit
2601 1148 2630 1163 nr
2651 1145 2673 1163 et

2472 1168 2552 1189 Oxon.

2496 1355 2584 1374 tantum
2600 1359 2648 1374 orn.
2658 1358 2686 1375 P.'

2568 1464 2586 1480 π

2498 1569 2555 1596 Cap.
2571 1575 2602 1591 iv.

2501 2205 2564 2234 quod
2577 2204 2630 2226 add.
2645 2211 2666 2228 P.

2500 2421 2557 2448 Cap.
2569 2427 2600 2447 w,
2609 2427 2631 2442 n.
2641 2426 2671 2441 ια.

2576 2481 2589 2496 υ

2480 2742 2488 2750 ·
2504 2741 2542 2761 est
2553 2746 2604 2761 Aur.
