2690 4062
1055 214 1166 250 CAP.
1195 213 1282 261 VII,
1314 213 1465 250 LECT.
1495 214 1583 250 XIII

2334 226 2417 251 LXIX

834 446 1130 503 LECTIO
1168 448 1795 505 DECIMATERTIA

710 597 1025 629 IMPROBANTUR
1049 599 1264 636 QUAEDAM
1288 595 1521 632 OPINIONES‘
1539 601 1596 632 DE
1620 601 1925 633 TERRAEMOTU

215 741 290 783 Περὶ
315 733 354 771 δὲ
370 737 509 781 σεισμοῦ
532 738 590 768 καὶ
614 734 776 773 κινήσεως
792 736 856 782 γῆς
881 736 974 780 μετά
990 736 1112 767 ταῦτα
1126 734 1285 767 λεκτέον·

284 784 306 821 ἡ
330 782 395 829 γάρ
421 782 520 814 αἰτία
551 781 615 813 τοῦ
649 778 778 818 πάθους
810 779 956 825 ἐχομένη
989 779 1119 812 τούτου
1145 780 1207 812 τοῦ
1233 779 1288 826 γέ-

282 839 358 865 νους
383 826 487 858 ἐστίν.

208 872 311 905 Ἔστι
333 867 372 904 δὲ
389 869 438 902 τά
454 881 493 910 γε
512 868 771 913 παρειλημμένα
789 867 886 914 μέχρι
904 869 967 901 τοῦ
988 869 1046 901 νῦν
1071 868 1192 913 χρόνου
1210 869 1288 912 τρία

282 918 342 948 καὶ
371 916 467 960 παραὶ
497 915 614 958 τριῶν·
642 913 876 969 Ἀναξαγόρας
911 925 949 944 τε
981 913 1046 959 γάρ
1073 914 1090 944 ὁ
1114 912 1289 957 Κλαζομέ-

234 999 236 1002 y
282 971 351 998 νιος
380 961 440 991 καί
470 958 633 1002 πρότερος
658 957 881 1002 Ἀναξιμενης
913 958 928 990 ὀ
963 956 1126 995 Μιλήσιος
1159 955 1289 1000 ἀπεφή-

216 1008 247 1023 '³²‘
282 1011 404 1045 ναντο,
421 1005 480 1036 καὶ
501 1002 636 1036 τούτων
654 1001 793 1047 ὕστερος
811 1001 1016 1047 Δημόκριτος
1036 1003 1053 1034 ὁ
1072 999 1286 1046 Ἀβδηρίτης.

220 1063 225 1070 -
263 1047 513 1094 ”Δναξαγόρας
537 1047 597 1092 μὲν
623 1045 681 1081 οὖν
706 1057 785 1090 φησι
810 1048 871 1080 τόν
895 1046 1014 1091 αἰθέρα
1032 1046 1211 1090 πεφυκότα
1234 1045 1291 1089 φέ-

282 1092 398 1138 ρεσθαι
428 1092 517 1133 ἄνω,
543 1092 768 1136 ἐμπίπτοντα
799 1086 829 1123 δ’
857 1091 903 1129 εἰς
929 1090 977 1123 τοὶ
1006 1090 1105 1123 κάτω
1130 1091 1194 1128 τῆς
1250 1090 1289 1128 ἧς

218 1158 221 1161 -
281 1140 342 1171 καὶ
363 1136 412 1170 τοὶ
433 1138 536 1169 κοῖλα
554 1141 655 1177 κινεῖν
675 1135 808 1173 αὐτήν·
834 1135 883 1168 τοὶ
896 1135 958 1190 μὲν
975 1136 1040 1182 γάρ
1060 1135 1127 1166 ἄνω
1144 1145 1229 1167 συνα
1251 1147 1289 1172 η-

245 1187 250 1205 ῑ
264 1177 577 1226 *amem-&effic
595 1180 751 1226 ὄμβρους,
770 1180 844 1212 ἐπεὶ
861 1190 958 1223 φυσει
977 1191 1016 1226 γε
1035 1179 1150 1211 πᾶσαν
1169 1180 1289 1223 ὁμοίως

219 1232 234 1248 ¹¹
282 1218 371 1260 εἶναι
394 1226 541 1271 σομφήν,
563 1226 608 1264 ὠς
632 1226 730 1262 ὄντος
757 1225 820 1258 τοῦ
845 1225 904 1269 μὲν
931 1223 1014 1264 ἄνω,
1041 1224 1104 1255 τοῦ
1128 1224 1166 1255 δέ
1191 1221 1288 1255 κάτω

217 1282 257 1294 ·-”
281 1271 348 1309 τῆς
365 1269 446 1308 ὅλης
462 1272 619 1315 σφαίρας,
637 1272 695 1302 καὶ
718 1269 786 1302 ἄνω
805 1270 864 1314 μὲν
889 1268 1017 1301 τούτου
1035 1266 1134 1305 ὄντος
1153 1268 1215 1300 τοῦ
1233 1278 1290 1311 μο-

215 1318 243 1338 55·
281 1317 354 1366 ρίου
378 1313 427 1359 ἐφ’
451 1315 488 1348 οὗ
514 1314 730 1361 τυγχάνομεν
749 1314 936 1355 οἰκοῦντες,
957 1312 1054 1344 κάτω
1072 1310 1111 1344 δέ
1128 1311 1286 1355 θατέρου.

214 1360 299 1406 W
322 1361 383 1406 μὲν
407 1357 466 1392 οὖν
491 1359 628 1397 ταύτην
653 1360 718 1396 τήν
744 1359 861 1391 αἰτίαν
879 1355 976 1390 οὐθὲν
999 1358 1078 1395 ἴσως
1102 1352 1156 1388 δεῖ
1177 1355 1287 1401 λέγειν

223 1407 226 1409 ’
280 1405 327 1443 ὥς
347 1406 426 1437 λίαν
453 1404 571 1442 οἰπλῶς
596 1403 790 1449 εἰρημένην·
817 1401 859 1435 τό
877 1413 916 1434 τε
931 1402 997 1458 γάρ
1017 1400 1085 1433 ἄνω
1108 1403 1166 1433 καὶ
1190 1401 1288 1434 κάτω

232 1468 237 1471 ⁷
282 1449 429 1494 νομίζειν
454 1447 563 1486 οὕτως
581 1447 671 1494 ἔχειν
695 1446 785 1480 ὥστε
811 1447 860 1491 μή
885 1457 965 1490 προς
991 1446 1057 1482 τήν
1081 1446 1146 1492 γῆν
1173 1445 1288 1487 πάντῃ

229 1507 232 1512 ’
281 1492 440 1539 φέρεσθαι
458 1495 507 1526 τοὶ
523 1491 624 1538 βάρος
650 1491 780 1537 ἔχοντα
801 1491 869 1522 τῶν
890 1489 1072 1535 σωμάτων,
1094 1490 1162 1522 ἄνω
1186 1486 1223 1522 δὲ
1242 1491 1290 1523 τοὶ

281 1538 394 1583 κοῦφα
423 1540 482 1570 καὶ
508 1537 548 1570 τό
575 1537 658 1581 πῦρ,
683 1534 812 1576 εὔηθες,
837 1537 897 1567 καὶ
921 1533 1021 1568 ταῦθ’
1050 1535 1201 1578 ὁρῶντας
1228 1535 1288 1568 τόν

281 1582 444 1627 ὁρίζοντα
469 1581 534 1618 τήν
559 1581 777 1624 οἰκουμένην,
804 1579 885 1618 ὅσην
911 1580 1007 1624 ἡμεῖς
1030 1580 1144 1624 Υσμεν,
1171 1578 1287 1622 ἕτερον

283 1626 336 1660 ἀεὶ
365 1626 543 1704 γινόμενον
574 1623 852 1670 μεθισταμένων,
878 1625 922 1662 ὠς
946 1623 1047 1662 οὔσης
1076 1624 1201 1679 κυρτῆς
1229 1625 1288 1655 καὶ

218 1676 247 1692 n„
279 1681 435 1716 σφαιροει
460 1670 533 1708 οῦς·
559 1672 618 1702 καὶ
643 1669 686 1702 vd
709 1669 820 1716 λέγειν
846 1670 905 1713 μὲν
929 1670 972 1707 ὥς
997 1665 1057 1701 διαὶ
1079 1680 1122 1701 το
1147 1667 1288 1715 μέγεθος

208 1734 224 1746 -.
239 1712 340 1749 “rivel
364 1716 429 1748 τοῦ
456 1714 552 1760 ἀέρος
576 1713 686 1759 μένει,
712 1712 862 1746 σείεσθαι
886 1711 924 1746 δὲ
949 1713 1089 1758 φάσκειν
1114 1713 1289 1788 τυπτομέ-

219 1763 341 1798 -ῐῑῡνην
371 1758 527 1793 κάτωθεν
554 1758 622 1791 ἄνω
652 1755 691 1791 δι’
727 1757 819 1796 ὅλης.
856 1757 939 1802 Πρός
963 1753 1001 1790 δέ
1027 1756 1164 1795 τούτοις
1191 1758 1229 1790 οὐ
1253 1757 1287 1790 ἑν

234 1814 235 1817 ’
284 1799 475 1838 ἀποδίδωσι
507 1804 576 1836 τῶν
605 1802 862 1848 συμβαινόντων
895 1805 969 1847 περὶ
1002 1802 1083 1840 τούς
1111 1800 1286 1846 σεισμούς·

282 1848 366 1882 οὔτε
390 1851 455 1895 γάρ
480 1849 611 1894 χῶραι,
637 1847 705 1882 οὔθ’
733 1847 818 1892 ὧραι
844 1849 879 1879 αἰ
906 1849 1073 1893 τυχοῦσαι
1105 1846 1288 1892 μετέχουσι

220 1906 237 1915 v
282 1891 412 1927 τούτου
437 1895 501 1926 τοῦ
525 1891 666 1931 πάθους.

186 1960 192 1969 x
215 1936 424 1984 Δγημόκριτος
447 1934 487 1971 δέ
517 1948 597 1982 φησι
622 1937 733 1982 πλήρη
760 1937 826 1974 την
850 1935 916 1982 γῆν
942 1930 1070 1973 ὓδατος
1095 1933 1200 1968 οὖσαν
1229 1938 1287 1968 καὶ

223 1988 243 2001 ³¹
277 1981 372 2015 ιΔιιίτλιὶ
394 1977 584 2029 δεχομένην
609 1980 724 2026 ἕτερον
743 1981 879 2026 ὄμβριον
898 1975 984 2024 ὕδωρ
1003 1981 1069 2012 ῦπό
1095 1979 1224 2012 τούτου
1240 1991 1289 2011 κι-

282 2025 430 2059 νεῖσθαι·
455 2025 611 2065 πλείονός
641 2038 680 2059 τε
710 2027 775 2072 γάρ
806 2023 983 2078 γινομένου
1007 2019 1067 2057 διαὶ
1091 2025 1133 2057 *ro*
1159 2025 1206 2069 μή
1231 2019 1290 2057 δυ’-

218 2075 226 2090 ²
281 2068 407 2104 νασθαι
430 2066 594 2117 δέχεσθαι
617 2070 682 2108 τοίς
707 2072 852 2111 κοιλίας,
880 2068 1154 2114 αποβιαζόμενον
1180 2073 1288 2102 ποιεῖν

283 2114 346 2148 το“ν
369 2118 519 2161 σεισμὸν,
537 2118 596 2148 καὶ
618 2114 861 2159 ξηραινομένην
885 2116 943 2146 καὶ
961 2113 1126 2147 ἕλκουσαν
1145 2114 1190 2151 εἰς
1208 2115 1288 2151 τούς

282 2161 399 2198 :evade
424 2160 552 2198 τόπους
577 2158 614 2193 ἐκ
640 2160 708 2191 τῶν
739 2157 975 2203 πληρεστέρων
1001 2160 1042 2191 τό
1067 2157 1288 2202 μεταβάλλον

283 2201 300 2236 ἃ
326 2208 458 2237 πῖπτον
481 2208 596 2237 κινεῖν.

207 2246 295 2280 Ἀνα
317 2248 434 2294 ιμένης
458 2244 498 2281 δέ
522 2260 601 2292 φησι
629 2246 835 2292 βρεχομένην
869 2245 933 2282 τήν
958 2247 1022 2293 γῆν
1054 2249 1112 2278 καὶ
1137 2245 1290 2290 ξηραινο-

283 2291 386 2337 μένην
410 2292 618 2340 ῥήγνυσθαι,
644 2294 702 2324 καὶ
728 2292 795 2325 ὑπὸ
821 2291 955 2324 τούτων
981 2291 1047 2323 τῶν
1083 2290 1291 2336 ἀπορρηγνυ-

283 2337 391 2382 μένων
415 2339 570 2370 κολωνῶν
595 2335 839 2381 ἐμπιπτόντων
860 2334 1025 2368 σείεσθαι·
1051 2331 1103 2367 διό
1127 2337 1186 2367 καὶ
1203 2338 1291 2380 γίνε-

283 2381 363 2414 σθαι
387 2381 468 2419 τούς
493 2383 649 2427 σεισμούς
667 2381 702 2413 ἔν
722 2393 761 2413 τε
782 2385 854 2419 τοῖς
880 2379 1025 2425 αὐχμοῖς
1048 2382 1106 2411 καὶ
1133 2378 1237 2411 πάλιν
1255 2379 1289 2411 ἐν

283 2430 361 2463 ταῖς
389 2428 451 2459 ὑπε
475 2427 644 2472 ομβρίαις·
672 2425 706 2458 ἔν
732 2437 771 2457 τε
794 2425 860 2472 γάρ
887 2429 959 2462 τοῖς
985 2425 1151 2469 αὐχμοῖς,
1177 2422 1288 2467 ὥσπερ

282 2472 431 2515 ιῐρηται,
449 2438 693 2515 ἓηραινομένην
717 2469 917 2516 ῥήγνυσθαι,
935 2471 994 2500 καὶ
1020 2470 1087 2502 ὐπὸ
1114 2468 1182 2500 τῶν
1208 2463 1292 2501 ὀδά-

283 2526 352 2548 των
378 2514 707 2562 ὖπερυγραινομὲνην
731 2509 946 2547 διαπίπτειν.

206 2556 302 2591 Ἔδει
326 2554 364 2591 δὲ
391 2560 519 2593 τούτου
544 2560 792 2604 συμβαίνοντος
821 2558 1082 2591 ύπονοστοῧσαν
1109 2557 1289 2602 πολλαχοῦ

281 2603 459 2648 φαίνεσθαι
484 2605 550 2642 τήν
574 2605 654 2651 γῆν.
685 2603 763 2635 Ἔτι
779 2599 816 2636 δὲ
835 2598 894 2634 διαὶ
912 2602 973 2634 τίν’
996 2602 1114 2633 αἰτίαν
1140 2602 1214 2645 περὶ
1232 2600 1289 2633 τό·

282 2659 366 2686 πους
383 2650 480 2688 τινας
499 2649 664 2686 πολλάκις
680 2650 816 2693 γίνεται
834 2647 943 2679 τοῦτο
962 2646 1003 2678 τὸ
1022 2645 1129 2683 πάθος
1147 2642 1289 2690 οὐδεμιᾷ

282 2687 510 2738 διαφέροντας
534 2694 598 2726 aas
620 2694 706 2734 βολῆ
732 2691 882 2735 τοιαύτῃ
916 2692 1012 2736 παρα
1036 2691 1117 2727 τούς
1144 2690 1288 2730 ἄλλους;

281 2738 400 2769 καίτοι
425 2738 541 2784 ἐχρῆν.
561 2706 668 2775 “Ος.ως
692 2727 730 2770 Ιδὲ
757 2741 828 2774 τοῖς
854 2735 962 2774 οὕτως
988 2734 1289 2778 ὑπολαμβάνουσιν

262 2816 269 2819 Δ
284 2778 474 2828 ἀναγκαῖον
500 2782 609 2820 ἦττον
637 2783 689 2815 ἀεὶ
714 2784 796 2820 τούς
822 2783 977 2824 σεισμούς
998 2779 1102 2824 φάναι
1121 2778 1287 2825 γίνεσθαι,

282 2827 340 2858 καί
355 2826 458 2865 ’τέλος
477 2826 683 2860 παύσασταί
701 2838 788 2859 ποτε
806 2824 980 2870 σειομένην
992 2836 999 2844 ·
1019 2823 1062 2856 τὸ
1078 2823 1126 2870 γοὶ
1161 2822 1290 2857 σαττό-

309 2881 382 2902 ενον
407 2872 577 2909 τοιαύτην
599 2871 670 2917 ἔχει
687 2870 802 2916 φύσιν·
829 2869 908 2902 ὥστ’
931 2871 958 2902 εἰ
977 2869 1074 2901 τοῦτ’
1098 2868 1120 2900 ἀ
1145 2868 1285 2907 ύνατον,

282 2881 388 2951 §mov
414 2914 469 2949 ὅτι
496 2915 669 2949 ἀδύνατον
701 2918 759 2948 καὶ
791 2913 925 2952 ταύτην
952 2911 1038 2946 εἶναι
1064 2914 1127 2950 τήν
1155 2913 1283 2944 αἰτίαν.

406 3027 425 3038 -.
453 3017 464 3031 x
475 3011 630 3047 ostquam
653 3002 879 3046 Philosophus
911 3001 1140 3034 determinavit
1170 3000 1210 3033 de
1239 2999 1289 3032 his

391 3047 397 3050 ’
434 3048 454 3076 2-
476 3058 559 3092 quae
576 3055 774 3091 generantur
797 3047 881 3079 circa
897 3055 1017 3079 terram
1033 3057 1073 3078 ex
1089 3045 1174 3077 sicca
1193 3043 1289 3077 exha-

424 3121 432 3134 -.
455 3121 464 3139 7
475 3091 608 3132 latione,
621 3090 674 3124 hic
691 3091 907 3125 determinare
924 3090 1063 3123 intendit
1081 3089 1120 3122 de
1137 3088 1188 3121 his
1205 3099 1288 3132 quae

346 3169 363 3172 ,,
379 3161 410 3180 0.
429 3157 461 3183 ,ᾖ
475 3144 673 3180 generantur
695 3136 832 3168 interius
850 3136 883 3168 in
902 3144 998 3175 terra,
1014 3142 1094 3178 puta
1110 3133 1150 3166 de
1174 3141 1290 3166 terrae-

280 3186 306 3201 —³
334 3173 443 3213 ''fies'‘
475 3189 570 3213 motu
593 3189 626 3213 et
642 3179 864 3213 accidentibus
888 3180 972 3212 circa
995 3179 1115 3222 ipsum.
1140 3177 1182 3210 Et
1205 3177 1289 3210 circa

215 3223 282 3258 hoc
299 3223 367 3257 duo
383 3223 473 3257 facit:
491 3225 600 3268 primo
617 3225 796 3268 praemittit
815 3223 1034 3256 intentionem
1051 3233 1157 3261 suam,
1178 3220 1288 3254 dicens

226 3267 308 3302 ‘uod
331 3277 408 3312 post
427 3268 734 3302 determinationem
751 3268 790 3301 de
807 3268 914 3300 ventis
931 3265 1217 3299 determinandum
1240 3274 1288 3298 est

239 3324 257 3346 e
271 3312 450 3356 agitatione
467 3322 500 3346 et
515 3321 610 3346 motu
626 3321 738 3346 terrae.
755 3312 797 3345 Et
811 3313 894 3344 ratio
910 3311 1009 3343 huius
1025 3318 1084 3350 est,
1098 3310 1174 3353 quia
1191 3320 1287 3342 causa

214 3356 270 3390 vel
292 3357 466 3400 negotium
490 3366 707 3390 terraemotus
731 3363 772 3389 est
795 3355 914 3395 habita,
941 3354 1024 3387 idest
1048 3362 1288 3397 consequenter

214 3412 251 3434 se
270 3400 378 3442 habet,
399 3400 440 3434 ad
464 3402 636 3445 negotium
660 3409 847 3440 ventorum,
872 3410 948 3432 cum
972 3407 1149 3442 utrumque
1173 3409 1213 3429 ex
1237 3408 1287 3430 ea-

216 3444 293 3478 dem
317 3456 414 3478 causa
436 3454 620 3489 generetur.

273 3499 303 3522 2.
329 3489 483 3523 Secundo
507 3489 568 3523 ibi:
595 3489 672 3523 Sunt
688 3495 787 3522 autem
804 3487 918 3521 tradita
933 3495 1005 3526 etc.‚
1025 3486 1197 3529 exequitur
1213 3496 1287 3528 pro-

216 3533 374 3584 positum.
399 3534 441 3567 Et
459 3534 568 3578 primo
592 3533 687 3577 ponit
711 3533 886 3576 opiniones
911 3530 1061 3570 aliorum,
1079 3538 1112 3562 et
1128 3528 1286 3574 quasdam

216 3577 401 3622 improbat;
425 3578 572 3612 secundo
593 3577 788 3611 determinat
804 3575 843 3609 de
860 3582 1057 3608 terraemotu
1083 3582 1116 3606 et
1139 3572 1286 3606 acciden-

1343 740 1361 759 *
1376 740 1424 771 De
1440 741 1609 780 agitatione
1632 750 1739 773 autem
1756 750 1786 774 et
1801 750 1893 774 motu
1909 749 2008 774 terrae
2025 750 2098 784 post
2120 743 2197 774 haec
2220 743 2409 774 dicendum:

1411 795 1505 816 causa
1528 786 1614 816 enim
1636 786 1731 817 huius
1753 787 1908 827 passionis
1932 787 2038 819 habita
2061 787 2135 819 huic
2158 787 2265 828 generi
2289 794 2344 819 est.

1345 873 1427 904 Sunt
1449 881 1557 905 autem
1575 874 1686 905 tradita
1709 885 1810 915 usque
1826 876 1867 905 ad
1882 885 2029 916 praesens
2044 882 2171 917 tempus
2190 876 2260 914 tria,
2280 882 2311 907 et
2326 886 2345 906 a
2360 876 2413 907 tri-

1411 919 1486 949 bus:
1510 920 1711 959 Anaxagoras
1736 919 1821 950 enim
1837 919 2073 959 Clazomenius,
2091 927 2121 951 et
2143 920 2231 960 prius
2243 920 2412 951 Anaxime-

1412 973 1468 993 nes
1483 962 1625 994 Milesius
1644 963 1897 1002 enuntiaverunt,
1914 970 1944 995 et
1958 964 2007 995 his
2031 964 2188 1004 posterius
2210 965 2412 996 Democritus

1411 1007 1585 1038 Abderites.
1610 1009 1812 1047 Anaxagoras
1835 1007 1967 1048 quidem
1989 1008 2084 1048 igitur
2106 1008 2159 1047 ait,
2184 1009 2342 1039 aetherem
2360 1019 2413 1040 na-

1411 1058 1483 1082 tum
1499 1051 1571 1082 ferri
1587 1061 1726 1089 sursum,
1742 1051 1934 1082 incidentem
1956 1059 2065 1083 autem
2087 1052 2121 1082 in
2143 1052 2291 1083 inferiora
2313 1059 2412 1084 terrae

1412 1102 1443 1127 et
1466 1105 1615 1134 concava,
1630 1105 1759 1126 movere
1782 1096 1902 1136 ipsam:
1927 1106 2008 1137 quae
2030 1096 2162 1137 quidem
2180 1097 2267 1127 enim
2284 1107 2412 1128 sursum

1413 1140 1557 1171 feruntur
1580 1146 1710 1181 propter
1724 1139 1852 1178 imbres,
1868 1140 2022 1181 quoniam
2037 1147 2150 1171 natura
2172 1151 2304 1172 ornnem
2323 1141 2412 1172 simi-

1411 1184 1482 1215 liter
1500 1194 1567 1215 esse
1583 1184 1765 1224 sompham,
1781 1190 1934 1225 tanquam
1950 1185 2098 1216 existente
2113 1185 2175 1216 hoc
2191 1185 2322 1226 quidem
2344 1196 2411 1216 sur-

1412 1239 1503 1267 sum,
1526 1228 1589 1259 hoc
1612 1235 1719 1259 autem
1743 1229 1892 1259 deorsum
1916 1229 2014 1260 totius
2038 1229 2205 1270 sphaerae,
2229 1236 2260 1260 et
2283 1239 2410 1261 sursum

1412 1273 1544 1314 quidem
1567 1273 1626 1304 hac
1649 1273 1797 1304 existente
1821 1280 1908 1314 parte
1923 1273 1956 1304 in
1971 1283 2035 1315 qua
2049 1273 2238 1313 habitamus,
2260 1273 2412 1305 deorsum

1412 1323 1520 1348 autem
1543 1317 1649 1348 altera.
1877 1348 1887 1359 ‚

1345 1361 1396 1392 Ad
1411 1362 1493 1392 hanc
1508 1368 1760 1403 autem-causam
1783 1361 1862 1391 nihil
1883 1361 1964 1392 forte
1983 1369 2110 1402 oportet
2132 1362 2244 1401 dicere,
2258 1368 2412 1404 tanquam

1411 1406 1502 1437 valde
1517 1405 1701 1446 simpliciter
1723 1405 1856 1436 dictam:
1881 1416 2008 1436 sursum
2024 1406 2110 1436 enim
2133 1413 2164 1437 et
2187 1406 2336 1437 deorsum
2352 1417 2411 1447 pu-

1413 1457 1477 1481 tare
1501 1450 1546 1481 sic
1568 1450 1702 1488 habere,
1733 1457 1770 1481 ut
1791 1460 1859 1480 non
1889 1450 1928 1480 ad
1954 1457 2068 1481 terram
2099 1450 2242 1491 undique
2272 1451 2411 1482 ferantur

1411 1494 1596 1534 gravitatem
1618 1493 1765 1524 habentia
1789 1504 1972 1534 corporum,
1997 1504 2124 1525 sursum
2148 1501 2254 1525 autem
2277 1495 2357 1526 levia
2381 1502 2411 1526 et

1411 1539 1504 1579 ignis,
1529 1538 1678 1577 stultum;
1702 1544 1733 1569 et
1755 1538 1817 1569 hoc
1840 1538 1980 1569 videntes
2003 1538 2204 1570 horizontem
2227 1539 2410 1579 habitatam,

1412 1590 1566 1624 quantam
1584 1593 1644 1613 nos
1659 1582 1788 1620 scimus,
1805 1582 1937 1614 alterum
1955 1593 2079 1623 semper
2103 1582 2222 1614 factum
2244 1583 2410 1622 translatis,

1412 1635 1564 1669 tanquam
1588 1626 1737 1658 existente
1759 1626 1891 1666 gibbosa
1914 1633 1944 1658 et
1966 1627 2145 1667 sphaerica;
2169 1634 2200 1658 et
2218 1627 2319 1658 dicere
2342 1628 2410 1669 qui-

1412 1673 1497 1711 dem,
1513 1672 1603 1713 quod
1619 1678 1749 1712 propter
1763 1671 2016 1712 magnitudinem
2031 1671 2063 1702 in
2079 1682 2148 1702 aere
2167 1679 2285 1710 manet,
2301 1672 2410 1712 agitari

1413 1723 1521 1747 autem
1551 1716 1653 1747 dicere
1676 1725 1857 1756 percussam
1886 1716 1925 1746 de
1949 1717 2060 1747 subtus
2083 1726 2140 1756 per
2161 1723 2271 1747 totam.
2296 1716 2411 1747 Adhuc

1412 1767 1520 1792 autem
1550 1760 1678 1791 nullum
1707 1759 1810 1791 reddit
1839 1759 2049 1791 accidentium
2078 1760 2157 1791 circa
2185 1767 2409 1791 terraemotus:

1411 1815 1515 1846 neque
1539 1805 1624 1836 enim
1643 1804 1798 1844 regiones,
1815 1814 1919 1846 neque
1936 1811 2082 1845 tempora
2095 1815 2316 1846 quaecumque
2340 1815 2412 1845 par-

1412 1850 1544 1890 ticipant
1566 1849 1647 1880 hanc
1670 1849 1862 1890 passionem.

1345 1938 1548 1970 Democritus
1571 1944 1679 1969 autem
1702 1937 1744 1968 ait
1766 1944 1882 1968 terram
1905 1937 2033 1978 plenam
2060 1947 2143 1978 aqua
2165 1937 2359 1978 existentem,
2384 1945 2414 1969 et

1412 1982 1636 2023 suscipientem
1659 1982 1796 2013 multam
1819 1981 1914 2012 aliam
1937 1981 2111 2022 pluvialem
2134 1991 2268 2023 aquam,
2293 1983 2331 2013 ab
2354 1982 2413 2013 hac

1412 2027 1551 2058 moveri:
1577 2026 1722 2068 ampliori
1747 2026 1833 2057 enim
1856 2026 1948 2064 facta,
1969 2026 2045 2067 quia
2068 2036 2135 2056 non
2157 2033 2293 2067 possunt
2315 2027 2412 2058 susci-

1413 2081 1487 2112 pere
1509 2078 1652 2110 ventres,
1679 2071 1746 2101 vim
1767 2070 1955 2101 inferentem
1985 2070 2085 2101 facere
2107 2077 2352 2109 terraemotum,
2383 2078 2414 2102 et

1413 2116 1599 2146 exsiccatam
1628 2115 1805 2146 trahentem
1836 2114 1869 2145 in
1890 2124 2000 2152 ,vacua
2029 2115 2100 2145 loca
2130 2124 2167 2145 ex
2194 2115 2413 2156 repletior-ibus

1412 2160 1616 2191 transientem
1638 2159 1830 2190 incidentem
1853 2158 1984 2189 moveri.

1345 2248 1557 2280 Anaximenes
1580 2253 1688 2278 autem
1711 2247 1753 2278 ait
1771 2247 1895 2287 plutam
1911 2253 2025 2278 terram
2041 2252 2071 2277 et
2087 2246 2271 2278 exsiccatam
2294 2248 2412 2288 rumpi,

1413 2300 1444 2323 et
1466 2293 1505 2323 ab
1528 2292 1577 2323 his
1605 2291 1706 2332 ruptis
1737 2291 1843 2322 frustis
1872 2290 2083 2321 incidentibus
2114 2291 2257 2330 concuti3
2281 2299 2411 2333 propter

1412 2337 1501 2378 quod
1525 2343 1556 2367 et
1578 2335 1644 2366 fieri
1667 2343 1875 2367 terraemotus
1905 2335 1938 2365 in
1969 2334 2158 2365 siccitatibus
2189 2343 2220 2367 et
2241 2336 2357 2367 iterum
2379 2336 2412 2367 in

1413 2381 1584 2422 pluviosis:
1608 2380 1641 2411 in
1665 2380 1854 2411 siccitatibus
1879 2379 1975 2418 enirn,
1999 2378 2080 2410 sicut
2103 2379 2223 2411 dictum
2246 2387 2303 2419 est,
2320 2380 2414 2412 exsic-

1413 2432 1515 2456 catam
1537 2424 1656 2465 rumpi,
1675 2431 1707 2456 et
1729 2426 1767 2455 ab
1791 2424 1881 2466 aquis
1905 2423 2215 2464 superhumectatam
2238 2424 2389 2456 decidere.

1346 2558 1523 2598 Oportebat
1545 2564 1654 2588 autem
1671 2557 1734 2588 hoc
1750 2557 1909 2588 accidente
1925 2557 2108 2587 subversam
2132 2556 2345 2598 multipliciter
2362 2567 2414 2598 ap-

1413 2612 1522 2643 parere
1537 2609 1661 2633 terram.
1678 2602 1794 2632 Adhuc
1810 2609 1917 2632 autem
1931 2607 2061 2641 propter
2076 2611 2174 2642 quam
2191 2611 2318 2632 causam
2334 2601 2413 2632 circa

1413 2647 1571 2687 quaedam
1599 2646 1670 2677 loca
1701 2656 1794 2686 saepe
1821 2645 1856 2677 fit
1879 2646 1956 2676 haec
1988 2645 2093 2686 passio
2124 2645 2214 2676 nullo
2244 2645 2413 2677 differentia

1414 2701 1542 2721 excessu
1566 2690 1619 2721 tali
1635 2691 1675 2721 ad
1691 2689 1770 2721 alia?
1794 2697 1824 2721 et
1842 2689 1972 2731 quidem
1989 2690 2164 2730 oportebat.
2190 2689 2332 2721 Omnino
2357 2700 2413 2721 au-

1411 2742 1477 2765 tern
1493 2735 1536 2765 sic
1553 2735 1802 2766 existimantibus
1822 2733 2032 2765 necessarium
2052 2734 2153 2764 dicere
2168 2734 2273 2764 minus
2290 2744 2414 2774 semper

1412 2786 1620 2810 terraemotus
1643 2778 1721 2817 fieri,
1745 2785 1776 2809 et
1790 2779 1919 2809 tandem
1942 2788 2060 2808 cessare
2085 2778 2256 2819 aliquando
2280 2788 2412 2809 concus-

1412 2830 1499 2854 sam:
1524 2823 1568 2854 sic
1592 2824 1678 2854 enirn
1710 2823 1857 2853 decidens
1886 2823 1981 2854 talem
2003 2822 2098 2853 habet
2127 2829 2291 2860 naturam;
2316 2832 2412 2863 quare

1412 2868 1438 2898 si
1457 2868 1519 2898 hoc
1538 2865 1746 2908 impossibile,
1763 2867 1869 2908 palam
1885 2866 1958 2908 quia
1975 2865 2172 2906 impossibile
2196 2873 2226 2897 et
2248 2865 2328 2896 hanc
2345 2876 2411 2896 esse

1411 2922 1548 2943 causam.

1346 2998 1432 3032 tibus
1457 2999 1527 3031 eius
1551 2997 1734 3031 secundum
1758 2997 1951 3040 opinionem
1975 2996 2153 3040 propriam,
2177 2995 2238 3028 ibi:
2264 2995 2319 3028 Sed
2361 3006 2412 3028 uo-

1344 3044 1430 3076 niam
1453 3042 1644 3086 mamfestum
1660 3041 1675 3058 *
1691 3050 1751 3074 etc.
1771 3041 1866 3074 Circa
1882 3041 2026 3084 primum
2042 3041 2102 3073 tria
2123 3039 2208 3080 facit,
2228 3050 2328 3072 secun
2353 3051 2410 3072 um

1345 3087 1436 3132 quod
1460 3096 1524 3120 tres
1549 3095 1625 3119 sunt
1649 3086 1822 3129 opiniones
1847 3096 1927 3129 quas
1950 3085 2061 3128 ponit:
2086 3084 2194 3127 primo
2211 3084 2299 3116 enim
2315 3084 2411 3127 ponit

1345 3132 1538 3175 opinionem
1561 3131 1793 3173 Anaxagorae,
1818 3128 1964 3161 secundo
1989 3129 2182 3172 opinionem
2205 3128 2408 3168 Democriti,

1345 3176 1441 3208 tertio
1466 3175 1659 3218 opinionem
1678 3173 1900 3206 Anaximenis.
1919 3173 2015 3206 Circa
2038 3172 2183 3216 primum
2202 3172 2321 3204 iterum
2341 3171 2407 3204 duo

1344 3219 1436 3252 facit:
1461 3220 1568 3262 primo
1593 3218 1688 3262 ponit
1711 3218 1904 3261 opinionem
1927 3217 2140 3260 Anaxagorae
2148 3229 2157 3257 ;
2182 3215 2327 3249 secundo
2349 3216 2408 3248 im-

1344 3263 1461 3307 probat
1484 3274 1567 3303 eam,
1591 3262 1651 3295 ibi:
1675 3262 1729 3295 Ad
1751 3262 1828 3295 hanc
1851 3267 1950 3294 autem
1973 3271 2096 3295 causam
2118 3260 2134 3276 *
2158 3268 2217 3293 etc.

1399 3308 1490 3340 Dicit
1509 3318 1587 3350 ergo
1612 3307 1720 3350 primo
1745 3305 1835 3350 quod
1860 3317 1963 3349 usque
1990 3304 2030 3338 ad
2054 3316 2152 3337 suum
2176 3313 2243 3337 tem
2269 3315 2307 3336 us
2332 3313 2408 3337 sunt

1344 3351 1478 3384 traditae
1502 3359 1565 3383 tres
1590 3350 1764 3394 opiniones
1796 3349 1836 3382 de
1859 3358 2079 3389 terraemotu,
2111 3357 2143 3381 et
2166 3360 2184 3381 a
2207 3349 2246 3381 tri
2270 3359 2308 3380 us
2337 3348 2408 3392 phi-

1344 3395 1508 3439 losophis:
1526 3395 1652 3438 primus
1665 3393 1827 3427 enim'fuit
1838 3394 2058 3426 Anaximenes
2071 3392 2231 3433 Milesius,
2243 3392 2407 3425 secundus

1342 3441 1554 3482 Anaxagoras
1580 3438 1832 3477 Clazomenius,
1861 3438 1974 3470 tertius
2003 3448 2081 3470 vero
2105 3437 2316 3470 Democritus
2341 3436 2408 3469 Ab·

1343 3483 1471 3516 derites.
1505 3483 1601 3516 Circa
1625 3483 1764 3526 prImam
1788 3482 1887 3525 igitur
1911 3482 2103 3525 opinionem
2132 3480 2406 3514 considerandum

1342 3536 1400 3568 est,
1421 3527 1511 3571 quod
1530 3528 1740 3570 Anaxagoras
1765 3527 1918 3570 opinatus
1943 3534 1991 3559 est
2014 3525 2104 3569 quod
2127 3534 2210 3558 terra
2234 3534 2318 3558 esset
2338 3535 2407 3558 rara

1341 3581 1373 3605 et
1403 3572 1581 3615 spongiosa
1611 3571 1645 3603 in
1669 3579 1759 3614 parte
1789 3569 1953 3611 inferiori,
1983 3570 2031 3615 in,
2048 3578 2138 3614 parte
2172 3578 2281 3603 autem
2309 3580 2422 3613 supe-¹

2440 750 2450 760 ·
2465 749 2524 778 cap.
2532 755 2575 772 vu.

2438 3050 2448 3061 ⁸
2462 3049 2526 3071 Lect.
2540 3055 2589 3077 seq.

2435 3267 2443 3275 ·
2461 3265 2530 3287 Num.
2545 3271 2595 3293 seq.
