2554 4062
160 339 239 371 flant
254 339 362 380 plures
377 338 464 370 venti
480 347 580 379 quam
599 347 618 368 a
641 342 729 378 parte
748 335 910 376 opposita,
931 334 1049 366 scilicet
1072 334 1181 372 austri,
1198 341 1244 365 est

159 384 237 426 quia
260 390 369 414 nostra
391 382 572 414 habitabilis
591 380 806 422 propinquior
829 386 876 410 est
892 379 943 410 isti
967 379 1048 420 parti
1064 390 1164 421 quam
1185 379 1241 418 illi,

160 435 192 460 et
213 428 288 460 ideo
310 428 398 459 venti
422 427 478 469 qui
497 426 542 458 ibi
564 432 766 467 generantur,
783 424 886 464 magis
905 425 1086 456 sentiuntur
1109 434 1127 455 a
1148 424 1242 455 nobis

159 483 260 515 quam
275 473 340 512 alii,
357 472 414 514 qui
431 472 508 503 flant
522 482 543 502 a
564 477 653 512 parte
672 468 833 511 opposita.
850 469 976 500 Deinde
991 470 1088 501 aliam
1112 480 1243 500 causam

159 518 310 559 assignat,
325 528 383 559 per
396 526 496 559 quam
515 514 695 547 ostenditur
713 514 900 555 simpliciter
915 525 1013 555 quare
1033 515 1140 555 plures
1156 515 1242 546 venti

159 569 353 604 generantur
375 562 427 593 hic
449 570 550 603 quam
572 559 634 591 ibi:
659 559 806 600 superior
829 559 916 590 enim
944 560 1024 590 ratio
1048 560 1111 590 hoc
1137 566 1243 590 osten-

160 609 256 640 debat
278 607 387 639 solum
410 605 520 647 quoad
542 614 614 639 nos.
630 604 672 636 Et
687 610 745 642 est,
760 603 837 645 quia
859 604 903 635 ibi
919 611 995 635 sunt
1018 604 1125 645 plures
1141 614 1243 645 aquae

161 661 192 685 et
215 653 304 684 nives
328 658 459 693 propter
487 648 703 680 remotionem
727 659 745 679 a
769 649 854 687 sole,
881 659 980 689 quam
1004 649 1038 680 in
1070 649 1132 679 alia
1155 656 1244 690 parte

161 708 244 740 quae
257 704 303 728 est
314 696 456 728 subiecta
471 694 532 725 soli
544 701 575 725 et
587 693 656 725 eius
670 693 794 732 lationi,
808 693 864 735 qui
878 704 943 724 non
956 693 1109 734 permittit
1125 704 1244 735 aquam

160 743 206 775 ibi
228 740 397 782 congelari.
420 739 509 771 Licet
531 738 619 770 enim
642 746 756 770 ventus
787 746 955 779 generetur
979 748 1016 769 ex
1045 739 1244 770 exhalatione

161 788 255 824 sicca,
272 793 380 817 tamen
397 784 554 816 exhalatio
571 783 653 814 sicca
676 794 743 814 non
767 790 874 824 potest
889 783 1069 814 continuari
1094 791 1149 815 aut
1171 794 1246 815 con-

162 830 287 864 densari
308 830 343 861 in
366 837 500 860 ventum
524 828 592 860 sine
615 827 806 860 humiditate
830 828 1037 860 continuante
1061 836 1165 869 partes
1190 829 1246 860 sic-

161 886 217 909 cae
239 874 458 907 exhalationis.
479 874 531 906 Ad
555 880 679 905 arctum
701 873 799 914 igitur
815 873 916 914 magis
935 873 1099 905 elevantur
1122 874 1246 905 exhala-

160 921 266 955 tiones
289 920 401 959 siccae,
421 926 453 950 et
475 918 558 950 fiunt
581 918 689 959 plures
711 918 798 950 venti
821 917 912 962 (ibid.
929 929 1020 950 num.
1036 918 1082 962 8).

167 1179 171 1182 Α
218 1144 408 1185 ,Postquam
432 1142 651 1183 Philosophus
675 1142 898 1173 determinavit
921 1143 960 1174 de
977 1142 1026 1174 his
1045 1152 1128 1184 quae
1151 1152 1246 1183 gene-

162 1187 559 1229 ranturdqx‘exhalatione
584 1187 665 1219 sicca
689 1187 772 1219 circa
797 1194 913 1218 terram
936 1194 967 1219 et
989 1187 1022 1218 in
1047 1194 1141 1226 terra,
1165 1186 1247 1218 sicut

164 1230 330 1270 &vi-‘ntis
354 1239 385 1264 et
408 1239 615 1270 terraemotu,
639 1231 691 1264 hic
715 1232 904 1263 determinat
923 1232 962 1263 de
981 1231 1030 1263 his
1049 1241 1133 1273 quae
1151 1241 1246 1272 gene·

162 1285 274 1315 rantur
297 1288 336 1309 ex
358 1277 471 1308 eadem
494 1277 528 1308 in
551 1277 647 1309 nube.
673 1277 715 1308 Et
739 1276 820 1308 circa
843 1276 906 1308 hoc
930 1277 996 1308 duo
1021 1276 1105 1307 facit.
1135 1276 1245 1307 Primo

163 1322 339 1365 praemittit
364 1321 579 1354 intentionem
598 1332 702 1360 suam,
726 1329 758 1353 et
771 1320 847 1352 dicit
865 1321 956 1362 quod
975 1320 1186 1352 determinato
1207 1321 1246 1352 de

163 1374 262 1401 vtato
276 1374 308 1399 et
325 1373 532 1403 terraemotu.
548 1373 644 1398 restat
662 1373 895 1407 consequenter
911 1365 1084 1397 dicendum
1099 1365 1139 1396 de
1155 1375 1246 1397 coru·

164 1412 306 1450 scatione
325 1419 357 1444 et
373 1411 528 1448 tonitruo,
546 1417 577 1442 et
595 1411 636 1442 de
652 1410 808 1452 typhone,
832 1410 914 1442 idest
929 1410 969 1441 de
984 1417 1081 1441 vento
1098 1410 1244 1442 circulari

165 1457 301 1499 expulso
329 1467 367 1488 ex
390 1456 493 1495 nube,
523 1462 555 1487 et
587 1455 627 1486 de
655 1454 895 1486 incensionibus
923 1462 955 1486 et
985 1454 1191 1494 fulminibus,
1216 1462 1248 1486 et

164 1501 263 1539 simul
278 1501 318 1533 de
332 1501 502 1538 omnibus,
522 1500 599 1542 quia
613 1499 766 1531 omnium
784 1507 832 1531 est
854 1499 940 1531 idem
959 1499 1165 1541 principium,
1189 1500 1247 1531 sci-

163 1546 238 1582 licet
259 1545 418 1579 exhalatio
448 1545 549 1583 sicca,
579 1552 611 1576 et
634 1544 746 1576 omnia
773 1544 869 1576 etiam
897 1552 973 1576 sunt
1000 1545 1248 1576 substantialiter

164 1590 334 1629 ababuc,
359 1599 443 1632 quae
458 1589 562 1621 differt
585 1589 766 1621 secundum
788 1596 898 1622 motus
915 1597 946 1621 et
961 1589 1126 1630 passiones
1145 1589 1247 1621 diver-

165 1644 216 1671 ιιι
238 1633 330 1679 (ibid.
354 1635 426 1667 lect.
450 1645 514 1672 xvr,
539 1644 570 1666 n.
594 1632 636 1678 ι).

231 1770 411 1812 Postquam
433 1768 648 1810 Philosophus
671 1767 893 1800 determinavit
916 1768 955 1799 de
979 1769 1122 1800 tonitruo
1146 1776 1177 1800 et
1194 1779 1248 1800 co-

163 1814 346 1849 mentione
363 1814 397 1846 in
413 1813 475 1845 fine
492 1813 708 1854 praecedentis
726 1813 808 1851 libri,
825 1813 858 1844 in
875 1813 1034 1854 principio
1053 1813 1150 1845 huius
1166 1814 1248 1846 tertii

162 1859 301 1897 intendit
323 1866 556 1900 consequenter
579 1857 788 1890 determinare
809 1858 848 1889 de
865 1858 933 1889 aliis
952 1869 1036 1899 quae
1058 1866 1250 1899 generantur

165 1916 204 1939 ex
226 1905 339 1945 eadem
362 1903 563 1936 exhalatione
593 1902 675 1934 sicca
706 1909 832 1934 extrusa
862 1913 900 1934 ex
923 1903 1083 1942 nubibus,
1108 1911 1186 1944 puta
1210 1905 1249 1935 de

165 1949 330 1992 ecnephia,
343 1949 487 1992 typhone
503 1954 535 1980 et
549 1947 748 1979 huiusmodi.
770 1947 811 1979 Et
822 1947 974 1979 dividitur
989 1948 1021 1978 in
1038 1956 1142 1989 partes
1159 1949 1248 1981 duas.

165 1995 203 2027 ln
225 1994 329 2037 prima
352 1993 527 2034 praemittit
549 1992 763 2024 intentionem
787 2002 891 2030 suam,
911 1999 942 2024 et
961 1992 1037 2024 dicit
1053 1994 1142 2034 quod
1163 2001 1249 2034 post-

165 2049 266 2083 quam
289 2038 539 2071 determinatum
561 2044 608 2068 est
632 2038 671 2068 de
694 2037 839 2068 tonitruo
864 2044 895 2068 et
918 2038 1150 2075 coruscatione,
1167 2049 1250 2080 quae

165 2090 242 2119 sunt
271 2083 462 2126 principales
493 2082 660 2125 passiones
689 2082 722 2113 in
753 2092 824 2113 aere
854 2089 1020 2122 generatae
1052 2093 1089 2114 ex
1119 2083 1250 2114 materia

163 2136 348 2167 ventorum,
365 2128 538 2160 dicendum
562 2134 609 2159 est
624 2133 858 2168 consequenter
875 2127 916 2158 de
936 2127 1069 2158 residuis
1089 2127 1251 2162 effectibus

165 2173 232 2207 aive
254 2173 458 2215 passionibus
489 2182 573 2214 quae
603 2178 679 2202 sunt
702 2171 811 2202 minus
835 2171 1044 2212 principales,
1071 2172 1189 2204 scilicet
1212 2173 1251 2204 de

166 2217 332 2259 ecnephia,
355 2217 518 2259 typhone,
542 2215 728 2247 incensione
751 2222 782 2246 et
806 2215 953 2253 fulmine,
978 2217 1156 2247 secundum
1181 2228 1250 2248 mo-

167 2263 247 2295 dum
262 2262 351 2304 prius
373 2262 555 2300 inductum,
572 2260 690 2292 scilicet
708 2260 895 2301 accipiendo
911 2271 971 2301 pro
987 2261 1144 2302 principio
1161 2262 1251 2302 quod

167 2307 286 2349 duplex
309 2307 350 2338 sit
372 2306 529 2338 exhalatio
554 2316 591 2337 ex
614 2313 707 2343 terra,
728 2315 792 2336 una
814 2305 948 2336 humida
972 2313 1003 2336 et
1027 2305 1087 2336 alia
1111 2306 1203 2344 sicca,
1221 2314 1252 2338 et

167 2352 369 2384 oetendendo
393 2351 564 2393 quomodo
579 2357 610 2382 et
626 2350 712 2381 unde
729 2350 769 2381 sit
787 2349 821 2380 in
837 2350 914 2391 ipsis
930 2350 1125 2391 principium
1142 2358 1251 2382 motus

170 2404 202 2430 et
224 2396 439 2438 generationis
464 2395 554 2438 (ibid.
572 2395 627 2426 lib.
646 2395 699 2433 111,
723 2394 794 2426 lect.
811 2404 835 2432 1,
859 2405 891 2426 n.
916 2393 955 2437 1).

235 2441 299 2474 Sed
322 2441 363 2472 ad
385 2441 543 2472 maiorem
567 2439 759 2471 evidentiam
791 2439 923 2470 illorum
952 2449 1035 2480 quae
1065 2440 1251 2471 Aristoteles

167 2486 246 2526 dixit
256 2487 294 2518 de
307 2485 471 2518 coloribus
486 2485 586 2524 iridis,
597 2491 727 2525 oportet
741 2485 902 2527 quaedam
914 2484 1124 2516 considerare.
1142 2485 1251 2516 Primo

168 2531 312 2574 quidem,
330 2538 440 2562 utrum
460 2530 584 2561 colores
600 2529 686 2560 iridis
711 2529 774 2560 sint
797 2529 921 2560 colores
938 2529 1116 2560 secundum
1136 2529 1180 2560 rei
1199 2540 1251 2560 ve-

167 2576 313 2616 ritatem,
337 2586 379 2606 an
408 2582 534 2606 tantum
560 2574 740 2606 secundum
763 2574 992 2614 apparentiam.
1025 2574 1193 2613 Secundo,
1219 2574 1251 2605 in

168 2631 238 2663 quo
261 2621 324 2652 sint
347 2620 472 2651 colores
495 2619 583 2651 iridis
605 2619 688 2650 sicut
710 2619 744 2650 in
760 2618 914 2650 subiecto.
939 2618 1063 2656 Tertio,
1084 2627 1193 2650 utrum
1217 2619 1250 2649 id

167 2665 260 2708 quod
283 2665 466 2697 continetur
480 2664 562 2695 inter
585 2664 746 2695 minorem
765 2663 979 2704 peripheriam
995 2663 1083 2694 iridis
1103 2671 1133 2695 et
1149 2664 1252 2695 maio-

169 2720 250 2749 rem,
274 2709 314 2741 sit
337 2710 518 2741 coloratum
541 2709 592 2740 vel
615 2719 692 2740 non.
719 2709 856 2747 Quarto,
876 2715 985 2739 utrum
1002 2708 1148 2739 medium
1163 2709 1253 2750 quod

168 2754 332 2787 interiacet
361 2754 487 2786 duabus
517 2753 667 2792 iridibus,
691 2753 732 2784 sit
754 2753 935 2784 coloratum
968 2753 1076 2784 colore
1100 2754 1251 2794 puniceo.

170 2799 314 2839 Quinto,
346 2806 458 2830 utrum
488 2798 640 2840 possibile
670 2798 711 2829 sit
740 2798 914 2839 aliquando
945 2798 1071 2829 tertiam
1102 2808 1253 2839 apparere

168 2844 294 2882 iridem,
318 2851 350 2875 et
372 2851 504 2885 propter
527 2853 626 2885 quam
651 2853 790 2874 causam.
809 2843 915 2881 Sexto,
941 2842 1118 2874 videndum
1143 2850 1189 2874 est
1213 2843 1252 2873 de

171 2899 266 2921 causa
289 2889 458 2920 cuiusdam
480 2887 568 2919 iridis
592 2898 675 2929 quae
699 2894 831 2928 apparet
853 2888 916 2918 alio
934 2889 1034 2918 modo
1060 2898 1092 2918 se
1116 2888 1252 2918 habente

170 2934 257 2965 nube
280 2933 321 2964 ad
344 2933 447 2964 solem
471 2943 571 2974 quam
600 2932 786 2963 Aristoteles
815 2932 910 2971 dixit,
934 2932 1015 2963 sicut
1043 2932 1212 2964 videbitur.
1234 2950 1252 2955 -

172 2977 214 3009 Et
237 2978 277 3008 ad
301 2977 493 3009 evidentiam
517 2977 631 3019 primi,
663 2977 740 3018 quia
763 2977 887 3008 colores
910 2977 998 3008 iridis
1022 2985 1194 3008 causantur
1217 2987 1254 3008 ex

171 3021 358 3053 refractione
386 3022 519 3054 luminis
547 3033 566 3053 a
596 3021 785 3063 corporibus
813 3022 1046 3063 specularibus,
1078 3021 1184 3062 primo
1208 3022 1253 3052 vi-

172 3066 316 3097 dendum
339 3073 387 3097 est
409 3073 519 3107 uultu
541 3067 654 3098 lumen
669 3066 702 3097 in
726 3067 835 3097 medio
859 3066 900 3097 sit
922 3067 1029 3108 aliqua
1053 3067 1189 3108 qualitas
1214 3077 1253 3097 an

172 3121 250 3142 non.
283 3111 451 3149 Secundo,
478 3118 589 3142 utrum
614 3111 726 3142 lumen
754 3111 925 3142 refractum
951 3112 984 3142 in
1015 3121 1150 3152 corpore
1183 3122 1252 3152 spe—

172 3155 290 3193 culari,
315 3154 409 3186 saciat
431 3155 464 3186 in
488 3155 560 3195 ipso
584 3166 602 3186 a
625 3166 693 3197 quo
722 3155 930 3196 refrangitur,
954 3156 1175 3197 apparentiam
1200 3156 1254 3187 ali-

173 3200 265 3232 cuius
294 3199 412 3231 coloris
435 3209 502 3230 non
527 3199 686 3231 existentis
716 3201 805 3240 prius
836 3201 869 3232 in
893 3211 932 3232 eo
961 3202 1140 3232 secundum
1164 3201 1253 3242 quod

173 3244 382 3283 huiusmodi,
413 3251 476 3275 aut·
503 3243 633 3284 recipiat
663 3245 702 3275 ab
737 3255 776 3275 eo
803 3246 854 3276 vel
886 3256 954 3276 non
979 3244 1076 3288 (ibid.
1106 3246 1176 3277 lect.
1200 3256 1252 3284 vr,

174 3300 265 3321 num.
322 3312 331 3320 .

198 3344 201 3345 ⁷
239 3288 423 3365 Fit7)autem
447 3330 625 3375 (pepansis)
649 3331 712 3364 hoc
735 3333 848 3364 modo.
865 3335 950 3364 Nam
973 3334 1078 3375 primo
1104 3335 1190 3365 calor
1207 3335 1253 3365 di·

172 3389 284 3420 gerens
307 3379 372 3420 agit
394 3378 426 3409 in
451 3377 624 3409 humidum
648 3387 788 3416 aereum,
805 3379 895 3419 quod
919 3386 966 3410 est
984 3389 1190 3419 spumosum,
1211 3379 1254 3409 fa-

174 3423 287 3455 ciendo
311 3433 483 3464 evaporare
503 3422 682 3453 subtiliores
706 3429 821 3463 partes.
837 3429 868 3453 et
883 3422 1093 3462 ingrossando
1116 3424 1253 3465 reliquas

174 3478 209 3499 ac
234 3469 449 3499 convertendo
473 3467 506 3498 in
523 3468 694 3498 humorem
716 3477 887 3508 aquosum.
904 3468 1038 3505 Deinde,
1056 3468 1251 3499 subtiliando

173 3513 348 3543 humorem
380 3523 542 3554 aquosum
573 3512 645 3542 facit
668 3512 776 3552 ipsum
806 3512 1181 3553 evaporare,reliquum
1205 3513 1252 3543 in-

173 3564 307 3598 grossat,
324 3557 472 3588 terminat
495 3565 526 3588 et
550 3557 672 3597 digerit,
690 3563 720 3587 et
742 3557 849 3596 ipsum
875 3556 1041 3596 coniungit
1057 3567 1130 3587 cum
1156 3557 1253 3595 sicco,

175 3609 206 3633 et
229 3610 305 3633 tunc
330 3602 525 3633 convertitur
546 3602 580 3632 in
604 3612 723 3632 semen.
743 3602 802 3632 Iste
827 3609 935 3632 autem
959 3602 1040 3632 ordo
1065 3609 1196 3641 apparet
1218 3602 1251 3632 in

175 3646 365 3678 animalibus
389 3653 419 3678 et
443 3647 569 3688 plantis.
586 3647 670 3677 Nam
690 3647 723 3676 in
747 3646 850 3687 prima
867 3646 1042 3686 digestione
1067 3653 1254 3686 separantur

174 3691 295 3722 faeces:
320 3692 451 3732 quando
475 3698 584 3722 autem
600 3691 774 3722 humidum
797 3690 857 3722 cibi
880 3699 926 3721 est
950 3691 1117 3721 reductum
1142 3691 1181 3721 ad
1196 3691 1254 3721 hu-

2277 271 2373 295 XXXV

1297 334 1353 375 qui
1377 334 1588 366 occidentales
1611 342 1642 366 et
1661 335 1839 366 orientales.
1860 336 1970 367 Tertio
1989 346 2063 367 cum
2087 337 2177 369 dicit:
2199 338 2374 371 Universa-

1297 379 1372 410 liter
1387 385 1495 410 autem
1511 380 1608 421 quod,
1622 380 1822 411 extendendo
1836 381 1968 411 nomina
1984 382 2122 413 ostendit
2134 390 2263 423 propter
2275 394 2374 425 quam

1297 434 1427 455 causam
1451 434 1565 455 omnes
1590 431 1720 455 extenso
1744 425 1877 456 nomine
1901 426 2051 457 dicuntur
2073 428 2224 458 australes
2248 436 2303 459 aut
2317 429 2374 460 bo-

1297 469 1405 501 reales.
1430 469 1515 500 Dicit
1530 469 1626 511 igitur
1641 470 1759 510 primo,
1776 471 1866 511 quod
1885 481 1980 501 causa
2003 478 2134 511 propter
2153 482 2251 513 quam
2268 483 2285 503 a
2299 473 2373 504 loco

1297 513 1353 554 qui
1377 522 1425 545 est
1447 514 1529 545 inter
1552 521 1676 546 arctum
1700 522 1731 546 et
1753 516 1910 546 orientem
1934 523 1965 546 et
1998 516 2197 547 occidentem
2220 518 2373 558 aequino—

1298 558 1405 590 ctiales
1438 558 1515 590 flant
1538 559 1645 600 plures
1668 559 1755 590 venti
1786 569 1886 601 quam
1909 570 1927 591 a
1951 567 2039 601 parte
2066 560 2235 601 opposita,
2258 562 2376 594 scilicet

1297 604 1405 642 austri,
1419 610 1466 635 est
1482 615 1547 636 una
1562 604 1694 646 quidem
1709 604 1786 645 quia
1802 605 1954 636 habitatio
1969 603 2078 636 nostra
2090 605 2228 648 (magis)
2245 607 2375 648 propin-

1298 658 1362 689 qua
1382 656 1429 680 est
1447 649 1523 680 huic
1546 649 1627 690 parti
1651 660 1750 690 quarn
1774 649 1855 690 parti
1872 650 2059 690 oppositae;
2079 657 2110 681 et
2125 650 2198 682 ideo
2215 651 2300 682 venti
2325 652 2376 683 hic

1298 693 1437 733 generati
1457 693 1558 734 magis
1574 694 1754 725 sentiuntur
1770 704 1788 724 a
1803 694 1897 725 nobis
1913 702 1944 726 et
1960 695 2199 735 distinguuntur
2215 706 2313 737 quam
2329 697 2375 727 illi

1298 737 1355 778 qui
1379 748 1397 768 a
1421 745 1509 778 parte
1534 738 1683 779 opposita
1706 739 1800 770 flant:
1825 739 1887 770 alia
1909 747 2018 771 autem
2035 740 2110 781 quia
2134 741 2207 781 plus
2231 741 2270 772 de
2293 751 2376 783 aqua

1299 783 1464 823 congelata
1488 790 1518 813 et
1542 783 1613 814 nive
1628 791 1674 814 est
1698 785 1756 814 sub
1781 784 1910 825 regione
1925 785 1995 823 ista,
2015 792 2146 826 propter
2162 786 2377 817 remotionem

1299 838 1317 858 a
1340 827 1428 866 sole,
1453 837 1552 868 quarn
1575 828 1608 858 in
1638 828 1707 866 illa,
1737 839 1818 870 quae
1853 829 2021 871 supposita
2052 836 2099 860 est
2125 830 2188 861 soli
2211 838 2242 862 et
2263 831 2376 862 lationi

1298 872 1410 914 ipsius,
1425 872 1480 914 qui
1495 880 1627 913 propter
1638 873 1828 904 caliditatem
1839 884 1907 905 non
1922 874 2076 915 permittit
2089 875 2246 916 congelari
2259 886 2378 917 aquam

1299 925 1331 949 et
1353 917 1421 948 fieri
1444 917 1568 957 nivem:
1590 918 1768 959 liquefactis
1785 926 1894 950 autem
1917 929 2002 960 aqua
2025 926 2056 950 et
2069 919 2142 950 nive
2166 921 2226 951 sub
2250 928 2376 961 septen-

1299 962 1403 994 trione
1427 973 1484 1003 per
1502 962 1653 994 virtutem
1678 963 1754 994 solis
1779 971 1853 1004 post
1876 974 2037 995 recessum
2059 974 2078 995 a
2097 964 2220 1005 tropico
2245 965 2378 1004 aestivo,

1300 1007 1457 1048 contingit
1473 1007 1587 1038 elevari
1604 1008 1844 1039 multitudinem
1855 1008 2062 1040 exhalationis
2074 1009 2174 1040 siccae
2185 1009 2220 1040 in
2231 1010 2377 1051 pluribus

1299 1052 1446 1140 locis,)et
1469 1062 1526 1093 per
1549 1062 1750 1093 consequens
1774 1053 1894 1084 multos
1917 1053 1984 1084 fieri
2006 1061 2121 1085 ventos
2145 1052 2235 1097 (ibid.
2261 1055 2318 1086 fol.
2337 1057 2376 1086 52

1300 1107 1392 1128 verso
1410 1120 1418 1128 .
1674 1127 1678 1131 .

1367 1142 1545 1183 Postquam
1567 1141 1786 1182 Philosophus
1810 1142 2029 1174 determinavit
2052 1143 2092 1174 de
2106 1143 2155 1174 his
2176 1153 2258 1185 quae
2282 1154 2378 1184 gene-

1300 1193 1410 1218 rantur
1433 1196 1471 1218 ex
1493 1186 1710 1227 segregatione
1742 1186 1843 1217 calida
1872 1187 1953 1218 sicca
1977 1187 2057 1218 circa
2081 1195 2197 1221 terram
2221 1195 2251 1220 et
2278 1189 2378 1228 intra,

1301 1238 1379 1272 puta
1403 1231 1442 1262 de
1465 1231 1567 1262 ventis
1591 1238 1622 1262 et
1645 1231 1907 1270 terraemotibus,
1932 1242 2018 1263 nunc
2041 1232 2176 1264 intendit
2199 1234 2378 1264 considera-

1294 1276 1424 1307 tionem
1447 1275 1549 1307 facere
1573 1276 1612 1306 de
1635 1276 1685 1307 his
1709 1286 1791 1317 quae
1815 1283 2004 1316 generantur
2028 1287 2064 1308 ex
2088 1277 2200 1308 eadem
2223 1277 2256 1309 in
2280 1279 2377 1309 nube.

1301 1320 1342 1352 Et
1370 1320 1452 1352 circa
1482 1320 1544 1352 hoc
1575 1320 1680 1361 primo
1712 1321 1883 1361 praemittit
1915 1321 2094 1359 intentum;
2128 1322 2269 1353 secundo
2301 1333 2376 1355 cum

1301 1365 1392 1397 dicit:
1411 1365 1589 1397 Exhalatio
1606 1367 1702 1403 enim,
1720 1371 1756 1396 ut
1771 1366 1925 1403 diximus,
1943 1366 2148 1407 prosequitur
2167 1367 2374 1405 declarand0;

1301 1410 1394 1442 tertio
1419 1421 1495 1442 cum
1518 1410 1610 1441 dicit:
1641 1411 1693 1441 De
1717 1411 1859 1441 tonitruo
1882 1411 2009 1452 quidem
2035 1412 2157 1452 igitur,
2182 1411 2377 1453 recapitulat.

1302 1456 1338 1486 ln
1362 1454 1464 1496 prima
1488 1462 1576 1496 parte
1605 1455 1680 1486 dicit
1710 1455 1818 1496 quod,
1848 1455 2057 1487 determinato
2082 1456 2121 1486 de
2145 1463 2240 1487 vento
2265 1463 2295 1487 et
2318 1463 2378 1488 ter-

1301 1507 1460 1538 raemotu,
1485 1507 1718 1541 consequenter
1734 1499 1877 1530 dicemus
1894 1500 1933 1530 de
1950 1499 2169 1531 coruscatione
2191 1507 2222 1531 et
2237 1501 2379 1532 tonitruo

1302 1552 1333 1577 et
1356 1545 1511 1586 typhone,
1535 1544 1616 1575 idest
1640 1545 1679 1575 de
1702 1552 1798 1575 vento
1823 1544 2014 1575 circulariter
2038 1545 2194 1585 propulso
2219 1555 2256 1576 ex
2280 1547 2378 1585 nube,

1302 1597 1332 1621 et
1348 1590 1388 1620 de
1403 1589 1642 1620 incensionibus
1662 1596 1693 1620 et
1709 1589 1909 1626 fulminibus,
1934 1589 2031 1620 simul
2045 1596 2154 1620 autem
2170 1590 2208 1620 de
2226 1590 2377 1621 omnibus

1302 1634 1378 1676 quia
1402 1634 1553 1666 omnium
1577 1640 1623 1664 est
1646 1633 1732 1664 idem
1757 1633 1969 1674 principium,
1998 1641 2076 1674 puta
2100 1634 2255 1665 exhalatio
2279 1634 2380 1674 sicca,

1302 1687 1333 1711 et
1348 1679 1459 1710 omnia
1480 1678 1726 1710 substantialiter
1749 1685 1824 1709 sunt
1840 1678 2008 1717 exhalatio,
2033 1678 2178 1709 differens
2202 1680 2381 1711 secundum

1302 1724 1468 1766 passiones
1492 1731 1523 1755 et
1546 1730 1655 1755 motus
1679 1723 1821 1754 diversos
1845 1722 1935 1759 (ibid.
1962 1723 2016 1754 fol.
2045 1724 2083 1754 56
2108 1721 2225 1766 verso).

1370 1770 1421 1800 De
1437 1769 1576 1800 residuis
1591 1774 1708 1799 autem.
1731 1769 1909 1809 Postquam
1928 1767 2144 1808 Philosophus
2164 1767 2383 1799 determinavit

1304 1814 1343 1845 de
1366 1813 1511 1845 tonitruo
1535 1820 1567 1844 et
1590 1812 1811 1844 coruscatione
1834 1812 1867 1843 in
1891 1812 1954 1843 fine
1982 1812 2197 1853 praecedentis
2219 1812 2307 1851 libri,
2331 1812 2382 1844 hic

1304 1859 1337 1890 in
1361 1858 1518 1900 principio
1542 1857 1634 1889 istius
1658 1857 1740 1889 tertii
1763 1857 1899 1889 intendit
1922 1857 2130 1888 determinare
2155 1858 2193 1888 de
2213 1857 2280 1888 aliis
2299 1867 2382 1899 quae

1303 1910 1495 1944 generantur
1518 1912 1555 1933 ex
1578 1902 1690 1933 eadem
1714 1902 1913 1933 exhalatione
1938 1909 2062 1933 extrusa
2084 1912 2102 1932 a
2126 1902 2222 1940 nube,
2242 1909 2321 1943 puta
2344 1902 2382 1932 de

1305 1947 1469 1989 ecnephia,
1487 1947 1631 1989 typhone
1655 1954 1686 1978 et
1710 1947 1907 1978 huiusmodi.
1933 1947 1974 1977 Et
1991 1946 2071 1977 circa
2094 1947 2156 1977 hoc
2172 1947 2278 1987 primo
2295 1957 2383 1987 prae-

1305 1993 1402 2024 mittit
1424 1992 1636 2023 intentionem
1661 2002 1764 2030 suam,
1790 1992 1896 2023 dicens
1922 1991 2011 2032 quod
2035 1998 2209 2032 postquam
2234 1991 2382 2022 determi-

1306 2045 1419 2069 natum
1443 2044 1489 2068 est
1513 2038 1552 2068 de
1575 2037 1720 2068 tonitruo
1752 2044 1782 2068 et
1810 2036 2049 2075 coruscatione,
2074 2036 2246 2067 dicendum
2275 2043 2322 2067 est
2344 2037 2384 2066 de

1306 2083 1439 2114 residuis
1471 2081 1632 2113 effectibus
1663 2081 1728 2112 sive
1760 2081 1983 2122 passionibus,
2015 2088 2092 2122 puta
2116 2081 2155 2112 de
2179 2081 2331 2122 ecnephia
2354 2088 2385 2112 et

1305 2128 1461 2170 typhone,
1485 2126 1671 2158 incensione
1694 2133 1725 2157 et
1749 2126 1889 2167 fulgure,
1914 2126 2092 2157 secundum
2116 2126 2254 2156 modum
2277 2125 2384 2157 subin-

1307 2173 1441 2204 ductum
1465 2171 1565 2212 prius,
1590 2171 1776 2212 accipiendo
1796 2170 1913 2202 scilicet
1929 2169 2020 2212 (pro)
2038 2170 2206 2211 principio,
2223 2170 2383 2211 duplicem

1307 2217 1540 2248 exhalationem
1553 2215 1619 2247 fieri
1631 2226 1668 2246 ex
1680 2223 1772 2254 terra,
1782 2226 1880 2246 unam
1893 2215 2061 2246 humidam
2074 2222 2103 2246 et
2114 2215 2245 2246 alteram
2257 2215 2385 2254 siccam,

1306 2269 1337 2293 et
1360 2261 1442 2292 hanc
1473 2271 1540 2292 esse
1565 2260 1759 2301 principium
1789 2261 1954 2301 ipsorum,
1986 2266 2017 2290 et
2039 2259 2231 2301 inquirendo
2256 2270 2385 2291 causam

1306 2306 1504 2337 materialem
1527 2311 1558 2336 et
1584 2305 1670 2336 unde
1693 2305 1888 2346 principium
1912 2311 2022 2335 motus
2046 2311 2077 2335 et
2099 2305 2236 2335 modum
2259 2314 2386 2345 genera-

1307 2350 1403 2382 tionis
1427 2350 1574 2391 ipsorum
1598 2347 1688 2392 (ibid.
1713 2349 1768 2381 fol.
1790 2349 1829 2380 58
1850 2348 1962 2392 recto).

1373 2439 1425 2470 Ad
1449 2439 1641 2470 evidentiam
1665 2446 1773 2470 autem
1791 2438 1947 2469 maiorem
1971 2448 2085 2469 eorum
2109 2448 2191 2479 quae
2215 2437 2292 2469 dixit
2314 2438 2384 2469 Ari-

1308 2485 1436 2516 stoteles
1461 2484 1500 2514 de
1525 2483 1686 2515 coloribus
1709 2483 1812 2521 iridis,
1837 2490 1965 2524 oportet
1989 2483 2187 2514 considerare
2210 2483 2381 2524 quaedam.

1307 2529 1416 2560 Primo
1441 2528 1584 2570 quidem,
1602 2535 1711 2559 utrum
1736 2528 1860 2559 colores
1883 2527 1969 2558 iridis
1985 2528 2046 2558 sint
2066 2528 2188 2558 colores
2206 2528 2384 2558 secundum

1307 2574 1484 2612 veritatem,
1501 2580 1556 2604 aut
1579 2573 1758 2604 secundum
1777 2572 1995 2613 apparentiam
2013 2579 2150 2603 tantum.
2175 2572 2334 2610 Secundo,
2351 2572 2384 2603 in

1307 2629 1374 2660 quo
1399 2618 1462 2649 sint
1484 2618 1608 2648 colores
1631 2617 1719 2648 iridis
1743 2617 1824 2648 sicut
1847 2617 1880 2647 in
1904 2617 2058 2648 subiecto.
2083 2617 2206 2655 Tertio,
2223 2624 2332 2648 utrum
2351 2617 2385 2647 id

1307 2663 1398 2705 quod
1421 2663 1602 2694 continetur
1625 2662 1706 2693 inter
1729 2662 1890 2693 minorem
1914 2661 2123 2702 peripheriam
2148 2661 2234 2692 iridis
2248 2669 2278 2692 et
2293 2672 2385 2692 axem

1308 2706 1394 2751 (pag.
1413 2719 1431 2738 c
1456 2707 1718 2745 continuationis,
1734 2706 1766 2738 in
1784 2713 1860 2738 nota
1884 2706 2061 2746 marginali,
2078 2706 2298 2748 typographus
2315 2717 2384 2737 cor—

1308 2753 1395 2798 rupit
1410 2763 1505 2784 axem
1522 2751 1556 2783 in
1572 2750 1724 2794 examen)
1742 2751 1822 2790 eius,
1835 2751 1875 2782 sit
1891 2751 2071 2782 coloratum
2087 2758 2142 2782 aut
2158 2761 2234 2782 non.
2249 2751 2383 2789 Quarto,

1309 2805 1419 2829 utrum
1442 2797 1475 2828 id
1498 2797 1588 2838 quod
1618 2797 1780 2828 interiacet
1810 2796 1934 2826 duabus
1963 2795 2111 2833 iridibus,
2143 2795 2182 2827 sit
2206 2796 2385 2827 coloratum

1308 2849 1364 2874 aut
1396 2853 1474 2873 non.
1506 2841 1648 2880 Quinto,
1674 2849 1783 2872 utrum
1806 2840 1958 2881 possibile
1989 2840 2028 2871 sit
2059 2839 2231 2881 aliquando
2261 2841 2385 2871 tertiam

1308 2897 1459 2928 apparere
1482 2886 1607 2924 iridem,
1633 2893 1663 2917 et
1678 2893 1809 2927 propter
1828 2896 1927 2926 quam
1943 2895 2081 2916 causam.
2106 2885 2212 2923 Sexto,
2237 2885 2276 2915 de
2291 2895 2385 2915 causa

1309 2932 1477 2963 cuiusdam
1499 2931 1587 2962 iridis
1611 2941 1693 2972 quae
1717 2937 1858 2972 apparet,
1883 2930 1945 2960 alio
1961 2930 2063 2960 modo
2084 2939 2116 2960 se
2139 2929 2274 2960 habente
2297 2930 2383 2959 nube

1309 2977 1349 3007 ad
1365 2977 1469 3007 solem
1488 2986 1587 3017 quam
1603 2976 1790 3007 Aristoteles
1815 2975 1902 3012 dixit,
1927 2974 2007 3005 sicut
2029 2974 2194 3004 videbitur.
2212 2991 2230 2996 -
2247 2973 2297 3003 Ad
2317 2973 2383 3004 evi-

1309 3021 1451 3052 dentiam
1475 3021 1580 3061 primi,
1605 3020 1680 3061 quia
1706 3020 1828 3051 colores
1848 3019 1934 3049 iridis
1955 3025 2123 3049 causantur
2143 3028 2179 3048 ex
2198 3018 2383 3049 refractione

1308 3066 1440 3097 luminis
1464 3076 1482 3095 a
1507 3065 1695 3106 corporibus
1725 3064 1957 3105 specularibus,
1990 3063 2095 3103 primo
2129 3063 2303 3093 videndum
2337 3070 2384 3093 est

1309 3118 1419 3142 utrum
1442 3111 1553 3141 lumen
1578 3110 1610 3140 in
1635 3110 1743 3140 medio
1768 3109 1807 3139 sit
1829 3108 1919 3138 realis
1939 3107 2073 3147 qualitas
2090 3107 2140 3137 vel
2164 3117 2239 3138 non.
2265 3107 2383 3138 Secun-

1309 3156 1371 3194 do,
1397 3163 1506 3186 utrum
1530 3155 1640 3185 lumen
1672 3154 1842 3184 refractum
1870 3153 1901 3182 in
1931 3162 2064 3192 corpore
2095 3151 2250 3192 speculari
2275 3162 2293 3182 a
2317 3162 2383 3193 quo

1309 3200 1516 3240 refrangitur,
1545 3199 1638 3229 faciat
1661 3197 1878 3238 apparentiam
1908 3196 2041 3227 alicuius
2072 3196 2189 3227 coloris
2223 3207 2290 3227 non
2321 3197 2384 3227 exi-

1309 3245 1418 3275 stentis
1443 3244 1531 3284 prius
1555 3243 1733 3274 secundum
1757 3242 1846 3282 quod
1876 3241 2081 3280 huiusmodi,
2113 3248 2168 3272 aut
2192 3241 2321 3281 recipiat
2345 3242 2383 3271 ab

1309 3300 1348 3320 eo
1372 3289 1422 3319 vel
1445 3299 1512 3319 non
1538 3287 1626 3330 (ibid.
1645 3287 1703 3318 fol.
1720 3287 1759 3317 65
1787 3284 1904 3328 verso).

1377 3334 1423 3363 Ex
1440 3343 1578 3363 »maome
1592 3332 1672 3362 VAT.
1691 3341 1787 3372 2072.
1801 3348 1819 3353 —
1836 3332 1944 3361 Motus
1962 3337 2070 3361 autem
2086 3330 2234 3370 pepansis
2251 3337 2298 3360 est
2314 3330 2382 3360 iste.

1307 3379 1391 3409 Nam
1407 3378 1512 3418 primo
1530 3377 1615 3407 calor
1631 3376 1694 3416 agit
1710 3375 1742 3406 in
1759 3376 1931 3406 humidum
1951 3385 2090 3411 aereum,
2108 3375 2253 3405 faciendo
2277 3375 2385 3415 ipsum

1309 3432 1489 3462 evaporare,
1514 3421 1675 3461 reliquum
1691 3421 1913 3460 ingrossando,
1934 3427 1965 3451 et
1981 3420 2196 3450 convertendo
2220 3420 2253 3449 in
2269 3419 2385 3450 humo-

1307 3478 1375 3498 rem
1409 3473 1588 3506 aquosum:
1622 3465 1737 3496 ultimo
1770 3472 1877 3496 autern
1907 3464 1981 3495 facit
2012 3475 2181 3505 evaporare
2213 3464 2385 3495 humidum

1308 3522 1470 3552 aquosum
1494 3510 1608 3541 subtile
1630 3511 1719 3551 quod
1744 3520 1810 3540 non
1835 3517 1881 3540 est
1900 3517 2012 3550 aptum
2032 3510 2071 3539 ad
2089 3509 2330 3540 conversionem
2351 3509 2384 3538 in

1309 3554 1481 3599 (semen?),
1502 3555 1662 3596 reliquum
1680 3562 1710 3585 et
1725 3555 1892 3595 ingrossat,
1912 3562 1942 3585 et
1957 3554 2079 3594 digerit,
2098 3562 2128 3585 et
2151 3554 2300 3584 terminat
2316 3563 2384 3594 per-

1309 3601 1473 3631 miscendo
1498 3610 1574 3631 cum
1597 3600 1680 3631 sicco
1704 3607 1820 3636 terreo,
1845 3607 1875 3630 et
1891 3607 1967 3630 tunc
1984 3599 2138 3630 convertit
2152 3599 2186 3629 in
2206 3609 2324 3629 semen.
2345 3598 2385 3627 Et

1309 3645 1361 3675 ille
1387 3646 1466 3675 ordo
1491 3651 1621 3685 apparet
1644 3644 1677 3675 in
1701 3644 1891 3675 animalibus
1917 3640 1948 3675 et
1970 3644 2102 3685 plantis:
2128 3654 2202 3674 nam
2226 3643 2258 3673 in
2283 3642 2385 3683 prima

1309 3690 1485 3730 digestione
1498 3690 1531 3720 in
1544 3689 1734 3720 animalibus
1751 3696 1936 3730 separantur
1951 3689 2063 3727 faeces,
2080 3688 2112 3718 in
2129 3688 2266 3718 secunda
2283 3687 2383 3724 urina,
