2690 4062
64 510 75 521 ⁸
99 509 201 536 ipsorum
227 513 274 528 om.

65 541 105 557 ca.

64 1034 72 1042 ·
87 1033 237 1080 bpassionem
261 1038 274 1052 c

63 1065 78 1080 α
102 1075 107 1080 .

62 1382 70 1390 ·
85 1380 154 1401 Num.
170 1386 198 1408 ¹3·

50 1559 69 1585 ᾖ
86 1557 156 1579 Num.
172 1563 200 1578 12.

60 1911 70 1922 ⁸
85 1911 155 1932 Num.
170 1917 218 1938 seq.

61 1961 69 1969 ·
84 1959 155 1981 Num.
170 1966 195 1981 ιι.

59 2223 119 2269 *best
130 2227 150 2244 et
161 2230 204 2245 sua
219 2230 265 2246 om.

59 2255 72 2270 P
88 2264 94 2270 .

60 2406 69 2413 ²
85 2405 110 2426 B.
124 2405 191 2430 Alb.;
205 2406 265 2433 sae-

61 2431 166 2453 culentae
179 2433 244 2454 pcab.

58 2621 68 2630 ‘
85 2620 174 2642 humidi
187 2626 224 2643 ca.

300 256 371 281 XXX

302 321 415 365 gidum
435 329 511 353 sunt
527 321 640 359 activa,
660 317 834 351 humidum
851 325 883 349 et
906 316 1028 348 siccum
1053 321 1130 346 sunt
1149 307 1291 362 passiva:
1313 310 1358 341 sic

303 366 453 405 dicuntur,
478 364 562 397 idest
585 364 631 396 sic
655 361 903 405 consignificant
927 370 1042 392 eorum
1065 367 1199 389 nomina
1207 367 1215 395 ;
1240 363 1272 387 et
1295 353 1358 386 hoc

303 410 475 453 praecipue
499 407 680 441 secundum
705 406 868 444 Graecos,
893 404 947 447 qui
971 402 1053 435 forte
1081 398 1359 450 habenthomina

301 453 442 486 verbalia
462 453 605 485 actiones
621 460 653 484 et
669 451 837 494 passiones
854 445 1142 490 consignificanna.
1159 441 1288 476 Deinde
1305 441 1359 491 de-

304 497 401 530 clarat
416 497 479 530 hoc
496 496 582 530 idem
599 507 656 539 per
672 494 877 528 definitiones
894 492 1041 535 ipsorum
1057 491 1082 521 *.
1100 487 1254 537 Calidum
1270 496 1359 518 enim

303 550 351 574 est
375 541 464 585 quod
489 548 665 583 congregat
687 539 893 580 homogenea
917 534 997 574 sibi,
1027 533 1103 583 quia
1126 530 1244 582 subule
1269 528 1359 573 quod

303 585 408 619 calido
432 593 481 618 est
497 584 704 622 conveniens,
724 580 853 614 attrahit
859 592 869 620 ;
893 579 968 611 licet
984 589 1072 610 emm
1092 575 1234 615 calidum
1249 585 1358 617 segre-

303 638 367 673 get,
384 630 468 662 sicut
492 629 604 662 dicunt
628 626 759 671 quidam
791 626 900 667 ignem
925 622 1045 661 facere,
1071 630 1181 653 tamen
1206 617 1285 651 illud
1310 629 1359 650 se-

302 685 435 717 gregare
453 682 500 706 est
517 682 722 715 congregare,
739 670 814 713 quia
834 664 1064 710 congregando
1085 664 1292 713 homogenea
1308 673 1358 694 se-

303 726 415 760 gregat
437 717 653 759 heterogenea
679 725 737 757 per
760 712 918 745 accidens.
943 709 1047 750 Quod
1071 718 1180 741 autem
1204 706 1359 756 frig1du·m

303 762 344 794 sit
367 762 508 794 activum
533 768 620 803 patet
643 759 740 791 etiam
764 767 822 800 per
845 755 919 795 hoc,
936 755 1012 798 quia
1037 760 1213 796 congregat
1238 761 1359 800 omma,

303 815 368 838 tarn
393 817 474 849 quae
499 812 575 836 sunt
593 802 740 835 eiusdem
763 809 895 833 naturae
920 810 1017 843 quam
1036 797 1090 830 illa
1114 807 1197 841 quae
1214 804 1291 828 sunt
1310 794 1359 845 di-

302 860 428 882 versae:
454 846 627 892 aliquando
651 846 739 878 enim
763 856 856 888 aqua,
880 852 974 883 terra,
998 841 1090 886 palea
1110 850 1142 874 et
1157 838 1359 878 huiusmodi,

302 905 359 937 per
383 892 643 935 coagulationem
666 889 783 922 factam
807 900 825 921 a
848 887 966 931 frigido
991 893 1239 935 congregantur.

346 947 375 979 7.
394 935 546 969 Secundo
563 934 622 967 ibi:
643 933 816 967 Humidum
832 938 932 965 autem
948 939 1020 970 etc.,
1037 929 1180 963 ostendit
1197 927 1287 973 quod
1302 926 1360 960 hu-

301 980 426 1013 midum
450 989 481 1013 et
504 980 627 1012 siccum
651 986 727 1010 sunt
750 977 889 1021 passiva,
913 987 971 1020 per
995 974 1200 1008 definitiones
1226 982 1357 1022 eorum:

301 1024 498 1057 definiuntur
521 1024 607 1056 enim
624 1034 682 1066 per
702 1022 870 1065 passiones
886 1020 902 1037 *
918 1031 1044 1053 eorum.
1062 1016 1247 1051 Humidum
1271 1027 1359 1066 enim

301 1078 347 1101 est
380 1068 664 1101 indeterminatum
695 1066 830 1110 proprio
860 1065 1019 1103 termino,
1043 1063 1125 1096 bene
1141 1059 1358 1112 'terminabile

300 1113 438 1145 termino
455 1111 571 1151 alieno;
585 1111 708 1144 siccum
725 1119 834 1143 autem
850 1109 1042 1142 terminatur
1055 1116 1195 1140 termino
1212 1115 1358 1149 proprio,

299 1156 470 1190 difficulter
493 1164 602 1189 autem
626 1164 675 1188 est
697 1153 900 1187 terminabile
924 1153 1064 1186 termino
1088 1150 1205 1184 alieno.

343 1201 372 1233 8.
389 1199 516 1234 Deinde
541 1211 616 1232 cum
640 1199 733 1232 dicit:
759 1198 871 1231 Subtile
890 1203 990 1230 autem
1014 1205 1086 1236 etc.,
1101 1193 1245 1228 ostendit
1269 1192 1359 1237 quod

298 1245 477 1289 praedictae
501 1253 642 1288 quatuor
665 1242 834 1288 qualitates
866 1250 943 1274 sunt
966 1241 1109 1285 primae,
1136 1240 1212 1284 quia
1236 1237 1276 1271 ad
1304 1248 1358 1270 eas

299 1300 412 1322 omnes
443 1288 523 1321 aliae
553 1287 770 1321 reducuntur:
796 1295 828 1319 et
859 1285 923 1318 hoc
954 1286 1062 1329 primo
1094 1284 1186 1324 facit;
1211 1281 1357 1315 secundo

298 1332 439 1366 ostendit
466 1332 556 1377 quod
586 1331 659 1365 illae
682 1343 750 1364 non
781 1330 983 1364 reducuntur
1010 1330 1050 1362 ad
1079 1328 1176 1368 alias,
1200 1327 1262 1360 ibi:
1286 1327 1359 1360 Hae

298 1384 396 1411 autem
419 1389 479 1411 non
502 1387 553 1410 am
575 1377 632 1410 lius
650 1375 666 1393 *
690 1384 749 1409 etc.
769 1375 864 1409 Circa
880 1375 1024 1418 primum
1048 1373 1115 1406 duo
1139 1372 1231 1405 facit:
1249 1371 1358 1415 primo

298 1421 440 1455 ostendit
464 1433 530 1466 quo
577 1422 656 1454 istae
680 1429 758 1453 sunt
772 1420 915 1464 primae3
939 1417 1085 1451 secundo
1110 1416 1282 1460 distinguit
1297 1416 1358 1449 sic-

298 1478 372 1499 cum
397 1475 428 1499 et
451 1465 636 1506 humidum,
653 1466 728 1509 quia
752 1475 820 1497 non
844 1475 943 1496 omne
975 1461 1150 1495 humidum
1173 1473 1234 1494 nec
1258 1461 1357 1494 etiam

297 1511 419 1543 siccum
444 1519 492 1543 est
515 1510 619 1554 prima
644 1508 791 1553 qualitas,
815 1507 875 1541 ibi:
900 1508 1056 1541 Dicuntur
1078 1512 1178 1540 autem
1200 1506 1309 1539 siccum
1333 1511 1359 1538 et

296 1555 452 1588 humidum
474 1554 490 1571 *
513 1563 572 1587 etc.
592 1554 686 1587 Circa
702 1554 845 1597 primum
870 1551 937 1585 duo
953 1551 1046 1585 facit:
1071 1551 1179 1595 primo
1202 1550 1359 1595 proponit

297 1598 385 1643 quod
402 1609 516 1631 omnes
533 1598 612 1631 aliae
651 1597 799 1631 ualitates
815 1605 892 1630 sunt
907 1608 947 1629 ex
969 1595 1031 1636 his,
1048 1595 1160 1629 dicens
1177 1594 1267 1639 quod
1284 1593 1358 1627 sub-

295 1643 349 1677 tile
365 1652 397 1676 et
412 1654 574 1686 grossum,
587 1651 619 1675 et
629 1610 800 1675 clubricum
817 1651 849 1675 et
868 1640 1006 1681 aridum,
1019 1649 1052 1674 et
1064 1639 1183 1674 durum
1201 1649 1233 1673 et
1247 1639 1359 1680 molle,

296 1697 327 1721 et
351 1699 465 1721 omnes
489 1686 568 1720 aliae
600 1686 798 1720 differentiae
825 1684 1030 1720 sensibilium
1054 1684 1248 1729 qualitatum
1280 1693 1357 1717 sunt

296 1744 335 1766 ex
357 1731 417 1764 his.
1172 1740 1174 1742 ’

339 1787 369 1819 9.
388 1775 540 1809 Secundo
564 1775 623 1808 ibi:
651 1775 806 1818 Quoniam
837 1775 915 1808 enim
943 1773 1118 1819 repletivum
1141 1782 1218 1814 etc.,
1242 1772 1359 1818 probat

295 1821 512 1864 propositum.
534 1820 574 1853 Et
597 1820 679 1853 circa
704 1820 768 1852 hoc
791 1820 851 1852 tria
881 1818 973 1851 facit:
1000 1818 1076 1863 quia
1100 1818 1207 1862 primo
1231 1817 1359 1851 reducit

295 1864 335 1898 ad
359 1866 434 1897 istas
474 1873 592 1897 uatuor
611 1864 694 1897 hanc
712 1864 982 1906 contrarietatem,
999 1862 1117 1896 subtile
1138 1871 1170 1896 et
1185 1873 1357 1906 grossum3

295 1909 440 1942 secundo
470 1909 619 1942 ubricum
635 1918 667 1942 et
682 1908 820 1949 aridum,
834 1907 891 1941 ibi:
908 1909 948 1942 Et
964 1918 1071 1942 rursus
1088 1906 1238 1941 lubricum
1249 1907 1265 1924 ’⁸¹
1281 1915 1358 1948 etc.;

295 1954 391 1986 tertio
415 1952 514 1986 molle
538 1962 570 1986 et
594 1952 723 1994 durum,
740 1953 801 1986 ibi:
825 1953 969 1997 Amplius
989 1952 1078 1986 molle
1097 1952 1216 1996 quidem
1231 1951 1247 1968 *
1264 1960 1325 1985 etc.
1340 1971 1359 1976 -

294 1998 382 2031 Dicit
399 2009 476 2041 ergo
498 1998 607 2049 primo
624 1997 714 2042 quod
729 1997 846 2031 subtile
872 2006 921 2031 est
944 2009 983 2031 ex
1007 1995 1155 2030 humido.
1181 1995 1286 2036 Quod
1303 2008 1360 2040 pa-

295 2050 339 2075 tet
355 2053 394 2075 ex
410 2041 597 2075 definitione
614 2041 758 2075 humidi:
783 2042 859 2086 quia
879 2041 1065 2081 humidum,
1082 2052 1122 2074 eo
1146 2051 1156 2067 ε
1177 2040 1268 2086 quod
1291 2052 1360 2074 non

295 2086 376 2120 bene
412 2087 602 2119 terminatur
632 2087 772 2120 termino
803 2087 938 2130 proprio
963 2086 1020 2120 sed
1049 2085 1131 2119 bene
1166 2086 1360 2119 terminatur

293 2131 433 2164 termino
457 2130 585 2172 alieno,
609 2140 658 2164 est
684 2131 901 2175 repletivum,
925 2131 1002 2176 quia
1031 2131 1179 2182 sequitur
1214 2129 1360 2174 undique

293 2183 428 2219 tangens
453 2175 579 2219 ipsum,
604 2187 643 2209 eo
668 2175 757 2220 quod
781 2175 854 2208 fluit
884 2187 989 2220 usque
1013 2174 1053 2208 ad
1077 2186 1188 2219 ipsum
1211 2183 1359 2218 tangens.

294 2219 418 2253 Subtile
442 2229 552 2253 autem
568 2229 617 2253 est
636 2219 652 2236 *
675 2220 879 2264 repletivum,
896 2231 937 2253 eo
961 2219 1052 2264 quod
1072 2220 1081 2252 i
1107 2231 1182 2252 sum
1201 2230 1260 2252 sua
1284 2218 1361 2252 sub-

293 2263 405 2297 tilitate
434 2263 603 2308 quodlibet
630 2265 805 2298 minimum
830 2264 998 2298 subintrat.
1019 2264 1075 2298 Un
1100 2276 1117 2297 e
1148 2263 1360 2297 manifestum

293 2317 342 2341 est
354 2307 444 2353 quod
459 2308 575 2342 subtile
593 2318 640 2342 est
657 2308 790 2342 effectus
804 2308 941 2342 humidi.
956 2309 1019 2342 Per
1035 2309 1229 2353 oppositum
1247 2317 1359 2342 autem

293 2364 444 2396 grossum
461 2354 520 2386 erit
543 2352 677 2386 effectus
693 2354 788 2394 sicci;
812 2365 965 2397 grossum
981 2362 1091 2386 autem
1109 2362 1158 2386 est
1173 2353 1266 2386 cuius
1283 2364 1355 2397 par-

293 2406 341 2430 tes
364 2396 497 2430 faciliter
519 2397 534 2414 *
557 2409 625 2431 non
657 2397 763 2431 disiun
812 2407 904 2439 ntur,
927 2407 958 2431 et
990 2397 1116 2432 excedit
1145 2398 1358 2442 capacitatem

294 2441 363 2474 eius
410 2441 476 2475 uod
499 2450 613 2475 natum
637 2451 685 2475 est
708 2453 764 2487 rep
779 2443 834 2476 eri.

339 2485 380 2519 Se
418 2485 546 2519 videtur
561 2486 651 2531 quod
663 2486 742 2520 haec
758 2487 840 2520 ratio
854 2486 1050 2531 Philosophi
1067 2498 1135 2519 non
1151 2485 1268 2526 valeat,
1281 2497 1357 2519 cum

294 2530 335 2562 sit
359 2542 398 2563 ex
421 2530 545 2564 duabus
569 2530 767 2564 affirmativis
791 2532 826 2565 in
849 2531 992 2565 secunda
1015 2530 1129 2575 figura.
1146 2531 1237 2564 Dicit
1253 2531 1356 2564 enim:

295 2574 468 2608 humidum
499 2584 547 2608 est
570 2587 602 2608 re
628 2575 763 2609 letivum
777 2602 785 2616 ,
809 2575 926 2609 subtile
959 2584 1007 2609 est
1037 2575 1251 2620 repletivum,
1275 2586 1356 2619 ergo

295 2617 411 2652 subtile
430 2629 478 2653 est
501 2618 593 2653 humi
618 2631 675 2653 um
690 2622 716 2653 *.
732 2640 750 2646 -
766 2620 830 2654 Sed
854 2630 902 2654 est
918 2619 1105 2660 dicendum,
1122 2619 1213 2664 quod
1229 2631 1307 2653 cum
1322 2620 1357 2652 in

296 2663 442 2708 quolibet
464 2675 581 2708 genere
605 2664 646 2697 sit
663 2663 814 2699 devenire
837 2664 878 2698 ad
902 2676 1007 2698 unum
1028 2665 1174 2709 primurn
1198 2663 1289 2709 quod
1306 2672 1356 2698 est

295 2719 392 2741 causa
415 2709 632 2753 sequentium,
652 2718 688 2742 ut
713 2709 829 2743 dicitur
850 2710 881 2743 II
899 2709 1082 2754 Metapbys„
1111 2717 1243 2753 oportet
1265 2708 1357 2753 quod

295 2752 329 2784 in
352 2764 470 2796 genere
493 2752 726 2797 repletivorum
750 2755 792 2787 sit
815 2765 919 2787 unum
952 2755 1096 2798 primum
1125 2752 1216 2798 quod
1239 2764 1298 2798 per
1321 2764 1356 2786 se

296 2797 336 2829 sit
351 2797 556 2841 repletivum,
572 2806 605 2831 et
620 2809 637 2831 a
655 2810 722 2843 quo
739 2798 800 2832 alia
815 2798 972 2843 replentia
988 2798 1102 2842 partici
1129 2806 1201 2838 ant;
1221 2797 1284 2831 tale
1300 2809 1356 2831 au-

296 2850 362 2874 tern
393 2851 441 2874 est
470 2842 614 2886 primum
638 2842 827 2884 humidum,
853 2842 942 2887 quod
966 2854 1064 2887 supra
1117 2841 1267 2876 efinitum
1295 2851 1354 2876 est.

296 2884 392 2919 Unde
416 2885 491 2919 licet
512 2887 594 2919 ratio
625 2886 819 2931 Philosophi
842 2899 911 2921 non
942 2895 1050 2920 teneat
1072 2887 1198 2920 ratione
1227 2886 1356 2920 ordina—

295 2930 392 2962 tionis
416 2931 631 2964 terminorum
654 2933 688 2965 in
711 2931 832 2976 figura,
855 2931 941 2965 valet
968 2940 1078 2965 tamen
1101 2943 1140 2964 ex
1164 2930 1355 2965 habitudine

297 2985 410 3007 causae
435 2983 467 3007 et
490 2974 633 3009 effectus.

344 3028 392 3051 10.
410 3018 536 3052 Deinde
561 3031 636 3053 cum
660 3019 753 3054 dicit:
777 3020 817 3053 Et
839 3031 946 3055 rursus
970 3019 1119 3054 lubricum
1139 3028 1212 3061 etc.,
1231 3019 1357 3053 reducit

298 3061 391 3095 aliam
409 3064 668 3098 contrarietatem
685 3063 725 3098 ad
741 3064 920 3108 praedictas
938 3073 1079 3109 quatuor
1095 3064 1278 3109 qualitates,
1295 3065 1356 3097 sci-

298 3105 371 3139 licet
393 3106 554 3140 lubricum
570 3117 602 3142 et
618 3108 755 3149 aridum,
772 3108 882 3142 dicens
899 3108 987 3153 quod
1011 3108 1174 3142 lubricum
1190 3108 1357 3142 reducitur

299 3149 338 3183 ad
354 3150 536 3192 humidum,
550 3153 626 3196 quia
641 3152 802 3186 lubricum
815 3162 864 3186 est
879 3152 1055 3187 humidum
1070 3152 1193 3198 aliquid
1209 3164 1354 3198 passum.

300 3194 386 3227 Cum
411 3195 498 3228 enim
513 3195 686 3230 humidum
710 3198 831 3241 patitur
847 3198 1116 3231 commixtionem
1140 3197 1266 3231 subtilis
1290 3206 1354 3230 ter-

299 3239 344 3271 rei
364 3239 396 3278 ζ,
420 3248 452 3272 et
475 3248 523 3272 est
546 3249 756 3282 unctuosum,
773 3250 850 3274 tunc
874 3241 909 3274 fit
932 3241 1111 3276 lubricum:
1137 3242 1214 3286 quia
1237 3241 1355 3275 subtile

299 3290 438 3332 terreum
463 3283 522 3316 sibi
546 3286 759 3318 commixtum
783 3297 850 3318 non
874 3286 951 3318 sinit
982 3287 1122 3337 separari
1170 3295 1253 3320 artes
1274 3287 1356 3327 eius,

300 3335 383 3359 sicut
413 3337 544 3371 apparet
566 3329 599 3361 in
624 3329 698 3362 oleo
722 3338 753 3362 et
784 3329 853 3363 aliis
878 3339 1057 3364 unctuosis.
1081 3331 1138 3364 Ari
1164 3342 1220 3364 um
1244 3339 1355 3364 autem

791 241 862 278 DE
892 235 1279 276 GENERATIONE
1309 234 1380 270 ET
1410 230 1794 268 CORRUPTIONE
1825 230 1920 266 LIB.
1951 230 1983 265 ΙΙ

1414 317 1463 341 est
1486 307 1576 352 quod
1608 315 1657 339 est
1680 307 1820 350 perfecte
1844 306 1987 346 siccum,
2012 316 2081 338 non
2105 306 2249 339 retinens
2279 317 2341 339 nec
2368 305 2486 339 subtile

1414 362 1557 386 terreum
1581 362 1642 383 nec
1665 351 1764 383 etiam
1788 349 1966 383 humidum
1989 358 2211 382 unctuosum:
2236 359 2269 383 et
2302 349 2378 383 ideo
2402 362 2486 395 quae

1414 395 1647 439 coagulantur,
1672 394 1778 427 calido
1826 395 1911 427 rimo
1940 393 2171 426 humiditatem
2194 395 2363 438 propriam
2387 403 2487 428 extra-

1414 440 1523 480 hente,
1548 447 1663 483 postea
1686 450 1766 471 vero
1790 405 1911 482 ti’igido
1936 437 2074 471 faciente
2098 447 2206 482 partes
2236 448 2386 472 constare
2410 438 2487 479 sibi,

1414 483 1629 527 coagulantur
1644 484 1670 515 *.
1881 518 1883 520 ³

1462 539 1512 561 11.
1529 526 1659 567 Deinde
1683 537 1760 559 cum
1785 525 1880 559 dicit:
1903 526 2049 571 Amplius
2072 526 2162 560 molle
2185 536 2258 568 etc.,
2274 527 2402 561 reducit
2425 536 2487 561 ter-

1414 573 1494 606 tiam
1511 571 1786 611 contrarietatem,
1803 570 1927 603 scilicet
1942 570 2044 604 molle
2058 579 2092 604 et
2107 570 2246 612 durum,
2267 571 2380 606 dicens
2396 572 2487 617 quod

1415 616 1514 650 molle
1540 624 1589 648 est
1613 614 1748 648 effectus
1780 614 1925 648 humidi:
1951 614 2052 648 molle
2083 616 2172 648 enim
2195 625 2246 649 est
2277 615 2369 660 quod
2401 616 2488 650 cedit

1415 661 1570 704 tangenti.
1587 658 1707 703 Differt
1726 668 1837 692 tamen
1861 658 1900 692 ab
1917 659 2072 693 humido:
2097 661 2175 704 quia
2191 660 2368 694 humidum
2383 669 2487 694 trans-

1415 714 1521 738 mutat
1544 713 1681 747 tangens
1698 704 1776 748 quia
1798 703 1978 744 humectat,
1995 704 2052 737 sed
2076 703 2177 738 molle
2201 705 2399 749 inquantum
2423 705 2486 739 tale

1415 761 1483 783 non
1507 756 1703 781 transmutat
1725 757 1882 792 tangens;
1907 757 1940 782 et
1963 748 2038 782 ideo
2070 748 2171 782 molle
2195 760 2265 782 non
2295 758 2346 782 est
2375 749 2486 783 humi-

1415 794 1506 833 dum,
1526 792 1584 826 sed
1608 801 1658 825 est
1681 791 1816 826 effectus
1848 792 1987 826 humidi.
2012 794 2146 827 Dumm
2177 802 2287 827 autem
2318 793 2486 828 reducitur

1415 838 1455 871 ad
1479 839 1615 877 siccum,
1642 837 1727 870 sicut
1758 837 1893 871 effectus
1925 837 1966 871 ad
1990 849 2086 871 suam
2115 849 2257 872 causam.
2281 839 2414 872 Durum
2438 847 2489 872 est

1415 883 1504 915 enim
1521 881 1612 926 quod
1629 882 1775 925 tangenti
1798 893 1868 915 non
1885 881 1981 922 cedit,
1998 883 2075 927 quia
2099 891 2148 915 est
2165 882 2391 927 coagulatum:
2410 894 2486 916 coa-

1414 927 1564 971 gulatum
1589 934 1700 959 autem
1723 935 1773 959 est
1796 925 1932 959 effectus
1956 927 2053 967 sicci,
2076 935 2115 960 ut
2137 928 2228 972 prius
2251 927 2377 961 dictum
2400 936 2460 964 est.

1462 981 1511 1004 12.
1528 970 1657 1004 Deinde
1682 982 1759 1003 curn
1783 969 1876 1004 dicit:
1900 970 2057 1005 Dicuntur
2079 977 2180 1005 autem
2207 972 2318 1006 siccum
2339 978 2368 1006 et
2389 971 2488 1014 humi·

1414 1016 1487 1049 dum
1506 1024 1579 1055 etc.,
1596 1014 1769 1058 distinguit
1785 1013 1962 1048 humidum
1977 1023 2010 1048 et
2033 1015 2170 1057 siccum,
2187 1015 2298 1050 dicens
2318 1015 2410 1061 quod
2424 1017 2487 1050 sic-

1415 1072 1491 1093 cum
1507 1069 1539 1093 et
1562 1059 1739 1092 humidum
1755 1058 1910 1093 dicuntur
1923 1058 2038 1092 multis
2053 1059 2173 1094 modis.
2190 1060 2250 1094 Est
2273 1060 2364 1094 enim
2401 1060 2485 1095 uod-

1414 1104 1490 1138 dam
1514 1103 1691 1137 humidum
1714 1103 1806 1148 quod
1829 1102 1928 1137 habet
1941 1103 2174 1138 humiditatem
2196 1105 2232 1138 in
2255 1103 2378 1150 profim
2401 1114 2438 1147 ος
2454 1113 2489 1139 et

1414 1149 1478 1183 hoc
1501 1157 1612 1193 potest
1635 1160 1705 1181 esse
1729 1147 1920 1192 dupliciter:
1946 1148 2024 1193 quia
2053 1148 2081 1181 si
2105 1147 2203 1182 habet
2226 1160 2287 1194 pro
2311 1150 2396 1183 riam
2425 1149 2488 1183 hu-

1413 1193 1608 1234 miditatem,
1644 1192 1904 1226 uemadmodum
1920 1204 1996 1234 uva,
2009 1194 2142 1237 proprie
2158 1192 2278 1227 dicitur
2321 1192 2488 1238 umidum

1414 1239 1440 1272 si
1457 1247 1569 1271 autem
1585 1237 1626 1271 ha
1651 1247 1683 1271 et
1698 1246 1896 1278 extraneam,
1909 1238 1996 1270 sicut
2010 1238 2163 1282 spongia,
2175 1236 2295 1272 dicitur
2308 1237 2488 1274 humidum

1413 1282 1570 1316 infusum.
1588 1282 1630 1316 Et
1645 1290 1695 1316 est
1718 1281 1888 1327 quoddam
1907 1281 2095 1323 humidum,
2110 1282 2164 1316 vel
2183 1283 2279 1317 udum
2301 1281 2487 1319 secundum

1413 1327 1511 1362 aliam
1538 1326 1698 1368 litteram,
1726 1325 1818 1372 quod
1841 1325 1939 1360 habet
1969 1326 2201 1361 humiditatem
2229 1328 2264 1361 in
2293 1339 2331 1361 su
2438 1328 2487 1371 'e‚

1413 1371 1505 1417 quod
1529 1371 1784 1406 Commentator
1799 1371 1951 1404 nominat
1973 1371 2158 1406 irroratum.
2176 1372 2219 1406 Et
2235 1372 2328 1406 omni
2350 1383 2392 1406 us
2414 1372 2486 1408 istis

1413 1416 1522 1451 modis
1546 1415 1749 1450 elementum
1773 1415 1949 1449 humidum
1973 1416 2156 1461 opponitur
2175 1417 2274 1450 sicco.
2293 1415 2360 1451 Sed
2381 1416 2488 1457 scien:

1413 1460 1493 1495 dum
1518 1461 1618 1495 etiam
1641 1460 1732 1506 quod
1752 1459 1978 1505 multipliciter
1997 1460 2117 1494 dicitur
2136 1461 2276 1495 siccum.
2293 1461 2375 1495 Uno
2397 1461 2487 1506 enim

1413 1505 1516 1540 modo
1541 1504 1660 1540 dicitur
1682 1506 1819 1546 siccum,
1843 1516 1964 1550 corpus
1988 1517 2144 1549 grossum
2167 1515 2200 1539 et
2210 1505 2353 1540 ‘aridum
2374 1505 2411 1540 in
2428 1512 2488 1542 su.-

1413 1549 1562 1595 perficie:
1587 1559 1620 1584 et
1635 1549 1700 1583 hoc
1722 1550 1855 1601 proprie
1879 1551 2062 1594 opponitur
2077 1549 2217 1584 humido
2241 1550 2275 1584 in
2297 1549 2488 1595 supetfidej

1413 1595 1479 1629 alio
1503 1603 1615 1628 autem
1638 1594 1741 1628 modo
1765 1593 2045 1636 dicitursiccum,
2065 1606 2126 1628 coa
2173 1594 2279 1628 latum
2302 1593 2395 1640 quod
2415 1605 2488 1634 non

1414 1639 1512 1674 habet
1542 1638 1774 1673 humiditatem
1802 1639 1837 1672 in
1860 1638 2046 1684 profundo:
2071 1648 2106 1673 et
2152 1640 2206 1673 uic
2235 1640 2325 1674 sicco
2352 1649 2417 1684 pro
2439 1639 2488 1677 rie

1414 1684 1596 1730 opponitur
1615 1683 1792 1717 humidum
1807 1682 1966 1717 infusum.
1984 1682 2112 1718 Omnia
2127 1693 2239 1718 autem
2254 1683 2347 1725 haec,
2362 1695 2379 1718 s
2401 1683 2408 1692 ‘
2435 1692 2488 1720 cet

1413 1728 1591 1763 humidum
1613 1729 1684 1762 istis
1707 1727 1817 1762 modis
1841 1727 1984 1769 dictum,
2007 1737 2040 1762 et
2062 1729 2188 1762 siccum
2211 1727 2342 1763 aridum
2370 1737 2405 1763 et
2420 1729 2488 1763 <sio—

1414 1785 1491 1807 cum
1515 1772 1744 1817 coagulatum,
1768 1781 1846 1806 sunt
1876 1772 2013 1806 effectus
2043 1773 2143 1817 primi
2166 1772 2296 1807 humidi
2325 1773 2488 1818 ettptimi

1414 1819 1500 1852 sicci.
1517 1837 1539 1844 -
1563 1818 1614 1852 De
1639 1829 1757 1862 aspero
1781 1826 1892 1851 autem
1916 1826 1950 1851 et
1971 1817 2039 1851 leni
2061 1828 2132 1851 non
2154 1815 2232 1851 facit
2259 1816 2488 1863 Philosophus

1414 1863 1630 1903 mentionem,
1670 1863 1725 1896 uia
1747 1861 1960 1896 manifestum
1990 1870 2040 1896 est
2064 1861 2156 1907 quod
2179 1861 2221 1896 ad
2250 1860 2322 1896 illas
2345 1870 2488 1908 quatuor

1414 1907 1626 1942 reducuntur.
1676 1918 1811 1952 sperum
1834 1907 1924 1940 enim
1947 1915 1997 1940 est
2018 1905 2112 1952 ‘quod
2128 1905 2226 1940 habet
2248 1906 2430 1941 siccitatem
2451 1906 2488 1943 in

1415 1951 1598 1997 superficie,
1622 1963 1706 1997 quae
1730 1951 1803 1985 inae
1828 1950 1944 1985 naliter
1967 1960 2075 1996 partes
2106 1952 2178 1985 eius
2207 1959 2358 1985 constare
2386 1948 2487 1995 facit3

1415 1996 1488 2030 lene
1512 2005 1625 2031 autem
1648 1997 1682 2030 in
1706 2008 1788 2041 supe
1830 1996 1879 2030 cie
1903 1995 2001 2030 habet
2024 1995 2212 2037 humorem,
2228 1996 2286 2041 qui
2308 1994 2489 2041 aequalite

1415 2040 1491 2075 facit
1514 2040 1615 2075 fluere
1640 2050 1766 2093 partem
1789 2040 1831 2074 ad
1853 2050 1990 2086 partem.
2006 2041 2048 2075 Et
2071 2039 2278 2077 ideo.unum
2300 2039 2424 2075 horum
2438 2048 2489 2077 ent

1415 2085 1551 2120 effectus
1575 2087 1664 2127 sicci,
1687 2085 1812 2119 scilicet
1833 2097 1868 2119 as
1894 2096 2006 2126 erum,
2029 2094 2062 2119 et
2084 2084 2174 2120 aliud
2197 2094 2247 2120 est
2269 2083 2407 2120 effectus
2428 2083 2490 2120 hun

1415 2130 1508 2172 midi,
1522 2130 1647 2164 scilicet
1669 2129 1754 2164 lene.
1773 2130 1868 2164 Cone
1883 2129 1955 2164 udit
1977 2130 2078 2174 igitur
2093 2141 2134 2164 ex
2152 2129 2337 2175 praedictis,
2352 2129 2488 2166 maise-

1415 2184 1505 2210 stum
1529 2187 1600 2209 esse
1616 2175 1708 2227 quod
1732 2186 1849 2209 omnes
1865 2173 1946 2208 aliae
1964 2173 2165 2217 differentiae
2181 2173 2490 2221 tangibiliumqu&

1415 2219 1544 2255 litatum
1568 2219 1609 2254 ad
1634 2219 1704 2254 illas
1729 2228 1872 2265 quatuor
1894 2219 2108 2254 reducuntur.

1464 2275 1514 2308 13.
1531 2263 1662 2299 Deinde
1675 2276 1752 2298 curn
1769 2263 1865 2298 dicit:
1881 2264 1953 2298 Hae
1962 2270 2064 2305 autem
2075 2275 2136 2298 non
2148 2263 2281 2310 amplius
2292 2272 2367 2307 etc.,
2379 2271 2488 2298 osma-s

1415 2309 1462 2343 dit
1479 2309 1571 2355 quod
1587 2309 1660 2343 illae
1676 2320 1746 2342 non
1764 2308 1968 2343 reducuntur
1983 2308 2025 2343 ad
2040 2308 2130 2350 alias,
2140 2320 2203 2342 nec
2218 2308 2254 2342 in
2269 2308 2443 2354 pauciores
2454 2306 2476 2337 -*

1414 2365 1475 2388 nec
1491 2353 1532 2388 ad
1551 2366 1586 2388 se
1603 2354 1757 2394 invicem,
1774 2354 1852 2398 quia
1867 2353 2011 2389 calidum
2026 2365 2097 2387 non
2112 2362 2162 2388 est
2180 2353 2318 2395 siccum,
2334 2353 2380 2388 ita
2394 2334 2487 2399 quod

1414 2398 1560 2433 caliditas
1583 2399 1626 2432 sit
1649 2399 1777 2432 siccitas
1791 2400 1809 2419 *
1856 2397 1994 2432 uaedam
2017 2397 2071 2432 vel
2086 2397 2223 2432 effectus
2247 2398 2329 2432 eius.
2344 2397 2419 2433 Nec
2431 2394 2487 2432 fri—

1412 2442 1531 2486 giditas
1555 2452 1605 2477 est
1628 2442 1773 2476 caliditas
1796 2410 1853 2476 ve‘i
1873 2443 2001 2476 siccitas
2020 2441 2073 2476 vel
2101 2441 2281 2477 humiditas
2305 2441 2486 2487 quaedam

1412 2499 1473 2521 nec
1497 2487 1676 2521 humiditas
1700 2495 1750 2520 est
1780 2486 1926 2521 caliditas
1953 2486 2006 2521 vel
2037 2485 2215 2532 frigiditas;
2236 2498 2298 2521 nec
2325 2485 2486 2539 frigiditas

1413 2541 1463 2565 est
1477 2531 1493 2550 *
1508 2533 1647 2566 siccitas.
1663 2531 1736 2566 Nec
1760 2531 1903 2566 calidum
1919 2540 1969 2565 est
1979 2530 2135 2575 frigidum
2150 2531 2203 2565 vel
2219 2543 2237 2565 e
2254 2542 2428 2573 converso,
2442 2542 2486 2566 si-
2513 2540 2523 2550 ·

1413 2584 1469 2610 cut
1491 2576 1552 2611 sub
1577 2587 1692 2617 causa;
1713 2587 1775 2610 nec
1798 2576 1897 2610 etiam
1920 2574 2080 2620 frigiditas
2097 2584 2130 2610 et
2153 2575 2298 2610 caliditas
2322 2584 2402 2610 sunt
2422 2574 2486 2611 sub
2533 2597 2536 2600 Δ

1412 2620 1552 2655 humido
1575 2630 1609 2654 et
1632 2621 1721 2654 sicco
1744 2619 1797 2654 vel
1820 2632 1839 2655 e
1863 2632 2036 2654 converso.
2055 2620 2201 2655 Necesse
2230 2629 2280 2654 est
2301 2620 2404 2665 igitur
2421 2619 2487 2656 has

1412 2674 1555 2711 quatuor
1602 2664 1750 2699 ualitates
1775 2676 1846 2699 esse
1870 2666 2003 2710 primas.

1457 2709 1523 2744 Sed
1545 2677 1676 2744 videtur
1699 2709 1764 2743 hoc
1786 2721 1856 2743 non
1879 2721 1952 2743 esse
1981 2721 2118 2743 verum:
2143 2710 2221 2755 quia
2243 2710 2278 2744 in
2301 2709 2318 2745 1
2339 2708 2486 2746 Mamm-

1412 2766 1482 2789 rum
1505 2754 1635 2795 dicitur,
1655 2754 1747 2800 quod
1765 2753 1877 2788 stellae
1902 2765 1960 2799 per
1982 2763 2115 2788 motum
2131 2766 2231 2788 suum
2254 2763 2288 2788 et
2310 2765 2370 2800 per
2391 2753 2487 2792 refler-

1410 2799 1544 2834 xionem
1568 2798 1736 2833 radiorum
1761 2807 1897 2833 causant
1920 2798 2064 2833 calorem
2088 2799 2122 2833 in
2152 2799 2224 2833 istis
2246 2797 2485 2840 inferioribus..

1411 2853 1444 2878 et
1467 2844 1609 2879 maxime
1633 2843 1684 2878 sol
1692 2856 1701 2885 ;
1726 2852 1759 2877 et
1783 2844 1826 2878 ita
1850 2843 1980 2878 videtur
2003 2843 2094 2889 quod
2117 2854 2187 2878 non
2211 2854 2311 2878 omne
2340 2841 2485 2879 calidum

1411 2890 1453 2923 sit
1476 2888 1612 2922 effectus
1636 2889 1734 2933 primi
1759 2887 1872 2929 calidi,
1897 2899 1973 2922 cum
1997 2889 2008 2922 i
2033 2899 2088 2922 sae
2111 2887 2223 2922 stellae
2247 2899 2317 2922 non
2339 2887 2407 2923 sint
2429 2898 2486 2922 ca-

1410 2933 1506 2974 lidae,
1520 2945 1581 2967 nec
1597 2945 1656 2978 per
1678 2932 1759 2967 tales
1783 2932 1956 2978 qualitates
1980 2944 1998 2966 e
2024 2941 2116 2967 ectae
2139 2931 2262 2967 calidae
2277 2934 2304 2967 *.
2322 2931 2486 2968 Saturnus¹
2511 2939 2524 2952 ⁶

1411 2979 1509 3012 etiam
1526 2977 1645 3012 dicitur
1661 2989 1794 3012 causare
1810 2976 2022 3022 frigiditatem
2034 2977 2070 3011 in
2086 2989 2177 3012 aere:
2195 2986 2228 3011 et
2241 2977 2286 3011 ita
2296 2988 2368 3013 non
2383 2986 2487 3018 οπως

1410 3021 1566 3067 frigidum
1590 3023 1650 3056 erit
1665 3021 1802 3056 effectus
1825 3022 1924 3066 primi
1939 3020 2058 3066 frigidi.
2076 3041 2094 3047 -
2110 3020 2164 3056 Ad
2214 3020 2283 3056 uod
2306 3021 2486 3056 dicendum

1410 3076 1470 3108 est,
1487 3066 1577 3111 quod
1593 3066 1819 3111 Philosophus
1835 3065 1890 3100 hic
1913 3066 2061 3112 loquitur
2080 3065 2120 3113 de
2137 3078 2182 3112 qu
2217 3065 2349 3100 ‘tatibus
2367 3065 2484 3101 activis

1411 3120 1443 3144 et
1466 3111 1604 3155 passivis
1621 3110 1816 3152 adinvicem,
1833 3111 1917 3145 inter
1941 3122 2022 3156 quas
2039 3119 2117 3145 sunt
2140 3110 2326 3156 praedictae
2362 3119 2487 3146 uatuor

1411 3155 1594 3200 qualitateS,
1611 3164 1648 3189 ut
1672 3164 1844 3189 ostensum
1867 3164 1926 3190 est.
1953 3155 2139 3197 Qualitates
2161 3164 2273 3190 autem
2296 3122 2484 3198 stellarum,

1412 3209 1490 3251 puta
1507 3199 1563 3233 lux
1578 3199 1630 3233 vel
1647 3200 1755 3245 aliqua
1772 3199 1834 3234 alia
1856 3201 1959 3234 virtus
1976 3211 2100 3242 earum,
2116 3199 2193 3234 licet
2209 3208 2344 3234 causent
2362 3200 2398 3234 in
2412 3200 2484 3234 istis

1412 3243 1618 3278 inferioribus
1649 3244 1794 3290 aliquam
1845 3244 2030 3286 ualitatem,
2053 3255 2123 3278 non
2146 3253 2256 3278 tamen
2287 3243 2326 3278 ab
2357 3244 2404 3278 eis
2427 3255 2483 3289 pa-

1411 3289 1546 3329 tiuntur,
1563 3300 1639 3322 cum
1656 3301 1771 3322 eorum
1788 3301 1826 3322 su
1851 3289 1988 3323 stantiae
2011 3300 2080 3323 non
2099 3289 2348 3323 communicent
2363 3289 2398 3322 in
2413 3299 2483 3323 ma-

1412 3333 1501 3374 teria,
1518 3342 1555 3366 ut
1572 3333 1689 3367 dicitur
1714 3334 1747 3367 in
1772 3334 1840 3368 XII
1855 3333 2026 3381 Metaphys.
2035 3345 2050 3375 ,·
2070 3343 2103 3368 et
2117 3333 2192 3368 ideo
2209 3342 2314 3368 cessat
2329 3332 2483 3368 obiectio.

340 3470 374 3511 f)
389 3471 455 3511 quia.
466 3471 610 3501 humidum,
625 3479 663 3497 eo.
673 3486 691 3491 -
700 3473 771 3505 quod
783 3474 845 3506 quia
859 3474 996 3500 humidum
1011 3482 1048 3500 ex
1058 3478 1083 3500 et
1093 3476 1142 3508 (est
1152 3483 1189 3501 ex
1198 3484 1229 3502 eo
1244 3477 1290 3511 Pb)
1302 3478 1363 3507 Pub,

300 3512 363 3538 quia
382 3505 518 3531 humidum
537 3510 575 3532 est
594 3507 614 3532 C
633 3508 676 3540 qui
695 3516 747 3533 om.
761 3512 799 3534 est
816 3510 985 3541 repletivum,·
1004 3511 1114 3543 legimus
1134 3519 1193 3536 cum
1208 3513 1364 3538 B.Alberto.

1471 3478 1495 3511 ζ)
1515 3480 1619 3504 subtilis
1633 3480 1723 3505 terrei.
1737 3493 1757 3498 -
1769 3480 1954 3506 substantialis
1967 3481 2009 3506 rei
2027 3480 2082 3511 Ca;
2096 3488 2156 3507 cum
2175 3481 2268 3506 iisdem
2286 3485 2347 3514 post
2365 3481 2429 3515 quia
2445 3480 2484 3508 Pb

1418 3514 1507 3546 legunt
1525 3515 1700 3540 substantiale
1718 3518 1843 3546 terreum,
1864 3516 1934 3549 quod
1954 3516 2112 3542 correximus
2132 3523 2163 3542 ex
2180 3517 2212 3542 B.
2230 3516 2347 3542 Alberto.

908 3598 1866 3628 *ffi-„ffffi

2515 491 2526 502 ⁸
2548 492 2690 519 coagulan-

2516 523 2564 539 om.
2579 519 2631 540 cah.

2514 2307 2566 2331 'h

2513 2333 2624 2384 *aaa
2651 2364 2671 2391 2

2512 2965 2556 2989 ab.
