<?xml version="1.0" encoding="UTF-8"?>
<!DOCTYPE html PUBLIC "-//W3C//DTD XHTML 1.0 Transitional//EN"
    "http://www.w3.org/TR/xhtml1/DTD/xhtml1-transitional.dtd">
<html xmlns="http://www.w3.org/1999/xhtml" xml:lang="en" lang="en">
 <head>
  <title>
</title>
<meta http-equiv="Content-Type" content="text/html;charset=utf-8" />
  <meta name='ocr-system' content='tesseract 3.04.00' />
  <meta name='ocr-capabilities' content='ocr_page ocr_carea ocr_par ocr_line ocrx_word'/>
</head>
<body>
  <div class='ocr_page' id='page_1' title='image "./operaomniaiussui03thom/operaomniaiussui03thom_0449.png"; bbox 0 0 2782 4134; ppageno 0'>
   <div class='ocr_carea' id='block_1_1' title="bbox 0 212 213 3909">
    <p class='ocr_par' dir='ltr' id='par_1_1' title="bbox 0 212 213 3909">
     <span class='ocr_line' id='line_1_1' title="bbox 0 212 213 3909; baseline 0 0"><span class='ocrx_word' id='word_1_1' title='bbox 0 212 213 3909; x_wconf 95' lang='lat' dir='ltr'> </span> 
     </span>
    </p>
   </div>
   <div class='ocr_carea' id='block_1_2' title="bbox 1101 296 1312 344">
    <p class='ocr_par' dir='ltr' id='par_1_2' title="bbox 1101 296 1312 344">
     <span class='ocr_line' id='line_1_2' title="bbox 1101 296 1312 344; baseline 0 -11"><span class='ocrx_word' id='word_1_2' title='bbox 1101 296 1213 333; x_wconf 84' lang='lat' dir='ltr'>CAP.</span> <span class='ocrx_word' id='word_1_3' title='bbox 1244 297 1312 344; x_wconf 93' lang='lat'>111,</span> 
     </span>
    </p>
   </div>
   <div class='ocr_carea' id='block_1_3' title="bbox 178 371 1310 3189">
    <p class='ocr_par' dir='ltr' id='par_1_3' title="bbox 178 371 1310 3189">
     <span class='ocr_line' id='line_1_3' title="bbox 241 371 1309 422; baseline 0.005 -15"><span class='ocrx_word' id='word_1_4' title='bbox 241 371 335 408; x_wconf 88' lang='lat' dir='ltr'>tiam</span> <span class='ocrx_word' id='word_1_5' title='bbox 355 371 495 408; x_wconf 90' lang='lat' dir='ltr'>scilicet</span> <span class='ocrx_word' id='word_1_6' title='bbox 512 372 728 420; x_wconf 86' lang='lat' dir='ltr'>praedictae</span> <span class='ocrx_word' id='word_1_7' title='bbox 752 373 1000 410; x_wconf 87' lang='lat' dir='ltr'>exhalationis</span> <span class='ocrx_word' id='word_1_8' title='bbox 1027 374 1167 411; x_wconf 87' lang='lat' dir='ltr'>mixtae</span> <span class='ocrx_word' id='word_1_9' title='bbox 1187 386 1309 422; x_wconf 91' lang='lat' dir='ltr'>aquae</span> 
     </span>
     <span class='ocr_line' id='line_1_4' title="bbox 243 423 1309 475; baseline 0.004 -15"><span class='ocrx_word' id='word_1_10' title='bbox 243 423 371 461; x_wconf 87' lang='lat' dir='ltr'>maris.</span> <span class='ocrx_word' id='word_1_11' title='bbox 398 425 678 473; x_wconf 88' lang='lat' dir='ltr'>Quaecumque</span> <span class='ocrx_word' id='word_1_12' title='bbox 709 425 811 462; x_wconf 87' lang='lat' dir='ltr'>enirn</span> <span class='ocrx_word' id='word_1_13' title='bbox 840 426 977 463; x_wconf 88' lang='lat' dir='ltr'>fuerint</span> <span class='ocrx_word' id='word_1_14' title='bbox 994 427 1014 449; x_wconf 72' lang='lat'>’¹‘</span> <span class='ocrx_word' id='word_1_15' title='bbox 1040 427 1170 475; x_wconf 88' lang='lat' dir='ltr'>ignita,</span> <span class='ocrx_word' id='word_1_16' title='bbox 1195 428 1309 464; x_wconf 90' lang='lat' dir='ltr'>etiam</span> 
     </span>
     <span class='ocr_line' id='line_1_5' title="bbox 240 476 1310 528; baseline 0.004 -15"><span class='ocrx_word' id='word_1_17' title='bbox 240 484 331 528; x_wconf 91' lang='lat' dir='ltr'>post</span> <span class='ocrx_word' id='word_1_18' title='bbox 345 476 616 515; x_wconf 86' lang='lat' dir='ltr'>extinctionem</span> <span class='ocrx_word' id='word_1_19' title='bbox 634 478 813 515; x_wconf 85' lang='lat' dir='ltr'>videntur</span> <span class='ocrx_word' id='word_1_20' title='bbox 826 479 969 515; x_wconf 91' lang='lat' dir='ltr'>habere</span> <span class='ocrx_word' id='word_1_21' title='bbox 983 479 1161 516; x_wconf 86' lang='lat' dir='ltr'>virtutem</span> <span class='ocrx_word' id='word_1_22' title='bbox 1177 481 1310 517; x_wconf 92' lang='lat' dir='ltr'>caloris</span> 
     </span>
     <span class='ocr_line' id='line_1_6' title="bbox 242 529 1309 581; baseline 0.004 -15"><span class='ocrx_word' id='word_1_23' title='bbox 242 529 283 567; x_wconf 88' lang='lat' dir='ltr'>in</span> <span class='ocrx_word' id='word_1_24' title='bbox 297 529 441 578; x_wconf 90' lang='lat' dir='ltr'>seipsis,</span> <span class='ocrx_word' id='word_1_25' title='bbox 457 537 499 567; x_wconf 90' lang='lat' dir='ltr'>ut</span> <span class='ocrx_word' id='word_1_26' title='bbox 512 537 616 579; x_wconf 91' lang='lat' dir='ltr'>patet</span> <span class='ocrx_word' id='word_1_27' title='bbox 634 530 672 567; x_wconf 90' lang='lat' dir='ltr'>in</span> <span class='ocrx_word' id='word_1_28' title='bbox 688 531 814 567; x_wconf 88' lang='lat' dir='ltr'>cinere</span> <span class='ocrx_word' id='word_1_29' title='bbox 829 539 867 568; x_wconf 91' lang='lat' dir='ltr'>et</span> <span class='ocrx_word' id='word_1_30' title='bbox 882 533 984 568; x_wconf 91' lang='lat' dir='ltr'>calce</span> <span class='ocrx_word' id='word_1_31' title='bbox 1001 540 1036 569; x_wconf 91' lang='lat' dir='ltr'>et</span> <span class='ocrx_word' id='word_1_32' title='bbox 1051 533 1309 581; x_wconf 88' lang='lat' dir='ltr'>superfluitate</span> 
     </span>
     <span class='ocr_line' id='line_1_7' title="bbox 242 582 1310 623; baseline 0.004 -4"><span class='ocrx_word' id='word_1_33' title='bbox 242 582 466 620; x_wconf 90' lang='lat' dir='ltr'>animalium</span> <span class='ocrx_word' id='word_1_34' title='bbox 494 582 718 620; x_wconf 88' lang='lat' dir='ltr'>habentium</span> <span class='ocrx_word' id='word_1_35' title='bbox 757 583 900 621; x_wconf 88' lang='lat' dir='ltr'>calidos</span> <span class='ocrx_word' id='word_1_36' title='bbox 926 593 1091 622; x_wconf 88' lang='lat' dir='ltr'>ventres.</span> <span class='ocrx_word' id='word_1_37' title='bbox 1121 586 1171 622; x_wconf 91' lang='lat' dir='ltr'>Et</span> <span class='ocrx_word' id='word_1_38' title='bbox 1197 586 1310 623; x_wconf 91' lang='lat' dir='ltr'>huius</span> 
     </span>
     <span class='ocr_line' id='line_1_8' title="bbox 239 636 1310 685; baseline 0.004 -13"><span class='ocrx_word' id='word_1_39' title='bbox 239 636 338 673; x_wconf 85' lang='lat' dir='ltr'>ratio</span> <span class='ocrx_word' id='word_1_40' title='bbox 367 643 434 683; x_wconf 87' lang='lat' dir='ltr'>est,</span> <span class='ocrx_word' id='word_1_41' title='bbox 454 636 545 685; x_wconf 89' lang='lat' dir='ltr'>quia</span> <span class='ocrx_word' id='word_1_42' title='bbox 572 636 611 673; x_wconf 92' lang='lat' dir='ltr'>in</span> <span class='ocrx_word' id='word_1_43' title='bbox 638 636 860 674; x_wconf 90' lang='lat' dir='ltr'>huiusmodi</span> <span class='ocrx_word' id='word_1_44' title='bbox 888 645 1019 674; x_wconf 91' lang='lat' dir='ltr'>manet</span> <span class='ocrx_word' id='word_1_45' title='bbox 1036 638 1156 676; x_wconf 87' lang='lat' dir='ltr'>virtus</span> <span class='ocrx_word' id='word_1_46' title='bbox 1176 639 1310 676; x_wconf 93' lang='lat' dir='ltr'>caloris</span> 
     </span>
     <span class='ocr_line' id='line_1_9' title="bbox 197 689 1309 738; baseline 0 -10"><span class='ocrx_word' id='word_1_47' title='bbox 197 726 199 728; x_wconf 87' lang='lat'>.</span> <span class='ocrx_word' id='word_1_48' title='bbox 242 689 432 726; x_wconf 88' lang='lat' dir='ltr'>alterantis</span> <span class='ocrx_word' id='word_1_49' title='bbox 470 701 558 726; x_wconf 91' lang='lat' dir='ltr'>cum</span> <span class='ocrx_word' id='word_1_50' title='bbox 593 689 829 726; x_wconf 88' lang='lat' dir='ltr'>exhalatione</span> <span class='ocrx_word' id='word_1_51' title='bbox 866 690 965 727; x_wconf 89' lang='lat' dir='ltr'>sicca</span> <span class='ocrx_word' id='word_1_52' title='bbox 989 697 1014 728; x_wconf 81' lang='lat'>³¹.</span> <span class='ocrx_word' id='word_1_53' title='bbox 1053 691 1184 738; x_wconf 88' lang='lat' dir='ltr'>Unde,</span> <span class='ocrx_word' id='word_1_54' title='bbox 1221 703 1309 728; x_wconf 90' lang='lat' dir='ltr'>cum</span> 
     </span>
     <span class='ocr_line' id='line_1_10' title="bbox 243 742 1308 792; baseline 0.001 -13"><span class='ocrx_word' id='word_1_55' title='bbox 243 742 522 779; x_wconf 83' lang='lat' dir='ltr'>exhalationem</span> <span class='ocrx_word' id='word_1_56' title='bbox 542 742 684 779; x_wconf 90' lang='lat' dir='ltr'>siccam</span> <span class='ocrx_word' id='word_1_57' title='bbox 713 744 919 780; x_wconf 89' lang='lat' dir='ltr'>resolutam</span> <span class='ocrx_word' id='word_1_58' title='bbox 939 755 962 780; x_wconf 91' lang='lat' dir='ltr'>a</span> <span class='ocrx_word' id='word_1_59' title='bbox 981 750 1079 780; x_wconf 92' lang='lat' dir='ltr'>terra</span> <span class='ocrx_word' id='word_1_60' title='bbox 1109 744 1308 792; x_wconf 90' lang='lat' dir='ltr'>desiccata,</span> 
     </span>
     <span class='ocr_line' id='line_1_11' title="bbox 240 795 1309 845; baseline 0.002 -13"><span class='ocrx_word' id='word_1_61' title='bbox 240 795 376 832; x_wconf 84' lang='lat' dir='ltr'>dixerit</span> <span class='ocrx_word' id='word_1_62' title='bbox 402 808 484 833; x_wconf 90' lang='lat' dir='ltr'>esse</span> <span class='ocrx_word' id='word_1_63' title='bbox 514 807 671 833; x_wconf 89' lang='lat' dir='ltr'>causam</span> <span class='ocrx_word' id='word_1_64' title='bbox 699 795 897 833; x_wconf 89' lang='lat' dir='ltr'>salsedinis</span> <span class='ocrx_word' id='word_1_65' title='bbox 917 796 1046 844; x_wconf 90' lang='lat' dir='ltr'>maris,</span> <span class='ocrx_word' id='word_1_66' title='bbox 1067 809 1309 845; x_wconf 91' lang='lat' dir='ltr'>consequens</span> 
     </span>
     <span class='ocr_line' id='line_1_12' title="bbox 241 848 1285 887; baseline 0.002 -2"><span class='ocrx_word' id='word_1_67' title='bbox 241 855 299 885; x_wconf 91' lang='lat' dir='ltr'>est</span> <span class='ocrx_word' id='word_1_68' title='bbox 323 856 366 886; x_wconf 91' lang='lat' dir='ltr'>ut</span> <span class='ocrx_word' id='word_1_69' title='bbox 393 850 508 886; x_wconf 88' lang='lat' dir='ltr'>etiam</span> <span class='ocrx_word' id='word_1_70' title='bbox 536 848 575 885; x_wconf 92' lang='lat' dir='ltr'>in</span> <span class='ocrx_word' id='word_1_71' title='bbox 603 849 700 886; x_wconf 90' lang='lat' dir='ltr'>mari</span> <span class='ocrx_word' id='word_1_72' title='bbox 733 849 900 886; x_wconf 90' lang='lat' dir='ltr'>caliditas</span> <span class='ocrx_word' id='word_1_73' title='bbox 929 861 974 886; x_wconf 92' lang='lat' dir='ltr'>ex</span> <span class='ocrx_word' id='word_1_74' title='bbox 1001 850 1077 887; x_wconf 92' lang='lat' dir='ltr'>hoc</span> <span class='ocrx_word' id='word_1_75' title='bbox 1105 850 1285 887; x_wconf 88' lang='lat' dir='ltr'>abundet.</span> 
     </span>
     <span class='ocr_line' id='line_1_13' title="bbox 298 901 1309 953; baseline 0.001 -14"><span class='ocrx_word' id='word_1_76' title='bbox 298 902 331 939; x_wconf 90' lang='grc'>5.</span> <span class='ocrx_word' id='word_1_77' title='bbox 360 902 511 940; x_wconf 91' lang='lat' dir='ltr'>Deinde</span> <span class='ocrx_word' id='word_1_78' title='bbox 542 914 630 939; x_wconf 91' lang='lat' dir='ltr'>cum</span> <span class='ocrx_word' id='word_1_79' title='bbox 667 901 772 939; x_wconf 89' lang='lat' dir='ltr'>dicit:</span> <span class='ocrx_word' id='word_1_80' title='bbox 801 903 865 939; x_wconf 87' lang='lat' dir='ltr'>Fit</span> <span class='ocrx_word' id='word_1_81' title='bbox 889 903 1007 953; x_wconf 82' lang='lat' dir='ltr'>igitur</span> <span class='ocrx_word' id='word_1_82' title='bbox 1041 915 1190 952; x_wconf 80' lang='lat' dir='ltr'>semper</span> <span class='ocrx_word' id='word_1_83' title='bbox 1221 904 1309 941; x_wconf 87' lang='lat' dir='ltr'>alte-</span> 
     </span>
     <span class='ocr_line' id='line_1_14' title="bbox 239 955 1309 1004; baseline 0.002 -12"><span class='ocrx_word' id='word_1_84' title='bbox 239 966 327 992; x_wconf 85' lang='lat' dir='ltr'>rum</span> <span class='ocrx_word' id='word_1_85' title='bbox 356 962 444 1003; x_wconf 86' lang='lat' dir='ltr'>etc.,</span> <span class='ocrx_word' id='word_1_86' title='bbox 480 955 644 992; x_wconf 90' lang='lat' dir='ltr'>excludit</span> <span class='ocrx_word' id='word_1_87' title='bbox 685 956 872 1004; x_wconf 91' lang='lat' dir='ltr'>quasdam</span> <span class='ocrx_word' id='word_1_88' title='bbox 913 956 1168 994; x_wconf 88' lang='lat' dir='ltr'>dubitationes</span> <span class='ocrx_word' id='word_1_89' title='bbox 1211 957 1309 994; x_wconf 91' lang='lat' dir='ltr'>circa</span> 
     </span>
     <span class='ocr_line' id='line_1_15' title="bbox 235 1008 1309 1059; baseline 0.002 -14"><span class='ocrx_word' id='word_1_90' title='bbox 235 1008 444 1058; x_wconf 87' lang='lat' dir='ltr'>praedicta.</span> <span class='ocrx_word' id='word_1_91' title='bbox 465 1009 515 1046; x_wconf 89' lang='lat' dir='ltr'>Et</span> <span class='ocrx_word' id='word_1_92' title='bbox 534 1009 632 1046; x_wconf 91' lang='lat' dir='ltr'>circa</span> <span class='ocrx_word' id='word_1_93' title='bbox 652 1009 727 1046; x_wconf 92' lang='grc'><strong>1100</strong></span> <span class='ocrx_word' id='word_1_94' title='bbox 747 1009 824 1046; x_wconf 92' lang='lat' dir='ltr'>duo</span> <span class='ocrx_word' id='word_1_95' title='bbox 841 1009 945 1046; x_wconf 85' lang='lat' dir='ltr'>facit:</span> <span class='ocrx_word' id='word_1_96' title='bbox 965 1010 1091 1059; x_wconf 91' lang='lat' dir='ltr'>primo</span> <span class='ocrx_word' id='word_1_97' title='bbox 1112 1010 1276 1047; x_wconf 88' lang='lat' dir='ltr'>excludit</span> <span class='ocrx_word' id='word_1_98' title='bbox 1289 1010 1309 1033; x_wconf 72' lang='lat'>&#39;¹‘</span> 
     </span>
     <span class='ocr_line' id='line_1_16' title="bbox 238 1061 1308 1112; baseline 0.002 -14"><span class='ocrx_word' id='word_1_99' title='bbox 238 1061 512 1109; x_wconf 85' lang='lat' dir='ltr'>dubitationes;</span> <span class='ocrx_word' id='word_1_100' title='bbox 551 1062 722 1099; x_wconf 90' lang='lat' dir='ltr'>secundo</span> <span class='ocrx_word' id='word_1_101' title='bbox 770 1063 962 1100; x_wconf 90' lang='lat' dir='ltr'>concludit</span> <span class='ocrx_word' id='word_1_102' title='bbox 1003 1075 1047 1100; x_wconf 86' lang='lat' dir='ltr'>ex</span> <span class='ocrx_word' id='word_1_103' title='bbox 1089 1063 1308 1112; x_wconf 90' lang='lat' dir='ltr'>praemissis</span> 
     </span>
     <span class='ocr_line' id='line_1_17' title="bbox 236 1115 1307 1163; baseline 0.002 -11"><span class='ocrx_word' id='word_1_104' title='bbox 236 1124 395 1152; x_wconf 79' lang='lat' dir='ltr'>causam</span> <span class='ocrx_word' id='word_1_105' title='bbox 423 1115 620 1153; x_wconf 80' lang='lat' dir='ltr'>salsedinis</span> <span class='ocrx_word' id='word_1_106' title='bbox 647 1115 764 1152; x_wconf 90' lang='lat' dir='ltr'>maris</span> <span class='ocrx_word' id='word_1_107' title='bbox 779 1144 789 1163; x_wconf 92' lang='lat'>,</span> <span class='ocrx_word' id='word_1_108' title='bbox 823 1116 899 1153; x_wconf 87' lang='lat' dir='ltr'>ibi:</span> <span class='ocrx_word' id='word_1_109' title='bbox 927 1117 1046 1154; x_wconf 90' lang='lat' dir='ltr'>Nunc</span> <span class='ocrx_word' id='word_1_110' title='bbox 1072 1122 1198 1154; x_wconf 87' lang='lat' dir='ltr'>autem</span> <span class='ocrx_word' id='word_1_111' title='bbox 1227 1122 1307 1154; x_wconf 87' lang='lat' dir='ltr'>tan—</span> 
     </span>
     <span class='ocr_line' id='line_1_18' title="bbox 237 1168 1308 1218; baseline 0.002 -13"><span class='ocrx_word' id='word_1_112' title='bbox 237 1173 318 1206; x_wconf 79' lang='lat' dir='ltr'>tum</span> <span class='ocrx_word' id='word_1_113' title='bbox 345 1168 367 1191; x_wconf 79' lang='lat'>*</span> <span class='ocrx_word' id='word_1_114' title='bbox 394 1177 464 1206; x_wconf 89' lang='lat' dir='ltr'>etc.</span> <span class='ocrx_word' id='word_1_115' title='bbox 498 1169 628 1218; x_wconf 79' lang='lat' dir='ltr'>Prima</span> <span class='ocrx_word' id='word_1_116' title='bbox 657 1169 837 1206; x_wconf 89' lang='lat' dir='ltr'>dividitur</span> <span class='ocrx_word' id='word_1_117' title='bbox 873 1169 911 1206; x_wconf 93' lang='lat' dir='ltr'>in</span> <span class='ocrx_word' id='word_1_118' title='bbox 939 1170 1060 1217; x_wconf 91' lang='lat' dir='ltr'>duas,</span> <span class='ocrx_word' id='word_1_119' title='bbox 1095 1170 1308 1207; x_wconf 90' lang='lat' dir='ltr'>secundum</span> 
     </span>
     <span class='ocr_line' id='line_1_19' title="bbox 235 1221 895 1272; baseline 0 -13"><span class='ocrx_word' id='word_1_120' title='bbox 235 1221 619 1260; x_wconf 64' lang='lat' dir='ltr'>duas-dubitationes</span> <span class='ocrx_word' id='word_1_121' title='bbox 647 1235 743 1272; x_wconf 89' lang='lat' dir='ltr'>quas</span> <span class='ocrx_word' id='word_1_122' title='bbox 771 1222 895 1260; x_wconf 85' lang='lat' dir='ltr'>solvit.</span> 
     </span>
     <span class='ocr_line' id='line_1_20' title="bbox 239 1275 1307 1325; baseline 0 -13"><span class='ocrx_word' id='word_1_123' title='bbox 239 1300 241 1302; x_wconf 95' lang='lat'>-</span> <span class='ocrx_word' id='word_1_124' title='bbox 292 1275 362 1312; x_wconf 90' lang='lat' dir='ltr'>Est</span> <span class='ocrx_word' id='word_1_125' title='bbox 387 1283 518 1313; x_wconf 90' lang='lat' dir='ltr'>autem</span> <span class='ocrx_word' id='word_1_126' title='bbox 547 1275 671 1325; x_wconf 89' lang='lat' dir='ltr'>prima</span> <span class='ocrx_word' id='word_1_127' title='bbox 699 1275 905 1313; x_wconf 88' lang='lat' dir='ltr'>dubitatio:</span> <span class='ocrx_word' id='word_1_128' title='bbox 935 1287 1024 1312; x_wconf 90' lang='lat' dir='ltr'>cum</span> <span class='ocrx_word' id='word_1_129' title='bbox 1052 1287 1154 1324; x_wconf 91' lang='lat' dir='ltr'>aqua</span> <span class='ocrx_word' id='word_1_130' title='bbox 1191 1275 1307 1313; x_wconf 89' lang='lat' dir='ltr'>maris</span> 
     </span>
     <span class='ocr_line' id='line_1_21' title="bbox 235 1329 1306 1368; baseline 0 -2"><span class='ocrx_word' id='word_1_131' title='bbox 235 1334 318 1368; x_wconf 78' lang='lat' dir='ltr'>non</span> <span class='ocrx_word' id='word_1_132' title='bbox 345 1329 523 1366; x_wconf 86' lang='lat' dir='ltr'>continue</span> <span class='ocrx_word' id='word_1_133' title='bbox 552 1337 707 1366; x_wconf 88' lang='lat' dir='ltr'>maneat</span> <span class='ocrx_word' id='word_1_134' title='bbox 735 1329 870 1366; x_wconf 89' lang='lat' dir='ltr'>eadem</span> <span class='ocrx_word' id='word_1_135' title='bbox 901 1341 1064 1366; x_wconf 88' lang='lat' dir='ltr'>numero</span> <span class='ocrx_word' id='word_1_136' title='bbox 1093 1329 1306 1366; x_wconf 90' lang='lat' dir='ltr'>secundum</span> 
     </span>
     <span class='ocr_line' id='line_1_22' title="bbox 234 1382 1305 1472; baseline 0.001 -53"><span class='ocrx_word' id='word_1_137' title='bbox 234 1388 374 1472; x_wconf 39' lang='grc' dir='ltr'>ἕπε,</span> <span class='ocrx_word' id='word_1_138' title='bbox 395 1382 464 1420; x_wconf 83' lang='grc' dir='ltr'>3οἀ</span> <span class='ocrx_word' id='word_1_139' title='bbox 493 1389 677 1432; x_wconf 88' lang='lat' dir='ltr'>evaporet</span> <span class='ocrx_word' id='word_1_140' title='bbox 704 1390 742 1420; x_wconf 93' lang='lat' dir='ltr'>et</span> <span class='ocrx_word' id='word_1_141' title='bbox 768 1382 905 1420; x_wconf 90' lang='lat' dir='ltr'>iterum</span> <span class='ocrx_word' id='word_1_142' title='bbox 935 1382 1062 1429; x_wconf 90' lang='lat' dir='ltr'>cadat,</span> <span class='ocrx_word' id='word_1_143' title='bbox 1092 1394 1172 1419; x_wconf 90' lang='lat' dir='ltr'>non</span> <span class='ocrx_word' id='word_1_144' title='bbox 1199 1382 1305 1420; x_wconf 92' lang='lat' dir='ltr'>vide-</span> 
     </span>
     <span class='ocr_line' id='line_1_23' title="bbox 327 1435 1306 1473; baseline 0 -1"><span class='ocrx_word' id='word_1_145' title='bbox 327 1446 414 1473; x_wconf 83' lang='lat' dir='ltr'>esse</span> <span class='ocrx_word' id='word_1_146' title='bbox 452 1447 567 1473; x_wconf 86' lang='lat' dir='ltr'>causa</span> <span class='ocrx_word' id='word_1_147' title='bbox 595 1435 794 1473; x_wconf 90' lang='lat' dir='ltr'>salsedinis</span> <span class='ocrx_word' id='word_1_148' title='bbox 830 1435 946 1472; x_wconf 89' lang='lat' dir='ltr'>maris</span> <span class='ocrx_word' id='word_1_149' title='bbox 985 1435 1171 1472; x_wconf 90' lang='lat' dir='ltr'>exhalatio</span> <span class='ocrx_word' id='word_1_150' title='bbox 1206 1435 1306 1473; x_wconf 88' lang='lat' dir='ltr'>sicca</span> 
     </span>
     <span class='ocr_line' id='line_1_24' title="bbox 234 1488 1250 1538; baseline -0.001 -12"><span class='ocrx_word' id='word_1_151' title='bbox 234 1488 416 1536; x_wconf 68' lang='lat' dir='ltr'>admixta,</span> <span class='ocrx_word' id='word_1_152' title='bbox 438 1489 506 1526; x_wconf 94' lang='lat' dir='ltr'>sed</span> <span class='ocrx_word' id='word_1_153' title='bbox 533 1488 654 1537; x_wconf 83' lang='lat' dir='ltr'>magis</span> <span class='ocrx_word' id='word_1_154' title='bbox 683 1488 906 1538; x_wconf 85' lang='lat' dir='ltr'>evaporatio</span> <span class='ocrx_word' id='word_1_155' title='bbox 936 1489 984 1525; x_wconf 92' lang='lat' dir='ltr'>ab</span> <span class='ocrx_word' id='word_1_156' title='bbox 1012 1500 1113 1537; x_wconf 90' lang='lat' dir='ltr'>aqua</span> <span class='ocrx_word' id='word_1_157' title='bbox 1141 1488 1250 1526; x_wconf 88' lang='lat' dir='ltr'>salsa.</span> 
     </span>
     <span class='ocr_line' id='line_1_25' title="bbox 288 1541 1306 1591; baseline 0 -12"><span class='ocrx_word' id='word_1_158' title='bbox 288 1542 340 1579; x_wconf 89' lang='lat' dir='ltr'>Et</span> <span class='ocrx_word' id='word_1_159' title='bbox 352 1541 541 1580; x_wconf 78' lang='lat' dir='ltr'>ad*hane</span> <span class='ocrx_word' id='word_1_160' title='bbox 560 1541 836 1579; x_wconf 89' lang='lat' dir='ltr'>dubitationem</span> <span class='ocrx_word' id='word_1_161' title='bbox 859 1541 1080 1590; x_wconf 88' lang='lat' dir='ltr'>tollendam,</span> <span class='ocrx_word' id='word_1_162' title='bbox 1092 1541 1181 1579; x_wconf 91' lang='lat' dir='ltr'>dicit</span> <span class='ocrx_word' id='word_1_163' title='bbox 1200 1542 1306 1591; x_wconf 93' lang='lat' dir='ltr'>quod</span> 
     </span>
     <span class='ocr_line' id='line_1_26' title="bbox 220 1593 1304 1645; baseline -0.001 -12"><span class='ocrx_word' id='word_1_164' title='bbox 220 1593 336 1645; x_wconf 77' lang='lat' dir='ltr'>‘aqua</span> <span class='ocrx_word' id='word_1_165' title='bbox 362 1595 480 1633; x_wconf 89' lang='lat' dir='ltr'>maris</span> <span class='ocrx_word' id='word_1_166' title='bbox 507 1606 662 1644; x_wconf 89' lang='lat' dir='ltr'>semper</span> <span class='ocrx_word' id='word_1_167' title='bbox 687 1595 731 1632; x_wconf 89' lang='lat' dir='ltr'>fit</span> <span class='ocrx_word' id='word_1_168' title='bbox 758 1596 875 1632; x_wconf 90' lang='lat' dir='ltr'>altera</span> <span class='ocrx_word' id='word_1_169' title='bbox 899 1602 937 1632; x_wconf 88' lang='lat' dir='ltr'>et</span> <span class='ocrx_word' id='word_1_170' title='bbox 955 1596 1071 1632; x_wconf 89' lang='lat' dir='ltr'>altera</span> <span class='ocrx_word' id='word_1_171' title='bbox 1090 1595 1304 1632; x_wconf 88' lang='lat' dir='ltr'>secundum</span> 
     </span>
     <span class='ocr_line' id='line_1_27' title="bbox 231 1648 1304 1698; baseline -0.002 -11"><span class='ocrx_word' id='word_1_172' title='bbox 231 1653 374 1698; x_wconf 67' lang='lat' dir='ltr'>partes,</span> <span class='ocrx_word' id='word_1_173' title='bbox 394 1655 432 1686; x_wconf 89' lang='lat' dir='ltr'>et</span> <span class='ocrx_word' id='word_1_174' title='bbox 449 1648 643 1698; x_wconf 83' lang='lat' dir='ltr'>quaelibet</span> <span class='ocrx_word' id='word_1_175' title='bbox 659 1660 749 1698; x_wconf 90' lang='lat' dir='ltr'>pars</span> <span class='ocrx_word' id='word_1_176' title='bbox 773 1649 890 1685; x_wconf 87' lang='lat' dir='ltr'>habet</span> <span class='ocrx_word' id='word_1_177' title='bbox 917 1648 955 1686; x_wconf 93' lang='lat' dir='ltr'>in</span> <span class='ocrx_word' id='word_1_178' title='bbox 984 1649 1042 1686; x_wconf 90' lang='lat' dir='ltr'>sui</span> <span class='ocrx_word' id='word_1_179' title='bbox 1061 1649 1304 1697; x_wconf 91' lang='lat' dir='ltr'>generatione</span> 
     </span>
     <span class='ocr_line' id='line_1_28' title="bbox 230 1701 1304 1752; baseline 0 -13"><span class='ocrx_word' id='word_1_180' title='bbox 230 1701 468 1752; x_wconf 57' lang='lat' dir='ltr'>medicam</span> <span class='ocrx_word' id='word_1_181' title='bbox 497 1714 654 1740; x_wconf 88' lang='lat' dir='ltr'>causam</span> <span class='ocrx_word' id='word_1_182' title='bbox 682 1701 703 1723; x_wconf 81' lang='lat'>*</span> <span class='ocrx_word' id='word_1_183' title='bbox 731 1701 949 1749; x_wconf 83' lang='lat' dir='ltr'>salsedinis,</span> <span class='ocrx_word' id='word_1_184' title='bbox 979 1702 1077 1739; x_wconf 92' lang='lat' dir='ltr'>idest</span> <span class='ocrx_word' id='word_1_185' title='bbox 1104 1702 1304 1739; x_wconf 86' lang='lat' dir='ltr'>admixtio-</span> 
     </span>
     <span class='ocr_line' id='line_1_29' title="bbox 231 1754 1304 1804; baseline 0.001 -12"><span class='ocrx_word' id='word_1_186' title='bbox 231 1766 324 1792; x_wconf 88' lang='lat' dir='ltr'>nem</span> <span class='ocrx_word' id='word_1_187' title='bbox 343 1755 525 1792; x_wconf 90' lang='lat' dir='ltr'>terrestris</span> <span class='ocrx_word' id='word_1_188' title='bbox 540 1755 796 1792; x_wconf 88' lang='lat' dir='ltr'>exhalationis.</span> <span class='ocrx_word' id='word_1_189' title='bbox 817 1755 962 1792; x_wconf 91' lang='lat' dir='ltr'>Verum</span> <span class='ocrx_word' id='word_1_190' title='bbox 985 1763 1041 1792; x_wconf 91' lang='lat' dir='ltr'>est</span> <span class='ocrx_word' id='word_1_191' title='bbox 1060 1754 1174 1792; x_wconf 90' lang='lat' dir='ltr'>etiam</span> <span class='ocrx_word' id='word_1_192' title='bbox 1197 1755 1304 1804; x_wconf 94' lang='lat' dir='ltr'>quod</span> 
     </span>
     <span class='ocr_line' id='line_1_30' title="bbox 231 1809 1304 1858; baseline 0.001 -13"><span class='ocrx_word' id='word_1_193' title='bbox 231 1815 385 1858; x_wconf 75' lang='lat' dir='ltr'>semper</span> <span class='ocrx_word' id='word_1_194' title='bbox 419 1809 547 1858; x_wconf 89' lang='lat' dir='ltr'>aliqua</span> <span class='ocrx_word' id='word_1_195' title='bbox 583 1820 671 1858; x_wconf 82' lang='lat' dir='ltr'>pars</span> <span class='ocrx_word' id='word_1_196' title='bbox 709 1820 833 1856; x_wconf 86' lang='lat' dir='ltr'>aquae</span> <span class='ocrx_word' id='word_1_197' title='bbox 871 1809 991 1846; x_wconf 85' lang='lat' dir='ltr'>salsae</span> <span class='ocrx_word' id='word_1_198' title='bbox 1029 1810 1200 1846; x_wconf 91' lang='lat' dir='ltr'>elevatur</span> <span class='ocrx_word' id='word_1_199' title='bbox 1234 1821 1304 1858; x_wconf 91' lang='lat' dir='ltr'>per</span> 
     </span>
     <span class='ocr_line' id='line_1_31' title="bbox 233 1861 1304 1912; baseline 0 -13"><span class='ocrx_word' id='word_1_200' title='bbox 233 1861 547 1911; x_wconf 84' lang='lat' dir='ltr'>evaporationem</span> <span class='ocrx_word' id='word_1_201' title='bbox 566 1873 655 1899; x_wconf 89' lang='lat' dir='ltr'>cum</span> <span class='ocrx_word' id='word_1_202' title='bbox 671 1861 786 1899; x_wconf 88' lang='lat' dir='ltr'>dulci:</span> <span class='ocrx_word' id='word_1_203' title='bbox 807 1862 873 1899; x_wconf 87' lang='lat' dir='ltr'>sed</span> <span class='ocrx_word' id='word_1_204' title='bbox 889 1874 977 1899; x_wconf 91' lang='lat' dir='ltr'>cum</span> <span class='ocrx_word' id='word_1_205' title='bbox 994 1861 1100 1899; x_wconf 89' lang='lat' dir='ltr'>citius</span> <span class='ocrx_word' id='word_1_206' title='bbox 1120 1870 1304 1912; x_wconf 90' lang='lat' dir='ltr'>evaporet</span> 
     </span>
     <span class='ocr_line' id='line_1_32' title="bbox 231 1914 1300 1964; baseline 0.001 -12"><span class='ocrx_word' id='word_1_207' title='bbox 231 1914 369 1953; x_wconf 76' lang='lat' dir='ltr'>subtile</span> <span class='ocrx_word' id='word_1_208' title='bbox 389 1927 507 1964; x_wconf 90' lang='lat' dir='ltr'>quam</span> <span class='ocrx_word' id='word_1_209' title='bbox 526 1927 715 1964; x_wconf 86' lang='lat' dir='ltr'>grossum,</span> <span class='ocrx_word' id='word_1_210' title='bbox 733 1923 769 1952; x_wconf 92' lang='lat' dir='ltr'>et</span> <span class='ocrx_word' id='word_1_211' title='bbox 788 1916 896 1952; x_wconf 92' lang='lat' dir='ltr'>dulce</span> <span class='ocrx_word' id='word_1_212' title='bbox 918 1923 973 1953; x_wconf 91' lang='lat' dir='ltr'>est</span> <span class='ocrx_word' id='word_1_213' title='bbox 992 1915 1164 1953; x_wconf 92' lang='lat' dir='ltr'>subtilius</span> <span class='ocrx_word' id='word_1_214' title='bbox 1184 1928 1300 1964; x_wconf 91' lang='lat' dir='ltr'>quam</span> 
     </span>
     <span class='ocr_line' id='line_1_33' title="bbox 232 1968 1302 2018; baseline 0 -12"><span class='ocrx_word' id='word_1_215' title='bbox 232 1969 376 2007; x_wconf 82' lang='lat' dir='ltr'>salsum</span> <span class='ocrx_word' id='word_1_216' title='bbox 395 1968 427 2017; x_wconf 80' lang='lat'>*‚</span> <span class='ocrx_word' id='word_1_217' title='bbox 449 1976 600 2018; x_wconf 75' lang='lat' dir='ltr'>oportet</span> <span class='ocrx_word' id='word_1_218' title='bbox 618 1968 724 2017; x_wconf 91' lang='lat' dir='ltr'>quod</span> <span class='ocrx_word' id='word_1_219' title='bbox 743 1968 870 2006; x_wconf 89' lang='lat' dir='ltr'>minus</span> <span class='ocrx_word' id='word_1_220' title='bbox 890 1969 938 2006; x_wconf 93' lang='lat' dir='ltr'>de</span> <span class='ocrx_word' id='word_1_221' title='bbox 958 1970 1057 2006; x_wconf 90' lang='lat' dir='ltr'>salso</span> <span class='ocrx_word' id='word_1_222' title='bbox 1079 1970 1248 2007; x_wconf 91' lang='lat' dir='ltr'>elevetur</span> <span class='ocrx_word' id='word_1_223' title='bbox 1261 1969 1302 1992; x_wconf 69' lang='lat'>²¹³*</span> 
     </span>
     <span class='ocr_line' id='line_1_34' title="bbox 178 2018 1301 2072; baseline 0.001 -13"><span class='ocrx_word' id='word_1_224' title='bbox 178 2018 186 2026; x_wconf 76' lang='lat'><em>⁰</em></span> <span class='ocrx_word' id='word_1_225' title='bbox 231 2032 351 2072; x_wconf 89' lang='lat' dir='ltr'>quam</span> <span class='ocrx_word' id='word_1_226' title='bbox 371 2021 418 2059; x_wconf 93' lang='lat' dir='ltr'>de</span> <span class='ocrx_word' id='word_1_227' title='bbox 438 2022 556 2069; x_wconf 80' lang='lat' dir='ltr'>dulci3</span> <span class='ocrx_word' id='word_1_228' title='bbox 585 2023 653 2060; x_wconf 92' lang='lat' dir='ltr'>sed</span> <span class='ocrx_word' id='word_1_229' title='bbox 670 2033 741 2071; x_wconf 90' lang='lat' dir='ltr'>per</span> <span class='ocrx_word' id='word_1_230' title='bbox 759 2021 1033 2059; x_wconf 89' lang='lat' dir='ltr'>admixtionem</span> <span class='ocrx_word' id='word_1_231' title='bbox 1055 2022 1301 2060; x_wconf 90' lang='lat' dir='ltr'>exhalationis</span> 
     </span>
     <span class='ocr_line' id='line_1_35' title="bbox 229 2074 1300 2124; baseline 0 -12"><span class='ocrx_word' id='word_1_232' title='bbox 229 2074 373 2124; x_wconf 74' lang='lat' dir='ltr'>siccae,</span> <span class='ocrx_word' id='word_1_233' title='bbox 403 2075 496 2113; x_wconf 93' lang='lat' dir='ltr'>illud</span> <span class='ocrx_word' id='word_1_234' title='bbox 524 2075 635 2113; x_wconf 91' lang='lat' dir='ltr'>dulce</span> <span class='ocrx_word' id='word_1_235' title='bbox 663 2075 684 2098; x_wconf 59' lang='lat'>*²</span> <span class='ocrx_word' id='word_1_236' title='bbox 710 2075 890 2112; x_wconf 91' lang='lat' dir='ltr'>accrescit</span> <span class='ocrx_word' id='word_1_237' title='bbox 915 2075 1054 2112; x_wconf 88' lang='lat' dir='ltr'>iterum</span> <span class='ocrx_word' id='word_1_238' title='bbox 1081 2076 1121 2113; x_wconf 89' lang='lat' dir='ltr'>in</span> <span class='ocrx_word' id='word_1_239' title='bbox 1149 2075 1300 2114; x_wconf 88' lang='lat' dir='ltr'>salsedi-</span> 
     </span>
     <span class='ocr_line' id='line_1_36' title="bbox 229 2129 1301 2178; baseline -0.002 -10"><span class='ocrx_word' id='word_1_240' title='bbox 229 2132 343 2177; x_wconf 18' lang='lat' dir='ltr'>nemv3</span> <span class='ocrx_word' id='word_1_241' title='bbox 373 2135 411 2165; x_wconf 80' lang='lat' dir='ltr'>et</span> <span class='ocrx_word' id='word_1_242' title='bbox 433 2129 487 2167; x_wconf 91' lang='lat' dir='ltr'>sic</span> <span class='ocrx_word' id='word_1_243' title='bbox 505 2141 612 2166; x_wconf 89' lang='lat' dir='ltr'>mare</span> <span class='ocrx_word' id='word_1_244' title='bbox 645 2141 799 2178; x_wconf 89' lang='lat' dir='ltr'>semper</span> <span class='ocrx_word' id='word_1_245' title='bbox 818 2136 1067 2167; x_wconf 91' lang='lat' dir='ltr'>conservatur</span> <span class='ocrx_word' id='word_1_246' title='bbox 1085 2130 1243 2178; x_wconf 87' lang='lat' dir='ltr'>aequale</span> <span class='ocrx_word' id='word_1_247' title='bbox 1265 2137 1301 2167; x_wconf 92' lang='lat' dir='ltr'>et</span> 
     </span>
     <span class='ocr_line' id='line_1_37' title="bbox 229 2181 1298 2231; baseline 0 -12"><span class='ocrx_word' id='word_1_248' title='bbox 229 2181 496 2231; x_wconf 73' lang='lat' dir='ltr'>inquantitate</span> <span class='ocrx_word' id='word_1_249' title='bbox 525 2189 562 2219; x_wconf 93' lang='lat' dir='ltr'>et</span> <span class='ocrx_word' id='word_1_250' title='bbox 589 2182 629 2220; x_wconf 91' lang='lat' dir='ltr'>in</span> <span class='ocrx_word' id='word_1_251' title='bbox 653 2181 852 2220; x_wconf 89' lang='lat' dir='ltr'>salsedine.</span> <span class='ocrx_word' id='word_1_252' title='bbox 883 2183 932 2219; x_wconf 92' lang='lat' dir='ltr'>Et</span> <span class='ocrx_word' id='word_1_253' title='bbox 949 2183 1025 2219; x_wconf 91' lang='lat' dir='ltr'>hoc</span> <span class='ocrx_word' id='word_1_254' title='bbox 1045 2188 1085 2219; x_wconf 89' lang='lat' dir='ltr'>ut</span> <span class='ocrx_word' id='word_1_255' title='bbox 1101 2183 1154 2220; x_wconf 88' lang='lat' dir='ltr'>ad</span> <span class='ocrx_word' id='word_1_256' title='bbox 1169 2188 1298 2230; x_wconf 87' lang='lat' dir='ltr'>totum,</span> 
     </span>
     <span class='ocr_line' id='line_1_38' title="bbox 228 2234 1299 2285; baseline 0 -13"><span class='ocrx_word' id='word_1_257' title='bbox 228 2234 327 2273; x_wconf 90' lang='lat' dir='ltr'>idest</span> <span class='ocrx_word' id='word_1_258' title='bbox 352 2248 423 2285; x_wconf 91' lang='lat' dir='ltr'>per</span> <span class='ocrx_word' id='word_1_259' title='bbox 442 2236 771 2285; x_wconf 90' lang='lat' dir='ltr'>comparationem</span> <span class='ocrx_word' id='word_1_260' title='bbox 791 2236 839 2273; x_wconf 88' lang='lat' dir='ltr'>ad</span> <span class='ocrx_word' id='word_1_261' title='bbox 863 2242 987 2272; x_wconf 87' lang='lat' dir='ltr'>totum</span> <span class='ocrx_word' id='word_1_262' title='bbox 1007 2247 1126 2283; x_wconf 90' lang='lat' dir='ltr'>mare,</span> <span class='ocrx_word' id='word_1_263' title='bbox 1148 2248 1299 2273; x_wconf 92' lang='lat' dir='ltr'>conser-</span> 
     </span>
     <span class='ocr_line' id='line_1_39' title="bbox 228 2289 1298 2338; baseline 0 -12"><span class='ocrx_word' id='word_1_264' title='bbox 228 2295 342 2326; x_wconf 85' lang='lat' dir='ltr'>vatur</span> <span class='ocrx_word' id='word_1_265' title='bbox 365 2289 524 2338; x_wconf 90' lang='lat' dir='ltr'>aequale</span> <span class='ocrx_word' id='word_1_266' title='bbox 551 2289 614 2326; x_wconf 93' lang='lat' dir='ltr'>vel</span> <span class='ocrx_word' id='word_1_267' title='bbox 643 2289 752 2337; x_wconf 91' lang='lat' dir='ltr'>quasi</span> <span class='ocrx_word' id='word_1_268' title='bbox 771 2290 947 2337; x_wconf 90' lang='lat' dir='ltr'>aequale:</span> <span class='ocrx_word' id='word_1_269' title='bbox 977 2301 1057 2325; x_wconf 90' lang='lat' dir='ltr'>non</span> <span class='ocrx_word' id='word_1_270' title='bbox 1077 2289 1178 2326; x_wconf 90' lang='lat' dir='ltr'>enim</span> <span class='ocrx_word' id='word_1_271' title='bbox 1199 2302 1298 2326; x_wconf 88' lang='grc'><strong>30111-</strong></span> 
     </span>
     <span class='ocr_line' id='line_1_40' title="bbox 227 2340 1269 2392; baseline 0 -13"><span class='ocrx_word' id='word_1_272' title='bbox 227 2353 300 2392; x_wconf 87' lang='lat' dir='ltr'>per</span> <span class='ocrx_word' id='word_1_273' title='bbox 325 2342 512 2392; x_wconf 89' lang='lat' dir='ltr'>punctalis</span> <span class='ocrx_word' id='word_1_274' title='bbox 541 2349 790 2379; x_wconf 87' lang='lat' dir='ltr'>conservatur</span> <span class='ocrx_word' id='word_1_275' title='bbox 821 2342 1014 2391; x_wconf 81' lang='lat' dir='ltr'>praedicta</span> <span class='ocrx_word' id='word_1_276' title='bbox 1041 2342 1231 2391; x_wconf 88' lang='lat' dir='ltr'>quantitas</span> <span class='ocrx_word' id='word_1_277' title='bbox 1245 2340 1269 2380; x_wconf 71' lang='lat'>³.</span> 
     </span>
     <span class='ocr_line' id='line_1_41' title="bbox 284 2395 1300 2445; baseline 0 -13"><span class='ocrx_word' id='word_1_278' title='bbox 284 2395 320 2432; x_wconf 88' lang='lat'>6.</span> <span class='ocrx_word' id='word_1_279' title='bbox 353 2395 574 2432; x_wconf 82' lang='lat' dir='ltr'>Secundam</span> <span class='ocrx_word' id='word_1_280' title='bbox 613 2395 889 2445; x_wconf 73' lang='lat' dir='ltr'>dubitationem</span> <span class='ocrx_word' id='word_1_281' title='bbox 926 2395 1038 2432; x_wconf 87' lang='lat' dir='ltr'>solvit</span> <span class='ocrx_word' id='word_1_282' title='bbox 1074 2395 1147 2432; x_wconf 88' lang='lat' dir='ltr'>ibi:</span> <span class='ocrx_word' id='word_1_283' title='bbox 1190 2396 1300 2437; x_wconf 78' lang='lat' dir='ltr'>Quod</span> 
     </span>
     <span class='ocr_line' id='line_1_42' title="bbox 228 2448 1295 2498; baseline -0.001 -12"><span class='ocrx_word' id='word_1_284' title='bbox 228 2453 355 2486; x_wconf 88' lang='lat' dir='ltr'>autem</span> <span class='ocrx_word' id='word_1_285' title='bbox 381 2450 436 2497; x_wconf 87' lang='lat' dir='ltr'>fit</span> <span class='ocrx_word' id='word_1_286' title='bbox 468 2460 660 2498; x_wconf 78' lang='lat' dir='ltr'>vaporans</span> <span class='ocrx_word' id='word_1_287' title='bbox 689 2456 757 2486; x_wconf 91' lang='lat' dir='ltr'>etc.</span> <span class='ocrx_word' id='word_1_288' title='bbox 798 2450 847 2486; x_wconf 91' lang='lat' dir='ltr'>Et</span> <span class='ocrx_word' id='word_1_289' title='bbox 875 2456 932 2486; x_wconf 88' lang='lat' dir='ltr'>est</span> <span class='ocrx_word' id='word_1_290' title='bbox 958 2449 1055 2485; x_wconf 87' lang='lat' dir='ltr'>haec</span> <span class='ocrx_word' id='word_1_291' title='bbox 1090 2448 1295 2486; x_wconf 89' lang='lat' dir='ltr'>dubitatio:</span> 
     </span>
     <span class='ocr_line' id='line_1_43' title="bbox 230 2501 1297 2550; baseline -0.001 -11"><span class='ocrx_word' id='word_1_292' title='bbox 230 2513 318 2539; x_wconf 90' lang='lat' dir='ltr'>cum</span> <span class='ocrx_word' id='word_1_293' title='bbox 348 2514 448 2550; x_wconf 91' lang='lat' dir='ltr'>aqua</span> <span class='ocrx_word' id='word_1_294' title='bbox 476 2502 592 2539; x_wconf 88' lang='lat' dir='ltr'>maris</span> <span class='ocrx_word' id='word_1_295' title='bbox 622 2502 668 2539; x_wconf 89' lang='lat' dir='ltr'>sit</span> <span class='ocrx_word' id='word_1_296' title='bbox 696 2503 814 2550; x_wconf 86' lang='lat' dir='ltr'>salsa,</span> <span class='ocrx_word' id='word_1_297' title='bbox 843 2502 948 2539; x_wconf 91' lang='lat' dir='ltr'>unde</span> <span class='ocrx_word' id='word_1_298' title='bbox 983 2501 1164 2550; x_wconf 88' lang='lat' dir='ltr'>contingit</span> <span class='ocrx_word' id='word_1_299' title='bbox 1191 2502 1297 2550; x_wconf 92' lang='lat' dir='ltr'>quod</span> 
     </span>
     <span class='ocr_line' id='line_1_44' title="bbox 229 2554 1298 2604; baseline 0 -12"><span class='ocrx_word' id='word_1_300' title='bbox 229 2567 251 2592; x_wconf 91' lang='lat' dir='ltr'>e</span> <span class='ocrx_word' id='word_1_301' title='bbox 277 2554 488 2604; x_wconf 87' lang='lat' dir='ltr'>vaporibus</span> <span class='ocrx_word' id='word_1_302' title='bbox 516 2555 690 2593; x_wconf 92' lang='lat' dir='ltr'>resolutis</span> <span class='ocrx_word' id='word_1_303' title='bbox 708 2561 728 2583; x_wconf 65' lang='grc' dir='ltr'>Ι*</span> <span class='ocrx_word' id='word_1_304' title='bbox 756 2555 804 2592; x_wconf 90' lang='lat' dir='ltr'>ab</span> <span class='ocrx_word' id='word_1_305' title='bbox 833 2568 933 2604; x_wconf 92' lang='lat' dir='ltr'>aqua</span> <span class='ocrx_word' id='word_1_306' title='bbox 961 2555 1077 2600; x_wconf 84' lang='lat' dir='ltr'>maris</span> <span class='ocrx_word' id='word_1_307' title='bbox 1096 2563 1298 2603; x_wconf 86' lang='lat' dir='ltr'>generatur</span> 
     </span>
     <span class='ocr_line' id='line_1_45' title="bbox 228 2607 508 2658; baseline -0.004 -12"><span class='ocrx_word' id='word_1_308' title='bbox 228 2619 329 2658; x_wconf 83' lang='lat' dir='ltr'>aqua</span> <span class='ocrx_word' id='word_1_309' title='bbox 357 2607 508 2646; x_wconf 79' lang='lat' dir='ltr'>dulcis?</span> 
     </span>
     <span class='ocr_line' id='line_1_46' title="bbox 281 2661 1296 2699; baseline -0.001 0"><span class='ocrx_word' id='word_1_310' title='bbox 281 2662 331 2699; x_wconf 92' lang='lat' dir='ltr'>Et</span> <span class='ocrx_word' id='word_1_311' title='bbox 358 2661 408 2699; x_wconf 92' lang='lat' dir='ltr'>ad</span> <span class='ocrx_word' id='word_1_312' title='bbox 434 2663 510 2699; x_wconf 92' lang='lat' dir='ltr'>hoc</span> <span class='ocrx_word' id='word_1_313' title='bbox 533 2661 764 2699; x_wconf 91' lang='lat' dir='ltr'>solvendum</span> <span class='ocrx_word' id='word_1_314' title='bbox 793 2661 897 2698; x_wconf 90' lang='lat' dir='ltr'>dicit:</span> <span class='ocrx_word' id='word_1_315' title='bbox 927 2661 1064 2698; x_wconf 91' lang='lat' dir='ltr'>iterum</span> <span class='ocrx_word' id='word_1_316' title='bbox 1090 2661 1296 2698; x_wconf 91' lang='lat' dir='ltr'>dicendum</span> 
     </span>
     <span class='ocr_line' id='line_1_47' title="bbox 215 2714 1296 2764; baseline -0.001 -12"><span class='ocrx_word' id='word_1_317' title='bbox 215 2721 284 2752; x_wconf 22' lang='lat' dir='ltr'>*est</span> <span class='ocrx_word' id='word_1_318' title='bbox 298 2714 404 2764; x_wconf 93' lang='lat' dir='ltr'>quod</span> <span class='ocrx_word' id='word_1_319' title='bbox 422 2715 515 2752; x_wconf 90' lang='lat' dir='ltr'>illud</span> <span class='ocrx_word' id='word_1_320' title='bbox 529 2715 635 2764; x_wconf 91' lang='lat' dir='ltr'>quod</span> <span class='ocrx_word' id='word_1_321' title='bbox 651 2722 835 2764; x_wconf 90' lang='lat' dir='ltr'>evaporat</span> <span class='ocrx_word' id='word_1_322' title='bbox 854 2714 893 2752; x_wconf 91' lang='lat' dir='ltr'>in</span> <span class='ocrx_word' id='word_1_323' title='bbox 908 2715 1018 2762; x_wconf 91' lang='lat' dir='ltr'>mari,</span> <span class='ocrx_word' id='word_1_324' title='bbox 1035 2715 1190 2763; x_wconf 92' lang='lat' dir='ltr'>quando</span> <span class='ocrx_word' id='word_1_325' title='bbox 1207 2727 1296 2752; x_wconf 89' lang='lat' dir='ltr'>con-</span> 
     </span>
     <span class='ocr_line' id='line_1_48' title="bbox 227 2767 1295 2817; baseline 0 -12"><span class='ocrx_word' id='word_1_326' title='bbox 227 2768 419 2815; x_wconf 88' lang='lat' dir='ltr'>densatur,</span> <span class='ocrx_word' id='word_1_327' title='bbox 439 2769 483 2805; x_wconf 89' lang='lat' dir='ltr'>fit</span> <span class='ocrx_word' id='word_1_328' title='bbox 510 2781 611 2817; x_wconf 90' lang='lat' dir='ltr'>aqua</span> <span class='ocrx_word' id='word_1_329' title='bbox 627 2768 804 2817; x_wconf 90' lang='lat' dir='ltr'>potabilis</span> <span class='ocrx_word' id='word_1_330' title='bbox 830 2775 868 2804; x_wconf 91' lang='lat' dir='ltr'>et</span> <span class='ocrx_word' id='word_1_331' title='bbox 896 2768 1032 2814; x_wconf 89' lang='lat' dir='ltr'>dulcis;</span> <span class='ocrx_word' id='word_1_332' title='bbox 1055 2775 1091 2804; x_wconf 93' lang='lat' dir='ltr'>et</span> <span class='ocrx_word' id='word_1_333' title='bbox 1108 2767 1196 2805; x_wconf 94' lang='lat' dir='ltr'>ideo</span> <span class='ocrx_word' id='word_1_334' title='bbox 1216 2781 1295 2805; x_wconf 92' lang='lat' dir='ltr'>non</span> 
     </span>
     <span class='ocr_line' id='line_1_49' title="bbox 227 2821 1295 2870; baseline 0 -12"><span class='ocrx_word' id='word_1_335' title='bbox 227 2821 460 2859; x_wconf 89' lang='lat' dir='ltr'>convertitur</span> <span class='ocrx_word' id='word_1_336' title='bbox 486 2821 526 2858; x_wconf 90' lang='lat' dir='ltr'>in</span> <span class='ocrx_word' id='word_1_337' title='bbox 553 2833 673 2867; x_wconf 86' lang='lat' dir='ltr'>mare,</span> <span class='ocrx_word' id='word_1_338' title='bbox 694 2821 791 2859; x_wconf 91' lang='lat' dir='ltr'>idest</span> <span class='ocrx_word' id='word_1_339' title='bbox 817 2821 855 2857; x_wconf 92' lang='lat' dir='ltr'>in</span> <span class='ocrx_word' id='word_1_340' title='bbox 884 2833 1025 2870; x_wconf 90' lang='lat' dir='ltr'>aquam</span> <span class='ocrx_word' id='word_1_341' title='bbox 1055 2821 1205 2869; x_wconf 86' lang='lat' dir='ltr'>salsam,</span> <span class='ocrx_word' id='word_1_342' title='bbox 1227 2822 1295 2858; x_wconf 92' lang='lat' dir='ltr'>sed</span> 
     </span>
     <span class='ocr_line' id='line_1_50' title="bbox 225 2874 1292 2924; baseline -0.001 -12"><span class='ocrx_word' id='word_1_343' title='bbox 225 2874 264 2912; x_wconf 91' lang='lat' dir='ltr'>in</span> <span class='ocrx_word' id='word_1_344' title='bbox 283 2887 426 2923; x_wconf 88' lang='lat' dir='ltr'>aquam</span> <span class='ocrx_word' id='word_1_345' title='bbox 445 2874 664 2924; x_wconf 89' lang='lat' dir='ltr'>simpliciter</span> <span class='ocrx_word' id='word_1_346' title='bbox 678 2880 700 2911; x_wconf 72' lang='lat'>⁹.</span> <span class='ocrx_word' id='word_1_347' title='bbox 723 2875 772 2911; x_wconf 91' lang='lat' dir='ltr'>Et</span> <span class='ocrx_word' id='word_1_348' title='bbox 785 2875 860 2911; x_wconf 92' lang='lat' dir='ltr'>hoc</span> <span class='ocrx_word' id='word_1_349' title='bbox 875 2874 978 2911; x_wconf 92' lang='lat' dir='ltr'>idem</span> <span class='ocrx_word' id='word_1_350' title='bbox 993 2874 1187 2923; x_wconf 88' lang='lat' dir='ltr'>patiuntur</span> <span class='ocrx_word' id='word_1_351' title='bbox 1205 2874 1292 2921; x_wconf 84' lang='lat' dir='ltr'>alia3</span> 
     </span>
     <span class='ocr_line' id='line_1_51' title="bbox 226 2927 1293 2972; baseline -0.001 -7"><span class='ocrx_word' id='word_1_352' title='bbox 226 2927 322 2965; x_wconf 90' lang='lat' dir='ltr'>sicut</span> <span class='ocrx_word' id='word_1_353' title='bbox 347 2928 483 2966; x_wconf 92' lang='lat' dir='ltr'>vinum</span> <span class='ocrx_word' id='word_1_354' title='bbox 509 2936 545 2965; x_wconf 93' lang='lat' dir='ltr'>et</span> <span class='ocrx_word' id='word_1_355' title='bbox 574 2940 710 2965; x_wconf 91' lang='lat' dir='ltr'>omnes</span> <span class='ocrx_word' id='word_1_356' title='bbox 728 2928 923 2972; x_wconf 90' lang='lat' dir='ltr'>humores,</span> <span class='ocrx_word' id='word_1_357' title='bbox 946 2940 1035 2964; x_wconf 91' lang='lat' dir='ltr'>curn</span> <span class='ocrx_word' id='word_1_358' title='bbox 1056 2927 1293 2965; x_wconf 92' lang='lat' dir='ltr'>condensan-</span> 
     </span>
     <span class='ocr_line' id='line_1_52' title="bbox 223 2980 1292 3030; baseline -0.001 -12"><span class='ocrx_word' id='word_1_359' title='bbox 223 2988 296 3029; x_wconf 88' lang='lat' dir='ltr'>tur,</span> <span class='ocrx_word' id='word_1_360' title='bbox 313 2989 587 3019; x_wconf 89' lang='lat' dir='ltr'>convertuntur</span> <span class='ocrx_word' id='word_1_361' title='bbox 605 2981 643 3018; x_wconf 94' lang='lat' dir='ltr'>in</span> <span class='ocrx_word' id='word_1_362' title='bbox 663 2993 804 3029; x_wconf 91' lang='lat' dir='ltr'>aquam</span> <span class='ocrx_word' id='word_1_363' title='bbox 825 2980 1060 3030; x_wconf 90' lang='lat' dir='ltr'>simpliciter;</span> <span class='ocrx_word' id='word_1_364' title='bbox 1082 2993 1168 3017; x_wconf 91' lang='lat' dir='ltr'>cum</span> <span class='ocrx_word' id='word_1_365' title='bbox 1191 2981 1292 3018; x_wconf 91' lang='lat' dir='ltr'>enirn</span> 
     </span>
     <span class='ocr_line' id='line_1_53' title="bbox 226 3034 1294 3084; baseline -0.001 -12"><span class='ocrx_word' id='word_1_366' title='bbox 226 3042 453 3084; x_wconf 84' lang='lat' dir='ltr'>evaporant,</span> <span class='ocrx_word' id='word_1_367' title='bbox 483 3047 649 3084; x_wconf 87' lang='lat' dir='ltr'>vapores</span> <span class='ocrx_word' id='word_1_368' title='bbox 685 3034 735 3071; x_wconf 90' lang='lat' dir='ltr'>illi</span> <span class='ocrx_word' id='word_1_369' title='bbox 765 3034 986 3071; x_wconf 91' lang='lat' dir='ltr'>condensati</span> <span class='ocrx_word' id='word_1_370' title='bbox 1021 3041 1294 3071; x_wconf 88' lang='lat' dir='ltr'>convertuntur</span> 
     </span>
     <span class='ocr_line' id='line_1_54' title="bbox 222 3087 1291 3137; baseline -0.001 -12"><span class='ocrx_word' id='word_1_371' title='bbox 222 3087 262 3125; x_wconf 90' lang='lat' dir='ltr'>in</span> <span class='ocrx_word' id='word_1_372' title='bbox 290 3100 443 3137; x_wconf 88' lang='lat' dir='ltr'>aquam.</span> <span class='ocrx_word' id='word_1_373' title='bbox 474 3089 524 3125; x_wconf 93' lang='lat' dir='ltr'>Et</span> <span class='ocrx_word' id='word_1_374' title='bbox 559 3088 671 3125; x_wconf 89' lang='lat' dir='ltr'>huius</span> <span class='ocrx_word' id='word_1_375' title='bbox 700 3087 794 3125; x_wconf 88' lang='lat' dir='ltr'>ratio</span> <span class='ocrx_word' id='word_1_376' title='bbox 825 3095 905 3134; x_wconf 91' lang='lat' dir='ltr'>est,</span> <span class='ocrx_word' id='word_1_377' title='bbox 939 3087 1028 3136; x_wconf 89' lang='lat' dir='ltr'>quia</span> <span class='ocrx_word' id='word_1_378' title='bbox 1061 3087 1291 3136; x_wconf 90' lang='lat' dir='ltr'>principium</span> 
     </span>
     <span class='ocr_line' id='line_1_55' title="bbox 224 3138 1291 3189; baseline -0.001 -11"><span class='ocrx_word' id='word_1_379' title='bbox 224 3141 401 3178; x_wconf 88' lang='lat' dir='ltr'>omnium</span> <span class='ocrx_word' id='word_1_380' title='bbox 419 3142 630 3178; x_wconf 92' lang='lat' dir='ltr'>humorum</span> <span class='ocrx_word' id='word_1_381' title='bbox 647 3148 702 3178; x_wconf 92' lang='lat' dir='ltr'>est</span> <span class='ocrx_word' id='word_1_382' title='bbox 721 3153 820 3189; x_wconf 92' lang='lat' dir='ltr'>aqua</span> <span class='ocrx_word' id='word_1_383' title='bbox 841 3138 871 3187; x_wconf 61' lang='grc' dir='ltr'>ξ,</span> <span class='ocrx_word' id='word_1_384' title='bbox 901 3141 1144 3178; x_wconf 84' lang='lat' dir='ltr'>resolvuntur</span> <span class='ocrx_word' id='word_1_385' title='bbox 1162 3148 1291 3177; x_wconf 91' lang='lat' dir='ltr'>autem</span> 
     </span>
    </p>
   </div>
   <div class='ocr_carea' id='block_1_4' title="bbox 217 3254 1293 3393">
    <p class='ocr_par' dir='ltr' id='par_1_4' title="bbox 221 3254 1293 3321">
     <span class='ocr_line' id='line_1_56' title="bbox 276 3254 1293 3288; baseline 0 -9"><span class='ocrx_word' id='word_1_386' title='bbox 276 3255 302 3288; x_wconf 78' lang='grc' dir='ltr'>κ)</span> <span class='ocrx_word' id='word_1_387' title='bbox 321 3254 385 3287; x_wconf 83' lang='lat' dir='ltr'>quia</span> <span class='ocrx_word' id='word_1_388' title='bbox 404 3255 430 3279; x_wconf 87' lang='lat' dir='ltr'>in</span> <span class='ocrx_word' id='word_1_389' title='bbox 451 3254 603 3280; x_wconf 86' lang='lat' dir='ltr'>huiusmodi</span> <span class='ocrx_word' id='word_1_390' title='bbox 651 3254 730 3279; x_wconf 86' lang='lat' dir='ltr'>sicca.</span> <span class='ocrx_word' id='word_1_391' title='bbox 742 3267 762 3274; x_wconf 85' lang='lat'>—-</span> <span class='ocrx_word' id='word_1_392' title='bbox 775 3255 838 3287; x_wconf 83' lang='lat' dir='ltr'>quia</span> <span class='ocrx_word' id='word_1_393' title='bbox 858 3254 943 3279; x_wconf 83' lang='lat' dir='ltr'>virtus</span> <span class='ocrx_word' id='word_1_394' title='bbox 958 3255 1057 3280; x_wconf 85' lang='lat' dir='ltr'>caloris</span> <span class='ocrx_word' id='word_1_395' title='bbox 1069 3255 1229 3280; x_wconf 82' lang='lat' dir='ltr'>alternantis</span> <span class='ocrx_word' id='word_1_396' title='bbox 1242 3254 1293 3279; x_wconf 87' lang='lat' dir='ltr'>ad-</span> 
     </span>
     <span class='ocr_line' id='line_1_57' title="bbox 221 3289 665 3321; baseline -0.002 -6"><span class='ocrx_word' id='word_1_397' title='bbox 221 3290 274 3316; x_wconf 78' lang='lat' dir='ltr'>huc</span> <span class='ocrx_word' id='word_1_398' title='bbox 292 3293 383 3315; x_wconf 82' lang='lat' dir='ltr'>manet</span> <span class='ocrx_word' id='word_1_399' title='bbox 401 3290 428 3314; x_wconf 85' lang='lat' dir='ltr'>in</span> <span class='ocrx_word' id='word_1_400' title='bbox 443 3289 593 3321; x_wconf 82' lang='lat' dir='ltr'>praedictis</span> <span class='ocrx_word' id='word_1_401' title='bbox 611 3290 665 3314; x_wconf 84' lang='grc' dir='ltr'><strong>ΑΒ.</strong></span> 
     </span>
    </p>

    <p class='ocr_par' dir='ltr' id='par_1_5' title="bbox 217 3324 1292 3393">
     <span class='ocr_line' id='line_1_58' title="bbox 275 3324 1292 3357; baseline -0.001 -7"><span class='ocrx_word' id='word_1_402' title='bbox 275 3324 305 3357; x_wconf 85' lang='grc' dir='ltr'>λ)</span> <span class='ocrx_word' id='word_1_403' title='bbox 324 3328 350 3350; x_wconf 79' lang='lat' dir='ltr'>et</span> <span class='ocrx_word' id='word_1_404' title='bbox 367 3325 417 3350; x_wconf 82' lang='lat' dir='ltr'>hoc</span> <span class='ocrx_word' id='word_1_405' title='bbox 435 3328 466 3349; x_wconf 83' lang='lat' dir='ltr'>ut</span> <span class='ocrx_word' id='word_1_406' title='bbox 482 3325 520 3349; x_wconf 85' lang='lat' dir='ltr'>ad</span> <span class='ocrx_word' id='word_1_407' title='bbox 533 3328 618 3350; x_wconf 81' lang='lat' dir='ltr'>totum</span> <span class='ocrx_word' id='word_1_408' title='bbox 669 3325 814 3357; x_wconf 81' lang='lat' dir='ltr'>quantitas.</span> <span class='ocrx_word' id='word_1_409' title='bbox 827 3339 847 3343; x_wconf 98' lang='lat'><em>-</em></span> <span class='ocrx_word' id='word_1_410' title='bbox 860 3328 886 3349; x_wconf 78' lang='lat' dir='ltr'>et</span> <span class='ocrx_word' id='word_1_411' title='bbox 904 3325 954 3350; x_wconf 87' lang='lat' dir='ltr'>hoc</span> <span class='ocrx_word' id='word_1_412' title='bbox 972 3328 1002 3350; x_wconf 81' lang='lat' dir='ltr'>ut</span> <span class='ocrx_word' id='word_1_413' title='bbox 1019 3325 1057 3350; x_wconf 87' lang='lat' dir='ltr'>ad</span> <span class='ocrx_word' id='word_1_414' title='bbox 1075 3328 1160 3350; x_wconf 79' lang='lat' dir='ltr'>totum</span> <span class='ocrx_word' id='word_1_415' title='bbox 1174 3332 1225 3350; x_wconf 85' lang='lat' dir='ltr'>non</span> <span class='ocrx_word' id='word_1_416' title='bbox 1240 3325 1292 3349; x_wconf 84' lang='lat' dir='ltr'>erit</span> 
     </span>
     <span class='ocr_line' id='line_1_59' title="bbox 217 3360 1290 3393; baseline -0.001 -8"><span class='ocrx_word' id='word_1_417' title='bbox 217 3361 355 3393; x_wconf 77' lang='lat' dir='ltr'>punctalis</span> <span class='ocrx_word' id='word_1_418' title='bbox 373 3363 492 3392; x_wconf 81' lang='lat' dir='ltr'>respectu</span> <span class='ocrx_word' id='word_1_419' title='bbox 511 3360 587 3385; x_wconf 86' lang='lat' dir='ltr'>cuius</span> <span class='ocrx_word' id='word_1_420' title='bbox 605 3363 729 3384; x_wconf 75' lang='lat' dir='ltr'>servatur</span> <span class='ocrx_word' id='word_1_421' title='bbox 747 3360 891 3391; x_wconf 79' lang='lat' dir='ltr'>praedicta</span> <span class='ocrx_word' id='word_1_422' title='bbox 909 3360 1025 3392; x_wconf 78' lang='lat' dir='ltr'>qualitas</span> <span class='ocrx_word' id='word_1_423' title='bbox 1045 3361 1103 3392; x_wconf 85' lang='lat' dir='ltr'>AB;</span> <span class='ocrx_word' id='word_1_424' title='bbox 1128 3365 1187 3384; x_wconf 86' lang='lat' dir='ltr'>ante</span> <span class='ocrx_word' id='word_1_425' title='bbox 1205 3363 1290 3385; x_wconf 85' lang='lat' dir='ltr'>totum</span> 
     </span>
    </p>
   </div>
   <div class='ocr_carea' id='block_1_5' title="bbox 222 3396 1290 3568">
    <p class='ocr_par' dir='ltr' id='par_1_6' title="bbox 224 3396 392 3420">
     <span class='ocr_line' id='line_1_60' title="bbox 224 3396 392 3420; baseline -0.006 0"><span class='ocrx_word' id='word_1_426' title='bbox 224 3396 263 3420; x_wconf 85' lang='lat' dir='ltr'>Pa</span> <span class='ocrx_word' id='word_1_427' title='bbox 281 3403 334 3420; x_wconf 91' lang='lat' dir='ltr'>om.</span> <span class='ocrx_word' id='word_1_428' title='bbox 354 3398 392 3420; x_wconf 81' lang='lat' dir='ltr'>ut.</span> 
     </span>
    </p>

    <p class='ocr_par' dir='ltr' id='par_1_7' title="bbox 222 3429 1289 3497">
     <span class='ocr_line' id='line_1_61' title="bbox 278 3429 1289 3465; baseline 0 -11"><span class='ocrx_word' id='word_1_429' title='bbox 278 3430 306 3465; x_wconf 85' lang='grc' dir='ltr'><strong>μ.)</strong></span> <span class='ocrx_word' id='word_1_430' title='bbox 326 3437 340 3455; x_wconf 91' lang='lat' dir='ltr'>e</span> <span class='ocrx_word' id='word_1_431' title='bbox 358 3429 501 3462; x_wconf 77' lang='lat' dir='ltr'>vaporibus</span> <span class='ocrx_word' id='word_1_432' title='bbox 519 3430 652 3455; x_wconf 77' lang='lat' dir='ltr'>resolutis.</span> <span class='ocrx_word' id='word_1_433' title='bbox 664 3444 684 3449; x_wconf 91' lang='lat'>-</span> <span class='ocrx_word' id='word_1_434' title='bbox 697 3430 840 3461; x_wconf 78' lang='lat' dir='ltr'>vaporibus</span> <span class='ocrx_word' id='word_1_435' title='bbox 859 3430 982 3455; x_wconf 79' lang='lat' dir='ltr'>resolutis</span> <span class='ocrx_word' id='word_1_436' title='bbox 997 3430 1041 3454; x_wconf 82' lang='lat' dir='ltr'>AB</span> <span class='ocrx_word' id='word_1_437' title='bbox 1047 3437 1054 3460; x_wconf 89' lang='lat'>;</span> <span class='ocrx_word' id='word_1_438' title='bbox 1074 3429 1198 3454; x_wconf 81' lang='lat' dir='ltr'>resolutis</span> <span class='ocrx_word' id='word_1_439' title='bbox 1213 3429 1289 3454; x_wconf 87' lang='lat' dir='ltr'>omit-</span> 
     </span>
     <span class='ocr_line' id='line_1_62' title="bbox 222 3465 999 3497; baseline -0.001 -7"><span class='ocrx_word' id='word_1_440' title='bbox 222 3466 286 3490; x_wconf 85' lang='lat' dir='ltr'>titur</span> <span class='ocrx_word' id='word_1_441' title='bbox 304 3473 319 3490; x_wconf 84' lang='lat' dir='ltr'>a</span> <span class='ocrx_word' id='word_1_442' title='bbox 337 3465 385 3490; x_wconf 81' lang='lat' dir='ltr'>Pa.</span> <span class='ocrx_word' id='word_1_443' title='bbox 402 3465 494 3489; x_wconf 86' lang='lat' dir='ltr'>-Post</span> <span class='ocrx_word' id='word_1_444' title='bbox 507 3472 578 3497; x_wconf 86' lang='lat' dir='ltr'>aqua</span> <span class='ocrx_word' id='word_1_445' title='bbox 591 3465 678 3490; x_wconf 88' lang='lat' dir='ltr'>dulcis</span> <span class='ocrx_word' id='word_1_446' title='bbox 695 3465 741 3489; x_wconf 79' lang='lat' dir='ltr'>AB</span> <span class='ocrx_word' id='word_1_447' title='bbox 760 3465 818 3489; x_wconf 84' lang='lat' dir='ltr'>add.</span> <span class='ocrx_word' id='word_1_448' title='bbox 837 3472 904 3497; x_wconf 88' lang='lat' dir='ltr'>quae</span> <span class='ocrx_word' id='word_1_449' title='bbox 918 3465 999 3497; x_wconf 84' lang='lat' dir='ltr'>pluit.</span> 
     </span>
    </p>

    <p class='ocr_par' dir='ltr' id='par_1_8' title="bbox 223 3500 1290 3568">
     <span class='ocr_line' id='line_1_63' title="bbox 277 3500 1289 3533; baseline -0.001 -8"><span class='ocrx_word' id='word_1_450' title='bbox 277 3501 301 3533; x_wconf 89' lang='grc' dir='ltr'>ν)</span> <span class='ocrx_word' id='word_1_451' title='bbox 320 3500 368 3525; x_wconf 84' lang='lat' dir='ltr'>sed</span> <span class='ocrx_word' id='word_1_452' title='bbox 387 3500 413 3525; x_wconf 88' lang='lat' dir='ltr'>in</span> <span class='ocrx_word' id='word_1_453' title='bbox 432 3508 529 3533; x_wconf 85' lang='lat' dir='ltr'>aquam</span> <span class='ocrx_word' id='word_1_454' title='bbox 548 3500 713 3532; x_wconf 83' lang='lat' dir='ltr'>simpliciter.</span> <span class='ocrx_word' id='word_1_455' title='bbox 731 3513 749 3519; x_wconf 94' lang='lat'>—</span> <span class='ocrx_word' id='word_1_456' title='bbox 767 3501 824 3524; x_wconf 88' lang='lat' dir='ltr'>Hoc</span> <span class='ocrx_word' id='word_1_457' title='bbox 842 3508 896 3525; x_wconf 86' lang='lat' dir='ltr'>om.</span> <span class='ocrx_word' id='word_1_458' title='bbox 910 3501 963 3524; x_wconf 86' lang='lat' dir='ltr'>AB.</span> <span class='ocrx_word' id='word_1_459' title='bbox 975 3500 1087 3524; x_wconf 88' lang='lat' dir='ltr'>-Iidem</span> <span class='ocrx_word' id='word_1_460' title='bbox 1108 3504 1232 3532; x_wconf 85' lang='lat' dir='ltr'>pergunt:</span> <span class='ocrx_word' id='word_1_461' title='bbox 1253 3500 1289 3525; x_wconf 77' lang='lat' dir='ltr'>Et</span> 
     </span>
     <span class='ocr_line' id='line_1_64' title="bbox 223 3535 1290 3568; baseline -0.002 -7"><span class='ocrx_word' id='word_1_462' title='bbox 223 3537 304 3561; x_wconf 80' lang='lat' dir='ltr'>etiam</span> <span class='ocrx_word' id='word_1_463' title='bbox 318 3536 465 3568; x_wconf 79' lang='lat' dir='ltr'>patiuntur</span> <span class='ocrx_word' id='word_1_464' title='bbox 482 3535 546 3565; x_wconf 88' lang='lat' dir='ltr'>alia,</span> <span class='ocrx_word' id='word_1_465' title='bbox 561 3535 630 3560; x_wconf 81' lang='lat' dir='ltr'>sicut</span> <span class='ocrx_word' id='word_1_466' title='bbox 648 3536 738 3560; x_wconf 85' lang='lat' dir='ltr'>vinum</span> <span class='ocrx_word' id='word_1_467' title='bbox 757 3538 784 3560; x_wconf 84' lang='lat' dir='ltr'>et</span> <span class='ocrx_word' id='word_1_468' title='bbox 801 3542 892 3560; x_wconf 88' lang='lat' dir='ltr'>omnes</span> <span class='ocrx_word' id='word_1_469' title='bbox 910 3535 1034 3560; x_wconf 85' lang='lat' dir='ltr'>humores</span> <span class='ocrx_word' id='word_1_470' title='bbox 1053 3542 1230 3567; x_wconf 83' lang='lat' dir='ltr'>quaecumque</span> <span class='ocrx_word' id='word_1_471' title='bbox 1242 3541 1290 3560; x_wconf 85' lang='lat' dir='ltr'>va-</span> 
     </span>
    </p>
   </div>
   <div class='ocr_carea' id='block_1_6' title="bbox 218 3570 1288 3639">
    <p class='ocr_par' dir='ltr' id='par_1_9' title="bbox 218 3570 1288 3639">
     <span class='ocr_line' id='line_1_65' title="bbox 218 3570 1019 3604; baseline -0.002 -8"><span class='ocrx_word' id='word_1_472' title='bbox 218 3574 330 3604; x_wconf 73' lang='lat' dir='ltr'>porant,</span> <span class='ocrx_word' id='word_1_473' title='bbox 350 3571 457 3604; x_wconf 77' lang='lat' dir='ltr'>quando</span> <span class='ocrx_word' id='word_1_474' title='bbox 477 3578 589 3603; x_wconf 81' lang='lat' dir='ltr'>vapores</span> <span class='ocrx_word' id='word_1_475' title='bbox 609 3570 647 3595; x_wconf 87' lang='lat' dir='ltr'>illi</span> <span class='ocrx_word' id='word_1_476' title='bbox 665 3571 870 3599; x_wconf 81' lang='lat' dir='ltr'>condensantur,</span> <span class='ocrx_word' id='word_1_477' title='bbox 882 3570 921 3603; x_wconf 82' lang='lat' dir='ltr'>fit</span> <span class='ocrx_word' id='word_1_478' title='bbox 938 3577 1019 3602; x_wconf 84' lang='lat' dir='ltr'>aqua.</span> 
     </span>
     <span class='ocr_line' id='line_1_66' title="bbox 279 3605 1288 3639; baseline -0.002 -7"><span class='ocrx_word' id='word_1_479' title='bbox 279 3605 302 3639; x_wconf 78' lang='grc' dir='ltr'>ξ)</span> <span class='ocrx_word' id='word_1_480' title='bbox 322 3608 360 3632; x_wconf 82' lang='lat' dir='ltr'>Et</span> <span class='ocrx_word' id='word_1_481' title='bbox 378 3607 456 3632; x_wconf 84' lang='lat' dir='ltr'>huius</span> <span class='ocrx_word' id='word_1_482' title='bbox 481 3606 551 3631; x_wconf 81' lang='lat' dir='ltr'>ratio</span> <span class='ocrx_word' id='word_1_483' title='bbox 601 3609 641 3631; x_wconf 80' lang='lat' dir='ltr'>est</span> <span class='ocrx_word' id='word_1_484' title='bbox 659 3613 739 3638; x_wconf 84' lang='lat' dir='ltr'>aqua.</span> <span class='ocrx_word' id='word_1_485' title='bbox 756 3619 775 3625; x_wconf 92' lang='lat'><em>-</em></span> <span class='ocrx_word' id='word_1_486' title='bbox 793 3606 849 3630; x_wconf 83' lang='lat' dir='ltr'>Hoc</span> <span class='ocrx_word' id='word_1_487' title='bbox 868 3613 921 3630; x_wconf 89' lang='lat' dir='ltr'>om.</span> <span class='ocrx_word' id='word_1_488' title='bbox 936 3606 971 3634; x_wconf 87' lang='lat' dir='ltr'>B;</span> <span class='ocrx_word' id='word_1_489' title='bbox 990 3613 1038 3637; x_wconf 89' lang='lat' dir='ltr'>pro</span> <span class='ocrx_word' id='word_1_490' title='bbox 1056 3605 1173 3630; x_wconf 84' lang='lat' dir='ltr'>omnium</span> <span class='ocrx_word' id='word_1_491' title='bbox 1196 3605 1288 3630; x_wconf 85' lang='lat' dir='ltr'>humo-</span> 
     </span>
    </p>
   </div>
   <div class='ocr_carea' id='block_1_7' title="bbox 224 3640 1146 3673">
    <p class='ocr_par' dir='ltr' id='par_1_10' title="bbox 224 3640 1146 3673">
     <span class='ocr_line' id='line_1_67' title="bbox 224 3640 1146 3673; baseline -0.002 -6"><span class='ocrx_word' id='word_1_492' title='bbox 224 3650 292 3671; x_wconf 86' lang='lat' dir='ltr'>rum,</span> <span class='ocrx_word' id='word_1_493' title='bbox 312 3643 482 3668; x_wconf 85' lang='lat' dir='ltr'>humidorum</span> <span class='ocrx_word' id='word_1_494' title='bbox 501 3643 533 3667; x_wconf 86' lang='grc' dir='ltr'><strong>Α.</strong></span> <span class='ocrx_word' id='word_1_495' title='bbox 550 3655 570 3661; x_wconf 92' lang='grc'><strong>-</strong></span> <span class='ocrx_word' id='word_1_496' title='bbox 587 3642 792 3667; x_wconf 79' lang='lat' dir='ltr'>resolvuntur..</span> <span class='ocrx_word' id='word_1_497' title='bbox 806 3647 855 3666; x_wconf 88' lang='lat' dir='ltr'>sua</span> <span class='ocrx_word' id='word_1_498' title='bbox 870 3640 1006 3673; x_wconf 78' lang='lat' dir='ltr'>principia</span> <span class='ocrx_word' id='word_1_499' title='bbox 1025 3648 1078 3665; x_wconf 88' lang='lat' dir='ltr'>om.</span> <span class='ocrx_word' id='word_1_500' title='bbox 1093 3641 1146 3665; x_wconf 84' lang='lat' dir='ltr'>AB.</span> 
     </span>
    </p>
   </div>
   <div class='ocr_carea' id='block_1_8' title="bbox 1342 297 1574 335">
    <p class='ocr_par' dir='ltr' id='par_1_11' title="bbox 1342 297 1574 335">
     <span class='ocr_line' id='line_1_68' title="bbox 1342 297 1574 335; baseline 0.004 -1"><span class='ocrx_word' id='word_1_501' title='bbox 1342 297 1494 335; x_wconf 91' lang='lat' dir='ltr'>LECT.</span> <span class='ocrx_word' id='word_1_502' title='bbox 1523 298 1574 335; x_wconf 90' lang='lat' dir='ltr'>VI</span> 
     </span>
    </p>
   </div>
   <div class='ocr_carea' id='block_1_9' title="bbox 1353 376 2429 2448">
    <p class='ocr_par' dir='ltr' id='par_1_12' title="bbox 1363 376 2429 957">
     <span class='ocr_line' id='line_1_69' title="bbox 1366 376 2428 428; baseline 0.008 -16"><span class='ocrx_word' id='word_1_503' title='bbox 1366 376 1497 413; x_wconf 90' lang='lat' dir='ltr'>omnia</span> <span class='ocrx_word' id='word_1_504' title='bbox 1525 377 1564 414; x_wconf 92' lang='lat' dir='ltr'>in</span> <span class='ocrx_word' id='word_1_505' title='bbox 1591 389 1660 415; x_wconf 89' lang='lat' dir='ltr'>sua</span> <span class='ocrx_word' id='word_1_506' title='bbox 1687 378 1882 428; x_wconf 89' lang='lat' dir='ltr'>principia.</span> <span class='ocrx_word' id='word_1_507' title='bbox 1915 380 2057 417; x_wconf 88' lang='lat' dir='ltr'>Omnia</span> <span class='ocrx_word' id='word_1_508' title='bbox 2095 389 2223 418; x_wconf 91' lang='lat' dir='ltr'>autem</span> <span class='ocrx_word' id='word_1_509' title='bbox 2260 382 2332 420; x_wconf 87' lang='lat' dir='ltr'>alia</span> <span class='ocrx_word' id='word_1_510' title='bbox 2359 384 2428 420; x_wconf 92' lang='lat' dir='ltr'>hu-</span> 
     </span>
     <span class='ocr_line' id='line_1_70' title="bbox 1365 429 2428 483; baseline 0.008 -18"><span class='ocrx_word' id='word_1_511' title='bbox 1365 429 1470 466; x_wconf 90' lang='lat' dir='ltr'>mida</span> <span class='ocrx_word' id='word_1_512' title='bbox 1488 439 1716 478; x_wconf 86' lang='lat' dir='ltr'>generantur</span> <span class='ocrx_word' id='word_1_513' title='bbox 1735 443 1781 468; x_wconf 85' lang='lat' dir='ltr'>ex</span> <span class='ocrx_word' id='word_1_514' title='bbox 1795 444 1895 481; x_wconf 89' lang='lat' dir='ltr'>aqua</span> <span class='ocrx_word' id='word_1_515' title='bbox 1913 433 2011 481; x_wconf 75' lang='lat' dir='ltr'>per*</span> <span class='ocrx_word' id='word_1_516' title='bbox 2030 434 2196 481; x_wconf 88' lang='lat' dir='ltr'>aliquam</span> <span class='ocrx_word' id='word_1_517' title='bbox 2211 436 2428 483; x_wconf 90' lang='lat' dir='ltr'>passionem</span> 
     </span>
     <span class='ocr_line' id='line_1_71' title="bbox 1363 483 2429 537; baseline 0.007 -19"><span class='ocrx_word' id='word_1_518' title='bbox 1363 483 1427 518; x_wconf 90' lang='lat' dir='ltr'>vel</span> <span class='ocrx_word' id='word_1_519' title='bbox 1455 483 1736 530; x_wconf 82' lang='lat' dir='ltr'>alterationem3</span> <span class='ocrx_word' id='word_1_520' title='bbox 1767 497 1866 534; x_wconf 89' lang='lat' dir='ltr'>quae</span> <span class='ocrx_word' id='word_1_521' title='bbox 1893 486 2090 534; x_wconf 88' lang='lat' dir='ltr'>passiones</span> <span class='ocrx_word' id='word_1_522' title='bbox 2117 487 2311 525; x_wconf 85' lang='lat' dir='ltr'>variantur</span> <span class='ocrx_word' id='word_1_523' title='bbox 2341 501 2429 537; x_wconf 92' lang='lat' dir='ltr'>pro-</span> 
     </span>
     <span class='ocr_line' id='line_1_72' title="bbox 1364 537 2427 588; baseline 0.007 -17"><span class='ocrx_word' id='word_1_524' title='bbox 1364 542 1448 582; x_wconf 93' lang='lat' dir='ltr'>pter</span> <span class='ocrx_word' id='word_1_525' title='bbox 1480 537 1772 586; x_wconf 89' lang='lat' dir='ltr'>admixtionem,</span> <span class='ocrx_word' id='word_1_526' title='bbox 1804 546 1840 575; x_wconf 94' lang='lat' dir='ltr'>et</span> <span class='ocrx_word' id='word_1_527' title='bbox 1867 539 1911 575; x_wconf 90' lang='lat' dir='ltr'>fit</span> <span class='ocrx_word' id='word_1_528' title='bbox 1947 551 2062 588; x_wconf 91' lang='lat' dir='ltr'>sapor</span> <span class='ocrx_word' id='word_1_529' title='bbox 2099 540 2179 577; x_wconf 88' lang='lat' dir='ltr'>eius</span> <span class='ocrx_word' id='word_1_530' title='bbox 2216 542 2427 579; x_wconf 91' lang='lat' dir='ltr'>secundum</span> 
     </span>
     <span class='ocr_line' id='line_1_73' title="bbox 1365 588 2428 642; baseline 0.008 -19"><span class='ocrx_word' id='word_1_531' title='bbox 1365 588 1626 627; x_wconf 85' lang='lat' dir='ltr'>conditionem</span> <span class='ocrx_word' id='word_1_532' title='bbox 1647 591 1726 627; x_wconf 92' lang='lat' dir='ltr'>eius</span> <span class='ocrx_word' id='word_1_533' title='bbox 1754 592 1859 640; x_wconf 94' lang='lat' dir='ltr'>quod</span> <span class='ocrx_word' id='word_1_534' title='bbox 1883 592 2074 630; x_wconf 89' lang='lat' dir='ltr'>miscetur.</span> <span class='ocrx_word' id='word_1_535' title='bbox 2095 594 2145 629; x_wconf 92' lang='lat' dir='ltr'>Et</span> <span class='ocrx_word' id='word_1_536' title='bbox 2170 601 2327 642; x_wconf 91' lang='lat' dir='ltr'>propter</span> <span class='ocrx_word' id='word_1_537' title='bbox 2353 595 2428 631; x_wconf 93' lang='lat' dir='ltr'>hoc</span> 
     </span>
     <span class='ocr_line' id='line_1_74' title="bbox 1364 640 2427 696; baseline 0.008 -20"><span class='ocrx_word' id='word_1_538' title='bbox 1364 640 1403 677; x_wconf 92' lang='lat' dir='ltr'>in</span> <span class='ocrx_word' id='word_1_539' title='bbox 1422 643 1666 688; x_wconf 89' lang='lat' dir='ltr'>generatione</span> <span class='ocrx_word' id='word_1_540' title='bbox 1684 644 1852 681; x_wconf 90' lang='lat' dir='ltr'>variatur</span> <span class='ocrx_word' id='word_1_541' title='bbox 1871 657 1983 694; x_wconf 89' lang='lat' dir='ltr'>aqua,</span> <span class='ocrx_word' id='word_1_542' title='bbox 1999 653 2037 682; x_wconf 90' lang='lat' dir='ltr'>et</span> <span class='ocrx_word' id='word_1_543' title='bbox 2054 646 2097 682; x_wconf 92' lang='lat' dir='ltr'>fit</span> <span class='ocrx_word' id='word_1_544' title='bbox 2115 647 2224 683; x_wconf 87' lang='lat' dir='ltr'>salsa.</span> <span class='ocrx_word' id='word_1_545' title='bbox 2243 647 2320 684; x_wconf 91' lang='lat' dir='ltr'>Sed</span> <span class='ocrx_word' id='word_1_546' title='bbox 2340 648 2427 696; x_wconf 90' lang='lat' dir='ltr'>quia</span> 
     </span>
     <span class='ocr_line' id='line_1_75' title="bbox 1364 696 2427 748; baseline 0.008 -19"><span class='ocrx_word' id='word_1_547' title='bbox 1364 696 1671 744; x_wconf 91' lang='lat' dir='ltr'>unumquodque</span> <span class='ocrx_word' id='word_1_548' title='bbox 1687 697 1888 735; x_wconf 91' lang='lat' dir='ltr'>resolvitur</span> <span class='ocrx_word' id='word_1_549' title='bbox 1906 699 1944 735; x_wconf 93' lang='lat' dir='ltr'>in</span> <span class='ocrx_word' id='word_1_550' title='bbox 1964 711 2075 735; x_wconf 90' lang='lat' dir='ltr'>suum</span> <span class='ocrx_word' id='word_1_551' title='bbox 2089 699 2318 748; x_wconf 78' lang='lat' dir='ltr'>prIncipium</span> <span class='ocrx_word' id='word_1_552' title='bbox 2338 700 2427 737; x_wconf 91' lang='lat' dir='ltr'>sim—</span> 
     </span>
     <span class='ocr_line' id='line_1_76' title="bbox 1363 746 2427 801; baseline 0.008 -20"><span class='ocrx_word' id='word_1_553' title='bbox 1363 746 1518 794; x_wconf 89' lang='lat' dir='ltr'>pliciter,</span> <span class='ocrx_word' id='word_1_554' title='bbox 1539 755 1581 784; x_wconf 92' lang='lat' dir='ltr'>ut</span> <span class='ocrx_word' id='word_1_555' title='bbox 1606 749 1748 787; x_wconf 89' lang='lat' dir='ltr'>dictum</span> <span class='ocrx_word' id='word_1_556' title='bbox 1778 758 1844 798; x_wconf 88' lang='lat' dir='ltr'>est,</span> <span class='ocrx_word' id='word_1_557' title='bbox 1867 764 2104 801; x_wconf 91' lang='lat' dir='ltr'>consequens</span> <span class='ocrx_word' id='word_1_558' title='bbox 2125 758 2207 789; x_wconf 83' lang='lat' dir='ltr'>est·</span> <span class='ocrx_word' id='word_1_559' title='bbox 2226 760 2267 789; x_wconf 90' lang='lat' dir='ltr'>ut</span> <span class='ocrx_word' id='word_1_560' title='bbox 2284 761 2362 790; x_wconf 92' lang='lat' dir='ltr'>tam</span> <span class='ocrx_word' id='word_1_561' title='bbox 2381 765 2427 790; x_wconf 87' lang='lat' dir='ltr'>ex</span> 
     </span>
     <span class='ocr_line' id='line_1_77' title="bbox 1364 801 2424 854; baseline 0.009 -20"><span class='ocrx_word' id='word_1_562' title='bbox 1364 811 1464 848; x_wconf 91' lang='lat' dir='ltr'>aqua</span> <span class='ocrx_word' id='word_1_563' title='bbox 1493 801 1607 837; x_wconf 90' lang='lat' dir='ltr'>maris</span> <span class='ocrx_word' id='word_1_564' title='bbox 1635 803 1743 849; x_wconf 88' lang='lat' dir='ltr'>salsa,</span> <span class='ocrx_word' id='word_1_565' title='bbox 1764 816 1880 852; x_wconf 89' lang='lat' dir='ltr'>quarn</span> <span class='ocrx_word' id='word_1_566' title='bbox 1911 817 1955 841; x_wconf 91' lang='lat' dir='ltr'>ex</span> <span class='ocrx_word' id='word_1_567' title='bbox 1980 805 2158 842; x_wconf 90' lang='lat' dir='ltr'>omnibus</span> <span class='ocrx_word' id='word_1_568' title='bbox 2186 806 2424 854; x_wconf 89' lang='lat' dir='ltr'>humoribus,</span> 
     </span>
     <span class='ocr_line' id='line_1_78' title="bbox 1365 851 2425 908; baseline 0.008 -20"><span class='ocrx_word' id='word_1_569' title='bbox 1365 851 1639 901; x_wconf 90' lang='lat' dir='ltr'>cuiuscumque</span> <span class='ocrx_word' id='word_1_570' title='bbox 1659 854 1731 892; x_wconf 94' lang='grc'><strong>31111</strong></span> <span class='ocrx_word' id='word_1_571' title='bbox 1749 857 1913 905; x_wconf 90' lang='lat' dir='ltr'>vaporis,</span> <span class='ocrx_word' id='word_1_572' title='bbox 1934 871 2004 907; x_wconf 93' lang='lat' dir='ltr'>per</span> <span class='ocrx_word' id='word_1_573' title='bbox 2031 859 2344 908; x_wconf 90' lang='lat' dir='ltr'>evaporationem</span> <span class='ocrx_word' id='word_1_574' title='bbox 2363 871 2425 908; x_wconf 87' lang='lat' dir='ltr'>ge-</span> 
     </span>
     <span class='ocr_line' id='line_1_79' title="bbox 1364 907 1901 957; baseline 0.011 -16"><span class='ocrx_word' id='word_1_575' title='bbox 1364 913 1517 943; x_wconf 91' lang='lat' dir='ltr'>neretur</span> <span class='ocrx_word' id='word_1_576' title='bbox 1545 918 1644 955; x_wconf 92' lang='lat' dir='ltr'>aqua</span> <span class='ocrx_word' id='word_1_577' title='bbox 1673 907 1901 957; x_wconf 89' lang='lat' dir='ltr'>simpliciter.</span> 
     </span>
    </p>

    <p class='ocr_par' dir='ltr' id='par_1_13' title="bbox 1354 959 2426 2129">
     <span class='ocr_line' id='line_1_80' title="bbox 1418 959 2425 1013; baseline 0.007 -18"><span class='ocrx_word' id='word_1_578' title='bbox 1418 971 1454 1006; x_wconf 91' lang='lat'>7.</span> <span class='ocrx_word' id='word_1_579' title='bbox 1475 959 1624 997; x_wconf 89' lang='lat' dir='ltr'>Deinde</span> <span class='ocrx_word' id='word_1_580' title='bbox 1645 973 1733 998; x_wconf 89' lang='lat' dir='ltr'>curn</span> <span class='ocrx_word' id='word_1_581' title='bbox 1763 962 1867 999; x_wconf 90' lang='lat' dir='ltr'>dicit:</span> <span class='ocrx_word' id='word_1_582' title='bbox 1896 964 2013 1001; x_wconf 87' lang='lat' dir='ltr'>Nunc</span> <span class='ocrx_word' id='word_1_583' title='bbox 2030 970 2155 1002; x_wconf 89' lang='lat' dir='ltr'>autem</span> <span class='ocrx_word' id='word_1_584' title='bbox 2174 970 2318 1002; x_wconf 87' lang='lat' dir='ltr'>tantum</span> <span class='ocrx_word' id='word_1_585' title='bbox 2338 973 2425 1013; x_wconf 63' lang='lat' dir='ltr'>etc„</span> 
     </span>
     <span class='ocr_line' id='line_1_81' title="bbox 1364 1013 2424 1064; baseline 0.008 -16"><span class='ocrx_word' id='word_1_586' title='bbox 1364 1023 1410 1048; x_wconf 92' lang='lat' dir='ltr'>ex</span> <span class='ocrx_word' id='word_1_587' title='bbox 1447 1013 1625 1050; x_wconf 90' lang='lat' dir='ltr'>omnibus</span> <span class='ocrx_word' id='word_1_588' title='bbox 1661 1015 1878 1062; x_wconf 88' lang='lat' dir='ltr'>praemissis</span> <span class='ocrx_word' id='word_1_589' title='bbox 1907 1017 2044 1064; x_wconf 90' lang='lat' dir='ltr'>colligit</span> <span class='ocrx_word' id='word_1_590' title='bbox 2082 1030 2237 1055; x_wconf 90' lang='lat' dir='ltr'>causam</span> <span class='ocrx_word' id='word_1_591' title='bbox 2267 1018 2314 1055; x_wconf 94' lang='lat' dir='ltr'>de</span> <span class='ocrx_word' id='word_1_592' title='bbox 2353 1019 2424 1056; x_wconf 91' lang='lat' dir='ltr'>sal—</span> 
     </span>
     <span class='ocr_line' id='line_1_82' title="bbox 1363 1065 2426 1117; baseline 0.008 -16"><span class='ocrx_word' id='word_1_593' title='bbox 1363 1065 1494 1102; x_wconf 92' lang='lat' dir='ltr'>sedine</span> <span class='ocrx_word' id='word_1_594' title='bbox 1523 1066 1650 1104; x_wconf 91' lang='lat' dir='ltr'>maris.</span> <span class='ocrx_word' id='word_1_595' title='bbox 1679 1068 1727 1104; x_wconf 90' lang='lat' dir='ltr'>Et</span> <span class='ocrx_word' id='word_1_596' title='bbox 1756 1068 1844 1105; x_wconf 90' lang='lat' dir='ltr'>dicit</span> <span class='ocrx_word' id='word_1_597' title='bbox 1872 1070 1977 1117; x_wconf 92' lang='lat' dir='ltr'>quod</span> <span class='ocrx_word' id='word_1_598' title='bbox 2005 1082 2106 1107; x_wconf 90' lang='lat' dir='ltr'>nunc</span> <span class='ocrx_word' id='word_1_599' title='bbox 2134 1071 2340 1108; x_wconf 91' lang='lat' dir='ltr'>dicendum</span> <span class='ocrx_word' id='word_1_600' title='bbox 2369 1079 2426 1109; x_wconf 91' lang='lat' dir='ltr'>est</span> 
     </span>
     <span class='ocr_line' id='line_1_83' title="bbox 1363 1118 2424 1171; baseline 0.008 -17"><span class='ocrx_word' id='word_1_601' title='bbox 1363 1118 1468 1167; x_wconf 89' lang='lat' dir='ltr'>quod</span> <span class='ocrx_word' id='word_1_602' title='bbox 1493 1131 1646 1169; x_wconf 89' lang='lat' dir='ltr'>semper</span> <span class='ocrx_word' id='word_1_603' title='bbox 1663 1120 1789 1169; x_wconf 88' lang='lat' dir='ltr'>aliqua</span> <span class='ocrx_word' id='word_1_604' title='bbox 1807 1134 1895 1170; x_wconf 90' lang='lat' dir='ltr'>pars</span> <span class='ocrx_word' id='word_1_605' title='bbox 1915 1135 2036 1171; x_wconf 89' lang='lat' dir='ltr'>aquae</span> <span class='ocrx_word' id='word_1_606' title='bbox 2056 1124 2170 1160; x_wconf 91' lang='lat' dir='ltr'>maris</span> <span class='ocrx_word' id='word_1_607' title='bbox 2190 1136 2340 1162; x_wconf 92' lang='lat' dir='ltr'>sursum</span> <span class='ocrx_word' id='word_1_608' title='bbox 2356 1125 2424 1162; x_wconf 91' lang='lat' dir='ltr'>du-</span> 
     </span>
     <span class='ocr_line' id='line_1_84' title="bbox 1363 1171 2423 1226; baseline 0.008 -19"><span class='ocrx_word' id='word_1_609' title='bbox 1363 1171 1458 1208; x_wconf 87' lang='lat' dir='ltr'>citur</span> <span class='ocrx_word' id='word_1_610' title='bbox 1481 1184 1551 1221; x_wconf 91' lang='lat' dir='ltr'>per</span> <span class='ocrx_word' id='word_1_611' title='bbox 1579 1174 1910 1222; x_wconf 91' lang='lat' dir='ltr'>evaporationem,</span> <span class='ocrx_word' id='word_1_612' title='bbox 1936 1183 1971 1212; x_wconf 90' lang='lat' dir='ltr'>et</span> <span class='ocrx_word' id='word_1_613' title='bbox 1995 1176 2038 1212; x_wconf 91' lang='lat' dir='ltr'>fit</span> <span class='ocrx_word' id='word_1_614' title='bbox 2065 1177 2240 1225; x_wconf 91' lang='lat' dir='ltr'>potabilis</span> <span class='ocrx_word' id='word_1_615' title='bbox 2268 1178 2423 1226; x_wconf 90' lang='lat' dir='ltr'>quando</span> 
     </span>
     <span class='ocr_line' id='line_1_85' title="bbox 1363 1225 2423 1279; baseline 0.007 -18"><span class='ocrx_word' id='word_1_616' title='bbox 1363 1225 1634 1263; x_wconf 89' lang='lat' dir='ltr'>condensatur:</span> <span class='ocrx_word' id='word_1_617' title='bbox 1651 1234 1687 1263; x_wconf 93' lang='lat' dir='ltr'>et</span> <span class='ocrx_word' id='word_1_618' title='bbox 1697 1227 1833 1265; x_wconf 88' lang='lat' dir='ltr'>iterum</span> <span class='ocrx_word' id='word_1_619' title='bbox 1851 1241 1938 1265; x_wconf 91' lang='lat' dir='ltr'>cum</span> <span class='ocrx_word' id='word_1_620' title='bbox 1949 1241 2048 1277; x_wconf 91' lang='lat' dir='ltr'>aqua</span> <span class='ocrx_word' id='word_1_621' title='bbox 2060 1230 2258 1268; x_wconf 91' lang='lat' dir='ltr'>desursum</span> <span class='ocrx_word' id='word_1_622' title='bbox 2270 1231 2423 1279; x_wconf 90' lang='lat' dir='ltr'>pluente</span> 
     </span>
     <span class='ocr_line' id='line_1_86' title="bbox 1362 1277 2421 1331; baseline 0.007 -17"><span class='ocrx_word' id='word_1_623' title='bbox 1362 1277 1559 1316; x_wconf 90' lang='lat' dir='ltr'>descendit</span> <span class='ocrx_word' id='word_1_624' title='bbox 1577 1279 1719 1329; x_wconf 88' lang='lat' dir='ltr'>aliquid</span> <span class='ocrx_word' id='word_1_625' title='bbox 1747 1288 1932 1329; x_wconf 88' lang='lat' dir='ltr'>terrestre,</span> <span class='ocrx_word' id='word_1_626' title='bbox 1954 1283 2058 1331; x_wconf 91' lang='lat' dir='ltr'>quod</span> <span class='ocrx_word' id='word_1_627' title='bbox 2077 1295 2156 1320; x_wconf 91' lang='grc'><strong>11011</strong></span> <span class='ocrx_word' id='word_1_628' title='bbox 2185 1284 2251 1320; x_wconf 84' lang='lat' dir='ltr'>fuit</span> <span class='ocrx_word' id='word_1_629' title='bbox 2269 1296 2421 1321; x_wconf 89' lang='lat' dir='ltr'>sursum</span> 
     </span>
     <span class='ocr_line' id='line_1_87' title="bbox 1362 1331 2423 1382; baseline 0.007 -15"><span class='ocrx_word' id='word_1_630' title='bbox 1362 1331 1519 1369; x_wconf 90' lang='lat' dir='ltr'>ductum</span> <span class='ocrx_word' id='word_1_631' title='bbox 1546 1345 1591 1369; x_wconf 89' lang='lat' dir='ltr'>ex</span> <span class='ocrx_word' id='word_1_632' title='bbox 1610 1345 1710 1382; x_wconf 89' lang='lat' dir='ltr'>aqua</span> <span class='ocrx_word' id='word_1_633' title='bbox 1737 1334 1863 1382; x_wconf 91' lang='lat' dir='ltr'>maris,</span> <span class='ocrx_word' id='word_1_634' title='bbox 1885 1335 1953 1372; x_wconf 91' lang='lat' dir='ltr'>sed</span> <span class='ocrx_word' id='word_1_635' title='bbox 1981 1348 2026 1372; x_wconf 93' lang='lat' dir='ltr'>ex</span> <span class='ocrx_word' id='word_1_636' title='bbox 2044 1336 2160 1373; x_wconf 90' lang='lat' dir='ltr'>arida.</span> <span class='ocrx_word' id='word_1_637' title='bbox 2182 1338 2231 1374; x_wconf 88' lang='lat' dir='ltr'>Et</span> <span class='ocrx_word' id='word_1_638' title='bbox 2257 1337 2332 1373; x_wconf 92' lang='lat' dir='ltr'>hoc</span> <span class='ocrx_word' id='word_1_639' title='bbox 2351 1345 2423 1374; x_wconf 90' lang='lat' dir='ltr'>ter-</span> 
     </span>
     <span class='ocr_line' id='line_1_88' title="bbox 1362 1387 2421 1438; baseline 0.006 -17"><span class='ocrx_word' id='word_1_640' title='bbox 1362 1392 1490 1433; x_wconf 91' lang='lat' dir='ltr'>restre,</span> <span class='ocrx_word' id='word_1_641' title='bbox 1510 1393 1667 1435; x_wconf 90' lang='lat' dir='ltr'>propter</span> <span class='ocrx_word' id='word_1_642' title='bbox 1684 1387 1847 1436; x_wconf 88' lang='lat' dir='ltr'>pondus,</span> <span class='ocrx_word' id='word_1_643' title='bbox 1865 1388 2032 1425; x_wconf 91' lang='lat' dir='ltr'>subsidet</span> <span class='ocrx_word' id='word_1_644' title='bbox 2045 1389 2201 1438; x_wconf 91' lang='lat' dir='ltr'>potabili</span> <span class='ocrx_word' id='word_1_645' title='bbox 2217 1397 2253 1426; x_wconf 93' lang='lat' dir='ltr'>et</span> <span class='ocrx_word' id='word_1_646' title='bbox 2266 1389 2286 1411; x_wconf 77' lang='lat'>’¹‘</span> <span class='ocrx_word' id='word_1_647' title='bbox 2306 1390 2421 1436; x_wconf 88' lang='lat' dir='ltr'>dulci;</span> 
     </span>
     <span class='ocr_line' id='line_1_89' title="bbox 1359 1438 2424 1491; baseline 0.006 -17"><span class='ocrx_word' id='word_1_648' title='bbox 1359 1445 1401 1474; x_wconf 91' lang='lat' dir='ltr'>ut</span> <span class='ocrx_word' id='word_1_649' title='bbox 1429 1438 1483 1475; x_wconf 90' lang='grc'>310</span> <span class='ocrx_word' id='word_1_650' title='bbox 1509 1438 1530 1460; x_wconf 71' lang='grc'><em>*</em></span> <span class='ocrx_word' id='word_1_651' title='bbox 1558 1439 1662 1488; x_wconf 90' lang='lat' dir='ltr'>quod</span> <span class='ocrx_word' id='word_1_652' title='bbox 1701 1447 1756 1477; x_wconf 91' lang='lat' dir='ltr'>est</span> <span class='ocrx_word' id='word_1_653' title='bbox 1783 1441 1973 1489; x_wconf 90' lang='lat' dir='ltr'>subtilius,</span> <span class='ocrx_word' id='word_1_654' title='bbox 2002 1442 2122 1490; x_wconf 87' lang='lat' dir='ltr'>magis</span> <span class='ocrx_word' id='word_1_655' title='bbox 2150 1450 2343 1491; x_wconf 89' lang='lat' dir='ltr'>evaporet.</span> <span class='ocrx_word' id='word_1_656' title='bbox 2374 1444 2424 1480; x_wconf 93' lang='lat' dir='ltr'>Et</span> 
     </span>
     <span class='ocr_line' id='line_1_90' title="bbox 1359 1490 2421 1542; baseline 0.006 -15"><span class='ocrx_word' id='word_1_657' title='bbox 1359 1490 1460 1538; x_wconf 92' lang='lat' dir='ltr'>ideo,</span> <span class='ocrx_word' id='word_1_658' title='bbox 1483 1499 1640 1542; x_wconf 90' lang='lat' dir='ltr'>propter</span> <span class='ocrx_word' id='word_1_659' title='bbox 1668 1493 1888 1531; x_wconf 90' lang='lat' dir='ltr'>continuam</span> <span class='ocrx_word' id='word_1_660' title='bbox 1916 1495 2200 1542; x_wconf 89' lang='lat' dir='ltr'>generationem</span> <span class='ocrx_word' id='word_1_661' title='bbox 2230 1503 2266 1532; x_wconf 91' lang='lat' dir='ltr'>et</span> <span class='ocrx_word' id='word_1_662' title='bbox 2294 1508 2421 1533; x_wconf 90' lang='lat' dir='ltr'>corru—</span> 
     </span>
     <span class='ocr_line' id='line_1_91' title="bbox 1359 1544 2422 1595; baseline 0.005 -14"><span class='ocrx_word' id='word_1_663' title='bbox 1359 1544 1544 1593; x_wconf 84' lang='lat' dir='ltr'>ptionem,</span> <span class='ocrx_word' id='word_1_664' title='bbox 1565 1557 1644 1582; x_wconf 91' lang='lat' dir='ltr'>non</span> <span class='ocrx_word' id='word_1_665' title='bbox 1673 1546 1800 1583; x_wconf 89' lang='lat' dir='ltr'>deficit</span> <span class='ocrx_word' id='word_1_666' title='bbox 1826 1559 1943 1594; x_wconf 89' lang='lat' dir='ltr'>mare,</span> <span class='ocrx_word' id='word_1_667' title='bbox 1973 1548 2069 1584; x_wconf 91' lang='lat' dir='ltr'>sicut</span> <span class='ocrx_word' id='word_1_668' title='bbox 2096 1560 2168 1585; x_wconf 91' lang='lat' dir='ltr'>nec</span> <span class='ocrx_word' id='word_1_669' title='bbox 2195 1548 2320 1595; x_wconf 92' lang='lat' dir='ltr'>fluvii;</span> <span class='ocrx_word' id='word_1_670' title='bbox 2350 1549 2422 1586; x_wconf 91' lang='lat' dir='ltr'>nisi</span> 
     </span>
     <span class='ocr_line' id='line_1_92' title="bbox 1359 1597 2420 1648; baseline 0.005 -14"><span class='ocrx_word' id='word_1_671' title='bbox 1359 1597 1455 1634; x_wconf 89' lang='lat' dir='ltr'>forte</span> <span class='ocrx_word' id='word_1_672' title='bbox 1482 1598 1557 1635; x_wconf 91' lang='lat' dir='ltr'>hoc</span> <span class='ocrx_word' id='word_1_673' title='bbox 1585 1599 1731 1636; x_wconf 92' lang='lat' dir='ltr'>accidat</span> <span class='ocrx_word' id='word_1_674' title='bbox 1758 1599 1795 1636; x_wconf 91' lang='lat' dir='ltr'>in</span> <span class='ocrx_word' id='word_1_675' title='bbox 1824 1600 2010 1648; x_wconf 90' lang='lat' dir='ltr'>aliquibus</span> <span class='ocrx_word' id='word_1_676' title='bbox 2030 1601 2132 1648; x_wconf 89' lang='lat' dir='ltr'>locis,</span> <span class='ocrx_word' id='word_1_677' title='bbox 2153 1609 2230 1638; x_wconf 89' lang='grc'><strong>13111</strong></span> <span class='ocrx_word' id='word_1_678' title='bbox 2258 1601 2296 1639; x_wconf 83' lang='grc'>111</span> <span class='ocrx_word' id='word_1_679' title='bbox 2324 1602 2420 1639; x_wconf 84' lang='grc'><strong>111311</strong></span> 
     </span>
     <span class='ocr_line' id='line_1_93' title="bbox 1359 1651 2420 1703; baseline 0.005 -16"><span class='ocrx_word' id='word_1_680' title='bbox 1359 1663 1477 1699; x_wconf 90' lang='lat' dir='ltr'>quam</span> <span class='ocrx_word' id='word_1_681' title='bbox 1505 1651 1543 1688; x_wconf 91' lang='lat' dir='ltr'>in</span> <span class='ocrx_word' id='word_1_682' title='bbox 1571 1652 1712 1699; x_wconf 90' lang='lat' dir='ltr'>fluviis,</span> <span class='ocrx_word' id='word_1_683' title='bbox 1740 1653 1952 1690; x_wconf 90' lang='lat' dir='ltr'>secundum</span> <span class='ocrx_word' id='word_1_684' title='bbox 1980 1654 2124 1703; x_wconf 90' lang='lat' dir='ltr'>aliquas</span> <span class='ocrx_word' id='word_1_685' title='bbox 2153 1654 2420 1692; x_wconf 89' lang='lat' dir='ltr'>determinatas</span> 
     </span>
     <span class='ocr_line' id='line_1_94' title="bbox 1357 1704 2421 1758; baseline 0.005 -17"><span class='ocrx_word' id='word_1_686' title='bbox 1357 1704 1550 1753; x_wconf 92' lang='lat' dir='ltr'>periodos,</span> <span class='ocrx_word' id='word_1_687' title='bbox 1566 1712 1608 1742; x_wconf 92' lang='lat' dir='ltr'>ut</span> <span class='ocrx_word' id='word_1_688' title='bbox 1622 1717 1737 1754; x_wconf 89' lang='lat' dir='ltr'>supra</span> <span class='ocrx_word' id='word_1_689' title='bbox 1752 1705 1896 1743; x_wconf 88' lang='lat' dir='ltr'>dictum</span> <span class='ocrx_word' id='word_1_690' title='bbox 1910 1706 1931 1728; x_wconf 76' lang='lat'>&#39;¹‘</span> <span class='ocrx_word' id='word_1_691' title='bbox 1946 1714 2011 1744; x_wconf 89' lang='lat' dir='ltr'>est.</span> <span class='ocrx_word' id='word_1_692' title='bbox 2029 1708 2113 1744; x_wconf 94' lang='lat' dir='ltr'>Nec</span> <span class='ocrx_word' id='word_1_693' title='bbox 2126 1715 2254 1745; x_wconf 88' lang='lat' dir='ltr'>tamen</span> <span class='ocrx_word' id='word_1_694' title='bbox 2268 1721 2421 1758; x_wconf 91' lang='lat' dir='ltr'>semper</span> 
     </span>
     <span class='ocr_line' id='line_1_95' title="bbox 1359 1758 2419 1809; baseline 0.005 -15"><span class='ocrx_word' id='word_1_695' title='bbox 1359 1758 1520 1795; x_wconf 91' lang='lat' dir='ltr'>eaedem</span> <span class='ocrx_word' id='word_1_696' title='bbox 1552 1766 1679 1807; x_wconf 89' lang='lat' dir='ltr'>partes</span> <span class='ocrx_word' id='word_1_697' title='bbox 1708 1767 1906 1796; x_wconf 90' lang='lat' dir='ltr'>remanent</span> <span class='ocrx_word' id='word_1_698' title='bbox 1942 1768 2007 1797; x_wconf 90' lang='lat' dir='ltr'>aut</span> <span class='ocrx_word' id='word_1_699' title='bbox 2034 1761 2148 1798; x_wconf 91' lang='lat' dir='ltr'>maris</span> <span class='ocrx_word' id='word_1_700' title='bbox 2186 1769 2250 1798; x_wconf 88' lang='lat' dir='ltr'>aut</span> <span class='ocrx_word' id='word_1_701' title='bbox 2277 1769 2419 1809; x_wconf 89' lang='lat' dir='ltr'>terrae,</span> 
     </span>
     <span class='ocr_line' id='line_1_96' title="bbox 1358 1811 2421 1864; baseline 0.005 -17"><span class='ocrx_word' id='word_1_702' title='bbox 1358 1811 1426 1848; x_wconf 91' lang='lat' dir='ltr'>sed</span> <span class='ocrx_word' id='word_1_703' title='bbox 1445 1812 1571 1848; x_wconf 90' lang='lat' dir='ltr'>solum</span> <span class='ocrx_word' id='word_1_704' title='bbox 1591 1818 1669 1848; x_wconf 90' lang='lat' dir='ltr'>tota</span> <span class='ocrx_word' id='word_1_705' title='bbox 1689 1813 1812 1849; x_wconf 89' lang='lat' dir='ltr'>moles</span> <span class='ocrx_word' id='word_1_706' title='bbox 1830 1812 2037 1862; x_wconf 89' lang='lat' dir='ltr'>utriusque.</span> <span class='ocrx_word' id='word_1_707' title='bbox 2069 1814 2131 1851; x_wconf 91' lang='lat' dir='ltr'>Sic</span> <span class='ocrx_word' id='word_1_708' title='bbox 2151 1814 2252 1851; x_wconf 91' lang='lat' dir='ltr'>enim</span> <span class='ocrx_word' id='word_1_709' title='bbox 2271 1822 2421 1864; x_wconf 91' lang='lat' dir='ltr'>oportet</span> 
     </span>
     <span class='ocr_line' id='line_1_97' title="bbox 1358 1864 2418 1916; baseline 0.005 -16"><span class='ocrx_word' id='word_1_710' title='bbox 1358 1864 1572 1901; x_wconf 89' lang='lat' dir='ltr'>existimare</span> <span class='ocrx_word' id='word_1_711' title='bbox 1590 1864 1611 1886; x_wconf 73' lang='lat'>³¹⁶</span> <span class='ocrx_word' id='word_1_712' title='bbox 1640 1865 1688 1902; x_wconf 93' lang='lat' dir='ltr'>de</span> <span class='ocrx_word' id='word_1_713' title='bbox 1715 1873 1833 1913; x_wconf 90' lang='lat' dir='ltr'>terra,</span> <span class='ocrx_word' id='word_1_714' title='bbox 1864 1866 1959 1903; x_wconf 91' lang='lat' dir='ltr'>sicut</span> <span class='ocrx_word' id='word_1_715' title='bbox 1987 1867 2035 1904; x_wconf 94' lang='lat' dir='ltr'>de</span> <span class='ocrx_word' id='word_1_716' title='bbox 2062 1867 2179 1915; x_wconf 86' lang='lat' dir='ltr'>mari,</span> <span class='ocrx_word' id='word_1_717' title='bbox 2209 1869 2314 1916; x_wconf 92' lang='lat' dir='ltr'>quod</span> <span class='ocrx_word' id='word_1_718' title='bbox 2341 1881 2418 1905; x_wconf 91' lang='lat' dir='ltr'>una</span> 
     </span>
     <span class='ocr_line' id='line_1_98' title="bbox 1355 1919 2420 1968; baseline 0.004 -14"><span class='ocrx_word' id='word_1_719' title='bbox 1355 1930 1443 1967; x_wconf 90' lang='lat' dir='ltr'>pars</span> <span class='ocrx_word' id='word_1_720' title='bbox 1472 1930 1623 1955; x_wconf 88' lang='lat' dir='ltr'>sursum</span> <span class='ocrx_word' id='word_1_721' title='bbox 1653 1919 1823 1956; x_wconf 89' lang='lat' dir='ltr'>elevatur</span> <span class='ocrx_word' id='word_1_722' title='bbox 1858 1931 1926 1968; x_wconf 93' lang='lat' dir='ltr'>per</span> <span class='ocrx_word' id='word_1_723' title='bbox 1958 1920 2255 1968; x_wconf 88' lang='lat' dir='ltr'>exhalationem,</span> <span class='ocrx_word' id='word_1_724' title='bbox 2286 1929 2322 1958; x_wconf 93' lang='lat' dir='ltr'>et</span> <span class='ocrx_word' id='word_1_725' title='bbox 2349 1921 2420 1958; x_wconf 91' lang='lat' dir='ltr'>alia</span> 
     </span>
     <span class='ocr_line' id='line_1_99' title="bbox 1357 1971 2420 2022; baseline 0.003 -14"><span class='ocrx_word' id='word_1_726' title='bbox 1357 1971 1570 2017; x_wconf 90' lang='lat' dir='ltr'>descendit;</span> <span class='ocrx_word' id='word_1_727' title='bbox 1599 1978 1635 2008; x_wconf 92' lang='lat' dir='ltr'>et</span> <span class='ocrx_word' id='word_1_728' title='bbox 1654 1972 1758 2020; x_wconf 91' lang='lat' dir='ltr'>quod</span> <span class='ocrx_word' id='word_1_729' title='bbox 1779 1972 1891 2009; x_wconf 91' lang='lat' dir='ltr'>etiarn</span> <span class='ocrx_word' id='word_1_730' title='bbox 1911 1972 1972 2009; x_wconf 89' lang='lat' dir='ltr'>illa</span> <span class='ocrx_word' id='word_1_731' title='bbox 2001 1986 2097 2022; x_wconf 92' lang='lat' dir='ltr'>quae</span> <span class='ocrx_word' id='word_1_732' title='bbox 2123 1982 2365 2022; x_wconf 91' lang='lat' dir='ltr'>supernatant</span> <span class='ocrx_word' id='word_1_733' title='bbox 2384 1982 2420 2011; x_wconf 89' lang='lat' dir='ltr'>et</span> 
     </span>
     <span class='ocr_line' id='line_1_100' title="bbox 1356 2024 2417 2077; baseline 0.003 -16"><span class='ocrx_word' id='word_1_734' title='bbox 1356 2037 1454 2072; x_wconf 92' lang='lat' dir='ltr'>quae</span> <span class='ocrx_word' id='word_1_735' title='bbox 1484 2024 1731 2072; x_wconf 89' lang='lat' dir='ltr'>descendunt,</span> <span class='ocrx_word' id='word_1_736' title='bbox 1761 2032 2012 2063; x_wconf 85' lang='lat' dir='ltr'>transmutant</span> <span class='ocrx_word' id='word_1_737' title='bbox 2039 2027 2134 2075; x_wconf 91' lang='lat' dir='ltr'>loca,</span> <span class='ocrx_word' id='word_1_738' title='bbox 2154 2035 2196 2064; x_wconf 92' lang='lat' dir='ltr'>ut</span> <span class='ocrx_word' id='word_1_739' title='bbox 2223 2027 2276 2064; x_wconf 92' lang='lat' dir='ltr'>sic</span> <span class='ocrx_word' id='word_1_740' title='bbox 2304 2040 2417 2077; x_wconf 93' lang='lat' dir='ltr'>quae-</span> 
     </span>
     <span class='ocr_line' id='line_1_101' title="bbox 1354 2077 2364 2129; baseline 0.003 -15"><span class='ocrx_word' id='word_1_741' title='bbox 1354 2077 1446 2114; x_wconf 90' lang='lat' dir='ltr'>libet</span> <span class='ocrx_word' id='word_1_742' title='bbox 1462 2091 1550 2127; x_wconf 90' lang='lat' dir='ltr'>pars</span> <span class='ocrx_word' id='word_1_743' title='bbox 1569 2077 1764 2127; x_wconf 84' lang='lat' dir='ltr'>utriusque</span> <span class='ocrx_word' id='word_1_744' title='bbox 1785 2079 1977 2128; x_wconf 87' lang='lat' dir='ltr'>corrumpi</span> <span class='ocrx_word' id='word_1_745' title='bbox 1997 2087 2033 2117; x_wconf 90' lang='lat' dir='ltr'>et</span> <span class='ocrx_word' id='word_1_746' title='bbox 2051 2080 2222 2127; x_wconf 87' lang='lat' dir='ltr'>generari</span> <span class='ocrx_word' id='word_1_747' title='bbox 2235 2080 2364 2129; x_wconf 89' lang='lat' dir='ltr'>possit.</span> 
     </span>
    </p>

    <p class='ocr_par' dir='ltr' id='par_1_14' title="bbox 1353 2131 2418 2448">
     <span class='ocr_line' id='line_1_102' title="bbox 1410 2131 2418 2182; baseline 0.003 -15"><span class='ocrx_word' id='word_1_748' title='bbox 1410 2131 1743 2168; x_wconf 89' lang='lat' dir='ltr'>Considerandum</span> <span class='ocrx_word' id='word_1_749' title='bbox 1770 2139 1826 2169; x_wconf 92' lang='lat' dir='ltr'>est</span> <span class='ocrx_word' id='word_1_750' title='bbox 1857 2140 1984 2169; x_wconf 91' lang='lat' dir='ltr'>autem</span> <span class='ocrx_word' id='word_1_751' title='bbox 2013 2133 2119 2181; x_wconf 92' lang='lat' dir='ltr'>quod</span> <span class='ocrx_word' id='word_1_752' title='bbox 2147 2146 2261 2182; x_wconf 90' lang='lat' dir='ltr'>supra</span> <span class='ocrx_word' id='word_1_753' title='bbox 2287 2133 2308 2156; x_wconf 83' lang='lat'><strong>*</strong></span> <span class='ocrx_word' id='word_1_754' title='bbox 2334 2134 2418 2170; x_wconf 90' lang='lat' dir='ltr'>Ari-</span> 
     </span>
     <span class='ocr_line' id='line_1_103' title="bbox 1354 2185 2418 2234; baseline 0.004 -14"><span class='ocrx_word' id='word_1_755' title='bbox 1354 2185 1526 2231; x_wconf 91' lang='lat' dir='ltr'>stoteles,</span> <span class='ocrx_word' id='word_1_756' title='bbox 1557 2197 1713 2222; x_wconf 89' lang='lat' dir='ltr'>causam</span> <span class='ocrx_word' id='word_1_757' title='bbox 1742 2185 1937 2222; x_wconf 90' lang='lat' dir='ltr'>salsedinis</span> <span class='ocrx_word' id='word_1_758' title='bbox 1965 2186 2080 2223; x_wconf 90' lang='lat' dir='ltr'>maris</span> <span class='ocrx_word' id='word_1_759' title='bbox 2108 2186 2321 2234; x_wconf 89' lang='lat' dir='ltr'>assignans,</span> <span class='ocrx_word' id='word_1_760' title='bbox 2351 2187 2418 2224; x_wconf 92' lang='lat' dir='ltr'>ubi</span> 
     </span>
     <span class='ocr_line' id='line_1_104' title="bbox 1353 2237 2415 2288; baseline 0.003 -14"><span class='ocrx_word' id='word_1_761' title='bbox 1353 2237 1526 2274; x_wconf 91' lang='lat' dir='ltr'>tractavit</span> <span class='ocrx_word' id='word_1_762' title='bbox 1553 2237 1601 2274; x_wconf 92' lang='lat' dir='ltr'>de</span> <span class='ocrx_word' id='word_1_763' title='bbox 1629 2238 1715 2274; x_wconf 92' lang='lat' dir='ltr'>loco</span> <span class='ocrx_word' id='word_1_764' title='bbox 1744 2238 1903 2275; x_wconf 89' lang='lat' dir='ltr'>naturali</span> <span class='ocrx_word' id='word_1_765' title='bbox 1931 2251 2064 2287; x_wconf 92' lang='lat' dir='ltr'>aquae,</span> <span class='ocrx_word' id='word_1_766' title='bbox 2095 2239 2184 2276; x_wconf 87' lang='lat' dir='ltr'>dixit</span> <span class='ocrx_word' id='word_1_767' title='bbox 2212 2240 2316 2288; x_wconf 94' lang='lat' dir='ltr'>quod</span> <span class='ocrx_word' id='word_1_768' title='bbox 2345 2240 2415 2277; x_wconf 90' lang='lat' dir='ltr'>sal-</span> 
     </span>
     <span class='ocr_line' id='line_1_105' title="bbox 1353 2290 2417 2342; baseline 0.004 -16"><span class='ocrx_word' id='word_1_769' title='bbox 1353 2290 1446 2327; x_wconf 93' lang='lat' dir='ltr'>sedo</span> <span class='ocrx_word' id='word_1_770' title='bbox 1463 2290 1578 2327; x_wconf 91' lang='lat' dir='ltr'>maris</span> <span class='ocrx_word' id='word_1_771' title='bbox 1587 2298 1769 2339; x_wconf 34' lang='lat' dir='ltr'>,causatur</span> <span class='ocrx_word' id='word_1_772' title='bbox 1783 2303 1852 2339; x_wconf 94' lang='lat' dir='ltr'>per</span> <span class='ocrx_word' id='word_1_773' title='bbox 1871 2292 2184 2340; x_wconf 90' lang='lat' dir='ltr'>evaporationem</span> <span class='ocrx_word' id='word_1_774' title='bbox 2207 2293 2287 2330; x_wconf 91' lang='lat' dir='ltr'>eius</span> <span class='ocrx_word' id='word_1_775' title='bbox 2312 2293 2417 2342; x_wconf 92' lang='lat' dir='ltr'>quod</span> 
     </span>
     <span class='ocr_line' id='line_1_106' title="bbox 1353 2343 2414 2394; baseline 0.004 -15"><span class='ocrx_word' id='word_1_776' title='bbox 1353 2351 1409 2380; x_wconf 92' lang='lat' dir='ltr'>est</span> <span class='ocrx_word' id='word_1_777' title='bbox 1428 2343 1562 2380; x_wconf 88' lang='lat' dir='ltr'>subtile</span> <span class='ocrx_word' id='word_1_778' title='bbox 1583 2350 1619 2380; x_wconf 91' lang='lat' dir='ltr'>et</span> <span class='ocrx_word' id='word_1_779' title='bbox 1638 2344 1758 2380; x_wconf 93' lang='lat' dir='ltr'>dulce.</span> <span class='ocrx_word' id='word_1_780' title='bbox 1775 2344 1882 2381; x_wconf 93' lang='lat' dir='ltr'>Haec</span> <span class='ocrx_word' id='word_1_781' title='bbox 1901 2353 2028 2381; x_wconf 91' lang='lat' dir='ltr'>autem</span> <span class='ocrx_word' id='word_1_782' title='bbox 2051 2358 2165 2382; x_wconf 91' lang='lat' dir='ltr'>causa</span> <span class='ocrx_word' id='word_1_783' title='bbox 2183 2346 2285 2382; x_wconf 92' lang='lat' dir='ltr'>nulla</span> <span class='ocrx_word' id='word_1_784' title='bbox 2306 2354 2414 2394; x_wconf 88' lang='lat' dir='ltr'>esset,</span> 
     </span>
     <span class='ocr_line' id='line_1_107' title="bbox 1353 2396 2415 2448; baseline 0.003 -15"><span class='ocrx_word' id='word_1_785' title='bbox 1353 2396 1383 2433; x_wconf 93' lang='lat' dir='ltr'>si</span> <span class='ocrx_word' id='word_1_786' title='bbox 1402 2396 1441 2433; x_wconf 92' lang='lat' dir='ltr'>in</span> <span class='ocrx_word' id='word_1_787' title='bbox 1461 2409 1561 2445; x_wconf 86' lang='lat' dir='ltr'>aqua</span> <span class='ocrx_word' id='word_1_788' title='bbox 1580 2396 1694 2433; x_wconf 87' lang='lat' dir='ltr'>maris</span> <span class='ocrx_word' id='word_1_789' title='bbox 1720 2397 1810 2433; x_wconf 91' lang='lat' dir='ltr'>nihil</span> <span class='ocrx_word' id='word_1_790' title='bbox 1830 2397 1997 2434; x_wconf 89' lang='lat' dir='ltr'>alienum</span> <span class='ocrx_word' id='word_1_791' title='bbox 2018 2398 2305 2436; x_wconf 89' lang='lat' dir='ltr'>admisceretur:</span> <span class='ocrx_word' id='word_1_792' title='bbox 2327 2399 2415 2448; x_wconf 92' lang='lat' dir='ltr'>quia</span> 
     </span>
    </p>
   </div>
   <div class='ocr_carea' id='block_1_10' title="bbox 2354 306 2431 352">
    <p class='ocr_par' dir='ltr' id='par_1_15' title="bbox 2354 306 2431 352">
     <span class='ocr_line' id='line_1_108' title="bbox 2354 306 2431 352; baseline 0.013 -11"><span class='ocrx_word' id='word_1_793' title='bbox 2354 306 2431 352; x_wconf 89' lang='grc'>405</span> 
     </span>
    </p>
   </div>
   <div class='ocr_carea' id='block_1_11' title="bbox 2459 450 2657 474">
    <p class='ocr_par' dir='ltr' id='par_1_16' title="bbox 2459 450 2657 474">
     <span class='ocr_line' id='line_1_109' title="bbox 2459 450 2657 474; baseline 0.02 -4"><span class='ocrx_word' id='word_1_794' title='bbox 2459 451 2468 459; x_wconf 88' lang='grc'>·</span> <span class='ocrx_word' id='word_1_795' title='bbox 2482 450 2605 472; x_wconf 77' lang='lat' dir='ltr'>secundum</span> <span class='ocrx_word' id='word_1_796' title='bbox 2618 457 2657 474; x_wconf 71' lang='grc' dir='ltr'>ΑΒ.</span> 
     </span>
    </p>
   </div>
   <div class='ocr_carea' id='block_1_12' title="bbox 2449 1399 2586 1422">
    <p class='ocr_par' dir='ltr' id='par_1_17' title="bbox 2449 1399 2586 1422">
     <span class='ocr_line' id='line_1_110' title="bbox 2449 1399 2586 1422; baseline 0.015 -2"><span class='ocrx_word' id='word_1_797' title='bbox 2449 1399 2461 1410; x_wconf 70' lang='grc'><em>“</em></span> <span class='ocrx_word' id='word_1_798' title='bbox 2474 1399 2537 1420; x_wconf 79' lang='lat' dir='ltr'>idest</span> <span class='ocrx_word' id='word_1_799' title='bbox 2547 1406 2586 1422; x_wconf 76' lang='lat' dir='ltr'>AB.</span> 
     </span>
    </p>
   </div>
   <div class='ocr_carea' id='block_1_13' title="bbox 2449 1447 2661 1496">
    <p class='ocr_par' dir='ltr' id='par_1_18' title="bbox 2449 1447 2661 1496">
     <span class='ocr_line' id='line_1_111' title="bbox 2449 1447 2661 1476; baseline 0.009 -8"><span class='ocrx_word' id='word_1_800' title='bbox 2449 1447 2460 1458; x_wconf 73' lang='lat'>⁸</span> <span class='ocrx_word' id='word_1_801' title='bbox 2480 1453 2530 1469; x_wconf 86' lang='lat' dir='ltr'>cum</span> <span class='ocrx_word' id='word_1_802' title='bbox 2549 1448 2581 1469; x_wconf 76' lang='lat' dir='ltr'>sit</span> <span class='ocrx_word' id='word_1_803' title='bbox 2597 1449 2661 1476; x_wconf 83' lang='lat' dir='ltr'>quod</span> 
     </span>
     <span class='ocr_line' id='line_1_112' title="bbox 2449 1473 2526 1496; baseline 0.013 -1"><span class='ocrx_word' id='word_1_804' title='bbox 2449 1473 2475 1495; x_wconf 84' lang='lat' dir='ltr'>id</span> <span class='ocrx_word' id='word_1_805' title='bbox 2487 1480 2526 1496; x_wconf 75' lang='lat' dir='ltr'>ra.</span> 
     </span>
    </p>
   </div>
   <div class='ocr_carea' id='block_1_14' title="bbox 2446 1718 2656 1746">
    <p class='ocr_par' dir='ltr' id='par_1_19' title="bbox 2446 1718 2656 1746">
     <span class='ocr_line' id='line_1_113' title="bbox 2446 1718 2656 1746; baseline 0.005 -6"><span class='ocrx_word' id='word_1_806' title='bbox 2446 1719 2458 1729; x_wconf 67' lang='lat'>⁵</span> <span class='ocrx_word' id='word_1_807' title='bbox 2465 1718 2592 1746; x_wconf 82' lang='lat' dir='ltr'>Lib.1‚1ect.</span> <span class='ocrx_word' id='word_1_808' title='bbox 2601 1725 2656 1741; x_wconf 85' lang='lat' dir='ltr'>xvn.</span> 
     </span>
    </p>
   </div>
   <div class='ocr_carea' id='block_1_15' title="bbox 2447 1877 2658 1900">
    <p class='ocr_par' dir='ltr' id='par_1_20' title="bbox 2447 1877 2658 1900">
     <span class='ocr_line' id='line_1_114' title="bbox 2447 1877 2658 1900; baseline 0.009 -2"><span class='ocrx_word' id='word_1_809' title='bbox 2447 1877 2658 1900; x_wconf 69' lang='lat' dir='ltr'>&#39;exterminat-em.</span> 
     </span>
    </p>
   </div>
   <div class='ocr_carea' id='block_1_16' title="bbox 2447 2141 2644 2170">
    <p class='ocr_par' dir='ltr' id='par_1_21' title="bbox 2447 2141 2644 2170">
     <span class='ocr_line' id='line_1_115' title="bbox 2447 2141 2644 2170; baseline 0.01 -7"><span class='ocrx_word' id='word_1_810' title='bbox 2447 2142 2455 2151; x_wconf 84' lang='grc'>·</span> <span class='ocrx_word' id='word_1_811' title='bbox 2470 2141 2533 2164; x_wconf 86' lang='lat' dir='ltr'>Lect.</span> <span class='ocrx_word' id='word_1_812' title='bbox 2550 2148 2573 2170; x_wconf 86' lang='lat' dir='ltr'>u,</span> <span class='ocrx_word' id='word_1_813' title='bbox 2587 2149 2610 2164; x_wconf 90' lang='lat' dir='ltr'>n.</span> <span class='ocrx_word' id='word_1_814' title='bbox 2621 2148 2644 2170; x_wconf 89' lang='lat'>7.</span> 
     </span>
    </p>
   </div>
   <div class='ocr_carea' id='block_1_17' title="bbox 1353 2449 2456 2499">
    <p class='ocr_par' dir='ltr' id='par_1_22' title="bbox 1353 2449 2456 2499">
     <span class='ocr_line' id='line_1_116' title="bbox 1353 2449 2456 2499; baseline 0.003 -13"><span class='ocrx_word' id='word_1_815' title='bbox 1353 2457 1545 2498; x_wconf 89' lang='lat' dir='ltr'>oporteret</span> <span class='ocrx_word' id='word_1_816' title='bbox 1571 2450 1647 2486; x_wconf 90' lang='lat' dir='ltr'>hoc</span> <span class='ocrx_word' id='word_1_817' title='bbox 1675 2449 1788 2486; x_wconf 90' lang='lat' dir='ltr'>etiam</span> <span class='ocrx_word' id='word_1_818' title='bbox 1818 2451 1920 2499; x_wconf 93' lang='lat' dir='ltr'>quod</span> <span class='ocrx_word' id='word_1_819' title='bbox 1941 2458 2122 2499; x_wconf 88' lang='lat' dir='ltr'>remanet,</span> <span class='ocrx_word' id='word_1_820' title='bbox 2144 2463 2226 2488; x_wconf 91' lang='lat' dir='ltr'>esse</span> <span class='ocrx_word' id='word_1_821' title='bbox 2242 2451 2350 2489; x_wconf 92' lang='lat' dir='ltr'>dulce</span> <span class='ocrx_word' id='word_1_822' title='bbox 2380 2460 2416 2489; x_wconf 91' lang='lat' dir='ltr'>et</span> <span class='ocrx_word' id='word_1_823' title='bbox 2454 2487 2456 2489; x_wconf 74' lang='grc'><strong>,</strong></span> 
     </span>
    </p>
   </div>
   <div class='ocr_carea' id='block_1_18' title="bbox 1348 2503 2414 3190">
    <p class='ocr_par' dir='ltr' id='par_1_23' title="bbox 1348 2503 2414 3190">
     <span class='ocr_line' id='line_1_117' title="bbox 1350 2503 2413 2553; baseline 0.004 -14"><span class='ocrx_word' id='word_1_824' title='bbox 1350 2503 1536 2552; x_wconf 89' lang='lat' dir='ltr'>potabile,</span> <span class='ocrx_word' id='word_1_825' title='bbox 1566 2503 1779 2540; x_wconf 88' lang='lat' dir='ltr'>secundum</span> <span class='ocrx_word' id='word_1_826' title='bbox 1817 2503 1995 2553; x_wconf 89' lang='lat' dir='ltr'>simplicis</span> <span class='ocrx_word' id='word_1_827' title='bbox 2029 2517 2152 2552; x_wconf 92' lang='lat' dir='ltr'>aquae</span> <span class='ocrx_word' id='word_1_828' title='bbox 2189 2512 2363 2542; x_wconf 86' lang='lat' dir='ltr'>naturam</span> <span class='ocrx_word' id='word_1_829' title='bbox 2382 2510 2413 2543; x_wconf 66' lang='grc' dir='ltr'><strong>π.</strong></span> 
     </span>
     <span class='ocr_line' id='line_1_118' title="bbox 1351 2555 2414 2607; baseline 0.003 -15"><span class='ocrx_word' id='word_1_830' title='bbox 1351 2557 1402 2593; x_wconf 90' lang='grc' dir='ltr'>Ε1</span> <span class='ocrx_word' id='word_1_831' title='bbox 1430 2556 1529 2603; x_wconf 90' lang='lat' dir='ltr'>ideo,</span> <span class='ocrx_word' id='word_1_832' title='bbox 1551 2555 1600 2593; x_wconf 90' lang='lat' dir='ltr'>ad</span> <span class='ocrx_word' id='word_1_833' title='bbox 1629 2556 1910 2593; x_wconf 89' lang='lat' dir='ltr'>ostendendum</span> <span class='ocrx_word' id='word_1_834' title='bbox 1945 2558 2143 2606; x_wconf 89' lang='lat' dir='ltr'>quomodo</span> <span class='ocrx_word' id='word_1_835' title='bbox 2172 2570 2271 2607; x_wconf 92' lang='lat' dir='ltr'>aqua</span> <span class='ocrx_word' id='word_1_836' title='bbox 2299 2560 2414 2596; x_wconf 91' lang='lat' dir='ltr'>maris</span> 
     </span>
     <span class='ocr_line' id='line_1_119' title="bbox 1351 2609 2414 2659; baseline 0.003 -13"><span class='ocrx_word' id='word_1_837' title='bbox 1351 2609 1397 2646; x_wconf 87' lang='lat' dir='ltr'>sit</span> <span class='ocrx_word' id='word_1_838' title='bbox 1425 2610 1534 2656; x_wconf 90' lang='lat' dir='ltr'>salsa,</span> <span class='ocrx_word' id='word_1_839' title='bbox 1559 2609 1723 2646; x_wconf 91' lang='lat' dir='ltr'>ostendit</span> <span class='ocrx_word' id='word_1_840' title='bbox 1750 2609 1855 2658; x_wconf 93' lang='lat' dir='ltr'>quod</span> <span class='ocrx_word' id='word_1_841' title='bbox 1875 2610 1920 2647; x_wconf 93' lang='lat' dir='ltr'>sit</span> <span class='ocrx_word' id='word_1_842' title='bbox 1939 2610 2081 2659; x_wconf 92' lang='lat' dir='ltr'>aliquid</span> <span class='ocrx_word' id='word_1_843' title='bbox 2111 2618 2330 2648; x_wconf 88' lang='lat' dir='ltr'>extraneum</span> <span class='ocrx_word' id='word_1_844' title='bbox 2349 2612 2414 2649; x_wconf 92' lang='lat' dir='ltr'>ad-</span> 
     </span>
     <span class='ocr_line' id='line_1_120' title="bbox 1351 2662 2413 2712; baseline 0.003 -13"><span class='ocrx_word' id='word_1_845' title='bbox 1351 2662 1524 2709; x_wconf 89' lang='lat' dir='ltr'>mixtum,</span> <span class='ocrx_word' id='word_1_846' title='bbox 1546 2662 1651 2711; x_wconf 91' lang='lat' dir='ltr'>quod</span> <span class='ocrx_word' id='word_1_847' title='bbox 1680 2662 1879 2700; x_wconf 91' lang='lat' dir='ltr'>subsidens</span> <span class='ocrx_word' id='word_1_848' title='bbox 1898 2671 1985 2712; x_wconf 86' lang='lat' dir='ltr'>post</span> <span class='ocrx_word' id='word_1_849' title='bbox 2013 2664 2265 2701; x_wconf 88' lang='lat' dir='ltr'>elevationem</span> <span class='ocrx_word' id='word_1_850' title='bbox 2294 2665 2413 2702; x_wconf 90' lang='lat' dir='ltr'>dulcis</span> 
     </span>
     <span class='ocr_line' id='line_1_121' title="bbox 1350 2715 2412 2767; baseline 0.003 -15"><span class='ocrx_word' id='word_1_851' title='bbox 1350 2715 1538 2765; x_wconf 89' lang='lat' dir='ltr'>potabilis,</span> <span class='ocrx_word' id='word_1_852' title='bbox 1559 2715 1683 2753; x_wconf 92' lang='lat' dir='ltr'>reddit</span> <span class='ocrx_word' id='word_1_853' title='bbox 1710 2728 1849 2765; x_wconf 88' lang='lat' dir='ltr'>aquam</span> <span class='ocrx_word' id='word_1_854' title='bbox 1880 2717 1993 2754; x_wconf 87' lang='lat' dir='ltr'>maris</span> <span class='ocrx_word' id='word_1_855' title='bbox 2013 2718 2172 2754; x_wconf 89' lang='lat' dir='ltr'>salsam:</span> <span class='ocrx_word' id='word_1_856' title='bbox 2194 2725 2230 2754; x_wconf 90' lang='lat' dir='ltr'>et</span> <span class='ocrx_word' id='word_1_857' title='bbox 2255 2726 2412 2767; x_wconf 90' lang='lat' dir='ltr'>propter</span> 
     </span>
     <span class='ocr_line' id='line_1_122' title="bbox 1349 2769 2412 2808; baseline 0.003 -3"><span class='ocrx_word' id='word_1_858' title='bbox 1349 2770 1425 2806; x_wconf 91' lang='lat' dir='ltr'>hoc</span> <span class='ocrx_word' id='word_1_859' title='bbox 1454 2769 1543 2806; x_wconf 90' lang='lat' dir='ltr'>dicit</span> <span class='ocrx_word' id='word_1_860' title='bbox 1570 2776 1741 2806; x_wconf 89' lang='lat' dir='ltr'>terrestre</span> <span class='ocrx_word' id='word_1_861' title='bbox 1779 2769 1957 2806; x_wconf 89' lang='lat' dir='ltr'>adustum</span> <span class='ocrx_word' id='word_1_862' title='bbox 1992 2783 2073 2807; x_wconf 90' lang='lat' dir='ltr'>esse</span> <span class='ocrx_word' id='word_1_863' title='bbox 2106 2771 2313 2808; x_wconf 88' lang='lat' dir='ltr'>admixtum</span> <span class='ocrx_word' id='word_1_864' title='bbox 2346 2784 2412 2808; x_wconf 89' lang='lat' dir='ltr'>va-</span> 
     </span>
     <span class='ocr_line' id='line_1_123' title="bbox 1348 2821 2409 2872; baseline 0.001 -13"><span class='ocrx_word' id='word_1_865' title='bbox 1348 2822 1505 2872; x_wconf 91' lang='lat' dir='ltr'>poribus</span> <span class='ocrx_word' id='word_1_866' title='bbox 1534 2834 1580 2859; x_wconf 88' lang='lat' dir='ltr'>ex</span> <span class='ocrx_word' id='word_1_867' title='bbox 1607 2821 1745 2871; x_wconf 87' lang='lat' dir='ltr'>quibus</span> <span class='ocrx_word' id='word_1_868' title='bbox 1782 2831 1982 2870; x_wconf 88' lang='lat' dir='ltr'>generatur</span> <span class='ocrx_word' id='word_1_869' title='bbox 2018 2836 2128 2872; x_wconf 91' lang='lat' dir='ltr'>aqua.</span> <span class='ocrx_word' id='word_1_870' title='bbox 2163 2824 2291 2871; x_wconf 92' lang='lat' dir='ltr'>Unde,</span> <span class='ocrx_word' id='word_1_871' title='bbox 2322 2837 2409 2860; x_wconf 93' lang='lat' dir='ltr'>cum</span> 
     </span>
     <span class='ocr_line' id='line_1_124' title="bbox 1349 2874 2410 2925; baseline 0.002 -14"><span class='ocrx_word' id='word_1_872' title='bbox 1349 2875 1539 2925; x_wconf 90' lang='lat' dir='ltr'>quaelibet</span> <span class='ocrx_word' id='word_1_873' title='bbox 1551 2887 1639 2924; x_wconf 92' lang='lat' dir='ltr'>pars</span> <span class='ocrx_word' id='word_1_874' title='bbox 1655 2874 1768 2912; x_wconf 90' lang='lat' dir='ltr'>maris</span> <span class='ocrx_word' id='word_1_875' title='bbox 1783 2875 1836 2912; x_wconf 91' lang='lat' dir='ltr'>sic</span> <span class='ocrx_word' id='word_1_876' title='bbox 1851 2883 2059 2923; x_wconf 87' lang='lat' dir='ltr'>generetur,</span> <span class='ocrx_word' id='word_1_877' title='bbox 2073 2876 2291 2925; x_wconf 91' lang='lat' dir='ltr'>relinquitur</span> <span class='ocrx_word' id='word_1_878' title='bbox 2305 2877 2410 2925; x_wconf 93' lang='lat' dir='ltr'>quod</span> 
     </span>
     <span class='ocr_line' id='line_1_125' title="bbox 1349 2928 2408 2977; baseline 0.001 -12"><span class='ocrx_word' id='word_1_879' title='bbox 1349 2929 1504 2976; x_wconf 88' lang='lat' dir='ltr'>singulis</span> <span class='ocrx_word' id='word_1_880' title='bbox 1523 2928 1691 2977; x_wconf 89' lang='lat' dir='ltr'>partibus</span> <span class='ocrx_word' id='word_1_881' title='bbox 1716 2928 1830 2964; x_wconf 91' lang='lat' dir='ltr'>maris</span> <span class='ocrx_word' id='word_1_882' title='bbox 1850 2928 1895 2965; x_wconf 93' lang='lat' dir='ltr'>sit</span> <span class='ocrx_word' id='word_1_883' title='bbox 1913 2929 2133 2966; x_wconf 89' lang='lat' dir='ltr'>huiusmodi</span> <span class='ocrx_word' id='word_1_884' title='bbox 2152 2936 2323 2966; x_wconf 90' lang='lat' dir='ltr'>terrestre</span> <span class='ocrx_word' id='word_1_885' title='bbox 2344 2929 2408 2966; x_wconf 90' lang='lat' dir='ltr'>ad-</span> 
     </span>
     <span class='ocr_line' id='line_1_126' title="bbox 1349 2980 2408 3030; baseline 0.001 -12"><span class='ocrx_word' id='word_1_886' title='bbox 1349 2981 1522 3028; x_wconf 87' lang='lat' dir='ltr'>mixtum,</span> <span class='ocrx_word' id='word_1_887' title='bbox 1538 2982 1644 3030; x_wconf 92' lang='lat' dir='ltr'>quod</span> <span class='ocrx_word' id='word_1_888' title='bbox 1664 2980 1876 3018; x_wconf 91' lang='lat' dir='ltr'>secundum</span> <span class='ocrx_word' id='word_1_889' title='bbox 1896 2982 2103 3030; x_wconf 89' lang='lat' dir='ltr'>plurimum</span> <span class='ocrx_word' id='word_1_890' title='bbox 2124 2982 2290 3019; x_wconf 89' lang='lat' dir='ltr'>subsidet</span> <span class='ocrx_word' id='word_1_891' title='bbox 2310 2982 2408 3019; x_wconf 92' lang='lat' dir='ltr'>dulci</span> 
     </span>
     <span class='ocr_line' id='line_1_127' title="bbox 1350 3034 2406 3083; baseline 0.001 -12"><span class='ocrx_word' id='word_1_892' title='bbox 1350 3042 1386 3071; x_wconf 90' lang='lat' dir='ltr'>et</span> <span class='ocrx_word' id='word_1_893' title='bbox 1405 3034 1541 3081; x_wconf 92' lang='lat' dir='ltr'>subtili,</span> <span class='ocrx_word' id='word_1_894' title='bbox 1562 3034 1600 3071; x_wconf 90' lang='lat' dir='ltr'>in</span> <span class='ocrx_word' id='word_1_895' title='bbox 1618 3034 1752 3070; x_wconf 84' lang='lat' dir='ltr'>maiori</span> <span class='ocrx_word' id='word_1_896' title='bbox 1770 3042 1876 3082; x_wconf 88' lang='lat' dir='ltr'>parte</span> <span class='ocrx_word' id='word_1_897' title='bbox 1897 3035 2149 3071; x_wconf 89' lang='lat' dir='ltr'>elevato.·-Et</span> <span class='ocrx_word' id='word_1_898' title='bbox 2168 3034 2340 3083; x_wconf 76' lang='lat' dir='ltr'>quia*ex</span> <span class='ocrx_word' id='word_1_899' title='bbox 2361 3047 2406 3072; x_wconf 94' lang='lat' dir='ltr'>eo</span> 
     </span>
     <span class='ocr_line' id='line_1_128' title="bbox 1349 3087 2406 3136; baseline 0 -12"><span class='ocrx_word' id='word_1_900' title='bbox 1349 3087 1453 3136; x_wconf 92' lang='lat' dir='ltr'>quod</span> <span class='ocrx_word' id='word_1_901' title='bbox 1469 3094 1652 3135; x_wconf 90' lang='lat' dir='ltr'>evaporat</span> <span class='ocrx_word' id='word_1_902' title='bbox 1666 3095 1864 3134; x_wconf 87' lang='lat' dir='ltr'>generatur</span> <span class='ocrx_word' id='word_1_903' title='bbox 1878 3099 1976 3136; x_wconf 90' lang='lat' dir='ltr'>aqua</span> <span class='ocrx_word' id='word_1_904' title='bbox 1992 3087 2121 3134; x_wconf 90' lang='lat' dir='ltr'>dulcis,</span> <span class='ocrx_word' id='word_1_905' title='bbox 2139 3087 2263 3124; x_wconf 91' lang='lat' dir='ltr'>omnis</span> <span class='ocrx_word' id='word_1_906' title='bbox 2278 3095 2406 3125; x_wconf 90' lang='grc'><strong>31110111</strong></span> 
     </span>
     <span class='ocr_line' id='line_1_129' title="bbox 1349 3139 2407 3190; baseline 0.001 -13"><span class='ocrx_word' id='word_1_907' title='bbox 1349 3153 1448 3189; x_wconf 90' lang='lat' dir='ltr'>aqua</span> <span class='ocrx_word' id='word_1_908' title='bbox 1467 3140 1628 3177; x_wconf 82' lang='lat' dir='ltr'>fontium</span> <span class='ocrx_word' id='word_1_909' title='bbox 1648 3147 1684 3176; x_wconf 89' lang='lat' dir='ltr'>et</span> <span class='ocrx_word' id='word_1_910' title='bbox 1702 3139 1909 3176; x_wconf 84' lang='lat' dir='ltr'>fluviorum</span> <span class='ocrx_word' id='word_1_911' title='bbox 1927 3139 1947 3161; x_wconf 75' lang='lat'>&#39;¹‘</span> <span class='ocrx_word' id='word_1_912' title='bbox 1966 3152 2011 3176; x_wconf 92' lang='lat' dir='ltr'>ex</span> <span class='ocrx_word' id='word_1_913' title='bbox 2032 3153 2077 3177; x_wconf 92' lang='lat' dir='ltr'>eo</span> <span class='ocrx_word' id='word_1_914' title='bbox 2098 3140 2203 3189; x_wconf 93' lang='lat' dir='ltr'>quod</span> <span class='ocrx_word' id='word_1_915' title='bbox 2223 3149 2407 3190; x_wconf 91' lang='lat' dir='ltr'>evaporat</span> 
     </span>
    </p>
   </div>
   <div class='ocr_carea' id='block_1_19' title="bbox 1338 3254 2407 3674">
    <p class='ocr_par' dir='ltr' id='par_1_24' title="bbox 1342 3254 2407 3497">
     <span class='ocr_line' id='line_1_130' title="bbox 1401 3254 2407 3287; baseline 0.002 -8"><span class='ocrx_word' id='word_1_916' title='bbox 1401 3255 1426 3287; x_wconf 95' lang='grc' dir='ltr'>ο)</span> <span class='ocrx_word' id='word_1_917' title='bbox 1446 3255 1487 3279; x_wconf 83' lang='lat' dir='ltr'>vel</span> <span class='ocrx_word' id='word_1_918' title='bbox 1510 3254 1729 3278; x_wconf 82' lang='lat' dir='ltr'>alterationem.</span> <span class='ocrx_word' id='word_1_919' title='bbox 1744 3260 1902 3285; x_wconf 81' lang='lat' dir='ltr'>consequens</span> <span class='ocrx_word' id='word_1_920' title='bbox 1926 3257 1973 3278; x_wconf 84' lang='lat' dir='ltr'>est.</span> <span class='ocrx_word' id='word_1_921' title='bbox 1991 3266 2009 3273; x_wconf 87' lang='lat'>—-</span> <span class='ocrx_word' id='word_1_922' title='bbox 2028 3254 2068 3278; x_wconf 87' lang='lat' dir='ltr'>vel</span> <span class='ocrx_word' id='word_1_923' title='bbox 2089 3254 2274 3280; x_wconf 83' lang='lat' dir='ltr'>alterationem</span> <span class='ocrx_word' id='word_1_924' title='bbox 2294 3255 2335 3280; x_wconf 84' lang='lat' dir='ltr'>vel</span> <span class='ocrx_word' id='word_1_925' title='bbox 2357 3256 2407 3281; x_wconf 82' lang='lat' dir='ltr'>ali-</span> 
     </span>
     <span class='ocr_line' id='line_1_131' title="bbox 1345 3288 2407 3322; baseline 0.002 -8"><span class='ocrx_word' id='word_1_926' title='bbox 1345 3297 1426 3322; x_wconf 84' lang='lat' dir='ltr'>quam</span> <span class='ocrx_word' id='word_1_927' title='bbox 1444 3289 1648 3319; x_wconf 79' lang='lat' dir='ltr'>admixtionem,</span> <span class='ocrx_word' id='word_1_928' title='bbox 1667 3291 1694 3313; x_wconf 84' lang='lat' dir='ltr'>et</span> <span class='ocrx_word' id='word_1_929' title='bbox 1711 3288 1855 3313; x_wconf 86' lang='lat' dir='ltr'>secundum</span> <span class='ocrx_word' id='word_1_930' title='bbox 1877 3289 2054 3313; x_wconf 80' lang='lat' dir='ltr'>conditionem</span> <span class='ocrx_word' id='word_1_931' title='bbox 2067 3289 2122 3314; x_wconf 87' lang='lat' dir='ltr'>eius</span> <span class='ocrx_word' id='word_1_932' title='bbox 2140 3290 2208 3322; x_wconf 86' lang='lat' dir='ltr'>(seq.</span> <span class='ocrx_word' id='word_1_933' title='bbox 2223 3290 2333 3322; x_wconf 76' lang='lat' dir='ltr'>spatium</span> <span class='ocrx_word' id='word_1_934' title='bbox 2351 3299 2407 3316; x_wconf 81' lang='lat' dir='ltr'>vac.</span> 
     </span>
     <span class='ocr_line' id='line_1_132' title="bbox 1344 3324 2406 3357; baseline 0.002 -8"><span class='ocrx_word' id='word_1_935' title='bbox 1344 3325 1422 3349; x_wconf 89' lang='lat' dir='ltr'>unius</span> <span class='ocrx_word' id='word_1_936' title='bbox 1441 3324 1532 3356; x_wconf 80' lang='lat' dir='ltr'>lineae)</span> <span class='ocrx_word' id='word_1_937' title='bbox 1553 3324 1614 3348; x_wconf 79' lang='lat' dir='ltr'>talis</span> <span class='ocrx_word' id='word_1_938' title='bbox 1628 3324 1668 3348; x_wconf 89' lang='lat' dir='ltr'>vel</span> <span class='ocrx_word' id='word_1_939' title='bbox 1680 3331 1769 3355; x_wconf 79' lang='lat' dir='ltr'>sapor,</span> <span class='ocrx_word' id='word_1_940' title='bbox 1785 3324 1818 3348; x_wconf 90' lang='lat' dir='ltr'>de</span> <span class='ocrx_word' id='word_1_941' title='bbox 1831 3331 1882 3355; x_wconf 88' lang='lat' dir='ltr'>quo</span> <span class='ocrx_word' id='word_1_942' title='bbox 1901 3324 1964 3348; x_wconf 85' lang='lat' dir='ltr'>alibi</span> <span class='ocrx_word' id='word_1_943' title='bbox 1975 3324 2025 3357; x_wconf 84' lang='lat' dir='ltr'>fiet</span> <span class='ocrx_word' id='word_1_944' title='bbox 2043 3325 2241 3350; x_wconf 79' lang='lat' dir='ltr'>convenientior</span> <span class='ocrx_word' id='word_1_945' title='bbox 2255 3326 2406 3351; x_wconf 87' lang='lat' dir='ltr'>considera-</span> 
     </span>
     <span class='ocr_line' id='line_1_133' title="bbox 1344 3359 2406 3394; baseline 0.003 -10"><span class='ocrx_word' id='word_1_946' title='bbox 1344 3360 1390 3388; x_wconf 80' lang='lat' dir='ltr'>tio,</span> <span class='ocrx_word' id='word_1_947' title='bbox 1404 3359 1503 3384; x_wconf 83' lang='lat' dir='ltr'>scilicet</span> <span class='ocrx_word' id='word_1_948' title='bbox 1520 3359 1627 3391; x_wconf 87' lang='lat' dir='ltr'>quando</span> <span class='ocrx_word' id='word_1_949' title='bbox 1640 3359 1696 3391; x_wconf 89' lang='lat' dir='ltr'>(ubi</span> <span class='ocrx_word' id='word_1_950' title='bbox 1708 3359 1739 3390; x_wconf 89' lang='lat' dir='ltr'>B)</span> <span class='ocrx_word' id='word_1_951' title='bbox 1754 3362 1852 3391; x_wconf 81' lang='lat' dir='ltr'>agetur</span> <span class='ocrx_word' id='word_1_952' title='bbox 1865 3359 1897 3383; x_wconf 88' lang='lat' dir='ltr'>de</span> <span class='ocrx_word' id='word_1_953' title='bbox 1909 3359 2059 3390; x_wconf 83' lang='lat' dir='ltr'>vaporibus.</span> <span class='ocrx_word' id='word_1_954' title='bbox 2079 3360 2114 3384; x_wconf 81' lang='lat' dir='ltr'>Et</span> <span class='ocrx_word' id='word_1_955' title='bbox 2126 3360 2189 3392; x_wconf 88' lang='lat' dir='ltr'>quia</span> <span class='ocrx_word' id='word_1_956' title='bbox 2203 3362 2406 3394; x_wconf 80' lang='lat' dir='ltr'>unumquodque</span> 
     </span>
     <span class='ocr_line' id='line_1_134' title="bbox 1343 3394 2406 3427; baseline 0.003 -8"><span class='ocrx_word' id='word_1_957' title='bbox 1343 3395 1486 3419; x_wconf 83' lang='lat' dir='ltr'>resolvitur</span> <span class='ocrx_word' id='word_1_958' title='bbox 1505 3394 1531 3419; x_wconf 87' lang='lat' dir='ltr'>in</span> <span class='ocrx_word' id='word_1_959' title='bbox 1551 3401 1626 3419; x_wconf 85' lang='lat' dir='ltr'>suum</span> <span class='ocrx_word' id='word_1_960' title='bbox 1641 3394 1804 3426; x_wconf 81' lang='lat' dir='ltr'>principium</span> <span class='ocrx_word' id='word_1_961' title='bbox 1824 3394 1991 3426; x_wconf 78' lang='lat' dir='ltr'>simpliciter,</span> <span class='ocrx_word' id='word_1_962' title='bbox 2015 3402 2174 3427; x_wconf 85' lang='lat' dir='ltr'>consequens</span> <span class='ocrx_word' id='word_1_963' title='bbox 2192 3399 2231 3420; x_wconf 86' lang='lat' dir='ltr'>est</span> <span class='ocrx_word' id='word_1_964' title='bbox 2249 3396 2301 3420; x_wconf 87' lang='grc' dir='ltr'><strong>ΑΒ.</strong></span> <span class='ocrx_word' id='word_1_965' title='bbox 2320 3397 2406 3422; x_wconf 81' lang='lat' dir='ltr'>Verba</span> 
     </span>
     <span class='ocr_line' id='line_1_135' title="bbox 1344 3429 2405 3464; baseline 0.003 -10"><span class='ocrx_word' id='word_1_966' title='bbox 1344 3430 1377 3454; x_wconf 86' lang='lat' dir='ltr'>de</span> <span class='ocrx_word' id='word_1_967' title='bbox 1390 3437 1442 3462; x_wconf 86' lang='lat' dir='ltr'>quo</span> <span class='ocrx_word' id='word_1_968' title='bbox 1456 3429 1520 3454; x_wconf 89' lang='lat' dir='ltr'>alibi</span> <span class='ocrx_word' id='word_1_969' title='bbox 1534 3434 1590 3459; x_wconf 69' lang='lat' dir='ltr'>etc„</span> <span class='ocrx_word' id='word_1_970' title='bbox 1605 3429 1806 3461; x_wconf 88' lang='lat' dir='ltr'>correspondent</span> <span class='ocrx_word' id='word_1_971' title='bbox 1820 3429 1897 3453; x_wconf 85' lang='lat' dir='ltr'>textui</span> <span class='ocrx_word' id='word_1_972' title='bbox 1912 3429 1967 3454; x_wconf 85' lang='lat' dir='ltr'>Sed</span> <span class='ocrx_word' id='word_1_973' title='bbox 1980 3430 2013 3454; x_wconf 87' lang='lat' dir='ltr'>de</span> <span class='ocrx_word' id='word_1_974' title='bbox 2025 3430 2066 3455; x_wconf 88' lang='lat' dir='ltr'>his</span> <span class='ocrx_word' id='word_1_975' title='bbox 2083 3435 2140 3461; x_wconf 83' lang='lat' dir='ltr'>etc.;</span> <span class='ocrx_word' id='word_1_976' title='bbox 2156 3431 2188 3455; x_wconf 89' lang='lat' dir='ltr'>de</span> <span class='ocrx_word' id='word_1_977' title='bbox 2202 3439 2255 3464; x_wconf 92' lang='lat' dir='ltr'>quo</span> <span class='ocrx_word' id='word_1_978' title='bbox 2269 3436 2338 3456; x_wconf 88' lang='lat' dir='ltr'>textu</span> <span class='ocrx_word' id='word_1_979' title='bbox 2353 3440 2405 3457; x_wconf 91' lang='lat' dir='ltr'>non</span> 
     </span>
     <span class='ocr_line' id='line_1_136' title="bbox 1342 3464 1758 3497; baseline -0.002 -8"><span class='ocrx_word' id='word_1_980' title='bbox 1342 3464 1371 3489; x_wconf 84' lang='lat' dir='ltr'>fit</span> <span class='ocrx_word' id='word_1_981' title='bbox 1389 3464 1486 3489; x_wconf 89' lang='lat' dir='ltr'>mentio</span> <span class='ocrx_word' id='word_1_982' title='bbox 1504 3465 1530 3488; x_wconf 90' lang='lat' dir='ltr'>in</span> <span class='ocrx_word' id='word_1_983' title='bbox 1549 3464 1657 3489; x_wconf 89' lang='lat' dir='ltr'>lectione</span> <span class='ocrx_word' id='word_1_984' title='bbox 1676 3464 1758 3497; x_wconf 84' lang='lat' dir='ltr'>piana.</span> 
     </span>
    </p>

    <p class='ocr_par' dir='ltr' id='par_1_25' title="bbox 1338 3499 2405 3674">
     <span class='ocr_line' id='line_1_137' title="bbox 1396 3499 2405 3532; baseline 0.003 -8"><span class='ocrx_word' id='word_1_985' title='bbox 1396 3500 1426 3532; x_wconf 82' lang='grc' dir='ltr'>π)</span> <span class='ocrx_word' id='word_1_986' title='bbox 1445 3500 1588 3524; x_wconf 84' lang='lat' dir='ltr'>secundum</span> <span class='ocrx_word' id='word_1_987' title='bbox 1606 3499 1734 3531; x_wconf 82' lang='lat' dir='ltr'>simplicis</span> <span class='ocrx_word' id='word_1_988' title='bbox 1751 3507 1837 3532; x_wconf 83' lang='lat' dir='ltr'>aquae</span> <span class='ocrx_word' id='word_1_989' title='bbox 1851 3503 1985 3525; x_wconf 89' lang='lat' dir='ltr'>naturam.</span> <span class='ocrx_word' id='word_1_990' title='bbox 2001 3514 2020 3520; x_wconf 90' lang='lat'>-</span> <span class='ocrx_word' id='word_1_991' title='bbox 2034 3501 2178 3526; x_wconf 86' lang='lat' dir='ltr'>secundum</span> <span class='ocrx_word' id='word_1_992' title='bbox 2198 3504 2322 3526; x_wconf 82' lang='lat' dir='ltr'>naturam</span> <span class='ocrx_word' id='word_1_993' title='bbox 2341 3502 2405 3527; x_wconf 84' lang='lat' dir='ltr'>sim-</span> 
     </span>
     <span class='ocr_line' id='line_1_138' title="bbox 1338 3535 2403 3568; baseline 0.003 -9"><span class='ocrx_word' id='word_1_994' title='bbox 1338 3535 1470 3567; x_wconf 84' lang='lat' dir='ltr'>plicitatis</span> <span class='ocrx_word' id='word_1_995' title='bbox 1488 3542 1574 3567; x_wconf 87' lang='lat' dir='ltr'>aquae</span> <span class='ocrx_word' id='word_1_996' title='bbox 1592 3535 1660 3559; x_wconf 75' lang='lat' dir='ltr'>Pssa.</span> <span class='ocrx_word' id='word_1_997' title='bbox 1678 3548 1698 3555; x_wconf 88' lang='lat'>-—</span> <span class='ocrx_word' id='word_1_998' title='bbox 1716 3535 1766 3559; x_wconf 86' lang='lat' dir='ltr'>Pro</span> <span class='ocrx_word' id='word_1_999' title='bbox 1785 3535 1916 3568; x_wconf 89' lang='lat' dir='ltr'>quomodo</span> <span class='ocrx_word' id='word_1_1000' title='bbox 1934 3542 2005 3568; x_wconf 87' lang='lat' dir='ltr'>aqua</span> <span class='ocrx_word' id='word_1_1001' title='bbox 2024 3536 2141 3561; x_wconf 85' lang='lat' dir='ltr'>maris...</span> <span class='ocrx_word' id='word_1_1002' title='bbox 2156 3536 2233 3566; x_wconf 78' lang='lat' dir='ltr'>dicit,</span> <span class='ocrx_word' id='word_1_1003' title='bbox 2252 3538 2297 3562; x_wconf 90' lang='lat' dir='ltr'>AB</span> <span class='ocrx_word' id='word_1_1004' title='bbox 2316 3537 2348 3562; x_wconf 88' lang='lat' dir='ltr'>ita</span> <span class='ocrx_word' id='word_1_1005' title='bbox 2369 3538 2403 3562; x_wconf 89' lang='lat' dir='ltr'>le-</span> 
     </span>
     <span class='ocr_line' id='line_1_139' title="bbox 1342 3570 2405 3605; baseline 0.004 -11"><span class='ocrx_word' id='word_1_1006' title='bbox 1342 3575 1418 3602; x_wconf 87' lang='lat' dir='ltr'>gunt:</span> <span class='ocrx_word' id='word_1_1007' title='bbox 1438 3570 1570 3602; x_wconf 86' lang='lat' dir='ltr'>quomodo</span> <span class='ocrx_word' id='word_1_1008' title='bbox 1587 3577 1673 3602; x_wconf 83' lang='lat' dir='ltr'>aquae</span> <span class='ocrx_word' id='word_1_1009' title='bbox 1692 3570 1774 3595; x_wconf 85' lang='lat' dir='ltr'>maris</span> <span class='ocrx_word' id='word_1_1010' title='bbox 1797 3570 1900 3602; x_wconf 84' lang='lat' dir='ltr'>aliquid</span> <span class='ocrx_word' id='word_1_1011' title='bbox 1910 3571 1948 3603; x_wconf 85' lang='lat' dir='ltr'>fit</span> <span class='ocrx_word' id='word_1_1012' title='bbox 1966 3574 2127 3596; x_wconf 84' lang='lat' dir='ltr'>extraneum</span> <span class='ocrx_word' id='word_1_1013' title='bbox 2146 3572 2313 3602; x_wconf 80' lang='lat' dir='ltr'>admixtum,</span> <span class='ocrx_word' id='word_1_1014' title='bbox 2333 3573 2405 3605; x_wconf 87' lang='lat' dir='ltr'>quod</span> 
     </span>
     <span class='ocr_line' id='line_1_140' title="bbox 1341 3605 2405 3640; baseline 0.003 -10"><span class='ocrx_word' id='word_1_1015' title='bbox 1341 3605 1477 3630; x_wconf 81' lang='lat' dir='ltr'>subsidens</span> <span class='ocrx_word' id='word_1_1016' title='bbox 1490 3608 1555 3637; x_wconf 81' lang='lat' dir='ltr'>post</span> <span class='ocrx_word' id='word_1_1017' title='bbox 1572 3605 1742 3630; x_wconf 82' lang='lat' dir='ltr'>elevationem</span> <span class='ocrx_word' id='word_1_1018' title='bbox 1764 3605 1848 3631; x_wconf 85' lang='lat' dir='ltr'>dulcis</span> <span class='ocrx_word' id='word_1_1019' title='bbox 1864 3606 2000 3637; x_wconf 79' lang='lat' dir='ltr'>potabilis.</span> <span class='ocrx_word' id='word_1_1020' title='bbox 2019 3606 2117 3631; x_wconf 80' lang='lat' dir='ltr'>reddat</span> <span class='ocrx_word' id='word_1_1021' title='bbox 2134 3614 2230 3640; x_wconf 83' lang='lat' dir='ltr'>aquam</span> <span class='ocrx_word' id='word_1_1022' title='bbox 2251 3608 2332 3633; x_wconf 86' lang='lat' dir='ltr'>maris</span> <span class='ocrx_word' id='word_1_1023' title='bbox 2350 3608 2405 3632; x_wconf 86' lang='lat' dir='ltr'>sal-</span> 
     </span>
     <span class='ocr_line' id='line_1_141' title="bbox 1341 3640 2009 3674; baseline 0.001 -9"><span class='ocrx_word' id='word_1_1024' title='bbox 1341 3647 1407 3670; x_wconf 87' lang='lat' dir='ltr'>sam,</span> <span class='ocrx_word' id='word_1_1025' title='bbox 1426 3640 1556 3671; x_wconf 85' lang='lat' dir='ltr'>ostendit;</span> <span class='ocrx_word' id='word_1_1026' title='bbox 1574 3648 1622 3674; x_wconf 89' lang='lat' dir='ltr'>pro</span> <span class='ocrx_word' id='word_1_1027' title='bbox 1639 3640 1784 3670; x_wconf 81' lang='lat' dir='ltr'>subsidens,</span> <span class='ocrx_word' id='word_1_1028' title='bbox 1804 3641 1945 3666; x_wconf 84' lang='lat' dir='ltr'>succedens</span> <span class='ocrx_word' id='word_1_1029' title='bbox 1963 3642 2009 3666; x_wconf 87' lang='lat' dir='ltr'>Pa.</span> 
     </span>
    </p>
   </div>
   <div class='ocr_carea' id='block_1_20' title="bbox 2434 3042 2572 3070">
    <p class='ocr_par' dir='ltr' id='par_1_26' title="bbox 2434 3042 2572 3070">
     <span class='ocr_line' id='line_1_142' title="bbox 2434 3042 2572 3070; baseline 0.014 -8"><span class='ocrx_word' id='word_1_1030' title='bbox 2434 3042 2446 3053; x_wconf 72' lang='lat'>&#39;⁴</span> <span class='ocrx_word' id='word_1_1031' title='bbox 2459 3042 2523 3070; x_wconf 84' lang='lat' dir='ltr'>quod</span> <span class='ocrx_word' id='word_1_1032' title='bbox 2534 3049 2572 3064; x_wconf 76' lang='grc' dir='ltr'><strong>ΑΒ.</strong></span> 
     </span>
    </p>
   </div>
   <div class='ocr_carea' id='block_1_21' title="bbox 2434 3151 2612 3179">
    <p class='ocr_par' dir='ltr' id='par_1_27' title="bbox 2434 3151 2612 3179">
     <span class='ocr_line' id='line_1_143' title="bbox 2434 3151 2612 3179; baseline 0.011 -7"><span class='ocrx_word' id='word_1_1033' title='bbox 2434 3151 2445 3162; x_wconf 75' lang='lat'>&#39;⁴‘</span> <span class='ocrx_word' id='word_1_1034' title='bbox 2452 3152 2562 3179; x_wconf 76' lang='lat' dir='ltr'>fluvialis</span> <span class='ocrx_word' id='word_1_1035' title='bbox 2574 3158 2612 3174; x_wconf 71' lang='grc' dir='ltr'>ΑΒ.</span> 
     </span>
    </p>
   </div>
  </div>
 </body>
</html>
