<?xml version="1.0" encoding="UTF-8"?>
<!DOCTYPE html PUBLIC "-//W3C//DTD XHTML 1.0 Transitional//EN"
    "http://www.w3.org/TR/xhtml1/DTD/xhtml1-transitional.dtd">
<html xmlns="http://www.w3.org/1999/xhtml" xml:lang="en" lang="en">
 <head>
  <title>
</title>
<meta http-equiv="Content-Type" content="text/html;charset=utf-8" />
  <meta name='ocr-system' content='tesseract 3.04.00' />
  <meta name='ocr-capabilities' content='ocr_page ocr_carea ocr_par ocr_line ocrx_word'/>
</head>
<body>
  <div class='ocr_page' id='page_1' title='image "./operaomniaiussui03thom/operaomniaiussui03thom_0606.png"; bbox 0 0 2690 4062; ppageno 0'>
   <div class='ocr_carea' id='block_1_1' title="bbox 331 238 387 263">
    <p class='ocr_par' dir='ltr' id='par_1_1' title="bbox 331 238 387 263">
     <span class='ocr_line' id='line_1_1' title="bbox 331 238 387 263; baseline 0.018 -1"><span class='ocrx_word' id='word_1_1' title='bbox 331 238 387 263; x_wconf 90' lang='lat' dir='ltr'>CVI</span> 
     </span>
    </p>
   </div>
   <div class='ocr_carea' id='block_1_2' title="bbox 313 294 1391 1804">
    <p class='ocr_par' dir='ltr' id='par_1_2' title="bbox 313 294 1391 1714">
     <span class='ocr_line' id='line_1_2' title="bbox 384 294 1391 344; baseline -0.007 -10"><span class='ocrx_word' id='word_1_2' title='bbox 384 302 479 336; x_wconf 88' lang='lat' dir='ltr'>Ratio</span> <span class='ocrx_word' id='word_1_3' title='bbox 511 309 620 333; x_wconf 88' lang='lat' dir='ltr'>autem</span> <span class='ocrx_word' id='word_1_4' title='bbox 647 299 783 344; x_wconf 90' lang='lat' dir='ltr'>physica</span> <span class='ocrx_word' id='word_1_5' title='bbox 814 299 912 332; x_wconf 90' lang='lat' dir='ltr'>huius</span> <span class='ocrx_word' id='word_1_6' title='bbox 936 307 1002 338; x_wconf 90' lang='lat' dir='ltr'>est,</span> <span class='ocrx_word' id='word_1_7' title='bbox 1035 298 1111 341; x_wconf 87' lang='lat' dir='ltr'>quia</span> <span class='ocrx_word' id='word_1_8' title='bbox 1140 305 1263 329; x_wconf 91' lang='lat' dir='ltr'>astrum</span> <span class='ocrx_word' id='word_1_9' title='bbox 1288 294 1391 339; x_wconf 93' lang='lat' dir='ltr'>quod-</span> 
     </span>
     <span class='ocr_line' id='line_1_3' title="bbox 328 339 1391 383; baseline -0.008 -4"><span class='ocrx_word' id='word_1_10' title='bbox 328 346 407 379; x_wconf 87' lang='lat' dir='ltr'>libet</span> <span class='ocrx_word' id='word_1_11' title='bbox 428 344 616 378; x_wconf 88' lang='lat' dir='ltr'>naturaliter</span> <span class='ocrx_word' id='word_1_12' title='bbox 640 345 757 377; x_wconf 89' lang='lat' dir='ltr'>emittit</span> <span class='ocrx_word' id='word_1_13' title='bbox 780 343 887 377; x_wconf 89' lang='lat' dir='ltr'>radios</span> <span class='ocrx_word' id='word_1_14' title='bbox 911 353 990 375; x_wconf 89' lang='lat' dir='ltr'>suos</span> <span class='ocrx_word' id='word_1_15' title='bbox 1014 342 1048 374; x_wconf 89' lang='lat' dir='ltr'>in</span> <span class='ocrx_word' id='word_1_16' title='bbox 1072 341 1242 380; x_wconf 88' lang='lat' dir='ltr'>directum,</span> <span class='ocrx_word' id='word_1_17' title='bbox 1265 339 1391 383; x_wconf 92' lang='lat' dir='ltr'>quoad-</span> 
     </span>
     <span class='ocr_line' id='line_1_4' title="bbox 329 384 1390 461; baseline -0.008 -38"><span class='ocrx_word' id='word_1_18' title='bbox 329 402 367 423; x_wconf 95' lang='lat' dir='ltr'>us</span> <span class='ocrx_word' id='word_1_19' title='bbox 392 401 432 422; x_wconf 93' lang='lat' dir='ltr'>ue</span> <span class='ocrx_word' id='word_1_20' title='bbox 455 401 524 422; x_wconf 92' lang='lat' dir='ltr'>non</span> <span class='ocrx_word' id='word_1_21' title='bbox 547 389 672 422; x_wconf 89' lang='lat' dir='ltr'>invenit</span> <span class='ocrx_word' id='word_1_22' title='bbox 696 399 815 432; x_wconf 92' lang='lat' dir='ltr'>corpus</span> <span class='ocrx_word' id='word_1_23' title='bbox 832 399 852 420; x_wconf 94' lang='lat' dir='ltr'>o</span> <span class='ocrx_word' id='word_1_24' title='bbox 879 398 974 420; x_wconf 89' lang='lat' dir='ltr'>acum</span> <span class='ocrx_word' id='word_1_25' title='bbox 998 384 1175 429; x_wconf 90' lang='lat' dir='ltr'>prohibens</span> <span class='ocrx_word' id='word_1_26' title='bbox 1187 394 1390 461; x_wconf 67' lang='lat' dir='ltr'>cprocessum</span> 
     </span>
     <span class='ocr_line' id='line_1_5' title="bbox 327 426 1391 471; baseline -0.008 -3"><span class='ocrx_word' id='word_1_27' title='bbox 327 446 362 468; x_wconf 91' lang='lat' dir='ltr'>ra</span> <span class='ocrx_word' id='word_1_28' title='bbox 386 435 493 467; x_wconf 91' lang='lat' dir='ltr'>iorum</span> <span class='ocrx_word' id='word_1_29' title='bbox 523 434 558 466; x_wconf 88' lang='lat' dir='ltr'>in</span> <span class='ocrx_word' id='word_1_30' title='bbox 582 433 761 466; x_wconf 90' lang='lat' dir='ltr'>directum:</span> <span class='ocrx_word' id='word_1_31' title='bbox 794 443 839 464; x_wconf 91' lang='lat' dir='ltr'>un</span> <span class='ocrx_word' id='word_1_32' title='bbox 864 443 880 464; x_wconf 94' lang='lat' dir='ltr'>e</span> <span class='ocrx_word' id='word_1_33' title='bbox 912 431 1009 463; x_wconf 88' lang='lat' dir='ltr'>etiam</span> <span class='ocrx_word' id='word_1_34' title='bbox 1040 428 1119 461; x_wconf 91' lang='lat' dir='ltr'>tales</span> <span class='ocrx_word' id='word_1_35' title='bbox 1149 440 1184 461; x_wconf 90' lang='lat' dir='ltr'>ra</span> <span class='ocrx_word' id='word_1_36' title='bbox 1209 428 1231 460; x_wconf 93' lang='lat' dir='ltr'>ii</span> <span class='ocrx_word' id='word_1_37' title='bbox 1266 426 1391 471; x_wconf 92' lang='lat' dir='ltr'>quoad-</span> 
     </span>
     <span class='ocr_line' id='line_1_6' title="bbox 328 472 1390 523; baseline -0.008 -12"><span class='ocrx_word' id='word_1_38' title='bbox 328 490 432 523; x_wconf 88' lang='lat' dir='ltr'><strong>usque</strong></span> <span class='ocrx_word' id='word_1_39' title='bbox 448 489 516 510; x_wconf 91' lang='lat' dir='ltr'>non</span> <span class='ocrx_word' id='word_1_40' title='bbox 540 477 760 516; x_wconf 90' lang='lat' dir='ltr'>reflectuntur,</span> <span class='ocrx_word' id='word_1_41' title='bbox 777 475 930 509; x_wconf 90' lang='lat' dir='ltr'>dicuntur</span> <span class='ocrx_word' id='word_1_42' title='bbox 952 473 1033 507; x_wconf 90' lang='lat' dir='ltr'>radii</span> <span class='ocrx_word' id='word_1_43' title='bbox 1057 473 1147 512; x_wconf 91' lang='lat' dir='ltr'>recti,</span> <span class='ocrx_word' id='word_1_44' title='bbox 1165 472 1257 516; x_wconf 90' lang='lat' dir='ltr'>quasi</span> <span class='ocrx_word' id='word_1_45' title='bbox 1281 472 1315 504; x_wconf 90' lang='lat' dir='ltr'>in</span> <span class='ocrx_word' id='word_1_46' title='bbox 1339 482 1390 503; x_wconf 88' lang='lat' dir='ltr'>re-</span> 
     </span>
     <span class='ocr_line' id='line_1_7' title="bbox 328 515 1389 591; baseline -0.008 -35"><span class='ocrx_word' id='word_1_47' title='bbox 328 531 417 556; x_wconf 90' lang='lat' dir='ltr'>ctum</span> <span class='ocrx_word' id='word_1_48' title='bbox 448 521 627 555; x_wconf 91' lang='lat' dir='ltr'>tendentes.</span> <span class='ocrx_word' id='word_1_49' title='bbox 660 521 708 554; x_wconf 86' lang='lat' dir='ltr'>Ex</span> <span class='ocrx_word' id='word_1_50' title='bbox 735 531 802 564; x_wconf 92' lang='lat' dir='ltr'>quo</span> <span class='ocrx_word' id='word_1_51' title='bbox 825 527 914 563; x_wconf 88' lang='lat' dir='ltr'>patet</span> <span class='ocrx_word' id='word_1_52' title='bbox 943 518 1026 551; x_wconf 89' lang='lat' dir='ltr'>ratio</span> <span class='ocrx_word' id='word_1_53' title='bbox 1050 516 1138 549; x_wconf 92' lang='lat' dir='ltr'>illius</span> <span class='ocrx_word' id='word_1_54' title='bbox 1167 515 1258 560; x_wconf 91' lang='lat' dir='ltr'>quod</span> <span class='ocrx_word' id='word_1_55' title='bbox 1290 526 1389 591; x_wconf 78' lang='lat' dir='ltr'>supra</span> 
     </span>
     <span class='ocr_line' id='line_1_8' title="bbox 328 558 1388 610; baseline -0.008 -10"><span class='ocrx_word' id='word_1_56' title='bbox 328 567 452 600; x_wconf 92' lang='lat' dir='ltr'>dictum</span> <span class='ocrx_word' id='word_1_57' title='bbox 475 575 545 606; x_wconf 91' lang='lat' dir='ltr'>est,</span> <span class='ocrx_word' id='word_1_58' title='bbox 578 565 667 610; x_wconf 92' lang='lat' dir='ltr'>quod</span> <span class='ocrx_word' id='word_1_59' title='bbox 691 565 746 597; x_wconf 89' lang='lat' dir='ltr'>iris</span> <span class='ocrx_word' id='word_1_60' title='bbox 774 563 811 596; x_wconf 88' lang='lat' dir='ltr'>fit</span> <span class='ocrx_word' id='word_1_61' title='bbox 834 575 873 596; x_wconf 89' lang='lat' dir='ltr'>ex</span> <span class='ocrx_word' id='word_1_62' title='bbox 901 562 1057 606; x_wconf 88' lang='lat' dir='ltr'>opposito</span> <span class='ocrx_word' id='word_1_63' title='bbox 1088 560 1181 593; x_wconf 88' lang='lat' dir='ltr'>astri:</span> <span class='ocrx_word' id='word_1_64' title='bbox 1207 560 1283 604; x_wconf 89' lang='lat' dir='ltr'>quia</span> <span class='ocrx_word' id='word_1_65' title='bbox 1307 559 1329 592; x_wconf 94' lang='lat' dir='ltr'>il</span> <span class='ocrx_word' id='word_1_66' title='bbox 1344 558 1388 592; x_wconf 93' lang='lat' dir='ltr'>ud</span> 
     </span>
     <span class='ocr_line' id='line_1_9' title="bbox 327 603 1388 655; baseline -0.008 -11"><span class='ocrx_word' id='word_1_67' title='bbox 327 612 393 655; x_wconf 91' lang='lat' dir='ltr'>agit</span> <span class='ocrx_word' id='word_1_68' title='bbox 416 611 449 643; x_wconf 90' lang='lat' dir='ltr'>in</span> <span class='ocrx_word' id='word_1_69' title='bbox 481 618 607 654; x_wconf 92' lang='lat' dir='ltr'>partem</span> <span class='ocrx_word' id='word_1_70' title='bbox 640 608 700 642; x_wconf 89' lang='lat' dir='ltr'><strong>sibi</strong></span> <span class='ocrx_word' id='word_1_71' title='bbox 732 606 961 641; x_wconf 89' lang='lat' dir='ltr'>diametraliter</span> <span class='ocrx_word' id='word_1_72' title='bbox 991 605 1202 655; x_wconf 71' lang='lat' dir='ltr'>oppositam,</span> <span class='ocrx_word' id='word_1_73' title='bbox 1227 612 1259 636; x_wconf 93' lang='lat' dir='ltr'>et</span> <span class='ocrx_word' id='word_1_74' title='bbox 1287 603 1326 636; x_wconf 92' lang='lat' dir='ltr'>ab</span> <span class='ocrx_word' id='word_1_75' title='bbox 1350 615 1388 654; x_wconf 74' lang='lat' dir='ltr'>ea</span> 
     </span>
     <span class='ocr_line' id='line_1_10' title="bbox 326 650 1387 693; baseline -0.008 -5"><span class='ocrx_word' id='word_1_76' title='bbox 326 655 510 688; x_wconf 88' lang='lat' dir='ltr'>reflectitur.</span> <span class='ocrx_word' id='word_1_77' title='bbox 534 654 669 686; x_wconf 85' lang='lat' dir='ltr'>Astrum</span> <span class='ocrx_word' id='word_1_78' title='bbox 695 661 804 685; x_wconf 91' lang='lat' dir='ltr'>autem</span> <span class='ocrx_word' id='word_1_79' title='bbox 829 652 863 684; x_wconf 88' lang='lat' dir='ltr'>in</span> <span class='ocrx_word' id='word_1_80' title='bbox 883 650 969 683; x_wconf 89' lang='lat' dir='ltr'>nube</span> <span class='ocrx_word' id='word_1_81' title='bbox 999 657 1152 693; x_wconf 79' lang='lat' dir='ltr'>opposita</span> <span class='ocrx_word' id='word_1_82' title='bbox 1179 656 1291 681; x_wconf 90' lang='lat' dir='ltr'>causat</span> <span class='ocrx_word' id='word_1_83' title='bbox 1317 658 1387 692; x_wconf 79' lang='lat' dir='ltr'>qui-</span> 
     </span>
     <span class='ocr_line' id='line_1_11' title="bbox 326 693 1386 742; baseline -0.008 -10"><span class='ocrx_word' id='word_1_84' title='bbox 326 699 401 733; x_wconf 89' lang='lat' dir='ltr'>dem</span> <span class='ocrx_word' id='word_1_85' title='bbox 431 698 570 742; x_wconf 87' lang='lat' dir='ltr'>figuram</span> <span class='ocrx_word' id='word_1_86' title='bbox 601 696 809 736; x_wconf 85' lang='lat' dir='ltr'>circularem,</span> <span class='ocrx_word' id='word_1_87' title='bbox 840 695 903 728; x_wconf 91' lang='lat' dir='ltr'>nisi</span> <span class='ocrx_word' id='word_1_88' title='bbox 933 693 1154 738; x_wconf 85' lang='lat' dir='ltr'>impediatur:</span> <span class='ocrx_word' id='word_1_89' title='bbox 1187 693 1264 737; x_wconf 91' lang='lat' dir='ltr'>quia</span> <span class='ocrx_word' id='word_1_90' title='bbox 1288 703 1386 725; x_wconf 92' lang='lat' dir='ltr'>omne</span> 
     </span>
     <span class='ocr_line' id='line_1_12' title="bbox 325 736 1386 787; baseline -0.008 -10"><span class='ocrx_word' id='word_1_91' title='bbox 325 755 424 787; x_wconf 89' lang='lat' dir='ltr'>agens</span> <span class='ocrx_word' id='word_1_92' title='bbox 441 741 579 775; x_wconf 89' lang='lat' dir='ltr'>intendit</span> <span class='ocrx_word' id='word_1_93' title='bbox 593 752 651 784; x_wconf 89' lang='lat' dir='ltr'>per</span> <span class='ocrx_word' id='word_1_94' title='bbox 667 751 760 773; x_wconf 90' lang='lat' dir='ltr'>suam</span> <span class='ocrx_word' id='word_1_95' title='bbox 784 740 947 772; x_wconf 87' lang='lat' dir='ltr'>actionem</span> <span class='ocrx_word' id='word_1_96' title='bbox 966 737 1121 771; x_wconf 88' lang='lat' dir='ltr'>inducere</span> <span class='ocrx_word' id='word_1_97' title='bbox 1137 736 1386 770; x_wconf 89' lang='lat' dir='ltr'>similitudinem</span> 
     </span>
     <span class='ocr_line' id='line_1_13' title="bbox 325 780 1385 830; baseline -0.007 -10"><span class='ocrx_word' id='word_1_98' title='bbox 325 799 418 820; x_wconf 89' lang='lat' dir='ltr'>suam</span> <span class='ocrx_word' id='word_1_99' title='bbox 437 788 471 819; x_wconf 91' lang='lat' dir='ltr'>in</span> <span class='ocrx_word' id='word_1_100' title='bbox 489 797 637 830; x_wconf 82' lang='lat' dir='ltr'>passum3</span> <span class='ocrx_word' id='word_1_101' title='bbox 661 784 719 817; x_wconf 91' lang='lat' dir='ltr'>sed</span> <span class='ocrx_word' id='word_1_102' title='bbox 735 792 868 828; x_wconf 88' lang='lat' dir='ltr'>apparet</span> <span class='ocrx_word' id='word_1_103' title='bbox 890 782 985 816; x_wconf 92' lang='lat' dir='ltr'>nobis</span> <span class='ocrx_word' id='word_1_104' title='bbox 1005 790 1134 815; x_wconf 91' lang='lat' dir='ltr'>tantum</span> <span class='ocrx_word' id='word_1_105' title='bbox 1149 780 1385 821; x_wconf 87' lang='lat' dir='ltr'>semicirculus,</span> 
     </span>
     <span class='ocr_line' id='line_1_14' title="bbox 325 825 1385 876; baseline -0.007 -12"><span class='ocrx_word' id='word_1_106' title='bbox 325 833 400 876; x_wconf 92' lang='lat' dir='ltr'>quia</span> <span class='ocrx_word' id='word_1_107' title='bbox 416 830 539 874; x_wconf 90' lang='lat' dir='ltr'>reliqua</span> <span class='ocrx_word' id='word_1_108' title='bbox 561 840 635 873; x_wconf 91' lang='lat' dir='ltr'>pars</span> <span class='ocrx_word' id='word_1_109' title='bbox 659 828 754 861; x_wconf 93' lang='lat' dir='ltr'>nubis</span> <span class='ocrx_word' id='word_1_110' title='bbox 778 827 831 860; x_wconf 90' lang='lat' dir='ltr'>vel</span> <span class='ocrx_word' id='word_1_111' title='bbox 850 827 1025 860; x_wconf 89' lang='lat' dir='ltr'>rorationis</span> <span class='ocrx_word' id='word_1_112' title='bbox 1047 827 1081 859; x_wconf 89' lang='lat' dir='ltr'>in</span> <span class='ocrx_word' id='word_1_113' title='bbox 1098 838 1163 870; x_wconf 93' lang='lat' dir='ltr'>qua</span> <span class='ocrx_word' id='word_1_114' title='bbox 1185 825 1222 858; x_wconf 88' lang='lat' dir='ltr'>fit</span> <span class='ocrx_word' id='word_1_115' title='bbox 1245 826 1311 865; x_wconf 90' lang='lat' dir='ltr'>iris,</span> <span class='ocrx_word' id='word_1_116' title='bbox 1332 836 1385 857; x_wconf 92' lang='lat' dir='ltr'>oc-</span> 
     </span>
     <span class='ocr_line' id='line_1_15' title="bbox 325 870 1384 915; baseline -0.007 -7"><span class='ocrx_word' id='word_1_117' title='bbox 325 876 462 909; x_wconf 85' lang='lat' dir='ltr'>cultatur</span> <span class='ocrx_word' id='word_1_118' title='bbox 478 873 537 907; x_wconf 93' lang='lat' dir='ltr'>sub</span> <span class='ocrx_word' id='word_1_119' title='bbox 554 873 736 906; x_wconf 86' lang='lat' dir='ltr'>horizonte.</span> <span class='ocrx_word' id='word_1_120' title='bbox 761 872 849 905; x_wconf 87' lang='lat' dir='ltr'>Cum</span> <span class='ocrx_word' id='word_1_121' title='bbox 868 872 968 915; x_wconf 89' lang='lat' dir='ltr'>igitur</span> <span class='ocrx_word' id='word_1_122' title='bbox 984 879 1109 904; x_wconf 91' lang='lat' dir='ltr'>astrum</span> <span class='ocrx_word' id='word_1_123' title='bbox 1133 878 1182 903; x_wconf 90' lang='lat' dir='ltr'>est</span> <span class='ocrx_word' id='word_1_124' title='bbox 1198 871 1232 902; x_wconf 92' lang='lat' dir='ltr'>in</span> <span class='ocrx_word' id='word_1_125' title='bbox 1248 870 1384 910; x_wconf 88' lang='lat' dir='ltr'>oriente,</span> 
     </span>
     <span class='ocr_line' id='line_1_16' title="bbox 323 913 1384 962; baseline -0.006 -10"><span class='ocrx_word' id='word_1_126' title='bbox 323 919 425 952; x_wconf 92' lang='lat' dir='ltr'>nubes</span> <span class='ocrx_word' id='word_1_127' title='bbox 441 919 470 951; x_wconf 92' lang='lat' dir='ltr'>ei</span> <span class='ocrx_word' id='word_1_128' title='bbox 487 918 640 962; x_wconf 87' lang='lat' dir='ltr'>opposita</span> <span class='ocrx_word' id='word_1_129' title='bbox 655 925 704 950; x_wconf 92' lang='lat' dir='ltr'>est</span> <span class='ocrx_word' id='word_1_130' title='bbox 722 917 756 949; x_wconf 89' lang='lat' dir='ltr'>in</span> <span class='ocrx_word' id='word_1_131' title='bbox 773 915 954 956; x_wconf 88' lang='lat' dir='ltr'>occidente,</span> <span class='ocrx_word' id='word_1_132' title='bbox 971 914 1106 948; x_wconf 87' lang='lat' dir='ltr'>dimidia</span> <span class='ocrx_word' id='word_1_133' title='bbox 1130 913 1190 947; x_wconf 91' lang='lat' dir='ltr'>sub</span> <span class='ocrx_word' id='word_1_134' title='bbox 1212 913 1384 947; x_wconf 90' lang='lat' dir='ltr'>horizonte</span> 
     </span>
     <span class='ocr_line' id='line_1_17' title="bbox 323 958 1383 1005; baseline -0.006 -9"><span class='ocrx_word' id='word_1_135' title='bbox 323 972 355 996; x_wconf 91' lang='lat' dir='ltr'>et</span> <span class='ocrx_word' id='word_1_136' title='bbox 370 962 502 996; x_wconf 87' lang='lat' dir='ltr'>dimidia</span> <span class='ocrx_word' id='word_1_137' title='bbox 518 973 627 1005; x_wconf 85' lang='lat' dir='ltr'>supra,</span> <span class='ocrx_word' id='word_1_138' title='bbox 652 969 684 994; x_wconf 94' lang='lat' dir='ltr'>et</span> <span class='ocrx_word' id='word_1_139' title='bbox 699 972 739 994; x_wconf 87' lang='lat' dir='ltr'>ex</span> <span class='ocrx_word' id='word_1_140' title='bbox 762 960 977 1004; x_wconf 89' lang='lat' dir='ltr'>consequenti</span> <span class='ocrx_word' id='word_1_141' title='bbox 993 967 1128 1003; x_wconf 89' lang='lat' dir='ltr'>apparet</span> <span class='ocrx_word' id='word_1_142' title='bbox 1143 958 1238 991; x_wconf 91' lang='lat' dir='ltr'>nobis</span> <span class='ocrx_word' id='word_1_143' title='bbox 1255 967 1383 991; x_wconf 89' lang='lat' dir='ltr'>tantum</span> 
     </span>
     <span class='ocr_line' id='line_1_18' title="bbox 322 1002 1383 1048; baseline -0.005 -8"><span class='ocrx_word' id='word_1_144' title='bbox 322 1005 543 1040; x_wconf 89' lang='lat' dir='ltr'>semicirculus</span> <span class='ocrx_word' id='word_1_145' title='bbox 566 1005 768 1038; x_wconf 89' lang='lat' dir='ltr'>refractionis</span> <span class='ocrx_word' id='word_1_146' title='bbox 788 1004 901 1037; x_wconf 89' lang='lat' dir='ltr'>irialis:</span> <span class='ocrx_word' id='word_1_147' title='bbox 919 1005 995 1048; x_wconf 89' lang='lat' dir='ltr'>quia</span> <span class='ocrx_word' id='word_1_148' title='bbox 1014 1003 1139 1047; x_wconf 90' lang='lat' dir='ltr'>reliqua</span> <span class='ocrx_word' id='word_1_149' title='bbox 1159 1002 1293 1036; x_wconf 90' lang='lat' dir='ltr'>dimidia</span> <span class='ocrx_word' id='word_1_150' title='bbox 1308 1013 1383 1046; x_wconf 91' lang='lat' dir='ltr'>pars</span> 
     </span>
     <span class='ocr_line' id='line_1_19' title="bbox 320 1047 1382 1089; baseline -0.005 -5"><span class='ocrx_word' id='word_1_151' title='bbox 320 1051 492 1085; x_wconf 85' lang='lat' dir='ltr'>rorationis</span> <span class='ocrx_word' id='word_1_152' title='bbox 508 1049 689 1083; x_wconf 91' lang='lat' dir='ltr'>occultatur</span> <span class='ocrx_word' id='word_1_153' title='bbox 705 1049 764 1082; x_wconf 93' lang='lat' dir='ltr'>sub</span> <span class='ocrx_word' id='word_1_154' title='bbox 780 1048 964 1089; x_wconf 91' lang='lat' dir='ltr'>horizonte,</span> <span class='ocrx_word' id='word_1_155' title='bbox 977 1056 1014 1081; x_wconf 94' lang='lat' dir='ltr'>ut</span> <span class='ocrx_word' id='word_1_156' title='bbox 1030 1048 1154 1081; x_wconf 90' lang='lat' dir='ltr'>dictum</span> <span class='ocrx_word' id='word_1_157' title='bbox 1171 1056 1228 1080; x_wconf 90' lang='lat' dir='ltr'>est.</span> <span class='ocrx_word' id='word_1_158' title='bbox 1244 1047 1382 1087; x_wconf 91' lang='lat' dir='ltr'>Quanto</span> 
     </span>
     <span class='ocr_line' id='line_1_20' title="bbox 321 1092 1382 1138; baseline -0.004 -10"><span class='ocrx_word' id='word_1_159' title='bbox 321 1104 429 1129; x_wconf 85' lang='lat' dir='ltr'>autern</span> <span class='ocrx_word' id='word_1_160' title='bbox 452 1095 556 1138; x_wconf 89' lang='lat' dir='ltr'>magis</span> <span class='ocrx_word' id='word_1_161' title='bbox 579 1093 724 1127; x_wconf 90' lang='lat' dir='ltr'>elevatur</span> <span class='ocrx_word' id='word_1_162' title='bbox 753 1101 876 1126; x_wconf 88' lang='lat' dir='ltr'>astrum</span> <span class='ocrx_word' id='word_1_163' title='bbox 907 1103 1007 1137; x_wconf 88' lang='lat' dir='ltr'>super</span> <span class='ocrx_word' id='word_1_164' title='bbox 1029 1092 1236 1125; x_wconf 89' lang='lat' dir='ltr'>horizontem</span> <span class='ocrx_word' id='word_1_165' title='bbox 1250 1116 1258 1132; x_wconf 96' lang='lat'>,</span> <span class='ocrx_word' id='word_1_166' title='bbox 1290 1099 1382 1124; x_wconf 89' lang='lat' dir='ltr'>tanto</span> 
     </span>
     <span class='ocr_line' id='line_1_21' title="bbox 319 1135 1380 1183; baseline -0.004 -11"><span class='ocrx_word' id='word_1_167' title='bbox 319 1140 423 1182; x_wconf 87' lang='lat' dir='ltr'>magis</span> <span class='ocrx_word' id='word_1_168' title='bbox 446 1150 519 1183; x_wconf 86' lang='lat' dir='ltr'>pars</span> <span class='ocrx_word' id='word_1_169' title='bbox 536 1139 565 1171; x_wconf 92' lang='lat' dir='ltr'>ei</span> <span class='ocrx_word' id='word_1_170' title='bbox 581 1138 734 1182; x_wconf 89' lang='lat' dir='ltr'>opposita</span> <span class='ocrx_word' id='word_1_171' title='bbox 757 1137 791 1170; x_wconf 92' lang='lat' dir='ltr'>in</span> <span class='ocrx_word' id='word_1_172' title='bbox 812 1149 876 1182; x_wconf 88' lang='lat' dir='ltr'>qua</span> <span class='ocrx_word' id='word_1_173' title='bbox 895 1136 932 1170; x_wconf 91' lang='lat' dir='ltr'>fit</span> <span class='ocrx_word' id='word_1_174' title='bbox 955 1137 1021 1177; x_wconf 88' lang='lat' dir='ltr'>iris,</span> <span class='ocrx_word' id='word_1_175' title='bbox 1046 1135 1229 1169; x_wconf 90' lang='lat' dir='ltr'>occultatur</span> <span class='ocrx_word' id='word_1_176' title='bbox 1252 1135 1312 1168; x_wconf 94' lang='lat' dir='ltr'>sub</span> <span class='ocrx_word' id='word_1_177' title='bbox 1328 1147 1380 1177; x_wconf 88' lang='lat' dir='ltr'>ea;</span> 
     </span>
     <span class='ocr_line' id='line_1_22' title="bbox 320 1180 1381 1226; baseline -0.003 -10"><span class='ocrx_word' id='word_1_178' title='bbox 320 1192 351 1217; x_wconf 94' lang='lat' dir='ltr'>et</span> <span class='ocrx_word' id='word_1_179' title='bbox 366 1183 441 1216; x_wconf 91' lang='lat' dir='ltr'>ideo</span> <span class='ocrx_word' id='word_1_180' title='bbox 456 1184 564 1216; x_wconf 91' lang='lat' dir='ltr'>minor</span> <span class='ocrx_word' id='word_1_181' title='bbox 579 1194 653 1226; x_wconf 92' lang='lat' dir='ltr'>pars</span> <span class='ocrx_word' id='word_1_182' title='bbox 670 1181 782 1215; x_wconf 89' lang='lat' dir='ltr'>circuli</span> <span class='ocrx_word' id='word_1_183' title='bbox 801 1181 1004 1214; x_wconf 90' lang='lat' dir='ltr'>refractionis</span> <span class='ocrx_word' id='word_1_184' title='bbox 1024 1189 1158 1225; x_wconf 89' lang='lat' dir='ltr'>apparet</span> <span class='ocrx_word' id='word_1_185' title='bbox 1173 1180 1283 1213; x_wconf 90' lang='lat' dir='ltr'>nobis:</span> <span class='ocrx_word' id='word_1_186' title='bbox 1305 1181 1381 1224; x_wconf 90' lang='lat' dir='ltr'>quia</span> 
     </span>
     <span class='ocr_line' id='line_1_23' title="bbox 318 1224 1380 1271; baseline -0.004 -10"><span class='ocrx_word' id='word_1_187' title='bbox 318 1228 439 1261; x_wconf 89' lang='lat' dir='ltr'>roratio</span> <span class='ocrx_word' id='word_1_188' title='bbox 464 1227 617 1271; x_wconf 90' lang='lat' dir='ltr'>opposita</span> <span class='ocrx_word' id='word_1_189' title='bbox 640 1235 727 1259; x_wconf 88' lang='lat' dir='ltr'>astro</span> <span class='ocrx_word' id='word_1_190' title='bbox 751 1226 856 1269; x_wconf 80' lang='lat' dir='ltr'>magis</span> <span class='ocrx_word' id='word_1_191' title='bbox 880 1225 1072 1259; x_wconf 89' lang='lat' dir='ltr'>occultatur.</span> <span class='ocrx_word' id='word_1_192' title='bbox 1099 1224 1246 1265; x_wconf 90' lang='lat' dir='ltr'>Quando</span> <span class='ocrx_word' id='word_1_193' title='bbox 1271 1233 1380 1258; x_wconf 90' lang='lat' dir='ltr'>autem</span> 
     </span>
     <span class='ocr_line' id='line_1_24' title="bbox 319 1269 1380 1311; baseline -0.003 -6"><span class='ocrx_word' id='word_1_194' title='bbox 319 1281 440 1305; x_wconf 88' lang='lat' dir='ltr'>astrum</span> <span class='ocrx_word' id='word_1_195' title='bbox 464 1280 512 1304; x_wconf 94' lang='lat' dir='ltr'>est</span> <span class='ocrx_word' id='word_1_196' title='bbox 531 1271 797 1311; x_wconf 67' lang='lat' dir='ltr'>elevafissimum,</span> <span class='ocrx_word' id='word_1_197' title='bbox 814 1279 846 1303; x_wconf 93' lang='lat' dir='ltr'>et</span> <span class='ocrx_word' id='word_1_198' title='bbox 863 1278 911 1303; x_wconf 92' lang='lat' dir='ltr'>est</span> <span class='ocrx_word' id='word_1_199' title='bbox 927 1271 961 1303; x_wconf 87' lang='lat' dir='ltr'>in</span> <span class='ocrx_word' id='word_1_200' title='bbox 980 1269 1126 1310; x_wconf 87' lang='lat' dir='ltr'>meridie,</span> <span class='ocrx_word' id='word_1_201' title='bbox 1147 1278 1227 1302; x_wconf 89' lang='lat' dir='ltr'>tunc</span> <span class='ocrx_word' id='word_1_202' title='bbox 1242 1270 1380 1302; x_wconf 90' lang='lat' dir='ltr'>minima</span> 
     </span>
     <span class='ocr_line' id='line_1_25' title="bbox 317 1314 1380 1360; baseline -0.003 -11"><span class='ocrx_word' id='word_1_203' title='bbox 317 1317 426 1360; x_wconf 89' lang='lat' dir='ltr'>portio</span> <span class='ocrx_word' id='word_1_204' title='bbox 451 1315 561 1349; x_wconf 89' lang='lat' dir='ltr'>circuli</span> <span class='ocrx_word' id='word_1_205' title='bbox 584 1314 682 1348; x_wconf 90' lang='lat' dir='ltr'>irialis</span> <span class='ocrx_word' id='word_1_206' title='bbox 707 1323 854 1359; x_wconf 88' lang='lat' dir='ltr'>apparet:</span> <span class='ocrx_word' id='word_1_207' title='bbox 880 1315 956 1359; x_wconf 89' lang='lat' dir='ltr'>quia</span> <span class='ocrx_word' id='word_1_208' title='bbox 974 1315 1097 1347; x_wconf 86' lang='lat' dir='ltr'>roratio</span> <span class='ocrx_word' id='word_1_209' title='bbox 1121 1314 1276 1358; x_wconf 86' lang='lat' dir='ltr'>opposita</span> <span class='ocrx_word' id='word_1_210' title='bbox 1292 1323 1380 1347; x_wconf 90' lang='lat' dir='ltr'>astro</span> 
     </span>
     <span class='ocr_line' id='line_1_26' title="bbox 317 1358 1380 1404; baseline -0.002 -11"><span class='ocrx_word' id='word_1_211' title='bbox 317 1361 351 1393; x_wconf 89' lang='lat' dir='ltr'>in</span> <span class='ocrx_word' id='word_1_212' title='bbox 368 1371 431 1404; x_wconf 94' lang='lat' dir='ltr'>qua</span> <span class='ocrx_word' id='word_1_213' title='bbox 446 1359 482 1393; x_wconf 89' lang='lat' dir='ltr'>fit</span> <span class='ocrx_word' id='word_1_214' title='bbox 496 1361 562 1401; x_wconf 90' lang='lat' dir='ltr'>iris,</span> <span class='ocrx_word' id='word_1_215' title='bbox 575 1360 716 1393; x_wconf 87' lang='lat' dir='ltr'>maxime</span> <span class='ocrx_word' id='word_1_216' title='bbox 729 1358 921 1392; x_wconf 90' lang='lat' dir='ltr'>occultatur.</span> <span class='ocrx_word' id='word_1_217' title='bbox 936 1359 1119 1403; x_wconf 90' lang='lat' dir='ltr'>Nunquam</span> <span class='ocrx_word' id='word_1_218' title='bbox 1135 1359 1234 1402; x_wconf 89' lang='lat' dir='ltr'>igitur</span> <span class='ocrx_word' id='word_1_219' title='bbox 1246 1367 1380 1403; x_wconf 93' lang='lat' dir='ltr'>apparet</span> 
     </span>
     <span class='ocr_line' id='line_1_27' title="bbox 316 1403 1378 1448; baseline -0.001 -11"><span class='ocrx_word' id='word_1_220' title='bbox 316 1405 421 1437; x_wconf 87' lang='lat' dir='ltr'>maior</span> <span class='ocrx_word' id='word_1_221' title='bbox 444 1405 552 1448; x_wconf 90' lang='lat' dir='ltr'>portio</span> <span class='ocrx_word' id='word_1_222' title='bbox 577 1416 675 1448; x_wconf 92' lang='lat' dir='ltr'>quam</span> <span class='ocrx_word' id='word_1_223' title='bbox 691 1403 928 1444; x_wconf 87' lang='lat' dir='ltr'>semicirculus,</span> <span class='ocrx_word' id='word_1_224' title='bbox 945 1412 978 1436; x_wconf 90' lang='lat' dir='ltr'>et</span> <span class='ocrx_word' id='word_1_225' title='bbox 995 1415 1092 1447; x_wconf 86' lang='lat' dir='ltr'>saepe</span> <span class='ocrx_word' id='word_1_226' title='bbox 1108 1411 1243 1447; x_wconf 88' lang='lat' dir='ltr'>apparet</span> <span class='ocrx_word' id='word_1_227' title='bbox 1259 1404 1378 1436; x_wconf 90' lang='lat' dir='ltr'>minor.</span> 
     </span>
     <span class='ocr_line' id='line_1_28' title="bbox 371 1447 1380 1491; baseline -0.002 -9"><span class='ocrx_word' id='word_1_228' title='bbox 371 1459 399 1491; x_wconf 85' lang='lat'>3.</span> <span class='ocrx_word' id='word_1_229' title='bbox 423 1449 512 1491; x_wconf 84' lang='lat' dir='ltr'>Quod</span> <span class='ocrx_word' id='word_1_230' title='bbox 528 1455 628 1482; x_wconf 83' lang='lat' dir='ltr'>autem</span> <span class='ocrx_word' id='word_1_231' title='bbox 642 1449 675 1482; x_wconf 88' lang='lat' dir='ltr'>in</span> <span class='ocrx_word' id='word_1_232' title='bbox 690 1447 857 1482; x_wconf 84' lang='lat' dir='ltr'>minoribus</span> <span class='ocrx_word' id='word_1_233' title='bbox 873 1457 932 1481; x_wconf 92' lang='lat' dir='ltr'>etc.</span> <span class='ocrx_word' id='word_1_234' title='bbox 953 1448 1034 1481; x_wconf 91' lang='lat' dir='ltr'>Post</span> <span class='ocrx_word' id='word_1_235' title='bbox 1058 1459 1135 1480; x_wconf 91' lang='lat' dir='ltr'>uam</span> <span class='ocrx_word' id='word_1_236' title='bbox 1152 1447 1380 1481; x_wconf 84' lang='lat' dir='ltr'>determinavit</span> 
     </span>
     <span class='ocr_line' id='line_1_29' title="bbox 316 1492 1379 1537; baseline -0.001 -11"><span class='ocrx_word' id='word_1_237' title='bbox 316 1493 355 1526; x_wconf 92' lang='lat' dir='ltr'>de</span> <span class='ocrx_word' id='word_1_238' title='bbox 378 1492 399 1525; x_wconf 92' lang='lat' dir='ltr'>fi</span> <span class='ocrx_word' id='word_1_239' title='bbox 447 1505 482 1526; x_wconf 91' lang='lat' dir='ltr'>ra</span> <span class='ocrx_word' id='word_1_240' title='bbox 505 1493 612 1534; x_wconf 89' lang='lat' dir='ltr'>iridis,</span> <span class='ocrx_word' id='word_1_241' title='bbox 636 1492 690 1526; x_wconf 89' lang='lat' dir='ltr'>hic</span> <span class='ocrx_word' id='word_1_242' title='bbox 709 1492 902 1526; x_wconf 89' lang='lat' dir='ltr'>determinat</span> <span class='ocrx_word' id='word_1_243' title='bbox 925 1492 965 1526; x_wconf 92' lang='lat' dir='ltr'>de</span> <span class='ocrx_word' id='word_1_244' title='bbox 985 1493 1041 1537; x_wconf 91' lang='lat' dir='ltr'>qui</span> <span class='ocrx_word' id='word_1_245' title='bbox 1065 1492 1181 1526; x_wconf 90' lang='lat' dir='ltr'>usdam</span> <span class='ocrx_word' id='word_1_246' title='bbox 1201 1492 1272 1525; x_wconf 89' lang='lat' dir='ltr'>aliis</span> <span class='ocrx_word' id='word_1_247' title='bbox 1292 1493 1379 1526; x_wconf 87' lang='lat' dir='ltr'>acci-</span> 
     </span>
     <span class='ocr_line' id='line_1_30' title="bbox 316 1536 1378 1581; baseline 0 -11"><span class='ocrx_word' id='word_1_248' title='bbox 316 1537 404 1571; x_wconf 91' lang='lat' dir='ltr'>denti</span> <span class='ocrx_word' id='word_1_249' title='bbox 427 1550 476 1570; x_wconf 90' lang='lat' dir='ltr'>us.</span> <span class='ocrx_word' id='word_1_250' title='bbox 506 1538 547 1571; x_wconf 90' lang='lat' dir='ltr'>Et</span> <span class='ocrx_word' id='word_1_251' title='bbox 571 1537 649 1571; x_wconf 92' lang='lat' dir='ltr'>dicit</span> <span class='ocrx_word' id='word_1_252' title='bbox 673 1537 763 1581; x_wconf 92' lang='lat' dir='ltr'>quod</span> <span class='ocrx_word' id='word_1_253' title='bbox 787 1536 914 1570; x_wconf 92' lang='lat' dir='ltr'>colores</span> <span class='ocrx_word' id='word_1_254' title='bbox 933 1536 1023 1570; x_wconf 91' lang='lat' dir='ltr'>iridis</span> <span class='ocrx_word' id='word_1_255' title='bbox 1045 1545 1204 1581; x_wconf 88' lang='lat' dir='ltr'>apparent</span> <span class='ocrx_word' id='word_1_256' title='bbox 1228 1536 1378 1570; x_wconf 91' lang='lat' dir='ltr'>fortiores</span> 
     </span>
     <span class='ocr_line' id='line_1_31' title="bbox 315 1580 1378 1626; baseline 0 -12"><span class='ocrx_word' id='word_1_257' title='bbox 315 1582 348 1614; x_wconf 90' lang='lat' dir='ltr'>in</span> <span class='ocrx_word' id='word_1_258' title='bbox 364 1581 619 1615; x_wconf 88' lang='lat' dir='ltr'>extremitatibus</span> <span class='ocrx_word' id='word_1_259' title='bbox 641 1581 730 1615; x_wconf 91' lang='lat' dir='ltr'>iridis</span> <span class='ocrx_word' id='word_1_260' title='bbox 755 1582 839 1614; x_wconf 91' lang='lat' dir='ltr'>circa</span> <span class='ocrx_word' id='word_1_261' title='bbox 862 1590 981 1615; x_wconf 90' lang='lat' dir='ltr'>terram</span> <span class='ocrx_word' id='word_1_262' title='bbox 1005 1593 1105 1626; x_wconf 90' lang='lat' dir='ltr'>quam</span> <span class='ocrx_word' id='word_1_263' title='bbox 1129 1582 1163 1614; x_wconf 90' lang='lat' dir='ltr'>in</span> <span class='ocrx_word' id='word_1_264' title='bbox 1186 1580 1313 1622; x_wconf 90' lang='lat' dir='ltr'>medio,</span> <span class='ocrx_word' id='word_1_265' title='bbox 1337 1593 1378 1615; x_wconf 90' lang='lat' dir='ltr'>eo</span> 
     </span>
     <span class='ocr_line' id='line_1_32' title="bbox 315 1625 1378 1677; baseline 0 -18"><span class='ocrx_word' id='word_1_266' title='bbox 315 1626 404 1677; x_wconf 89' lang='lat' dir='ltr'>quod</span> <span class='ocrx_word' id='word_1_267' title='bbox 420 1627 453 1659; x_wconf 92' lang='lat' dir='ltr'>in</span> <span class='ocrx_word' id='word_1_268' title='bbox 481 1638 618 1670; x_wconf 92' lang='lat' dir='ltr'>corpore</span> <span class='ocrx_word' id='word_1_269' title='bbox 643 1625 786 1659; x_wconf 91' lang='lat' dir='ltr'>densiori</span> <span class='ocrx_word' id='word_1_270' title='bbox 810 1625 923 1659; x_wconf 87' lang='lat' dir='ltr'>lumen</span> <span class='ocrx_word' id='word_1_271' title='bbox 947 1625 1063 1659; x_wconf 89' lang='lat' dir='ltr'>fortius</span> <span class='ocrx_word' id='word_1_272' title='bbox 1083 1626 1242 1659; x_wconf 89' lang='lat' dir='ltr'>retinetur</span> <span class='ocrx_word' id='word_1_273' title='bbox 1258 1635 1290 1659; x_wconf 88' lang='lat' dir='ltr'>et</span> <span class='ocrx_word' id='word_1_274' title='bbox 1314 1625 1378 1659; x_wconf 92' lang='lat' dir='ltr'>for-</span> 
     </span>
     <span class='ocr_line' id='line_1_33' title="bbox 313 1669 1377 1714; baseline 0 -11"><span class='ocrx_word' id='word_1_275' title='bbox 313 1670 452 1704; x_wconf 81' lang='lat' dir='ltr'>tificatur</span> <span class='ocrx_word' id='word_1_276' title='bbox 467 1671 585 1714; x_wconf 87' lang='lat' dir='ltr'>magis:</span> <span class='ocrx_word' id='word_1_277' title='bbox 603 1670 707 1704; x_wconf 91' lang='lat' dir='ltr'>nubes</span> <span class='ocrx_word' id='word_1_278' title='bbox 727 1679 836 1703; x_wconf 90' lang='lat' dir='ltr'>autem</span> <span class='ocrx_word' id='word_1_279' title='bbox 854 1679 903 1703; x_wconf 92' lang='lat' dir='ltr'>est</span> <span class='ocrx_word' id='word_1_280' title='bbox 919 1669 1051 1703; x_wconf 88' lang='lat' dir='ltr'>densior</span> <span class='ocrx_word' id='word_1_281' title='bbox 1070 1671 1103 1703; x_wconf 91' lang='lat' dir='ltr'>in</span> <span class='ocrx_word' id='word_1_282' title='bbox 1120 1670 1377 1704; x_wconf 87' lang='lat' dir='ltr'>extremitatibus</span> 
     </span>
    </p>

    <p class='ocr_par' dir='ltr' id='par_1_3' title="bbox 313 1714 1376 1804">
     <span class='ocr_line' id='line_1_34' title="bbox 336 1714 1376 1760; baseline 0.002 -13"><span class='ocrx_word' id='word_1_283' title='bbox 336 1726 411 1748; x_wconf 90' lang='lat' dir='ltr'>uam</span> <span class='ocrx_word' id='word_1_284' title='bbox 435 1716 468 1748; x_wconf 92' lang='lat' dir='ltr'>in</span> <span class='ocrx_word' id='word_1_285' title='bbox 487 1714 607 1749; x_wconf 91' lang='lat' dir='ltr'>medio.</span> <span class='ocrx_word' id='word_1_286' title='bbox 625 1735 643 1740; x_wconf 97' lang='lat'>-</span> <span class='ocrx_word' id='word_1_287' title='bbox 661 1715 851 1748; x_wconf 90' lang='lat' dir='ltr'>Secundum</span> <span class='ocrx_word' id='word_1_288' title='bbox 868 1714 1017 1748; x_wconf 87' lang='lat' dir='ltr'>accidens</span> <span class='ocrx_word' id='word_1_289' title='bbox 1042 1724 1102 1756; x_wconf 93' lang='lat' dir='ltr'>est,</span> <span class='ocrx_word' id='word_1_290' title='bbox 1118 1714 1208 1760; x_wconf 94' lang='lat' dir='ltr'>quod</span> <span class='ocrx_word' id='word_1_291' title='bbox 1224 1716 1279 1748; x_wconf 89' lang='lat' dir='ltr'>iris</span> <span class='ocrx_word' id='word_1_292' title='bbox 1303 1726 1376 1749; x_wconf 88' lang='lat' dir='ltr'>raro</span> 
     </span>
     <span class='ocr_line' id='line_1_35' title="bbox 313 1726 1376 1804; baseline 0.001 -12"><span class='ocrx_word' id='word_1_293' title='bbox 313 1726 349 1792; x_wconf 54' lang='lat' dir='ltr'>gt</span> <span class='ocrx_word' id='word_1_294' title='bbox 366 1771 383 1792; x_wconf 88' lang='lat' dir='ltr'>a</span> <span class='ocrx_word' id='word_1_295' title='bbox 398 1759 488 1793; x_wconf 85' lang='lat' dir='ltr'>luna:</span> <span class='ocrx_word' id='word_1_296' title='bbox 512 1759 601 1804; x_wconf 93' lang='lat' dir='ltr'>quod</span> <span class='ocrx_word' id='word_1_297' title='bbox 626 1759 743 1804; x_wconf 89' lang='lat' dir='ltr'>probat</span> <span class='ocrx_word' id='word_1_298' title='bbox 767 1759 949 1804; x_wconf 88' lang='lat' dir='ltr'>dupliciter.</span> <span class='ocrx_word' id='word_1_299' title='bbox 967 1760 1092 1801; x_wconf 90' lang='lat' dir='ltr'>Primo,</span> <span class='ocrx_word' id='word_1_300' title='bbox 1110 1761 1186 1804; x_wconf 91' lang='lat' dir='ltr'>quia</span> <span class='ocrx_word' id='word_1_301' title='bbox 1206 1771 1376 1804; x_wconf 89' lang='lat' dir='ltr'>nunquam</span> 
     </span>
    </p>
   </div>
   <div class='ocr_carea' id='block_1_3' title="bbox 1018 217 1814 258">
    <p class='ocr_par' dir='ltr' id='par_1_4' title="bbox 1018 217 1814 258">
     <span class='ocr_line' id='line_1_36' title="bbox 1018 217 1814 258; baseline -0.008 0"><span class='ocrx_word' id='word_1_302' title='bbox 1018 217 1608 258; x_wconf 91' lang='lat' dir='ltr'>METEOROLOGICORUM</span> <span class='ocrx_word' id='word_1_303' title='bbox 1638 217 1732 253; x_wconf 93' lang='lat' dir='ltr'><strong>LIB.</strong></span> <span class='ocrx_word' id='word_1_304' title='bbox 1765 218 1814 253; x_wconf 91' lang='lat' dir='ltr'>III</span> 
     </span>
    </p>
   </div>
   <div class='ocr_carea' id='block_1_4' title="bbox 1432 292 2558 1806">
    <p class='ocr_par' dir='ltr' id='par_1_5' title="bbox 1432 292 2558 1806">
     <span class='ocr_line' id='line_1_37' title="bbox 1447 292 2526 337; baseline 0.003 -10"><span class='ocrx_word' id='word_1_305' title='bbox 1447 294 1484 327; x_wconf 87' lang='lat' dir='ltr'>fit</span> <span class='ocrx_word' id='word_1_306' title='bbox 1499 306 1518 326; x_wconf 91' lang='lat' dir='ltr'>a</span> <span class='ocrx_word' id='word_1_307' title='bbox 1534 293 1612 326; x_wconf 84' lang='lat' dir='ltr'>luna</span> <span class='ocrx_word' id='word_1_308' title='bbox 1633 294 1696 325; x_wconf 90' lang='lat' dir='ltr'>nisi</span> <span class='ocrx_word' id='word_1_309' title='bbox 1721 294 1755 325; x_wconf 90' lang='lat' dir='ltr'>in</span> <span class='ocrx_word' id='word_1_310' title='bbox 1770 292 1966 337; x_wconf 92' lang='lat' dir='ltr'>plenilunio,</span> <span class='ocrx_word' id='word_1_311' title='bbox 1983 304 2045 337; x_wconf 91' lang='lat' dir='ltr'>pro</span> <span class='ocrx_word' id='word_1_312' title='bbox 2070 302 2120 327; x_wconf 89' lang='lat' dir='ltr'>ter</span> <span class='ocrx_word' id='word_1_313' title='bbox 2135 293 2337 328; x_wconf 88' lang='lat' dir='ltr'>debilitatem</span> <span class='ocrx_word' id='word_1_314' title='bbox 2357 296 2410 329; x_wconf 89' lang='lat' dir='ltr'>sui</span> <span class='ocrx_word' id='word_1_315' title='bbox 2426 295 2526 330; x_wconf 90' lang='lat' dir='ltr'>lumi-</span> 
     </span>
     <span class='ocr_line' id='line_1_38' title="bbox 1446 337 2525 384; baseline 0.004 -14"><span class='ocrx_word' id='word_1_316' title='bbox 1446 339 1497 371; x_wconf 90' lang='lat' dir='ltr'>nis</span> <span class='ocrx_word' id='word_1_317' title='bbox 1528 338 1563 370; x_wconf 92' lang='lat' dir='ltr'>in</span> <span class='ocrx_word' id='word_1_318' title='bbox 1587 337 1657 370; x_wconf 89' lang='lat' dir='ltr'>aliis</span> <span class='ocrx_word' id='word_1_319' title='bbox 1677 337 1893 381; x_wconf 89' lang='lat' dir='ltr'>temporibus.</span> <span class='ocrx_word' id='word_1_320' title='bbox 1920 337 2030 371; x_wconf 93' lang='lat' dir='ltr'>Secun</span> <span class='ocrx_word' id='word_1_321' title='bbox 2055 349 2087 379; x_wconf 92' lang='lat' dir='ltr'>o,</span> <span class='ocrx_word' id='word_1_322' title='bbox 2126 339 2182 371; x_wconf 91' lang='lat' dir='ltr'>uia</span> <span class='ocrx_word' id='word_1_323' title='bbox 2205 338 2284 372; x_wconf 92' lang='lat' dir='ltr'>luna</span> <span class='ocrx_word' id='word_1_324' title='bbox 2308 349 2444 384; x_wconf 88' lang='lat' dir='ltr'>propter</span> <span class='ocrx_word' id='word_1_325' title='bbox 2467 340 2525 374; x_wconf 88' lang='lat' dir='ltr'>de-.</span> 
     </span>
     <span class='ocr_line' id='line_1_39' title="bbox 1446 350 2524 429; baseline 0.004 -15"><span class='ocrx_word' id='word_1_326' title='bbox 1446 382 1604 415; x_wconf 90' lang='lat' dir='ltr'>bilitatem</span> <span class='ocrx_word' id='word_1_327' title='bbox 1628 381 1680 414; x_wconf 92' lang='lat' dir='ltr'>sui</span> <span class='ocrx_word' id='word_1_328' title='bbox 1703 380 1839 414; x_wconf 88' lang='lat' dir='ltr'>luminis</span> <span class='ocrx_word' id='word_1_329' title='bbox 1855 392 1925 414; x_wconf 92' lang='lat' dir='ltr'>non</span> <span class='ocrx_word' id='word_1_330' title='bbox 1949 381 2070 415; x_wconf 89' lang='lat' dir='ltr'>sufficit</span> <span class='ocrx_word' id='word_1_331' title='bbox 2089 350 2216 416; x_wconf 59' lang='lat' dir='ltr'>eievare</span> <span class='ocrx_word' id='word_1_332' title='bbox 2240 391 2350 417; x_wconf 91' lang='lat' dir='ltr'>tantos</span> <span class='ocrx_word' id='word_1_333' title='bbox 2365 396 2524 429; x_wconf 90' lang='lat' dir='ltr'>vapores,</span> 
     </span>
     <span class='ocr_line' id='line_1_40' title="bbox 1446 425 2523 471; baseline 0.005 -13"><span class='ocrx_word' id='word_1_334' title='bbox 1446 425 1537 470; x_wconf 92' lang='lat' dir='ltr'>quod</span> <span class='ocrx_word' id='word_1_335' title='bbox 1561 436 1661 469; x_wconf 92' lang='lat' dir='ltr'>super</span> <span class='ocrx_word' id='word_1_336' title='bbox 1685 436 1743 458; x_wconf 91' lang='lat' dir='ltr'>eos</span> <span class='ocrx_word' id='word_1_337' title='bbox 1767 426 1874 469; x_wconf 93' lang='lat' dir='ltr'>possit</span> <span class='ocrx_word' id='word_1_338' title='bbox 1897 426 2023 459; x_wconf 90' lang='lat' dir='ltr'>causari</span> <span class='ocrx_word' id='word_1_339' title='bbox 2048 426 2114 460; x_wconf 89' lang='lat' dir='ltr'>iris.</span> <span class='ocrx_word' id='word_1_340' title='bbox 2136 446 2155 452; x_wconf 96' lang='lat'><em>-</em></span> <span class='ocrx_word' id='word_1_341' title='bbox 2180 427 2335 461; x_wconf 89' lang='lat' dir='ltr'>Tertium</span> <span class='ocrx_word' id='word_1_342' title='bbox 2359 429 2523 471; x_wconf 85' lang='lat' dir='ltr'>accidens,</span> 
     </span>
     <span class='ocr_line' id='line_1_41' title="bbox 1445 469 2522 524; baseline 0.004 -21"><span class='ocrx_word' id='word_1_343' title='bbox 1445 469 1536 514; x_wconf 91' lang='lat' dir='ltr'>quod</span> <span class='ocrx_word' id='word_1_344' title='bbox 1556 469 1673 502; x_wconf 92' lang='lat' dir='ltr'>accidit</span> <span class='ocrx_word' id='word_1_345' title='bbox 1688 478 1825 513; x_wconf 89' lang='lat' dir='ltr'>propter</span> <span class='ocrx_word' id='word_1_346' title='bbox 1840 469 1981 503; x_wconf 90' lang='lat' dir='ltr'>eandem</span> <span class='ocrx_word' id='word_1_347' title='bbox 2005 482 2150 512; x_wconf 88' lang='lat' dir='ltr'>causam,</span> <span class='ocrx_word' id='word_1_348' title='bbox 2168 471 2293 505; x_wconf 91' lang='lat' dir='ltr'>scilicet</span> <span class='ocrx_word' id='word_1_349' title='bbox 2306 482 2444 524; x_wconf 81' lang='lat' dir='ltr'>propter</span> <span class='ocrx_word' id='word_1_350' title='bbox 2458 473 2522 507; x_wconf 89' lang='lat' dir='ltr'>ele-</span> 
     </span>
     <span class='ocr_line' id='line_1_42' title="bbox 1443 514 2522 562; baseline 0.006 -16"><span class='ocrx_word' id='word_1_351' title='bbox 1443 515 1611 547; x_wconf 89' lang='lat' dir='ltr'>vationem</span> <span class='ocrx_word' id='word_1_352' title='bbox 1634 525 1814 557; x_wconf 89' lang='lat' dir='ltr'>vaporum,</span> <span class='ocrx_word' id='word_1_353' title='bbox 1838 523 1888 547; x_wconf 92' lang='lat' dir='ltr'>est</span> <span class='ocrx_word' id='word_1_354' title='bbox 1927 514 2017 559; x_wconf 92' lang='lat' dir='ltr'>quod</span> <span class='ocrx_word' id='word_1_355' title='bbox 2042 516 2076 548; x_wconf 92' lang='lat' dir='ltr'>in</span> <span class='ocrx_word' id='word_1_356' title='bbox 2105 527 2144 549; x_wconf 89' lang='lat' dir='ltr'>ea</span> <span class='ocrx_word' id='word_1_357' title='bbox 2166 525 2258 560; x_wconf 90' lang='lat' dir='ltr'>parte</span> <span class='ocrx_word' id='word_1_358' title='bbox 2286 516 2522 562; x_wconf 79' lang='lat' dir='ltr'>hemisphaerii</span> 
     </span>
     <span class='ocr_line' id='line_1_43' title="bbox 1443 557 2522 606; baseline 0.006 -16"><span class='ocrx_word' id='word_1_359' title='bbox 1443 558 1585 591; x_wconf 86' lang='lat' dir='ltr'>maxime</span> <span class='ocrx_word' id='word_1_360' title='bbox 1601 557 1639 590; x_wconf 90' lang='lat' dir='ltr'>fit</span> <span class='ocrx_word' id='word_1_361' title='bbox 1654 558 1722 598; x_wconf 87' lang='lat' dir='ltr'>iris,</span> <span class='ocrx_word' id='word_1_362' title='bbox 1737 559 1772 591; x_wconf 91' lang='lat' dir='ltr'>in</span> <span class='ocrx_word' id='word_1_363' title='bbox 1789 570 1854 603; x_wconf 91' lang='lat' dir='ltr'>qua</span> <span class='ocrx_word' id='word_1_364' title='bbox 1870 558 1921 592; x_wconf 93' lang='lat' dir='ltr'>sol</span> <span class='ocrx_word' id='word_1_365' title='bbox 1936 558 2043 593; x_wconf 89' lang='lat' dir='ltr'>elevat</span> <span class='ocrx_word' id='word_1_366' title='bbox 2058 560 2201 594; x_wconf 87' lang='lat' dir='ltr'>maiores</span> <span class='ocrx_word' id='word_1_367' title='bbox 2217 572 2370 605; x_wconf 89' lang='lat' dir='ltr'>vapores:</span> <span class='ocrx_word' id='word_1_368' title='bbox 2388 562 2466 606; x_wconf 91' lang='lat' dir='ltr'>quia</span> <span class='ocrx_word' id='word_1_369' title='bbox 2482 575 2522 596; x_wconf 89' lang='lat' dir='ltr'>ex</span> 
     </span>
     <span class='ocr_line' id='line_1_44' title="bbox 1443 602 2521 647; baseline 0.006 -13"><span class='ocrx_word' id='word_1_370' title='bbox 1443 603 1489 635; x_wconf 87' lang='lat' dir='ltr'>eis</span> <span class='ocrx_word' id='word_1_371' title='bbox 1506 610 1681 646; x_wconf 85' lang='lat' dir='ltr'>generatur</span> <span class='ocrx_word' id='word_1_372' title='bbox 1704 602 1810 636; x_wconf 92' lang='lat' dir='ltr'>nubes</span> <span class='ocrx_word' id='word_1_373' title='bbox 1832 602 1893 636; x_wconf 93' lang='lat' dir='ltr'>sub</span> <span class='ocrx_word' id='word_1_374' title='bbox 1937 615 1979 637; x_wconf 93' lang='lat' dir='ltr'>ua</span> <span class='ocrx_word' id='word_1_375' title='bbox 1999 603 2096 637; x_wconf 91' lang='lat' dir='ltr'>debet</span> <span class='ocrx_word' id='word_1_376' title='bbox 2122 603 2193 638; x_wconf 91' lang='lat' dir='ltr'>fieri</span> <span class='ocrx_word' id='word_1_377' title='bbox 2217 606 2283 639; x_wconf 83' lang='lat' dir='ltr'>iris.</span> <span class='ocrx_word' id='word_1_378' title='bbox 2309 626 2328 631; x_wconf 98' lang='lat'>-</span> <span class='ocrx_word' id='word_1_379' title='bbox 2351 606 2521 647; x_wconf 86' lang='lat' dir='ltr'>Quartum</span> 
     </span>
     <span class='ocr_line' id='line_1_45' title="bbox 1443 646 2520 695; baseline 0.006 -16"><span class='ocrx_word' id='word_1_380' title='bbox 1443 658 1523 680; x_wconf 91' lang='lat' dir='ltr'>vero</span> <span class='ocrx_word' id='word_1_381' title='bbox 1547 655 1613 686; x_wconf 92' lang='lat' dir='ltr'>est,</span> <span class='ocrx_word' id='word_1_382' title='bbox 1633 647 1711 691; x_wconf 90' lang='lat' dir='ltr'>quia</span> <span class='ocrx_word' id='word_1_383' title='bbox 1733 647 1769 680; x_wconf 92' lang='lat' dir='ltr'>in</span> <span class='ocrx_word' id='word_1_384' title='bbox 1793 646 1909 681; x_wconf 90' lang='lat' dir='ltr'>diebus</span> <span class='ocrx_word' id='word_1_385' title='bbox 1954 648 2139 682; x_wconf 90' lang='lat' dir='ltr'>revioribus</span> <span class='ocrx_word' id='word_1_386' title='bbox 2162 658 2241 694; x_wconf 89' lang='lat' dir='ltr'>post</span> <span class='ocrx_word' id='word_1_387' title='bbox 2269 651 2520 695; x_wconf 89' lang='lat' dir='ltr'>aequinoctium</span> 
     </span>
     <span class='ocr_line' id='line_1_46' title="bbox 1443 689 2519 740; baseline 0.006 -17"><span class='ocrx_word' id='word_1_388' title='bbox 1443 689 1645 731; x_wconf 89' lang='lat' dir='ltr'>autumnale,</span> <span class='ocrx_word' id='word_1_389' title='bbox 1662 691 1796 735; x_wconf 90' lang='lat' dir='ltr'>quando</span> <span class='ocrx_word' id='word_1_390' title='bbox 1813 691 1883 726; x_wconf 91' lang='lat' dir='ltr'>dies</span> <span class='ocrx_word' id='word_1_391' title='bbox 1899 701 1978 726; x_wconf 89' lang='lat' dir='ltr'>sunt</span> <span class='ocrx_word' id='word_1_392' title='bbox 1993 694 2140 727; x_wconf 88' lang='lat' dir='ltr'>minores</span> <span class='ocrx_word' id='word_1_393' title='bbox 2156 694 2322 736; x_wconf 90' lang='lat' dir='ltr'>noctibus,</span> <span class='ocrx_word' id='word_1_394' title='bbox 2341 695 2397 728; x_wconf 91' lang='lat' dir='ltr'>iris</span> <span class='ocrx_word' id='word_1_395' title='bbox 2417 707 2519 740; x_wconf 89' lang='lat' dir='ltr'>appa-</span> 
     </span>
     <span class='ocr_line' id='line_1_47' title="bbox 1441 735 2520 784; baseline 0.006 -17"><span class='ocrx_word' id='word_1_396' title='bbox 1441 747 1510 768; x_wconf 88' lang='lat' dir='ltr'>rere</span> <span class='ocrx_word' id='word_1_397' title='bbox 1528 743 1637 779; x_wconf 88' lang='lat' dir='ltr'>potest</span> <span class='ocrx_word' id='word_1_398' title='bbox 1661 736 1754 768; x_wconf 90' lang='lat' dir='ltr'>omni</span> <span class='ocrx_word' id='word_1_399' title='bbox 1777 735 1861 770; x_wconf 86' lang='lat' dir='ltr'>hora</span> <span class='ocrx_word' id='word_1_400' title='bbox 1884 737 1967 778; x_wconf 76' lang='lat' dir='ltr'>djei;</span> <span class='ocrx_word' id='word_1_401' title='bbox 1991 737 2050 772; x_wconf 93' lang='lat' dir='ltr'>sed</span> <span class='ocrx_word' id='word_1_402' title='bbox 2074 747 2152 782; x_wconf 91' lang='lat' dir='ltr'>post</span> <span class='ocrx_word' id='word_1_403' title='bbox 2175 740 2425 784; x_wconf 88' lang='lat' dir='ltr'>aequinoctium</span> <span class='ocrx_word' id='word_1_404' title='bbox 2447 752 2520 774; x_wconf 89' lang='lat' dir='ltr'>ver-</span> 
     </span>
     <span class='ocr_line' id='line_1_48' title="bbox 1440 778 2520 829; baseline 0.006 -17"><span class='ocrx_word' id='word_1_405' title='bbox 1440 779 1525 820; x_wconf 89' lang='lat' dir='ltr'>nale,</span> <span class='ocrx_word' id='word_1_406' title='bbox 1542 778 1676 823; x_wconf 88' lang='lat' dir='ltr'>quando</span> <span class='ocrx_word' id='word_1_407' title='bbox 1697 779 1767 814; x_wconf 91' lang='lat' dir='ltr'>dies</span> <span class='ocrx_word' id='word_1_408' title='bbox 1790 789 1869 814; x_wconf 90' lang='lat' dir='ltr'>sunt</span> <span class='ocrx_word' id='word_1_409' title='bbox 1890 782 2033 816; x_wconf 91' lang='lat' dir='ltr'>maiores</span> <span class='ocrx_word' id='word_1_410' title='bbox 2057 782 2222 825; x_wconf 89' lang='lat' dir='ltr'>noctibus,</span> <span class='ocrx_word' id='word_1_411' title='bbox 2242 784 2299 817; x_wconf 89' lang='lat' dir='ltr'>iris</span> <span class='ocrx_word' id='word_1_412' title='bbox 2315 795 2386 818; x_wconf 89' lang='lat' dir='ltr'>non</span> <span class='ocrx_word' id='word_1_413' title='bbox 2408 793 2520 829; x_wconf 89' lang='lat' dir='ltr'>potest</span> 
     </span>
     <span class='ocr_line' id='line_1_49' title="bbox 1440 824 2519 871; baseline 0.006 -15"><span class='ocrx_word' id='word_1_414' title='bbox 1440 835 1596 868; x_wconf 90' lang='lat' dir='ltr'>apparere</span> <span class='ocrx_word' id='word_1_415' title='bbox 1613 824 1706 857; x_wconf 87' lang='lat' dir='ltr'>omni</span> <span class='ocrx_word' id='word_1_416' title='bbox 1723 824 1822 859; x_wconf 89' lang='lat' dir='ltr'>hora:</span> <span class='ocrx_word' id='word_1_417' title='bbox 1846 826 1923 870; x_wconf 87' lang='lat' dir='ltr'>quia</span> <span class='ocrx_word' id='word_1_418' title='bbox 1938 837 2008 860; x_wconf 91' lang='lat' dir='ltr'>non</span> <span class='ocrx_word' id='word_1_419' title='bbox 2025 836 2160 871; x_wconf 84' lang='lat' dir='ltr'>apparet</span> <span class='ocrx_word' id='word_1_420' title='bbox 2174 828 2259 862; x_wconf 90' lang='lat' dir='ltr'>circa</span> <span class='ocrx_word' id='word_1_421' title='bbox 2278 828 2452 862; x_wconf 90' lang='lat' dir='ltr'>meridiem</span> <span class='ocrx_word' id='word_1_422' title='bbox 2467 828 2519 863; x_wconf 89' lang='lat' dir='ltr'>his</span> 
     </span>
     <span class='ocr_line' id='line_1_50' title="bbox 1440 868 2518 913; baseline 0.007 -13"><span class='ocrx_word' id='word_1_423' title='bbox 1440 868 1560 913; x_wconf 90' lang='lat' dir='ltr'>quibus</span> <span class='ocrx_word' id='word_1_424' title='bbox 1577 868 1758 902; x_wconf 88' lang='lat' dir='ltr'>solstitium</span> <span class='ocrx_word' id='word_1_425' title='bbox 1781 869 1926 903; x_wconf 88' lang='lat' dir='ltr'>multum</span> <span class='ocrx_word' id='word_1_426' title='bbox 1950 870 2098 905; x_wconf 88' lang='lat' dir='ltr'>elevatur</span> <span class='ocrx_word' id='word_1_427' title='bbox 2120 873 2155 905; x_wconf 89' lang='lat' dir='ltr'>in</span> <span class='ocrx_word' id='word_1_428' title='bbox 2178 872 2326 907; x_wconf 89' lang='lat' dir='ltr'>meridie.</span> <span class='ocrx_word' id='word_1_429' title='bbox 2352 873 2394 907; x_wconf 88' lang='lat' dir='ltr'>Et</span> <span class='ocrx_word' id='word_1_430' title='bbox 2417 873 2518 907; x_wconf 87' lang='lat' dir='ltr'>huius</span> 
     </span>
     <span class='ocr_line' id='line_1_51' title="bbox 1439 913 2518 960; baseline 0.006 -14"><span class='ocrx_word' id='word_1_431' title='bbox 1439 913 1522 946; x_wconf 92' lang='lat' dir='ltr'>ratio</span> <span class='ocrx_word' id='word_1_432' title='bbox 1535 921 1594 952; x_wconf 90' lang='lat' dir='ltr'>est,</span> <span class='ocrx_word' id='word_1_433' title='bbox 1608 913 1686 957; x_wconf 83' lang='lat' dir='ltr'>quia</span> <span class='ocrx_word' id='word_1_434' title='bbox 1700 914 1872 958; x_wconf 89' lang='lat' dir='ltr'>portiones</span> <span class='ocrx_word' id='word_1_435' title='bbox 1890 914 2004 948; x_wconf 87' lang='lat' dir='ltr'>circuli</span> <span class='ocrx_word' id='word_1_436' title='bbox 2023 927 2105 960; x_wconf 88' lang='lat' dir='ltr'>quas</span> <span class='ocrx_word' id='word_1_437' title='bbox 2117 916 2171 950; x_wconf 90' lang='lat' dir='ltr'>sol</span> <span class='ocrx_word' id='word_1_438' title='bbox 2183 917 2337 951; x_wconf 88' lang='lat' dir='ltr'>describit</span> <span class='ocrx_word' id='word_1_439' title='bbox 2348 918 2384 952; x_wconf 92' lang='lat' dir='ltr'>in</span> <span class='ocrx_word' id='word_1_440' title='bbox 2401 917 2518 952; x_wconf 90' lang='lat' dir='ltr'>diebus</span> 
     </span>
     <span class='ocr_line' id='line_1_52' title="bbox 1438 957 2517 1004; baseline 0.006 -14"><span class='ocrx_word' id='word_1_441' title='bbox 1438 957 1645 1001; x_wconf 85' lang='lat' dir='ltr'>longioribus</span> <span class='ocrx_word' id='word_1_442' title='bbox 1669 969 1770 1002; x_wconf 88' lang='lat' dir='ltr'>super</span> <span class='ocrx_word' id='word_1_443' title='bbox 1793 957 2014 1000; x_wconf 88' lang='lat' dir='ltr'>horizontem,</span> <span class='ocrx_word' id='word_1_444' title='bbox 2030 969 2110 994; x_wconf 88' lang='lat' dir='ltr'>sunt</span> <span class='ocrx_word' id='word_1_445' title='bbox 2131 962 2278 996; x_wconf 88' lang='lat' dir='ltr'>minores</span> <span class='ocrx_word' id='word_1_446' title='bbox 2294 962 2517 1004; x_wconf 84' lang='lat' dir='ltr'>semicirculo,</span> 
     </span>
     <span class='ocr_line' id='line_1_53' title="bbox 1438 1001 2517 1055; baseline 0.006 -21"><span class='ocrx_word' id='word_1_447' title='bbox 1438 1001 1496 1035; x_wconf 88' lang='lat' dir='ltr'>sed</span> <span class='ocrx_word' id='word_1_448' title='bbox 1511 1003 1682 1046; x_wconf 89' lang='lat' dir='ltr'>portiones</span> <span class='ocrx_word' id='word_1_449' title='bbox 1699 1014 1781 1047; x_wconf 89' lang='lat' dir='ltr'>quas</span> <span class='ocrx_word' id='word_1_450' title='bbox 1805 1002 1961 1037; x_wconf 90' lang='lat' dir='ltr'>describit</span> <span class='ocrx_word' id='word_1_451' title='bbox 1984 1004 2119 1055; x_wconf 81' lang='lat' dir='ltr'>quando</span> <span class='ocrx_word' id='word_1_452' title='bbox 2138 1005 2265 1040; x_wconf 89' lang='lat' dir='ltr'>accedit</span> <span class='ocrx_word' id='word_1_453' title='bbox 2287 1006 2329 1040; x_wconf 88' lang='lat' dir='ltr'>ad</span> <span class='ocrx_word' id='word_1_454' title='bbox 2349 1008 2517 1051; x_wconf 86' lang='lat' dir='ltr'>tropicum</span> 
     </span>
     <span class='ocr_line' id='line_1_54' title="bbox 1438 1046 2518 1094; baseline 0.006 -15"><span class='ocrx_word' id='word_1_455' title='bbox 1438 1046 1630 1087; x_wconf 90' lang='lat' dir='ltr'>hiemalem,</span> <span class='ocrx_word' id='word_1_456' title='bbox 1655 1055 1733 1080; x_wconf 92' lang='lat' dir='ltr'>sunt</span> <span class='ocrx_word' id='word_1_457' title='bbox 1755 1048 1917 1082; x_wconf 86' lang='lat' dir='ltr'>maiores:</span> <span class='ocrx_word' id='word_1_458' title='bbox 1943 1060 2020 1093; x_wconf 78' lang='lat' dir='ltr'>quia</span> <span class='ocrx_word' id='word_1_459' title='bbox 2043 1058 2170 1094; x_wconf 85' lang='lat' dir='ltr'>quanto</span> <span class='ocrx_word' id='word_1_460' title='bbox 2190 1050 2266 1094; x_wconf 89' lang='lat' dir='ltr'>plus</span> <span class='ocrx_word' id='word_1_461' title='bbox 2292 1050 2344 1084; x_wconf 91' lang='lat' dir='ltr'>sol</span> <span class='ocrx_word' id='word_1_462' title='bbox 2369 1051 2518 1086; x_wconf 84' lang='lat' dir='ltr'>elevatur</span> 
     </span>
     <span class='ocr_line' id='line_1_55' title="bbox 1437 1091 2518 1168; baseline 0.007 -45"><span class='ocrx_word' id='word_1_463' title='bbox 1437 1102 1537 1168; x_wconf 75' lang='lat' dir='ltr'>supra</span> <span class='ocrx_word' id='word_1_464' title='bbox 1557 1091 1769 1125; x_wconf 90' lang='lat' dir='ltr'>horizontem</span> <span class='ocrx_word' id='word_1_465' title='bbox 1792 1091 1846 1126; x_wconf 89' lang='lat' dir='ltr'>vel</span> <span class='ocrx_word' id='word_1_466' title='bbox 1869 1103 1969 1137; x_wconf 88' lang='lat' dir='ltr'>supra</span> <span class='ocrx_word' id='word_1_467' title='bbox 1991 1102 2124 1135; x_wconf 88' lang='lat' dir='ltr'>terram,</span> <span class='ocrx_word' id='word_1_468' title='bbox 2143 1103 2236 1128; x_wconf 86' lang='lat' dir='ltr'>tanto</span> <span class='ocrx_word' id='word_1_469' title='bbox 2260 1094 2448 1140; x_wconf 87' lang='lat' dir='ltr'>depressior</span> <span class='ocrx_word' id='word_1_470' title='bbox 2467 1104 2518 1131; x_wconf 85' lang='lat' dir='ltr'>est</span> 
     </span>
     <span class='ocr_line' id='line_1_56' title="bbox 1436 1135 2516 1183; baseline 0.006 -15"><span class='ocrx_word' id='word_1_471' title='bbox 1436 1147 1482 1180; x_wconf 90' lang='lat' dir='ltr'>po</span> <span class='ocrx_word' id='word_1_472' title='bbox 1497 1147 1535 1168; x_wconf 94' lang='lat' dir='ltr'>us</span> <span class='ocrx_word' id='word_1_473' title='bbox 1560 1144 1593 1169; x_wconf 93' lang='lat' dir='ltr'>et</span> <span class='ocrx_word' id='word_1_474' title='bbox 1614 1147 1709 1169; x_wconf 87' lang='lat' dir='ltr'>arcus</span> <span class='ocrx_word' id='word_1_475' title='bbox 1729 1135 1821 1170; x_wconf 92' lang='lat' dir='ltr'>iridis</span> <span class='ocrx_word' id='word_1_476' title='bbox 1837 1137 1872 1170; x_wconf 88' lang='lat' dir='ltr'>in</span> <span class='ocrx_word' id='word_1_477' title='bbox 1888 1146 1979 1182; x_wconf 87' lang='lat' dir='ltr'>parte</span> <span class='ocrx_word' id='word_1_478' title='bbox 2003 1138 2034 1172; x_wconf 91' lang='lat' dir='ltr'>ei</span> <span class='ocrx_word' id='word_1_479' title='bbox 2053 1140 2210 1183; x_wconf 88' lang='lat' dir='ltr'>opposita</span> <span class='ocrx_word' id='word_1_480' title='bbox 2232 1139 2294 1173; x_wconf 90' lang='lat' dir='ltr'>sub</span> <span class='ocrx_word' id='word_1_481' title='bbox 2318 1149 2414 1182; x_wconf 87' lang='lat' dir='ltr'>terra,</span> <span class='ocrx_word' id='word_1_482' title='bbox 2429 1141 2516 1175; x_wconf 86' lang='lat' dir='ltr'>sicut</span> 
     </span>
     <span class='ocr_line' id='line_1_57' title="bbox 1436 1180 2515 1225; baseline 0.006 -12"><span class='ocrx_word' id='word_1_483' title='bbox 1436 1180 1562 1214; x_wconf 88' lang='lat' dir='ltr'>dictum</span> <span class='ocrx_word' id='word_1_484' title='bbox 1582 1189 1646 1222; x_wconf 91' lang='lat' dir='ltr'>est;</span> <span class='ocrx_word' id='word_1_485' title='bbox 1670 1182 1776 1225; x_wconf 89' lang='lat' dir='ltr'>magis</span> <span class='ocrx_word' id='word_1_486' title='bbox 1793 1190 1905 1215; x_wconf 89' lang='lat' dir='ltr'>autem</span> <span class='ocrx_word' id='word_1_487' title='bbox 1921 1181 2068 1216; x_wconf 89' lang='lat' dir='ltr'>elevatur</span> <span class='ocrx_word' id='word_1_488' title='bbox 2083 1183 2135 1217; x_wconf 92' lang='lat' dir='ltr'>sol</span> <span class='ocrx_word' id='word_1_489' title='bbox 2150 1184 2185 1217; x_wconf 91' lang='lat' dir='ltr'>in</span> <span class='ocrx_word' id='word_1_490' title='bbox 2200 1195 2278 1218; x_wconf 85' lang='lat' dir='ltr'>vere</span> <span class='ocrx_word' id='word_1_491' title='bbox 2294 1193 2328 1218; x_wconf 93' lang='lat' dir='ltr'>et</span> <span class='ocrx_word' id='word_1_492' title='bbox 2342 1185 2378 1219; x_wconf 89' lang='lat' dir='ltr'>in</span> <span class='ocrx_word' id='word_1_493' title='bbox 2391 1193 2515 1220; x_wconf 80' lang='lat' dir='ltr'>aestate</span> 
     </span>
     <span class='ocr_line' id='line_1_58' title="bbox 1436 1225 2515 1269; baseline 0.006 -12"><span class='ocrx_word' id='word_1_494' title='bbox 1436 1236 1537 1269; x_wconf 92' lang='lat' dir='ltr'>quam</span> <span class='ocrx_word' id='word_1_495' title='bbox 1561 1226 1595 1258; x_wconf 91' lang='lat' dir='ltr'>in</span> <span class='ocrx_word' id='word_1_496' title='bbox 1619 1234 1782 1259; x_wconf 91' lang='lat' dir='ltr'>autumno</span> <span class='ocrx_word' id='word_1_497' title='bbox 1806 1235 1840 1260; x_wconf 90' lang='lat' dir='ltr'>et</span> <span class='ocrx_word' id='word_1_498' title='bbox 1862 1225 1995 1261; x_wconf 89' lang='lat' dir='ltr'>hieme:</span> <span class='ocrx_word' id='word_1_499' title='bbox 2027 1236 2061 1261; x_wconf 92' lang='lat' dir='ltr'>et</span> <span class='ocrx_word' id='word_1_500' title='bbox 2083 1239 2124 1262; x_wconf 83' lang='lat' dir='ltr'>ex</span> <span class='ocrx_word' id='word_1_501' title='bbox 2146 1227 2212 1262; x_wconf 94' lang='lat' dir='ltr'>hoc</span> <span class='ocrx_word' id='word_1_502' title='bbox 2240 1229 2340 1263; x_wconf 90' lang='lat' dir='ltr'>etiam</span> <span class='ocrx_word' id='word_1_503' title='bbox 2371 1230 2515 1264; x_wconf 81' lang='lat' dir='ltr'>maiores</span> 
     </span>
     <span class='ocr_line' id='line_1_59' title="bbox 1436 1269 2515 1319; baseline 0.006 -17"><span class='ocrx_word' id='word_1_504' title='bbox 1436 1278 1549 1302; x_wconf 89' lang='lat' dir='ltr'>causat</span> <span class='ocrx_word' id='word_1_505' title='bbox 1573 1269 1698 1304; x_wconf 91' lang='lat' dir='ltr'>calores</span> <span class='ocrx_word' id='word_1_506' title='bbox 1711 1296 1721 1311; x_wconf 94' lang='lat'>,</span> <span class='ocrx_word' id='word_1_507' title='bbox 1752 1279 1786 1304; x_wconf 92' lang='lat' dir='ltr'>et</span> <span class='ocrx_word' id='word_1_508' title='bbox 1809 1281 1904 1304; x_wconf 89' lang='lat' dir='ltr'>arcus</span> <span class='ocrx_word' id='word_1_509' title='bbox 1927 1271 2019 1306; x_wconf 86' lang='lat' dir='ltr'>iridis</span> <span class='ocrx_word' id='word_1_510' title='bbox 2043 1281 2197 1306; x_wconf 89' lang='lat' dir='ltr'>causatus</span> <span class='ocrx_word' id='word_1_511' title='bbox 2228 1272 2268 1307; x_wconf 92' lang='lat' dir='ltr'>ab</span> <span class='ocrx_word' id='word_1_512' title='bbox 2292 1285 2334 1308; x_wconf 90' lang='lat' dir='ltr'>eo</span> <span class='ocrx_word' id='word_1_513' title='bbox 2364 1274 2400 1308; x_wconf 90' lang='lat' dir='ltr'>in</span> <span class='ocrx_word' id='word_1_514' title='bbox 2422 1283 2515 1319; x_wconf 75' lang='lat' dir='ltr'>parte</span> 
     </span>
     <span class='ocr_line' id='line_1_60' title="bbox 1437 1314 2516 1364; baseline 0.006 -17"><span class='ocrx_word' id='word_1_515' title='bbox 1437 1314 1604 1358; x_wconf 90' lang='lat' dir='ltr'>opposita,</span> <span class='ocrx_word' id='word_1_516' title='bbox 1625 1323 1675 1348; x_wconf 90' lang='lat' dir='ltr'>est</span> <span class='ocrx_word' id='word_1_517' title='bbox 1698 1315 1804 1359; x_wconf 88' lang='lat' dir='ltr'>magis</span> <span class='ocrx_word' id='word_1_518' title='bbox 1828 1315 2019 1360; x_wconf 91' lang='lat' dir='ltr'>depressus,</span> <span class='ocrx_word' id='word_1_519' title='bbox 2044 1317 2210 1351; x_wconf 83' lang='lat' dir='ltr'>intantum</span> <span class='ocrx_word' id='word_1_520' title='bbox 2229 1326 2268 1352; x_wconf 91' lang='lat' dir='ltr'>ut</span> <span class='ocrx_word' id='word_1_521' title='bbox 2290 1326 2427 1364; x_wconf 81' lang='lat' dir='ltr'>propter</span> <span class='ocrx_word' id='word_1_522' title='bbox 2441 1330 2516 1364; x_wconf 74' lang='lat' dir='ltr'>pat-</span> 
     </span>
     <span class='ocr_line' id='line_1_61' title="bbox 1434 1359 2514 1438; baseline 0.006 -47"><span class='ocrx_word' id='word_1_523' title='bbox 1434 1359 1571 1392; x_wconf 89' lang='lat' dir='ltr'>vitatem</span> <span class='ocrx_word' id='word_1_524' title='bbox 1594 1370 1664 1393; x_wconf 89' lang='lat' dir='ltr'>non</span> <span class='ocrx_word' id='word_1_525' title='bbox 1687 1368 1862 1438; x_wconf 65' lang='lat' dir='ltr'>appareat,</span> <span class='ocrx_word' id='word_1_526' title='bbox 1895 1361 1973 1405; x_wconf 90' lang='lat' dir='ltr'>quia</span> <span class='ocrx_word' id='word_1_527' title='bbox 1996 1361 2089 1406; x_wconf 89' lang='lat' dir='ltr'>quod</span> <span class='ocrx_word' id='word_1_528' title='bbox 2117 1371 2169 1396; x_wconf 89' lang='lat' dir='ltr'>est</span> <span class='ocrx_word' id='word_1_529' title='bbox 2215 1373 2351 1404; x_wconf 89' lang='lat' dir='ltr'>arvum,</span> <span class='ocrx_word' id='word_1_530' title='bbox 2381 1362 2514 1398; x_wconf 81' lang='lat' dir='ltr'>videtur</span> 
     </span>
     <span class='ocr_line' id='line_1_62' title="bbox 1435 1403 2514 1443; baseline 0.006 -7"><span class='ocrx_word' id='word_1_531' title='bbox 1435 1403 1704 1438; x_wconf 86' lang='lat' dir='ltr'>immanifestum.</span> <span class='ocrx_word' id='word_1_532' title='bbox 1758 1405 1845 1438; x_wconf 86' lang='lat' dir='ltr'>ortio</span> <span class='ocrx_word' id='word_1_533' title='bbox 1869 1414 1980 1439; x_wconf 90' lang='lat' dir='ltr'>autem</span> <span class='ocrx_word' id='word_1_534' title='bbox 2004 1405 2119 1440; x_wconf 91' lang='lat' dir='ltr'>circuli</span> <span class='ocrx_word' id='word_1_535' title='bbox 2141 1407 2181 1440; x_wconf 85' lang='lat' dir='ltr'>iri</span> <span class='ocrx_word' id='word_1_536' title='bbox 2205 1407 2233 1440; x_wconf 87' lang='lat' dir='ltr'>is</span> <span class='ocrx_word' id='word_1_537' title='bbox 2255 1408 2291 1441; x_wconf 92' lang='lat' dir='ltr'>in</span> <span class='ocrx_word' id='word_1_538' title='bbox 2307 1406 2424 1443; x_wconf 74' lang='lat' dir='ltr'>diebus</span> <span class='ocrx_word' id='word_1_539' title='bbox 2437 1407 2514 1443; x_wconf 79' lang='lat' dir='ltr'>lon-</span> 
     </span>
     <span class='ocr_line' id='line_1_63' title="bbox 1434 1447 2558 1498; baseline 0.006 -17"><span class='ocrx_word' id='word_1_540' title='bbox 1434 1447 1582 1491; x_wconf 89' lang='lat' dir='ltr'>gioribus</span> <span class='ocrx_word' id='word_1_541' title='bbox 1614 1457 1664 1482; x_wconf 89' lang='lat' dir='ltr'>est</span> <span class='ocrx_word' id='word_1_542' title='bbox 1687 1459 1804 1493; x_wconf 86' lang='lat' dir='ltr'>parva:</span> <span class='ocrx_word' id='word_1_543' title='bbox 1833 1450 1869 1482; x_wconf 93' lang='lat' dir='ltr'>in</span> <span class='ocrx_word' id='word_1_544' title='bbox 1900 1449 2015 1484; x_wconf 91' lang='lat' dir='ltr'>diebus</span> <span class='ocrx_word' id='word_1_545' title='bbox 2045 1459 2157 1485; x_wconf 86' lang='lat' dir='ltr'>autem</span> <span class='ocrx_word' id='word_1_546' title='bbox 2180 1450 2406 1494; x_wconf 82' lang='lat' dir='ltr'>brevioribus,</span> <span class='ocrx_word' id='word_1_547' title='bbox 2434 1453 2514 1498; x_wconf 80' lang='lat' dir='ltr'>quia</span> <span class='ocrx_word' id='word_1_548' title='bbox 2556 1489 2558 1492; x_wconf 71' lang='grc'>,</span> 
     </span>
     <span class='ocr_line' id='line_1_64' title="bbox 1434 1492 2514 1536; baseline 0.006 -11"><span class='ocrx_word' id='word_1_549' title='bbox 1434 1492 1485 1525; x_wconf 93' lang='lat' dir='ltr'>sol</span> <span class='ocrx_word' id='word_1_550' title='bbox 1508 1504 1576 1528; x_wconf 85' lang='lat' dir='ltr'>non</span> <span class='ocrx_word' id='word_1_551' title='bbox 1601 1492 1747 1526; x_wconf 88' lang='lat' dir='ltr'>multum</span> <span class='ocrx_word' id='word_1_552' title='bbox 1778 1493 1925 1528; x_wconf 86' lang='lat' dir='ltr'>elevatur</span> <span class='ocrx_word' id='word_1_553' title='bbox 1955 1506 1974 1528; x_wconf 90' lang='lat' dir='ltr'>a</span> <span class='ocrx_word' id='word_1_554' title='bbox 2003 1504 2109 1536; x_wconf 88' lang='lat' dir='ltr'>terra,</span> <span class='ocrx_word' id='word_1_555' title='bbox 2141 1495 2217 1530; x_wconf 89' lang='lat' dir='ltr'>ideo</span> <span class='ocrx_word' id='word_1_556' title='bbox 2249 1495 2375 1532; x_wconf 86' lang='lat' dir='ltr'>decisio</span> <span class='ocrx_word' id='word_1_557' title='bbox 2398 1495 2514 1532; x_wconf 75' lang='lat' dir='ltr'>circuli</span> 
     </span>
     <span class='ocr_line' id='line_1_65' title="bbox 1434 1536 2514 1586; baseline 0.006 -16"><span class='ocrx_word' id='word_1_558' title='bbox 1434 1536 1525 1570; x_wconf 89' lang='lat' dir='ltr'>iridis</span> <span class='ocrx_word' id='word_1_559' title='bbox 1554 1548 1624 1571; x_wconf 92' lang='lat' dir='ltr'>non</span> <span class='ocrx_word' id='word_1_560' title='bbox 1654 1537 1799 1572; x_wconf 87' lang='lat' dir='ltr'>multum</span> <span class='ocrx_word' id='word_1_561' title='bbox 1831 1537 2047 1583; x_wconf 89' lang='lat' dir='ltr'>deprimitur,</span> <span class='ocrx_word' id='word_1_562' title='bbox 2078 1549 2112 1574; x_wconf 85' lang='lat' dir='ltr'>et</span> <span class='ocrx_word' id='word_1_563' title='bbox 2134 1541 2242 1575; x_wconf 84' lang='lat' dir='ltr'>maior</span> <span class='ocrx_word' id='word_1_564' title='bbox 2264 1553 2340 1586; x_wconf 87' lang='lat' dir='ltr'>pars</span> <span class='ocrx_word' id='word_1_565' title='bbox 2363 1550 2514 1579; x_wconf 79' lang='lat' dir='ltr'>remanet</span> 
     </span>
     <span class='ocr_line' id='line_1_66' title="bbox 1434 1585 2512 1639; baseline 0.006 -25"><span class='ocrx_word' id='word_1_566' title='bbox 1434 1593 1535 1626; x_wconf 88' lang='lat' dir='ltr'>super</span> <span class='ocrx_word' id='word_1_567' title='bbox 1558 1591 1689 1623; x_wconf 88' lang='lat' dir='ltr'>terram,</span> <span class='ocrx_word' id='word_1_568' title='bbox 1706 1591 1739 1616; x_wconf 90' lang='lat' dir='ltr'>et</span> <span class='ocrx_word' id='word_1_569' title='bbox 1754 1594 1794 1616; x_wconf 87' lang='lat' dir='ltr'>ex</span> <span class='ocrx_word' id='word_1_570' title='bbox 1810 1594 1911 1617; x_wconf 89' lang='lat' dir='ltr'>conse</span> <span class='ocrx_word' id='word_1_571' title='bbox 1936 1585 2027 1618; x_wconf 89' lang='lat' dir='ltr'>uenti</span> <span class='ocrx_word' id='word_1_572' title='bbox 2050 1585 2107 1618; x_wconf 86' lang='lat' dir='ltr'>iris</span> <span class='ocrx_word' id='word_1_573' title='bbox 2131 1593 2212 1619; x_wconf 86' lang='lat' dir='ltr'>tunc</span> <span class='ocrx_word' id='word_1_574' title='bbox 2235 1586 2340 1630; x_wconf 86' lang='lat' dir='ltr'>magis</span> <span class='ocrx_word' id='word_1_575' title='bbox 2363 1595 2512 1639; x_wconf 68' lang='lat' dir='ltr'>apparet.</span> 
     </span>
     <span class='ocr_line' id='line_1_67' title="bbox 1434 1595 2510 1681; baseline 0.007 -22"><span class='ocrx_word' id='word_1_576' title='bbox 1434 1626 1483 1660; x_wconf 85' lang='lat' dir='ltr'>Ex</span> <span class='ocrx_word' id='word_1_577' title='bbox 1530 1638 1575 1660; x_wconf 92' lang='lat' dir='ltr'>uo</span> <span class='ocrx_word' id='word_1_578' title='bbox 1596 1626 1768 1660; x_wconf 90' lang='lat' dir='ltr'>corollarie</span> <span class='ocrx_word' id='word_1_579' title='bbox 1793 1595 1946 1662; x_wconf 68' lang='lat' dir='ltr'>concludi</span> <span class='ocrx_word' id='word_1_580' title='bbox 1970 1637 2092 1673; x_wconf 88' lang='lat' dir='ltr'>potest,</span> <span class='ocrx_word' id='word_1_581' title='bbox 2107 1629 2200 1681; x_wconf 83' lang='lat' dir='ltr'>quod</span> <span class='ocrx_word' id='word_1_582' title='bbox 2224 1629 2372 1664; x_wconf 84' lang='lat' dir='ltr'>defectus</span> <span class='ocrx_word' id='word_1_583' title='bbox 2391 1642 2427 1666; x_wconf 85' lang='lat' dir='ltr'>m</span> <span class='ocrx_word' id='word_1_584' title='bbox 2501 1631 2510 1639; x_wconf 81' lang='lat'><em>⁰</em></span> 
     </span>
     <span class='ocr_line' id='line_1_68' title="bbox 1434 1638 2511 1718; baseline 0.006 -14"><span class='ocrx_word' id='word_1_585' title='bbox 1434 1638 1546 1705; x_wconf 52' lang='lat' dir='ltr'>circffii</span> <span class='ocrx_word' id='word_1_586' title='bbox 1566 1671 1601 1704; x_wconf 91' lang='lat' dir='ltr'>in</span> <span class='ocrx_word' id='word_1_587' title='bbox 1618 1670 1699 1705; x_wconf 90' lang='lat' dir='ltr'>iride</span> <span class='ocrx_word' id='word_1_588' title='bbox 1714 1683 1785 1705; x_wconf 88' lang='lat' dir='ltr'>non</span> <span class='ocrx_word' id='word_1_589' title='bbox 1801 1681 1850 1706; x_wconf 91' lang='lat' dir='ltr'>est</span> <span class='ocrx_word' id='word_1_590' title='bbox 1869 1684 1910 1706; x_wconf 87' lang='lat' dir='ltr'>ex</span> <span class='ocrx_word' id='word_1_591' title='bbox 1925 1682 2017 1717; x_wconf 89' lang='lat' dir='ltr'>parte</span> <span class='ocrx_word' id='word_1_592' title='bbox 2040 1673 2122 1708; x_wconf 78' lang='lat' dir='ltr'>radii</span> <span class='ocrx_word' id='word_1_593' title='bbox 2145 1673 2304 1709; x_wconf 85' lang='lat' dir='ltr'>luminosi</span> <span class='ocrx_word' id='word_1_594' title='bbox 2322 1675 2511 1718; x_wconf 69' lang='lat' dir='ltr'>incidentis,</span> 
     </span>
     <span class='ocr_line' id='line_1_69' title="bbox 1433 1715 2512 1764; baseline 0.006 -15"><span class='ocrx_word' id='word_1_595' title='bbox 1433 1715 1490 1749; x_wconf 91' lang='lat' dir='ltr'>sed</span> <span class='ocrx_word' id='word_1_596' title='bbox 1507 1724 1557 1749; x_wconf 91' lang='lat' dir='ltr'>est</span> <span class='ocrx_word' id='word_1_597' title='bbox 1573 1715 1660 1757; x_wconf 91' lang='lat' dir='ltr'>ideo,</span> <span class='ocrx_word' id='word_1_598' title='bbox 1677 1717 1755 1761; x_wconf 91' lang='lat' dir='ltr'>quia</span> <span class='ocrx_word' id='word_1_599' title='bbox 1777 1716 1883 1751; x_wconf 89' lang='lat' dir='ltr'>nubes</span> <span class='ocrx_word' id='word_1_600' title='bbox 1903 1717 1957 1751; x_wconf 91' lang='lat' dir='ltr'>vel</span> <span class='ocrx_word' id='word_1_601' title='bbox 1979 1718 2104 1752; x_wconf 88' lang='lat' dir='ltr'>roratio</span> <span class='ocrx_word' id='word_1_602' title='bbox 2127 1719 2163 1752; x_wconf 90' lang='lat' dir='ltr'>in</span> <span class='ocrx_word' id='word_1_603' title='bbox 2182 1731 2247 1764; x_wconf 82' lang='lat' dir='ltr'>qua</span> <span class='ocrx_word' id='word_1_604' title='bbox 2262 1719 2300 1754; x_wconf 83' lang='lat' dir='ltr'>fit</span> <span class='ocrx_word' id='word_1_605' title='bbox 2314 1720 2382 1763; x_wconf 87' lang='lat' dir='ltr'>iris,</span> <span class='ocrx_word' id='word_1_606' title='bbox 2398 1719 2512 1755; x_wconf 87' lang='lat' dir='ltr'>occul-</span> 
     </span>
     <span class='ocr_line' id='line_1_70' title="bbox 1432 1759 2176 1806; baseline 0.005 -13"><span class='ocrx_word' id='word_1_607' title='bbox 1432 1769 1519 1795; x_wconf 87' lang='lat' dir='ltr'>tatur</span> <span class='ocrx_word' id='word_1_608' title='bbox 1541 1759 1728 1795; x_wconf 88' lang='lat' dir='ltr'>secundum</span> <span class='ocrx_word' id='word_1_609' title='bbox 1751 1770 1880 1806; x_wconf 83' lang='lat' dir='ltr'>partem</span> <span class='ocrx_word' id='word_1_610' title='bbox 1903 1761 1965 1796; x_wconf 90' lang='lat' dir='ltr'>sub</span> <span class='ocrx_word' id='word_1_611' title='bbox 1989 1762 2176 1798; x_wconf 89' lang='lat' dir='ltr'>horizonte.</span> 
     </span>
    </p>
   </div>
   <div class='ocr_carea' id='block_1_5' title="bbox 968 2522 1843 2763">
    <p class='ocr_par' dir='ltr' id='par_1_6' title="bbox 968 2522 1843 2763">
     <span class='ocr_line' id='line_1_71' title="bbox 968 2522 1843 2763; baseline 0 1299"><span class='ocrx_word' id='word_1_612' title='bbox 968 2522 1843 2763; x_wconf 95' lang='lat' dir='ltr'> </span> 
     </span>
    </p>
   </div>
   <div class='ocr_carea' id='block_1_6' title="bbox 2631 1750 2690 4062">
    <p class='ocr_par' dir='ltr' id='par_1_7' title="bbox 2631 1750 2690 4062">
     <span class='ocr_line' id='line_1_72' title="bbox 2631 1750 2690 4062; baseline 0 0"><span class='ocrx_word' id='word_1_613' title='bbox 2631 1750 2690 4062; x_wconf 95' lang='lat' dir='ltr'> </span> 
     </span>
    </p>
   </div>
  </div>
 </body>
</html>
