<?xml version="1.0" encoding="UTF-8"?>
<!DOCTYPE html PUBLIC "-//W3C//DTD XHTML 1.0 Transitional//EN"
    "http://www.w3.org/TR/xhtml1/DTD/xhtml1-transitional.dtd">
<html xmlns="http://www.w3.org/1999/xhtml" xml:lang="en" lang="en">
 <head>
  <title>
</title>
<meta http-equiv="Content-Type" content="text/html;charset=utf-8" />
  <meta name='ocr-system' content='tesseract 3.04.00' />
  <meta name='ocr-capabilities' content='ocr_page ocr_carea ocr_par ocr_line ocrx_word'/>
</head>
<body>
  <div class='ocr_page' id='page_1' title='image "./operaomniaiussui03thom/operaomniaiussui03thom_0058.png"; bbox 0 0 2782 4134; ppageno 0'>
   <div class='ocr_carea' id='block_1_1' title="bbox 215 1945 232 1961">
    <p class='ocr_par' dir='ltr' id='par_1_1' title="bbox 215 1945 232 1961">
     <span class='ocr_line' id='line_1_1' title="bbox 215 1945 232 1961; baseline 0 0"><span class='ocrx_word' id='word_1_1' title='bbox 215 1945 232 1961; x_wconf 76' lang='grc' dir='ltr'>α</span> 
     </span>
    </p>
   </div>
   <div class='ocr_carea' id='block_1_2' title="bbox 122 1990 331 2039">
    <p class='ocr_par' dir='ltr' id='par_1_2' title="bbox 122 1990 331 2039">
     <span class='ocr_line' id='line_1_2' title="bbox 122 1990 331 2018; baseline -0.005 -6"><span class='ocrx_word' id='word_1_2' title='bbox 122 1992 130 2000; x_wconf 90' lang='grc'>·</span> <span class='ocrx_word' id='word_1_3' title='bbox 146 1990 242 2012; x_wconf 85' lang='lat' dir='ltr'>Cf.lect.</span> <span class='ocrx_word' id='word_1_4' title='bbox 255 1996 331 2018; x_wconf 84' lang='lat' dir='ltr'>praec.</span> 
     </span>
     <span class='ocr_line' id='line_1_3' title="bbox 122 2022 215 2039; baseline 0 -1"><span class='ocrx_word' id='word_1_5' title='bbox 122 2023 186 2039; x_wconf 90' lang='lat' dir='ltr'>num.</span> <span class='ocrx_word' id='word_1_6' title='bbox 195 2022 215 2038; x_wconf 87' lang='lat'>2.</span> 
     </span>
    </p>
   </div>
   <div class='ocr_carea' id='block_1_3' title="bbox 122 2103 316 2123">
    <p class='ocr_par' dir='ltr' id='par_1_3' title="bbox 122 2103 316 2123">
     <span class='ocr_line' id='line_1_4' title="bbox 122 2103 316 2123; baseline -0.005 -1"><span class='ocrx_word' id='word_1_7' title='bbox 122 2104 130 2112; x_wconf 90' lang='grc'>·</span> <span class='ocrx_word' id='word_1_8' title='bbox 146 2103 220 2123; x_wconf 81' lang='lat' dir='ltr'>motus</span> <span class='ocrx_word' id='word_1_9' title='bbox 234 2106 281 2122; x_wconf 85' lang='lat' dir='ltr'>om.</span> <span class='ocrx_word' id='word_1_10' title='bbox 295 2106 316 2121; x_wconf 85' lang='grc' dir='ltr'>Α.</span> 
     </span>
    </p>
   </div>
   <div class='ocr_carea' id='block_1_4' title="bbox 360 271 406 306">
    <p class='ocr_par' dir='ltr' id='par_1_4' title="bbox 360 271 406 306">
     <span class='ocr_line' id='line_1_5' title="bbox 360 271 406 306; baseline 0 0"><span class='ocrx_word' id='word_1_11' title='bbox 360 271 406 306; x_wconf 91' lang='lat'>14</span> 
     </span>
    </p>
   </div>
   <div class='ocr_carea' id='block_1_5' title="bbox 354 329 1421 1762">
    <p class='ocr_par' dir='ltr' id='par_1_5' title="bbox 354 329 1421 1762">
     <span class='ocr_line' id='line_1_6' title="bbox 422 329 1421 371; baseline -0.013 -4"><span class='ocrx_word' id='word_1_12' title='bbox 422 339 570 367; x_wconf 75' lang='lat' dir='ltr'>SYNOPSIS.</span> <span class='ocrx_word' id='word_1_13' title='bbox 587 353 621 358; x_wconf 88' lang='lat'>-—</span> <span class='ocrx_word' id='word_1_14' title='bbox 643 346 666 364; x_wconf 84' lang='lat'>1.</span> <span class='ocrx_word' id='word_1_15' title='bbox 685 335 786 363; x_wconf 84' lang='lat' dir='ltr'>Prima</span> <span class='ocrx_word' id='word_1_16' title='bbox 801 334 884 362; x_wconf 85' lang='lat' dir='ltr'>ratio.</span> <span class='ocrx_word' id='word_1_17' title='bbox 903 333 999 361; x_wconf 91' lang='lat' dir='ltr'>Motus</span> <span class='ocrx_word' id='word_1_18' title='bbox 1014 331 1134 367; x_wconf 86' lang='lat' dir='ltr'>simplex</span> <span class='ocrx_word' id='word_1_19' title='bbox 1155 336 1197 358; x_wconf 95' lang='lat' dir='ltr'>est</span> <span class='ocrx_word' id='word_1_20' title='bbox 1211 329 1306 366; x_wconf 91' lang='lat' dir='ltr'>primo</span> <span class='ocrx_word' id='word_1_21' title='bbox 1328 334 1356 355; x_wconf 91' lang='lat' dir='ltr'>et</span> <span class='ocrx_word' id='word_1_22' title='bbox 1367 336 1421 371; x_wconf 84' lang='lat' dir='ltr'>per</span> 
     </span>
     <span class='ocr_line' id='line_1_7' title="bbox 358 370 1420 415; baseline -0.013 -8"><span class='ocrx_word' id='word_1_23' title='bbox 358 389 388 408; x_wconf 83' lang='lat' dir='ltr'>se</span> <span class='ocrx_word' id='word_1_24' title='bbox 403 377 532 415; x_wconf 90' lang='lat' dir='ltr'>corporis</span> <span class='ocrx_word' id='word_1_25' title='bbox 547 376 697 413; x_wconf 88' lang='lat' dir='ltr'>simplicis:</span> <span class='ocrx_word' id='word_1_26' title='bbox 719 383 835 403; x_wconf 89' lang='lat' dir='ltr'>necesse</span> <span class='ocrx_word' id='word_1_27' title='bbox 856 380 898 401; x_wconf 90' lang='lat' dir='ltr'>est</span> <span class='ocrx_word' id='word_1_28' title='bbox 919 381 986 409; x_wconf 84' lang='lat' dir='ltr'>ergo</span> <span class='ocrx_word' id='word_1_29' title='bbox 1008 380 1070 399; x_wconf 91' lang='lat' dir='ltr'>esse</span> <span class='ocrx_word' id='word_1_30' title='bbox 1090 370 1211 406; x_wconf 87' lang='lat' dir='ltr'>aliquod</span> <span class='ocrx_word' id='word_1_31' title='bbox 1232 376 1337 412; x_wconf 83' lang='lat' dir='ltr'>corpus</span> <span class='ocrx_word' id='word_1_32' title='bbox 1351 376 1420 394; x_wconf 81' lang='lat' dir='ltr'>sirn-</span> 
     </span>
     <span class='ocr_line' id='line_1_8' title="bbox 358 407 1419 456; baseline -0.014 -8"><span class='ocrx_word' id='word_1_33' title='bbox 358 420 431 456; x_wconf 87' lang='lat' dir='ltr'>plex,</span> <span class='ocrx_word' id='word_1_34' title='bbox 453 418 533 455; x_wconf 91' lang='lat' dir='ltr'>quod</span> <span class='ocrx_word' id='word_1_35' title='bbox 553 415 718 445; x_wconf 84' lang='lat' dir='ltr'>naturaliter</span> <span class='ocrx_word' id='word_1_36' title='bbox 739 420 871 442; x_wconf 88' lang='lat' dir='ltr'>movetur</span> <span class='ocrx_word' id='word_1_37' title='bbox 892 419 974 440; x_wconf 92' lang='lat' dir='ltr'>motu</span> <span class='ocrx_word' id='word_1_38' title='bbox 995 409 1133 439; x_wconf 85' lang='lat' dir='ltr'>circulari.</span> <span class='ocrx_word' id='word_1_39' title='bbox 1149 425 1164 430; x_wconf 95' lang='lat'>-</span> <span class='ocrx_word' id='word_1_40' title='bbox 1179 407 1419 452; x_wconf 30' lang='lat' dir='ltr'>1:2xcl&#39;ud1turnob-</span> 
     </span>
     <span class='ocr_line' id='line_1_9' title="bbox 357 447 1418 493; baseline -0.014 -6"><span class='ocrx_word' id='word_1_41' title='bbox 357 458 456 487; x_wconf 86' lang='lat' dir='ltr'>viatio.</span> <span class='ocrx_word' id='word_1_42' title='bbox 491 458 603 493; x_wconf 90' lang='lat' dir='ltr'>Corpus</span> <span class='ocrx_word' id='word_1_43' title='bbox 631 455 750 491; x_wconf 86' lang='lat' dir='ltr'><strong>simplex</strong></span> <span class='ocrx_word' id='word_1_44' title='bbox 782 453 827 482; x_wconf 91' lang='lat' dir='ltr'>cui</span> <span class='ocrx_word' id='word_1_45' title='bbox 859 452 986 480; x_wconf 88' lang='lat' dir='ltr'>naturale</span> <span class='ocrx_word' id='word_1_46' title='bbox 1018 457 1060 478; x_wconf 91' lang='lat' dir='ltr'>est</span> <span class='ocrx_word' id='word_1_47' title='bbox 1090 457 1199 476; x_wconf 81' lang='lat' dir='ltr'>moveri</span> <span class='ocrx_word' id='word_1_48' title='bbox 1227 447 1418 480; x_wconf 80' lang='lat' dir='ltr'>circulariter,</span> 
     </span>
     <span class='ocr_line' id='line_1_10' title="bbox 358 490 1418 535; baseline -0.013 -9"><span class='ocrx_word' id='word_1_49' title='bbox 358 504 474 535; x_wconf 82' lang='lat' dir='ltr'>oportet</span> <span class='ocrx_word' id='word_1_50' title='bbox 495 506 555 524; x_wconf 91' lang='lat' dir='ltr'>esse</span> <span class='ocrx_word' id='word_1_51' title='bbox 570 495 647 524; x_wconf 90' lang='lat' dir='ltr'>aliud</span> <span class='ocrx_word' id='word_1_52' title='bbox 661 504 679 523; x_wconf 89' lang='lat' dir='ltr'>a</span> <span class='ocrx_word' id='word_1_53' title='bbox 691 502 812 530; x_wconf 88' lang='lat' dir='ltr'>corpore</span> <span class='ocrx_word' id='word_1_54' title='bbox 834 491 955 528; x_wconf 84' lang='lat' dir='ltr'>simplici</span> <span class='ocrx_word' id='word_1_55' title='bbox 976 490 1054 527; x_wconf 90' lang='lat' dir='ltr'>quod</span> <span class='ocrx_word' id='word_1_56' title='bbox 1076 494 1208 516; x_wconf 89' lang='lat' dir='ltr'>movetur</span> <span class='ocrx_word' id='word_1_57' title='bbox 1227 492 1309 530; x_wconf 81' lang='lat' dir='ltr'>motu</span> <span class='ocrx_word' id='word_1_58' title='bbox 1323 491 1418 529; x_wconf 75' lang='lat' dir='ltr'>recto:</span> 
     </span>
     <span class='ocr_line' id='line_1_11' title="bbox 358 527 1418 574; baseline -0.014 -8"><span class='ocrx_word' id='word_1_59' title='bbox 358 543 474 574; x_wconf 81' lang='lat' dir='ltr'>oportet</span> <span class='ocrx_word' id='word_1_60' title='bbox 488 536 564 564; x_wconf 91' lang='lat' dir='ltr'>enim</span> <span class='ocrx_word' id='word_1_61' title='bbox 579 539 670 563; x_wconf 87' lang='lat' dir='ltr'>unum</span> <span class='ocrx_word' id='word_1_62' title='bbox 692 533 851 570; x_wconf 87' lang='lat' dir='ltr'>simplicem</span> <span class='ocrx_word' id='word_1_63' title='bbox 873 538 983 559; x_wconf 90' lang='lat' dir='ltr'>motum</span> <span class='ocrx_word' id='word_1_64' title='bbox 1000 538 1061 557; x_wconf 91' lang='lat' dir='ltr'>esse</span> <span class='ocrx_word' id='word_1_65' title='bbox 1075 527 1234 556; x_wconf 88' lang='lat' dir='ltr'>naturalem</span> <span class='ocrx_word' id='word_1_66' title='bbox 1249 535 1335 571; x_wconf 76' lang='lat' dir='ltr'>umus</span> <span class='ocrx_word' id='word_1_67' title='bbox 1349 534 1418 552; x_wconf 80' lang='lat' dir='ltr'>sim—</span> 
     </span>
     <span class='ocr_line' id='line_1_12' title="bbox 357 565 1419 614; baseline -0.013 -9"><span class='ocrx_word' id='word_1_68' title='bbox 357 577 438 614; x_wconf 92' lang='lat' dir='ltr'>plicis</span> <span class='ocrx_word' id='word_1_69' title='bbox 452 575 591 612; x_wconf 89' lang='lat' dir='ltr'>corporis,</span> <span class='ocrx_word' id='word_1_70' title='bbox 613 581 640 602; x_wconf 94' lang='lat' dir='ltr'>et</span> <span class='ocrx_word' id='word_1_71' title='bbox 661 574 789 602; x_wconf 90' lang='lat' dir='ltr'>diversos</span> <span class='ocrx_word' id='word_1_72' title='bbox 804 572 990 599; x_wconf 87' lang='lat' dir='ltr'>diversorum.</span> <span class='ocrx_word' id='word_1_73' title='bbox 1003 586 1021 590; x_wconf 98' lang='lat'><em>-</em></span> <span class='ocrx_word' id='word_1_74' title='bbox 1032 576 1059 595; x_wconf 89' lang='lat'>2.</span> <span class='ocrx_word' id='word_1_75' title='bbox 1076 567 1201 595; x_wconf 87' lang='lat' dir='ltr'>Solvitur</span> <span class='ocrx_word' id='word_1_76' title='bbox 1221 567 1347 594; x_wconf 80' lang='lat' dir='ltr'>obiectio</span> <span class='ocrx_word' id='word_1_77' title='bbox 1369 565 1419 592; x_wconf 92' lang='lat' dir='ltr'>de-</span> 
     </span>
     <span class='ocr_line' id='line_1_13' title="bbox 358 606 1418 652; baseline -0.013 -7"><span class='ocrx_word' id='word_1_78' title='bbox 358 623 473 652; x_wconf 89' lang='lat' dir='ltr'>sumpta</span> <span class='ocrx_word' id='word_1_79' title='bbox 487 625 520 643; x_wconf 89' lang='lat' dir='ltr'>ex</span> <span class='ocrx_word' id='word_1_80' title='bbox 535 616 591 643; x_wconf 91' lang='lat' dir='ltr'>hoc</span> <span class='ocrx_word' id='word_1_81' title='bbox 606 614 686 651; x_wconf 92' lang='lat' dir='ltr'>quod</span> <span class='ocrx_word' id='word_1_82' title='bbox 699 622 775 641; x_wconf 91' lang='lat' dir='ltr'>unus</span> <span class='ocrx_word' id='word_1_83' title='bbox 790 618 885 639; x_wconf 92' lang='lat' dir='ltr'>motus</span> <span class='ocrx_word' id='word_1_84' title='bbox 900 609 1027 645; x_wconf 88' lang='lat' dir='ltr'>simplex,</span> <span class='ocrx_word' id='word_1_85' title='bbox 1039 606 1144 645; x_wconf 84' lang='lat' dir='ltr'>scilicet</span> <span class='ocrx_word' id='word_1_86' title='bbox 1159 612 1256 634; x_wconf 92' lang='lat' dir='ltr'>motus</span> <span class='ocrx_word' id='word_1_87' title='bbox 1270 606 1418 648; x_wconf 82' lang='lat' dir='ltr'>deorsum,</span> 
     </span>
     <span class='ocr_line' id='line_1_14' title="bbox 358 645 1419 688; baseline -0.012 -4"><span class='ocrx_word' id='word_1_88' title='bbox 358 663 400 684; x_wconf 89' lang='lat' dir='ltr'>est</span> <span class='ocrx_word' id='word_1_89' title='bbox 423 654 558 684; x_wconf 89' lang='lat' dir='ltr'>naturalis</span> <span class='ocrx_word' id='word_1_90' title='bbox 582 661 672 682; x_wconf 85' lang='lat' dir='ltr'>terrae</span> <span class='ocrx_word' id='word_1_91' title='bbox 692 659 720 681; x_wconf 91' lang='lat' dir='ltr'>et</span> <span class='ocrx_word' id='word_1_92' title='bbox 745 660 844 688; x_wconf 87' lang='lat' dir='ltr'>aquae,</span> <span class='ocrx_word' id='word_1_93' title='bbox 867 650 938 677; x_wconf 89' lang='lat' dir='ltr'>sicut</span> <span class='ocrx_word' id='word_1_94' title='bbox 958 654 1054 676; x_wconf 91' lang='lat' dir='ltr'>motus</span> <span class='ocrx_word' id='word_1_95' title='bbox 1078 655 1192 674; x_wconf 89' lang='lat' dir='ltr'>sursum</span> <span class='ocrx_word' id='word_1_96' title='bbox 1214 652 1256 673; x_wconf 90' lang='lat' dir='ltr'>est</span> <span class='ocrx_word' id='word_1_97' title='bbox 1281 645 1419 673; x_wconf 87' lang='lat' dir='ltr'>naturalis</span> 
     </span>
     <span class='ocr_line' id='line_1_15' title="bbox 357 683 1420 733; baseline -0.012 -9"><span class='ocrx_word' id='word_1_98' title='bbox 357 695 415 733; x_wconf 87' lang='lat' dir='ltr'>igni</span> <span class='ocrx_word' id='word_1_99' title='bbox 431 701 458 723; x_wconf 92' lang='lat' dir='ltr'>et</span> <span class='ocrx_word' id='word_1_100' title='bbox 472 694 539 723; x_wconf 87' lang='lat' dir='ltr'>aeri.</span> <span class='ocrx_word' id='word_1_101' title='bbox 552 711 570 715; x_wconf 98' lang='lat'><em>-</em></span> <span class='ocrx_word' id='word_1_102' title='bbox 588 694 612 721; x_wconf 85' lang='lat'>3.</span> <span class='ocrx_word' id='word_1_103' title='bbox 628 692 753 721; x_wconf 77' lang='lat' dir='ltr'>Solvitur</span> <span class='ocrx_word' id='word_1_104' title='bbox 767 692 854 719; x_wconf 85' lang='lat' dir='ltr'>altera</span> <span class='ocrx_word' id='word_1_105' title='bbox 869 687 1002 722; x_wconf 91' lang='lat' dir='ltr'>obiectio,</span> <span class='ocrx_word' id='word_1_106' title='bbox 1018 693 1119 715; x_wconf 90' lang='lat' dir='ltr'>contra</span> <span class='ocrx_word' id='word_1_107' title='bbox 1133 686 1190 714; x_wconf 91' lang='lat' dir='ltr'>hoc</span> <span class='ocrx_word' id='word_1_108' title='bbox 1204 685 1285 722; x_wconf 92' lang='lat' dir='ltr'>quod</span> <span class='ocrx_word' id='word_1_109' title='bbox 1299 683 1420 729; x_wconf 77' lang='lat' dir='ltr'>quilibet</span> 
     </span>
     <span class='ocr_line' id='line_1_16' title="bbox 358 726 1419 770; baseline -0.012 -6"><span class='ocrx_word' id='word_1_110' title='bbox 358 742 455 763; x_wconf 89' lang='lat' dir='ltr'>motus</span> <span class='ocrx_word' id='word_1_111' title='bbox 476 734 595 770; x_wconf 86' lang='lat' dir='ltr'>simplex</span> <span class='ocrx_word' id='word_1_112' title='bbox 615 733 651 760; x_wconf 88' lang='lat' dir='ltr'>sit</span> <span class='ocrx_word' id='word_1_113' title='bbox 671 731 788 760; x_wconf 90' lang='lat' dir='ltr'>alicuius</span> <span class='ocrx_word' id='word_1_114' title='bbox 811 737 939 765; x_wconf 83' lang='lat' dir='ltr'>corporis</span> <span class='ocrx_word' id='word_1_115' title='bbox 961 726 1113 763; x_wconf 86' lang='lat' dir='ltr'>simplicis,</span> <span class='ocrx_word' id='word_1_116' title='bbox 1137 726 1176 754; x_wconf 88' lang='lat' dir='ltr'>ita</span> <span class='ocrx_word' id='word_1_117' title='bbox 1197 726 1278 762; x_wconf 91' lang='lat' dir='ltr'>quod</span> <span class='ocrx_word' id='word_1_118' title='bbox 1299 731 1343 753; x_wconf 90' lang='lat' dir='ltr'>tot</span> <span class='ocrx_word' id='word_1_119' title='bbox 1363 730 1419 752; x_wconf 87' lang='lat' dir='ltr'>smt</span> 
     </span>
     <span class='ocr_line' id='line_1_17' title="bbox 358 762 1417 811; baseline -0.011 -8"><span class='ocrx_word' id='word_1_120' title='bbox 358 783 481 811; x_wconf 89' lang='lat' dir='ltr'>corpora</span> <span class='ocrx_word' id='word_1_121' title='bbox 505 772 644 809; x_wconf 88' lang='lat' dir='ltr'>simplicia</span> <span class='ocrx_word' id='word_1_122' title='bbox 667 777 737 808; x_wconf 89' lang='lat' dir='ltr'>quot</span> <span class='ocrx_word' id='word_1_123' title='bbox 762 776 857 798; x_wconf 90' lang='lat' dir='ltr'>motus</span> <span class='ocrx_word' id='word_1_124' title='bbox 881 767 1031 804; x_wconf 87' lang='lat' dir='ltr'>simplices.</span> <span class='ocrx_word' id='word_1_125' title='bbox 1048 783 1066 788; x_wconf 92' lang='lat'>—-</span> <span class='ocrx_word' id='word_1_126' title='bbox 1087 776 1116 801; x_wconf 89' lang='lat'>4.</span> <span class='ocrx_word' id='word_1_127' title='bbox 1135 765 1233 793; x_wconf 86' lang='lat' dir='ltr'>Tertia</span> <span class='ocrx_word' id='word_1_128' title='bbox 1254 762 1417 809; x_wconf 68' lang='lat' dir='ltr'>difficultas.</span> 
     </span>
     <span class='ocr_line' id='line_1_18' title="bbox 358 806 1417 849; baseline -0.011 -6"><span class='ocrx_word' id='word_1_129' title='bbox 358 816 400 842; x_wconf 92' lang='lat' dir='ltr'>Ex</span> <span class='ocrx_word' id='word_1_130' title='bbox 421 813 502 842; x_wconf 91' lang='lat' dir='ltr'>dictis</span> <span class='ocrx_word' id='word_1_131' title='bbox 522 813 654 840; x_wconf 89' lang='lat' dir='ltr'>videntur</span> <span class='ocrx_word' id='word_1_132' title='bbox 675 820 736 839; x_wconf 89' lang='lat' dir='ltr'>esse</span> <span class='ocrx_word' id='word_1_133' title='bbox 757 818 879 845; x_wconf 90' lang='lat' dir='ltr'>corpora</span> <span class='ocrx_word' id='word_1_134' title='bbox 900 806 1040 843; x_wconf 91' lang='lat' dir='ltr'>simplicia</span> <span class='ocrx_word' id='word_1_135' title='bbox 1060 806 1144 843; x_wconf 89' lang='lat' dir='ltr'>plura</span> <span class='ocrx_word' id='word_1_136' title='bbox 1165 813 1417 849; x_wconf 44' lang='lat' dir='ltr'>quam.qu1nque:</span> 
     </span>
     <span class='ocr_line' id='line_1_19' title="bbox 358 845 1419 888; baseline -0.011 -5"><span class='ocrx_word' id='word_1_137' title='bbox 358 863 426 882; x_wconf 90' lang='lat' dir='ltr'>nam</span> <span class='ocrx_word' id='word_1_138' title='bbox 442 859 538 881; x_wconf 91' lang='lat' dir='ltr'>motus</span> <span class='ocrx_word' id='word_1_139' title='bbox 553 853 731 880; x_wconf 87' lang='lat' dir='ltr'>dextrorsum</span> <span class='ocrx_word' id='word_1_140' title='bbox 746 856 773 877; x_wconf 92' lang='lat' dir='ltr'>et</span> <span class='ocrx_word' id='word_1_141' title='bbox 794 848 1000 881; x_wconf 88' lang='lat' dir='ltr'>sinistrorsum,</span> <span class='ocrx_word' id='word_1_142' title='bbox 1011 852 1077 874; x_wconf 90' lang='lat' dir='ltr'>ante</span> <span class='ocrx_word' id='word_1_143' title='bbox 1092 852 1120 874; x_wconf 93' lang='lat' dir='ltr'>et</span> <span class='ocrx_word' id='word_1_144' title='bbox 1133 852 1223 878; x_wconf 88' lang='lat' dir='ltr'>retro,</span> <span class='ocrx_word' id='word_1_145' title='bbox 1238 845 1371 872; x_wconf 79' lang='lat' dir='ltr'>videntur</span> <span class='ocrx_word' id='word_1_146' title='bbox 1391 850 1419 888; x_wconf 77' lang='lat' dir='ltr'>et</span> 
     </span>
     <span class='ocr_line' id='line_1_20' title="bbox 359 884 1418 930; baseline -0.01 -8"><span class='ocrx_word' id='word_1_147' title='bbox 359 893 413 930; x_wconf 91' lang='lat' dir='ltr'>ipsi</span> <span class='ocrx_word' id='word_1_148' title='bbox 434 902 495 921; x_wconf 91' lang='lat' dir='ltr'>esse</span> <span class='ocrx_word' id='word_1_149' title='bbox 510 899 606 920; x_wconf 88' lang='lat' dir='ltr'>motus</span> <span class='ocrx_word' id='word_1_150' title='bbox 620 890 771 926; x_wconf 85' lang='lat' dir='ltr'>simplices.</span> <span class='ocrx_word' id='word_1_151' title='bbox 782 905 802 910; x_wconf 90' lang='lat'>—</span> <span class='ocrx_word' id='word_1_152' title='bbox 815 887 977 916; x_wconf 88' lang='lat' dir='ltr'>Dicendum</span> <span class='ocrx_word' id='word_1_153' title='bbox 992 887 1073 923; x_wconf 93' lang='lat' dir='ltr'>quod</span> <span class='ocrx_word' id='word_1_154' title='bbox 1087 891 1184 914; x_wconf 86' lang='lat' dir='ltr'>motus</span> <span class='ocrx_word' id='word_1_155' title='bbox 1199 884 1351 920; x_wconf 88' lang='lat' dir='ltr'>simplices,</span> <span class='ocrx_word' id='word_1_156' title='bbox 1368 893 1418 920; x_wconf 84' lang='lat' dir='ltr'>qui</span> 
     </span>
     <span class='ocr_line' id='line_1_21' title="bbox 357 925 1418 967; baseline -0.009 -6"><span class='ocrx_word' id='word_1_157' title='bbox 357 939 424 961; x_wconf 90' lang='lat' dir='ltr'>sunt</span> <span class='ocrx_word' id='word_1_158' title='bbox 435 932 576 960; x_wconf 87' lang='lat' dir='ltr'>naturales</span> <span class='ocrx_word' id='word_1_159' title='bbox 588 930 756 967; x_wconf 86' lang='lat' dir='ltr'>corporibus</span> <span class='ocrx_word' id='word_1_160' title='bbox 770 926 956 964; x_wconf 88' lang='lat' dir='ltr'>simplicibus,</span> <span class='ocrx_word' id='word_1_161' title='bbox 967 926 1155 954; x_wconf 86' lang='lat' dir='ltr'>attenduntur</span> <span class='ocrx_word' id='word_1_162' title='bbox 1165 925 1325 953; x_wconf 89' lang='lat' dir='ltr'>secundum</span> <span class='ocrx_word' id='word_1_163' title='bbox 1337 933 1418 952; x_wconf 91' lang='lat' dir='ltr'>com-</span> 
     </span>
     <span class='ocr_line' id='line_1_22' title="bbox 357 964 1418 1009; baseline -0.01 -8"><span class='ocrx_word' id='word_1_164' title='bbox 357 971 538 1009; x_wconf 83' lang='lat' dir='ltr'>parationem</span> <span class='ocrx_word' id='word_1_165' title='bbox 559 972 595 999; x_wconf 90' lang='lat' dir='ltr'>ad</span> <span class='ocrx_word' id='word_1_166' title='bbox 616 969 743 998; x_wconf 91' lang='lat' dir='ltr'>medium</span> <span class='ocrx_word' id='word_1_167' title='bbox 758 967 873 996; x_wconf 89' lang='lat' dir='ltr'>mundi:</span> <span class='ocrx_word' id='word_1_168' title='bbox 897 973 924 995; x_wconf 92' lang='lat' dir='ltr'>et</span> <span class='ocrx_word' id='word_1_169' title='bbox 940 966 1011 1004; x_wconf 66' lang='lat' dir='ltr'>¹ideo</span> <span class='ocrx_word' id='word_1_170' title='bbox 1033 971 1148 1002; x_wconf 90' lang='lat' dir='ltr'>oportet</span> <span class='ocrx_word' id='word_1_171' title='bbox 1169 973 1230 992; x_wconf 90' lang='lat' dir='ltr'>esse</span> <span class='ocrx_word' id='word_1_172' title='bbox 1251 964 1346 992; x_wconf 89' lang='lat' dir='ltr'>solum</span> <span class='ocrx_word' id='word_1_173' title='bbox 1361 970 1418 991; x_wconf 90' lang='lat' dir='ltr'>tres</span> 
     </span>
     <span class='ocr_line' id='line_1_23' title="bbox 357 1004 1417 1047; baseline -0.009 -7"><span class='ocrx_word' id='word_1_174' title='bbox 357 1018 453 1040; x_wconf 91' lang='lat' dir='ltr'>motus</span> <span class='ocrx_word' id='word_1_175' title='bbox 481 1010 631 1047; x_wconf 84' lang='lat' dir='ltr'>simplices.</span> <span class='ocrx_word' id='word_1_176' title='bbox 648 1026 666 1030; x_wconf 97' lang='lat'><em>-</em></span> <span class='ocrx_word' id='word_1_177' title='bbox 687 1010 712 1036; x_wconf 91' lang='grc'>5.</span> <span class='ocrx_word' id='word_1_178' title='bbox 735 1007 799 1036; x_wconf 83' lang='lat' dir='ltr'>Alia</span> <span class='ocrx_word' id='word_1_179' title='bbox 827 1004 990 1035; x_wconf 88' lang='lat' dir='ltr'>difficultas.</span> <span class='ocrx_word' id='word_1_180' title='bbox 1006 1021 1025 1025; x_wconf 98' lang='lat'><strong>—</strong></span> <span class='ocrx_word' id='word_1_181' title='bbox 1040 1005 1237 1033; x_wconf 89' lang='lat' dir='ltr'>Manifestatur</span> <span class='ocrx_word' id='word_1_182' title='bbox 1265 1004 1417 1040; x_wconf 91' lang='lat' dir='ltr'>quomodo</span> 
     </span>
     <span class='ocr_line' id='line_1_24' title="bbox 358 1044 1417 1083; baseline -0.009 -3"><span class='ocrx_word' id='word_1_183' title='bbox 358 1051 468 1080; x_wconf 86' lang='lat' dir='ltr'>dicatur</span> <span class='ocrx_word' id='word_1_184' title='bbox 488 1057 584 1078; x_wconf 88' lang='lat' dir='ltr'>motus</span> <span class='ocrx_word' id='word_1_185' title='bbox 611 1048 754 1077; x_wconf 89' lang='lat' dir='ltr'>circularis</span> <span class='ocrx_word' id='word_1_186' title='bbox 776 1056 837 1075; x_wconf 89' lang='lat' dir='ltr'>esse</span> <span class='ocrx_word' id='word_1_187' title='bbox 859 1045 989 1083; x_wconf 88' lang='lat' dir='ltr'>corporis</span> <span class='ocrx_word' id='word_1_188' title='bbox 1011 1045 1141 1073; x_wconf 89' lang='lat' dir='ltr'>habentis</span> <span class='ocrx_word' id='word_1_189' title='bbox 1168 1044 1417 1080; x_wconf 86' lang='lat' dir='ltr'>complementum</span> 
     </span>
     <span class='ocr_line' id='line_1_25' title="bbox 357 1085 1418 1127; baseline -0.008 -8"><span class='ocrx_word' id='word_1_190' title='bbox 357 1100 425 1119; x_wconf 87' lang='lat' dir='ltr'>suae</span> <span class='ocrx_word' id='word_1_191' title='bbox 449 1090 566 1127; x_wconf 90' lang='lat' dir='ltr'>speciei;</span> <span class='ocrx_word' id='word_1_192' title='bbox 590 1095 618 1116; x_wconf 91' lang='lat' dir='ltr'>et</span> <span class='ocrx_word' id='word_1_193' title='bbox 640 1088 790 1125; x_wconf 91' lang='lat' dir='ltr'>quomodo</span> <span class='ocrx_word' id='word_1_194' title='bbox 814 1096 830 1115; x_wconf 91' lang='lat' dir='ltr'>e</span> <span class='ocrx_word' id='word_1_195' title='bbox 854 1086 998 1114; x_wconf 90' lang='lat' dir='ltr'>contrario</span> <span class='ocrx_word' id='word_1_196' title='bbox 1018 1085 1130 1122; x_wconf 77' lang='lat' dir='ltr'>dicatur</span> <span class='ocrx_word' id='word_1_197' title='bbox 1144 1085 1179 1112; x_wconf 94' lang='lat' dir='ltr'>de</span> <span class='ocrx_word' id='word_1_198' title='bbox 1198 1090 1281 1112; x_wconf 92' lang='lat' dir='ltr'>motu</span> <span class='ocrx_word' id='word_1_199' title='bbox 1303 1090 1418 1112; x_wconf 88' lang='lat' dir='ltr'>recto.—</span> 
     </span>
     <span class='ocr_line' id='line_1_26' title="bbox 357 1124 1419 1164; baseline -0.007 -6"><span class='ocrx_word' id='word_1_200' title='bbox 357 1132 384 1158; x_wconf 87' lang='lat'>6.</span> <span class='ocrx_word' id='word_1_201' title='bbox 397 1130 528 1158; x_wconf 86' lang='lat' dir='ltr'>Secunda</span> <span class='ocrx_word' id='word_1_202' title='bbox 543 1129 624 1157; x_wconf 84' lang='lat' dir='ltr'>ratio.</span> <span class='ocrx_word' id='word_1_203' title='bbox 640 1128 708 1156; x_wconf 86' lang='lat' dir='ltr'>Tria</span> <span class='ocrx_word' id='word_1_204' title='bbox 722 1125 949 1164; x_wconf 89' lang='lat' dir='ltr'>praesupposita.</span> <span class='ocrx_word' id='word_1_205' title='bbox 961 1126 1189 1162; x_wconf 85' lang='lat' dir='ltr'>Argumentum:</span> <span class='ocrx_word' id='word_1_206' title='bbox 1205 1124 1321 1160; x_wconf 89' lang='lat' dir='ltr'>corpori</span> <span class='ocrx_word' id='word_1_207' title='bbox 1338 1124 1419 1160; x_wconf 90' lang='lat' dir='ltr'>quod</span> 
     </span>
     <span class='ocr_line' id='line_1_27' title="bbox 357 1164 1419 1201; baseline -0.006 -4"><span class='ocrx_word' id='word_1_208' title='bbox 357 1171 394 1198; x_wconf 88' lang='lat' dir='ltr'>ad</span> <span class='ocrx_word' id='word_1_209' title='bbox 415 1178 530 1197; x_wconf 89' lang='lat' dir='ltr'>sensum</span> <span class='ocrx_word' id='word_1_210' title='bbox 551 1168 723 1196; x_wconf 82' lang='lat' dir='ltr'>circulariter</span> <span class='ocrx_word' id='word_1_211' title='bbox 749 1173 894 1201; x_wconf 86' lang='lat' dir='ltr'>movetur,</span> <span class='ocrx_word' id='word_1_212' title='bbox 921 1171 971 1194; x_wconf 91' lang='lat' dir='ltr'>aut</span> <span class='ocrx_word' id='word_1_213' title='bbox 998 1171 1040 1193; x_wconf 88' lang='lat' dir='ltr'>est</span> <span class='ocrx_word' id='word_1_214' title='bbox 1068 1164 1206 1193; x_wconf 84' lang='lat' dir='ltr'>naturalis</span> <span class='ocrx_word' id='word_1_215' title='bbox 1233 1164 1294 1200; x_wconf 90' lang='lat' dir='ltr'>ipse</span> <span class='ocrx_word' id='word_1_216' title='bbox 1322 1170 1419 1192; x_wconf 89' lang='lat' dir='ltr'>motus</span> 
     </span>
     <span class='ocr_line' id='line_1_28' title="bbox 357 1204 1419 1243; baseline -0.006 -6"><span class='ocrx_word' id='word_1_217' title='bbox 357 1209 514 1243; x_wconf 78' lang='lat' dir='ltr'>circularis,</span> <span class='ocrx_word' id='word_1_218' title='bbox 536 1215 563 1236; x_wconf 89' lang='lat' dir='ltr'>et</span> <span class='ocrx_word' id='word_1_219' title='bbox 577 1209 698 1236; x_wconf 89' lang='lat' dir='ltr'>habetur</span> <span class='ocrx_word' id='word_1_220' title='bbox 712 1207 853 1235; x_wconf 89' lang='lat' dir='ltr'>intentum</span> <span class='ocrx_word' id='word_1_221' title='bbox 869 1206 945 1234; x_wconf 88' lang='lat' dir='ltr'>iuxta</span> <span class='ocrx_word' id='word_1_222' title='bbox 963 1204 1086 1241; x_wconf 89' lang='lat' dir='ltr'>primam</span> <span class='ocrx_word' id='word_1_223' title='bbox 1107 1205 1269 1239; x_wconf 84' lang='lat' dir='ltr'>rationem;</span> <span class='ocrx_word' id='word_1_224' title='bbox 1290 1210 1340 1232; x_wconf 88' lang='lat' dir='ltr'>aut</span> <span class='ocrx_word' id='word_1_225' title='bbox 1354 1213 1419 1232; x_wconf 92' lang='lat' dir='ltr'>mo-</span> 
     </span>
     <span class='ocr_line' id='line_1_29' title="bbox 356 1244 1419 1281; baseline -0.005 -5"><span class='ocrx_word' id='word_1_226' title='bbox 356 1256 401 1276; x_wconf 88' lang='lat' dir='ltr'>tus</span> <span class='ocrx_word' id='word_1_227' title='bbox 416 1248 559 1277; x_wconf 86' lang='lat' dir='ltr'>circularis</span> <span class='ocrx_word' id='word_1_228' title='bbox 581 1254 622 1276; x_wconf 91' lang='lat' dir='ltr'>est</span> <span class='ocrx_word' id='word_1_229' title='bbox 643 1247 668 1276; x_wconf 90' lang='lat' dir='ltr'>ei</span> <span class='ocrx_word' id='word_1_230' title='bbox 683 1253 784 1276; x_wconf 90' lang='lat' dir='ltr'>contra</span> <span class='ocrx_word' id='word_1_231' title='bbox 804 1253 951 1274; x_wconf 87' lang='lat' dir='ltr'>naturam:</span> <span class='ocrx_word' id='word_1_232' title='bbox 974 1251 1001 1272; x_wconf 92' lang='lat' dir='ltr'>et</span> <span class='ocrx_word' id='word_1_233' title='bbox 1017 1251 1094 1280; x_wconf 89' lang='lat' dir='ltr'>tunc,</span> <span class='ocrx_word' id='word_1_234' title='bbox 1110 1244 1133 1272; x_wconf 92' lang='lat' dir='ltr'>si</span> <span class='ocrx_word' id='word_1_235' title='bbox 1148 1254 1253 1281; x_wconf 90' lang='lat' dir='ltr'>corpus</span> <span class='ocrx_word' id='word_1_236' title='bbox 1269 1244 1350 1281; x_wconf 92' lang='lat' dir='ltr'>quod</span> <span class='ocrx_word' id='word_1_237' title='bbox 1364 1244 1419 1272; x_wconf 86' lang='lat' dir='ltr'>cir·</span> 
     </span>
     <span class='ocr_line' id='line_1_30' title="bbox 356 1284 1419 1323; baseline -0.004 -7"><span class='ocrx_word' id='word_1_238' title='bbox 356 1288 486 1316; x_wconf 89' lang='lat' dir='ltr'>culariter</span> <span class='ocrx_word' id='word_1_239' title='bbox 506 1294 637 1315; x_wconf 92' lang='lat' dir='ltr'>movetur</span> <span class='ocrx_word' id='word_1_240' title='bbox 654 1287 690 1315; x_wconf 93' lang='lat' dir='ltr'>sit</span> <span class='ocrx_word' id='word_1_241' title='bbox 703 1296 794 1315; x_wconf 90' lang='lat' dir='ltr'>unum</span> <span class='ocrx_word' id='word_1_242' title='bbox 817 1287 852 1314; x_wconf 92' lang='lat' dir='ltr'>de</span> <span class='ocrx_word' id='word_1_243' title='bbox 874 1292 999 1323; x_wconf 83' lang='lat' dir='ltr'>quatuor</span> <span class='ocrx_word' id='word_1_244' title='bbox 1020 1285 1178 1320; x_wconf 88' lang='lat' dir='ltr'>elementis,</span> <span class='ocrx_word' id='word_1_245' title='bbox 1193 1284 1324 1321; x_wconf 83' lang='lat' dir='ltr'>sequitur</span> <span class='ocrx_word' id='word_1_246' title='bbox 1339 1284 1419 1321; x_wconf 91' lang='lat' dir='ltr'>quod</span> 
     </span>
     <span class='ocr_line' id='line_1_31' title="bbox 355 1324 1418 1361; baseline -0.004 -5"><span class='ocrx_word' id='word_1_247' title='bbox 355 1328 405 1356; x_wconf 91' lang='lat' dir='ltr'>uni</span> <span class='ocrx_word' id='word_1_248' title='bbox 421 1328 578 1356; x_wconf 90' lang='lat' dir='ltr'>secundum</span> <span class='ocrx_word' id='word_1_249' title='bbox 592 1328 714 1355; x_wconf 91' lang='lat' dir='ltr'>eandem</span> <span class='ocrx_word' id='word_1_250' title='bbox 735 1326 877 1354; x_wconf 88' lang='lat' dir='ltr'>rationem</span> <span class='ocrx_word' id='word_1_251' title='bbox 893 1326 949 1353; x_wconf 91' lang='lat' dir='ltr'>sint</span> <span class='ocrx_word' id='word_1_252' title='bbox 966 1325 1048 1361; x_wconf 86' lang='lat' dir='ltr'>plura</span> <span class='ocrx_word' id='word_1_253' title='bbox 1062 1324 1215 1353; x_wconf 85' lang='lat' dir='ltr'>contraria.</span> <span class='ocrx_word' id='word_1_254' title='bbox 1239 1325 1306 1352; x_wconf 90' lang='lat' dir='ltr'>Non</span> <span class='ocrx_word' id='word_1_255' title='bbox 1321 1331 1418 1352; x_wconf 89' lang='lat' dir='ltr'>autem</span> 
     </span>
     <span class='ocr_line' id='line_1_32' title="bbox 354 1363 1420 1404; baseline -0.004 -8"><span class='ocrx_word' id='word_1_256' title='bbox 354 1367 384 1395; x_wconf 91' lang='lat' dir='ltr'>in</span> <span class='ocrx_word' id='word_1_257' title='bbox 405 1368 458 1396; x_wconf 91' lang='lat' dir='ltr'>hac</span> <span class='ocrx_word' id='word_1_258' title='bbox 479 1366 629 1404; x_wconf 86' lang='lat' dir='ltr'>hypothesi</span> <span class='ocrx_word' id='word_1_259' title='bbox 650 1373 745 1404; x_wconf 87' lang='lat' dir='ltr'>potest</span> <span class='ocrx_word' id='word_1_260' title='bbox 765 1376 827 1394; x_wconf 90' lang='lat' dir='ltr'>esse</span> <span class='ocrx_word' id='word_1_261' title='bbox 848 1365 925 1394; x_wconf 89' lang='lat' dir='ltr'>aliud</span> <span class='ocrx_word' id='word_1_262' title='bbox 940 1375 958 1393; x_wconf 90' lang='lat' dir='ltr'>a</span> <span class='ocrx_word' id='word_1_263' title='bbox 972 1371 1097 1402; x_wconf 91' lang='lat' dir='ltr'>quatuor</span> <span class='ocrx_word' id='word_1_264' title='bbox 1119 1364 1281 1393; x_wconf 86' lang='lat' dir='ltr'>elementis:</span> <span class='ocrx_word' id='word_1_265' title='bbox 1305 1373 1374 1392; x_wconf 89' lang='lat' dir='ltr'>nam</span> <span class='ocrx_word' id='word_1_266' title='bbox 1395 1363 1420 1392; x_wconf 86' lang='lat' dir='ltr'>si</span> 
     </span>
     <span class='ocr_line' id='line_1_33' title="bbox 355 1403 1419 1441; baseline -0.004 -6"><span class='ocrx_word' id='word_1_267' title='bbox 355 1414 451 1435; x_wconf 92' lang='lat' dir='ltr'>motus</span> <span class='ocrx_word' id='word_1_268' title='bbox 472 1406 615 1435; x_wconf 88' lang='lat' dir='ltr'>circularis</span> <span class='ocrx_word' id='word_1_269' title='bbox 630 1413 672 1435; x_wconf 92' lang='lat' dir='ltr'>est</span> <span class='ocrx_word' id='word_1_270' title='bbox 686 1406 712 1434; x_wconf 91' lang='lat' dir='ltr'>ei</span> <span class='ocrx_word' id='word_1_271' title='bbox 726 1413 828 1434; x_wconf 89' lang='lat' dir='ltr'>contra</span> <span class='ocrx_word' id='word_1_272' title='bbox 848 1412 996 1440; x_wconf 88' lang='lat' dir='ltr'>naturam,</span> <span class='ocrx_word' id='word_1_273' title='bbox 1018 1404 1071 1432; x_wconf 78' lang='lat' dir='ltr'>erit</span> <span class='ocrx_word' id='word_1_274' title='bbox 1091 1404 1146 1441; x_wconf 90' lang='lat' dir='ltr'>ipsi</span> <span class='ocrx_word' id='word_1_275' title='bbox 1167 1403 1305 1432; x_wconf 88' lang='lat' dir='ltr'>naturalis</span> <span class='ocrx_word' id='word_1_276' title='bbox 1322 1411 1419 1432; x_wconf 89' lang='lat' dir='ltr'>motus</span> 
     </span>
     <span class='ocr_line' id='line_1_34' title="bbox 355 1444 1419 1482; baseline -0.003 -7"><span class='ocrx_word' id='word_1_277' title='bbox 355 1456 469 1475; x_wconf 91' lang='lat' dir='ltr'>sursum</span> <span class='ocrx_word' id='word_1_278' title='bbox 490 1453 539 1475; x_wconf 88' lang='lat' dir='ltr'>aut</span> <span class='ocrx_word' id='word_1_279' title='bbox 560 1447 712 1482; x_wconf 88' lang='lat' dir='ltr'>deorsum;</span> <span class='ocrx_word' id='word_1_280' title='bbox 735 1453 763 1474; x_wconf 88' lang='lat' dir='ltr'>et</span> <span class='ocrx_word' id='word_1_281' title='bbox 783 1446 822 1474; x_wconf 89' lang='lat' dir='ltr'>ita</span> <span class='ocrx_word' id='word_1_282' title='bbox 837 1445 888 1474; x_wconf 87' lang='lat' dir='ltr'>erit</span> <span class='ocrx_word' id='word_1_283' title='bbox 909 1451 958 1474; x_wconf 91' lang='lat' dir='ltr'>aut</span> <span class='ocrx_word' id='word_1_284' title='bbox 979 1444 1052 1482; x_wconf 86' lang='lat' dir='ltr'>ignis</span> <span class='ocrx_word' id='word_1_285' title='bbox 1073 1445 1117 1473; x_wconf 90' lang='lat' dir='ltr'>vel</span> <span class='ocrx_word' id='word_1_286' title='bbox 1131 1453 1194 1480; x_wconf 87' lang='lat' dir='ltr'>aer,</span> <span class='ocrx_word' id='word_1_287' title='bbox 1217 1451 1266 1473; x_wconf 88' lang='lat' dir='ltr'>aut</span> <span class='ocrx_word' id='word_1_288' title='bbox 1285 1451 1360 1472; x_wconf 87' lang='lat' dir='ltr'>terra</span> <span class='ocrx_word' id='word_1_289' title='bbox 1374 1444 1419 1472; x_wconf 87' lang='lat' dir='ltr'>vel</span> 
     </span>
     <span class='ocr_line' id='line_1_35' title="bbox 355 1484 1419 1524; baseline -0.004 -9"><span class='ocrx_word' id='word_1_290' title='bbox 355 1496 438 1523; x_wconf 87' lang='lat' dir='ltr'>aqua.</span> <span class='ocrx_word' id='word_1_291' title='bbox 461 1487 574 1523; x_wconf 87' lang='lat' dir='ltr'>Corpus</span> <span class='ocrx_word' id='word_1_292' title='bbox 595 1496 663 1524; x_wconf 87' lang='lat' dir='ltr'>ergo</span> <span class='ocrx_word' id='word_1_293' title='bbox 685 1486 765 1523; x_wconf 91' lang='lat' dir='ltr'>quod</span> <span class='ocrx_word' id='word_1_294' title='bbox 786 1485 960 1514; x_wconf 87' lang='lat' dir='ltr'>circulariter</span> <span class='ocrx_word' id='word_1_295' title='bbox 986 1491 1137 1520; x_wconf 88' lang='lat' dir='ltr'>movetur,</span> <span class='ocrx_word' id='word_1_296' title='bbox 1167 1484 1334 1513; x_wconf 84' lang='lat' dir='ltr'>naturaliter</span> <span class='ocrx_word' id='word_1_297' title='bbox 1355 1493 1419 1512; x_wconf 88' lang='lat' dir='ltr'>rno-</span> 
     </span>
     <span class='ocr_line' id='line_1_36' title="bbox 354 1524 1419 1562; baseline -0.002 -8"><span class='ocrx_word' id='word_1_298' title='bbox 354 1532 436 1554; x_wconf 91' lang='lat' dir='ltr'>vetur</span> <span class='ocrx_word' id='word_1_299' title='bbox 455 1527 512 1555; x_wconf 92' lang='lat' dir='ltr'>hoc</span> <span class='ocrx_word' id='word_1_300' title='bbox 526 1533 616 1554; x_wconf 91' lang='lat' dir='ltr'>motu.</span> <span class='ocrx_word' id='word_1_301' title='bbox 631 1543 650 1548; x_wconf 88' lang='lat'>-</span> <span class='ocrx_word' id='word_1_302' title='bbox 665 1527 824 1561; x_wconf 87' lang='lat' dir='ltr'>Quomodo</span> <span class='ocrx_word' id='word_1_303' title='bbox 845 1535 896 1562; x_wconf 90' lang='lat' dir='ltr'>per</span> <span class='ocrx_word' id='word_1_304' title='bbox 910 1534 943 1553; x_wconf 91' lang='lat' dir='ltr'>ea</span> <span class='ocrx_word' id='word_1_305' title='bbox 963 1534 1037 1562; x_wconf 85' lang='lat' dir='ltr'>quae</span> <span class='ocrx_word' id='word_1_306' title='bbox 1058 1524 1104 1553; x_wconf 91' lang='lat' dir='ltr'>hic</span> <span class='ocrx_word' id='word_1_307' title='bbox 1126 1524 1202 1558; x_wconf 87' lang='lat' dir='ltr'>dicit,</span> <span class='ocrx_word' id='word_1_308' title='bbox 1225 1524 1419 1561; x_wconf 85' lang='lat' dir='ltr'>Philosophus</span> 
     </span>
     <span class='ocr_line' id='line_1_37' title="bbox 355 1564 1419 1602; baseline -0.002 -8"><span class='ocrx_word' id='word_1_309' title='bbox 355 1575 416 1594; x_wconf 90' lang='lat' dir='ltr'>non</span> <span class='ocrx_word' id='word_1_310' title='bbox 431 1567 466 1594; x_wconf 88' lang='lat' dir='ltr'>sit</span> <span class='ocrx_word' id='word_1_311' title='bbox 480 1566 639 1594; x_wconf 86' lang='lat' dir='ltr'>contrarius</span> <span class='ocrx_word' id='word_1_312' title='bbox 661 1566 783 1594; x_wconf 91' lang='lat' dir='ltr'>Platoni.</span> <span class='ocrx_word' id='word_1_313' title='bbox 800 1583 819 1588; x_wconf 93' lang='lat'><em>-</em></span> <span class='ocrx_word' id='word_1_314' title='bbox 834 1575 861 1602; x_wconf 90' lang='lat'>7.</span> <span class='ocrx_word' id='word_1_315' title='bbox 877 1567 957 1600; x_wconf 82' lang='lat' dir='ltr'>Item,</span> <span class='ocrx_word' id='word_1_316' title='bbox 979 1566 1060 1602; x_wconf 91' lang='lat' dir='ltr'>quod</span> <span class='ocrx_word' id='word_1_317' title='bbox 1081 1565 1184 1593; x_wconf 90' lang='lat' dir='ltr'>dicitur</span> <span class='ocrx_word' id='word_1_318' title='bbox 1197 1564 1293 1602; x_wconf 81' lang='lat' dir='ltr'>ignem</span> <span class='ocrx_word' id='word_1_319' title='bbox 1309 1564 1419 1592; x_wconf 82' lang='lat' dir='ltr'>moveri</span> 
     </span>
     <span class='ocr_line' id='line_1_38' title="bbox 356 1603 1420 1640; baseline -0.002 -6"><span class='ocrx_word' id='word_1_320' title='bbox 356 1606 528 1634; x_wconf 87' lang='lat' dir='ltr'>circulariter</span> <span class='ocrx_word' id='word_1_321' title='bbox 542 1616 604 1634; x_wconf 90' lang='lat' dir='ltr'>esse</span> <span class='ocrx_word' id='word_1_322' title='bbox 618 1613 719 1634; x_wconf 89' lang='lat' dir='ltr'>contra</span> <span class='ocrx_word' id='word_1_323' title='bbox 734 1612 877 1640; x_wconf 83' lang='lat' dir='ltr'>naturam,</span> <span class='ocrx_word' id='word_1_324' title='bbox 899 1605 1060 1634; x_wconf 89' lang='lat' dir='ltr'>ostenditur</span> <span class='ocrx_word' id='word_1_325' title='bbox 1081 1614 1142 1633; x_wconf 91' lang='lat' dir='ltr'>non</span> <span class='ocrx_word' id='word_1_326' title='bbox 1163 1605 1361 1633; x_wconf 84' lang='lat' dir='ltr'>contradicere</span> <span class='ocrx_word' id='word_1_327' title='bbox 1376 1603 1420 1632; x_wconf 91' lang='lat' dir='ltr'>his</span> 
     </span>
     <span class='ocr_line' id='line_1_39' title="bbox 356 1642 1418 1682; baseline -0.002 -8"><span class='ocrx_word' id='word_1_328' title='bbox 356 1654 429 1682; x_wconf 88' lang='lat' dir='ltr'>quae</span> <span class='ocrx_word' id='word_1_329' title='bbox 450 1646 581 1674; x_wconf 91' lang='lat' dir='ltr'>videntur</span> <span class='ocrx_word' id='word_1_330' title='bbox 601 1646 631 1674; x_wconf 89' lang='lat' dir='ltr'>in</span> <span class='ocrx_word' id='word_1_331' title='bbox 652 1646 829 1674; x_wconf 88' lang='lat' dir='ltr'>contrarium</span> <span class='ocrx_word' id='word_1_332' title='bbox 851 1645 907 1674; x_wconf 90' lang='lat' dir='ltr'>dici</span> <span class='ocrx_word' id='word_1_333' title='bbox 929 1645 959 1673; x_wconf 93' lang='lat' dir='ltr'>in</span> <span class='ocrx_word' id='word_1_334' title='bbox 980 1646 990 1673; x_wconf 88' lang='lat'>1</span> <span class='ocrx_word' id='word_1_335' title='bbox 1008 1646 1219 1674; x_wconf 82' lang='lat' dir='ltr'>Meteororum.</span> <span class='ocrx_word' id='word_1_336' title='bbox 1242 1662 1262 1666; x_wconf 97' lang='lat'>—</span> <span class='ocrx_word' id='word_1_337' title='bbox 1283 1645 1310 1673; x_wconf 88' lang='lat'>8.</span> <span class='ocrx_word' id='word_1_338' title='bbox 1334 1642 1418 1672; x_wconf 86' lang='lat' dir='ltr'>Diffi-</span> 
     </span>
     <span class='ocr_line' id='line_1_40' title="bbox 356 1685 1420 1722; baseline -0.001 -8"><span class='ocrx_word' id='word_1_339' title='bbox 356 1686 445 1714; x_wconf 83' lang='lat' dir='ltr'>cultas</span> <span class='ocrx_word' id='word_1_340' title='bbox 467 1692 566 1714; x_wconf 87' lang='lat' dir='ltr'>contra</span> <span class='ocrx_word' id='word_1_341' title='bbox 593 1686 678 1721; x_wconf 88' lang='lat' dir='ltr'>illud,</span> <span class='ocrx_word' id='word_1_342' title='bbox 709 1686 758 1714; x_wconf 85' lang='lat' dir='ltr'>uni</span> <span class='ocrx_word' id='word_1_343' title='bbox 779 1695 867 1714; x_wconf 88' lang='lat' dir='ltr'>unum</span> <span class='ocrx_word' id='word_1_344' title='bbox 888 1691 932 1713; x_wconf 84' lang='lat' dir='ltr'>est</span> <span class='ocrx_word' id='word_1_345' title='bbox 959 1685 1150 1713; x_wconf 81' lang='lat' dir='ltr'>contrarium.</span> <span class='ocrx_word' id='word_1_346' title='bbox 1179 1685 1343 1722; x_wconf 85' lang='lat' dir='ltr'>Explicatur</span> <span class='ocrx_word' id='word_1_347' title='bbox 1364 1686 1420 1713; x_wconf 91' lang='lat' dir='ltr'>hoc</span> 
     </span>
     <span class='ocr_line' id='line_1_41' title="bbox 356 1725 1419 1762; baseline 0 -9"><span class='ocrx_word' id='word_1_348' title='bbox 356 1725 482 1754; x_wconf 87' lang='lat' dir='ltr'>effatum.</span> <span class='ocrx_word' id='word_1_349' title='bbox 505 1742 524 1747; x_wconf 87' lang='grc'>-</span> <span class='ocrx_word' id='word_1_350' title='bbox 545 1736 572 1762; x_wconf 89' lang='lat'>9.</span> <span class='ocrx_word' id='word_1_351' title='bbox 601 1726 699 1754; x_wconf 83' lang='lat' dir='ltr'>Tertia</span> <span class='ocrx_word' id='word_1_352' title='bbox 727 1726 811 1754; x_wconf 82' lang='lat' dir='ltr'>ratio.</span> <span class='ocrx_word' id='word_1_353' title='bbox 843 1726 933 1754; x_wconf 78' lang='lat' dir='ltr'>Linea</span> <span class='ocrx_word' id='word_1_354' title='bbox 961 1725 1123 1760; x_wconf 90' lang='lat' dir='ltr'>circularis,</span> <span class='ocrx_word' id='word_1_355' title='bbox 1152 1731 1253 1762; x_wconf 89' lang='lat' dir='ltr'>utpote</span> <span class='ocrx_word' id='word_1_356' title='bbox 1280 1725 1419 1762; x_wconf 84' lang='lat' dir='ltr'>perfecta,</span> 
     </span>
    </p>
   </div>
   <div class='ocr_carea' id='block_1_6' title="bbox 356 1933 1426 3207">
    <p class='ocr_par' dir='ltr' id='par_1_6' title="bbox 356 1929 1426 3207">
     <span class='ocr_line' id='line_1_42' title="bbox 562 1933 1420 1983; baseline 0 -13"><span class='ocrx_word' id='word_1_357' title='bbox 562 1934 601 1982; x_wconf 44' lang='grc' dir='ltr'>’χ</span> <span class='ocrx_word' id='word_1_358' title='bbox 614 1933 795 1980; x_wconf 90' lang='lat' dir='ltr'>dendum,</span> <span class='ocrx_word' id='word_1_359' title='bbox 820 1933 881 1971; x_wconf 91' lang='lat' dir='ltr'>hic</span> <span class='ocrx_word' id='word_1_360' title='bbox 909 1933 1038 1983; x_wconf 91' lang='lat' dir='ltr'>incipit</span> <span class='ocrx_word' id='word_1_361' title='bbox 1057 1945 1213 1982; x_wconf 85' lang='lat' dir='ltr'>arguere</span> <span class='ocrx_word' id='word_1_362' title='bbox 1228 1939 1245 1954; x_wconf 78' lang='lat'>‘³‘</span> <span class='ocrx_word' id='word_1_363' title='bbox 1265 1933 1314 1970; x_wconf 89' lang='lat' dir='ltr'>ad</span> <span class='ocrx_word' id='word_1_364' title='bbox 1333 1946 1420 1983; x_wconf 90' lang='lat' dir='ltr'>pro-</span> 
     </span>
     <span class='ocr_line' id='line_1_43' title="bbox 560 1983 1417 2036; baseline 0 -13"><span class='ocrx_word' id='word_1_365' title='bbox 560 1983 582 2018; x_wconf 55' lang='grc' dir='ltr'>ἓν</span> <span class='ocrx_word' id='word_1_366' title='bbox 599 1986 778 2035; x_wconf 91' lang='lat' dir='ltr'>positum</span> <span class='ocrx_word' id='word_1_367' title='bbox 794 1987 831 2033; x_wconf 74' lang='lat'>*;</span> <span class='ocrx_word' id='word_1_368' title='bbox 861 1995 898 2024; x_wconf 90' lang='lat' dir='ltr'>et</span> <span class='ocrx_word' id='word_1_369' title='bbox 916 1987 991 2024; x_wconf 90' lang='lat' dir='ltr'>hoc</span> <span class='ocrx_word' id='word_1_370' title='bbox 1010 1986 1178 2036; x_wconf 90' lang='lat' dir='ltr'>quinque</span> <span class='ocrx_word' id='word_1_371' title='bbox 1198 1986 1417 2024; x_wconf 89' lang='lat' dir='ltr'>rationibus.</span> 
     </span>
     <span class='ocr_line' id='line_1_44' title="bbox 359 2039 1422 2087; baseline 0.003 -12"><span class='ocrx_word' id='word_1_372' title='bbox 359 2039 532 2086; x_wconf 88' lang='lat' dir='ltr'>Quarum</span> <span class='ocrx_word' id='word_1_373' title='bbox 559 2039 683 2087; x_wconf 85' lang='lat' dir='ltr'>prima</span> <span class='ocrx_word' id='word_1_374' title='bbox 701 2040 784 2077; x_wconf 87' lang='lat' dir='ltr'>talis</span> <span class='ocrx_word' id='word_1_375' title='bbox 813 2047 878 2077; x_wconf 91' lang='lat' dir='ltr'>est.</span> <span class='ocrx_word' id='word_1_376' title='bbox 905 2041 1035 2077; x_wconf 92' lang='lat' dir='ltr'>Motus</span> <span class='ocrx_word' id='word_1_377' title='bbox 1056 2040 1244 2078; x_wconf 89' lang='lat' dir='ltr'>circularis</span> <span class='ocrx_word' id='word_1_378' title='bbox 1265 2048 1320 2078; x_wconf 90' lang='lat' dir='ltr'>est</span> <span class='ocrx_word' id='word_1_379' title='bbox 1339 2052 1422 2078; x_wconf 88' lang='lat' dir='ltr'>mo-</span> 
     </span>
     <span class='ocr_line' id='line_1_45' title="bbox 356 2092 1423 2143; baseline 0.003 -15"><span class='ocrx_word' id='word_1_380' title='bbox 356 2099 416 2129; x_wconf 89' lang='lat' dir='ltr'>tus</span> <span class='ocrx_word' id='word_1_381' title='bbox 437 2093 456 2113; x_wconf 71' lang='lat'><strong><em>*</em></strong></span> <span class='ocrx_word' id='word_1_382' title='bbox 476 2092 650 2140; x_wconf 88' lang='lat' dir='ltr'>simplex:</span> <span class='ocrx_word' id='word_1_383' title='bbox 680 2101 807 2130; x_wconf 89' lang='lat' dir='ltr'>motus</span> <span class='ocrx_word' id='word_1_384' title='bbox 826 2101 955 2130; x_wconf 90' lang='lat' dir='ltr'>autem</span> <span class='ocrx_word' id='word_1_385' title='bbox 975 2094 1134 2142; x_wconf 87' lang='lat' dir='ltr'>simplex</span> <span class='ocrx_word' id='word_1_386' title='bbox 1160 2101 1216 2130; x_wconf 91' lang='lat' dir='ltr'>est</span> <span class='ocrx_word' id='word_1_387' title='bbox 1233 2094 1360 2143; x_wconf 90' lang='lat' dir='ltr'>primo</span> <span class='ocrx_word' id='word_1_388' title='bbox 1387 2101 1423 2131; x_wconf 92' lang='lat' dir='ltr'>et</span> 
     </span>
     <span class='ocr_line' id='line_1_46' title="bbox 356 2145 1423 2204; baseline 0.003 -22"><span class='ocrx_word' id='word_1_389' title='bbox 356 2157 425 2194; x_wconf 92' lang='lat' dir='ltr'>per</span> <span class='ocrx_word' id='word_1_390' title='bbox 443 2157 482 2182; x_wconf 92' lang='lat' dir='ltr'>se</span> <span class='ocrx_word' id='word_1_391' title='bbox 503 2145 681 2204; x_wconf 58' lang='lat' dir='ltr'>simplicis</span> <span class='ocrx_word' id='word_1_392' title='bbox 702 2146 870 2196; x_wconf 92' lang='lat' dir='ltr'>corporis</span> <span class='ocrx_word' id='word_1_393' title='bbox 891 2147 998 2196; x_wconf 89' lang='lat' dir='ltr'>(quia</span> <span class='ocrx_word' id='word_1_394' title='bbox 1018 2147 1085 2184; x_wconf 90' lang='lat' dir='ltr'>etsi</span> <span class='ocrx_word' id='word_1_395' title='bbox 1106 2146 1299 2195; x_wconf 85' lang='lat' dir='ltr'>contingat</span> <span class='ocrx_word' id='word_1_396' title='bbox 1316 2147 1423 2197; x_wconf 90' lang='lat' dir='ltr'>quod</span> 
     </span>
     <span class='ocr_line' id='line_1_47' title="bbox 358 2198 1421 2249; baseline 0.003 -14"><span class='ocrx_word' id='word_1_397' title='bbox 358 2198 490 2246; x_wconf 88' lang='lat' dir='ltr'>aliquis</span> <span class='ocrx_word' id='word_1_398' title='bbox 519 2206 645 2236; x_wconf 92' lang='lat' dir='ltr'>motus</span> <span class='ocrx_word' id='word_1_399' title='bbox 674 2200 832 2249; x_wconf 85' lang='lat' dir='ltr'>simplex</span> <span class='ocrx_word' id='word_1_400' title='bbox 861 2200 906 2238; x_wconf 88' lang='lat' dir='ltr'>sit</span> <span class='ocrx_word' id='word_1_401' title='bbox 934 2200 1090 2238; x_wconf 87' lang='lat' dir='ltr'>alicuius</span> <span class='ocrx_word' id='word_1_402' title='bbox 1117 2201 1286 2249; x_wconf 89' lang='lat' dir='ltr'>corporis</span> <span class='ocrx_word' id='word_1_403' title='bbox 1316 2213 1421 2238; x_wconf 92' lang='lat' dir='ltr'>com-</span> 
     </span>
     <span class='ocr_line' id='line_1_48' title="bbox 357 2251 1421 2304; baseline 0.004 -16"><span class='ocrx_word' id='word_1_404' title='bbox 357 2251 480 2300; x_wconf 83' lang='lat' dir='ltr'>positi,</span> <span class='ocrx_word' id='word_1_405' title='bbox 505 2253 579 2289; x_wconf 89' lang='lat' dir='ltr'>hoc</span> <span class='ocrx_word' id='word_1_406' title='bbox 608 2252 675 2290; x_wconf 92' lang='lat' dir='ltr'>erit</span> <span class='ocrx_word' id='word_1_407' title='bbox 710 2253 923 2291; x_wconf 90' lang='lat' dir='ltr'>secundum</span> <span class='ocrx_word' id='word_1_408' title='bbox 962 2266 1099 2303; x_wconf 90' lang='lat' dir='ltr'>corpus</span> <span class='ocrx_word' id='word_1_409' title='bbox 1127 2253 1287 2303; x_wconf 88' lang='lat' dir='ltr'>simplex</span> <span class='ocrx_word' id='word_1_410' title='bbox 1316 2254 1421 2304; x_wconf 93' lang='lat' dir='ltr'>quod</span> 
     </span>
     <span class='ocr_line' id='line_1_49' title="bbox 357 2305 1420 2357; baseline 0.004 -16"><span class='ocrx_word' id='word_1_411' title='bbox 357 2305 396 2342; x_wconf 90' lang='lat' dir='ltr'>in</span> <span class='ocrx_word' id='word_1_412' title='bbox 425 2317 470 2341; x_wconf 94' lang='lat' dir='ltr'>eo</span> <span class='ocrx_word' id='word_1_413' title='bbox 498 2306 830 2354; x_wconf 89' lang='lat' dir='ltr'>praedominatur;</span> <span class='ocrx_word' id='word_1_414' title='bbox 861 2307 956 2344; x_wconf 91' lang='lat' dir='ltr'>sicut</span> <span class='ocrx_word' id='word_1_415' title='bbox 982 2307 1022 2344; x_wconf 91' lang='lat' dir='ltr'>in</span> <span class='ocrx_word' id='word_1_416' title='bbox 1049 2306 1175 2357; x_wconf 91' lang='lat' dir='ltr'>lapide</span> <span class='ocrx_word' id='word_1_417' title='bbox 1202 2308 1420 2356; x_wconf 89' lang='lat' dir='ltr'>praedomi-</span> 
     </span>
     <span class='ocr_line' id='line_1_50' title="bbox 357 2360 1422 2407; baseline 0.004 -13"><span class='ocrx_word' id='word_1_418' title='bbox 357 2365 468 2395; x_wconf 88' lang='lat' dir='ltr'>natur</span> <span class='ocrx_word' id='word_1_419' title='bbox 494 2366 611 2407; x_wconf 89' lang='lat' dir='ltr'>terra,</span> <span class='ocrx_word' id='word_1_420' title='bbox 639 2360 850 2397; x_wconf 89' lang='lat' dir='ltr'>secundum</span> <span class='ocrx_word' id='word_1_421' title='bbox 885 2361 991 2398; x_wconf 87' lang='lat' dir='ltr'>cuius</span> <span class='ocrx_word' id='word_1_422' title='bbox 1029 2369 1204 2398; x_wconf 86' lang='lat' dir='ltr'>naturam</span> <span class='ocrx_word' id='word_1_423' title='bbox 1242 2369 1422 2399; x_wconf 86' lang='lat' dir='ltr'>movetur</span> 
     </span>
     <span class='ocr_line' id='line_1_51' title="bbox 358 2411 1423 2463; baseline 0.004 -16"><span class='ocrx_word' id='word_1_424' title='bbox 358 2411 537 2448; x_wconf 92' lang='lat' dir='ltr'>deorsum</span> <span class='ocrx_word' id='word_1_425' title='bbox 553 2411 570 2440; x_wconf 69' lang='grc' dir='ltr'><strong><em>β</em></strong></span> <span class='ocrx_word' id='word_1_426' title='bbox 583 2415 614 2459; x_wconf 90' lang='lat'>):</span> <span class='ocrx_word' id='word_1_427' title='bbox 636 2424 725 2461; x_wconf 88' lang='lat' dir='ltr'>ergo</span> <span class='ocrx_word' id='word_1_428' title='bbox 745 2426 899 2450; x_wconf 90' lang='lat' dir='ltr'>necesse</span> <span class='ocrx_word' id='word_1_429' title='bbox 920 2421 976 2451; x_wconf 90' lang='lat' dir='ltr'>est</span> <span class='ocrx_word' id='word_1_430' title='bbox 995 2426 1076 2451; x_wconf 89' lang='lat' dir='ltr'>esse</span> <span class='ocrx_word' id='word_1_431' title='bbox 1101 2413 1256 2463; x_wconf 90' lang='lat' dir='ltr'>aliquod</span> <span class='ocrx_word' id='word_1_432' title='bbox 1285 2426 1423 2463; x_wconf 89' lang='lat' dir='ltr'>corpus</span> 
     </span>
     <span class='ocr_line' id='line_1_52' title="bbox 358 2464 1423 2515; baseline 0.003 -14"><span class='ocrx_word' id='word_1_433' title='bbox 358 2464 517 2514; x_wconf 89' lang='lat' dir='ltr'>simplex</span> <span class='ocrx_word' id='word_1_434' title='bbox 533 2496 542 2514; x_wconf 83' lang='lat'>,</span> <span class='ocrx_word' id='word_1_435' title='bbox 575 2467 679 2515; x_wconf 90' lang='lat' dir='ltr'>quod</span> <span class='ocrx_word' id='word_1_436' title='bbox 716 2474 919 2504; x_wconf 86' lang='lat' dir='ltr'>moveatur</span> <span class='ocrx_word' id='word_1_437' title='bbox 956 2465 1173 2504; x_wconf 88' lang='lat' dir='ltr'>naturaliter</span> <span class='ocrx_word' id='word_1_438' title='bbox 1210 2467 1423 2504; x_wconf 86' lang='lat' dir='ltr'>secundum</span> 
     </span>
     <span class='ocr_line' id='line_1_53' title="bbox 358 2517 1074 2556; baseline 0.006 -2"><span class='ocrx_word' id='word_1_439' title='bbox 358 2525 508 2554; x_wconf 88' lang='lat' dir='ltr'>motum</span> <span class='ocrx_word' id='word_1_440' title='bbox 537 2518 769 2556; x_wconf 88' lang='lat' dir='ltr'>circularem.</span> <span class='ocrx_word' id='word_1_441' title='bbox 1071 2517 1074 2520; x_wconf 44' lang='lat'><strong>⁴</strong></span> 
     </span>
     <span class='ocr_line' id='line_1_54' title="bbox 412 2571 1425 2621; baseline 0.002 -14"><span class='ocrx_word' id='word_1_442' title='bbox 412 2571 546 2608; x_wconf 89' lang='lat' dir='ltr'>Posset</span> <span class='ocrx_word' id='word_1_443' title='bbox 573 2579 701 2609; x_wconf 90' lang='lat' dir='ltr'>autem</span> <span class='ocrx_word' id='word_1_444' title='bbox 730 2572 863 2621; x_wconf 88' lang='lat' dir='ltr'>aliquis</span> <span class='ocrx_word' id='word_1_445' title='bbox 891 2571 980 2608; x_wconf 91' lang='lat' dir='ltr'>huic</span> <span class='ocrx_word' id='word_1_446' title='bbox 1008 2571 1143 2609; x_wconf 90' lang='lat' dir='ltr'>rationi</span> <span class='ocrx_word' id='word_1_447' title='bbox 1171 2572 1340 2619; x_wconf 85' lang='lat' dir='ltr'>obviare,</span> <span class='ocrx_word' id='word_1_448' title='bbox 1371 2572 1425 2610; x_wconf 90' lang='lat' dir='ltr'>di-</span> 
     </span>
     <span class='ocr_line' id='line_1_55' title="bbox 360 2623 1425 2675; baseline 0.003 -16"><span class='ocrx_word' id='word_1_449' title='bbox 360 2623 482 2660; x_wconf 91' lang='lat' dir='ltr'>cendo</span> <span class='ocrx_word' id='word_1_450' title='bbox 519 2624 624 2672; x_wconf 89' lang='lat' dir='ltr'>quod</span> <span class='ocrx_word' id='word_1_451' title='bbox 640 2654 649 2671; x_wconf 85' lang='lat'>,</span> <span class='ocrx_word' id='word_1_452' title='bbox 687 2624 772 2662; x_wconf 87' lang='lat' dir='ltr'>licet</span> <span class='ocrx_word' id='word_1_453' title='bbox 808 2625 967 2674; x_wconf 87' lang='lat' dir='ltr'>simplex</span> <span class='ocrx_word' id='word_1_454' title='bbox 1000 2632 1128 2662; x_wconf 89' lang='lat' dir='ltr'>motus</span> <span class='ocrx_word' id='word_1_455' title='bbox 1165 2625 1211 2662; x_wconf 90' lang='lat' dir='ltr'>sit</span> <span class='ocrx_word' id='word_1_456' title='bbox 1247 2625 1425 2675; x_wconf 89' lang='lat' dir='ltr'>simplicis</span> 
     </span>
     <span class='ocr_line' id='line_1_56' title="bbox 361 2677 1424 2729; baseline 0.005 -18"><span class='ocrx_word' id='word_1_457' title='bbox 361 2677 530 2725; x_wconf 91' lang='lat' dir='ltr'>corporis</span> <span class='ocrx_word' id='word_1_458' title='bbox 548 2682 578 2725; x_wconf 81' lang='lat'>⁷,</span> <span class='ocrx_word' id='word_1_459' title='bbox 600 2689 679 2715; x_wconf 91' lang='lat' dir='ltr'>non</span> <span class='ocrx_word' id='word_1_460' title='bbox 697 2685 825 2715; x_wconf 90' lang='lat' dir='ltr'>tamen</span> <span class='ocrx_word' id='word_1_461' title='bbox 845 2685 995 2727; x_wconf 87' lang='lat' dir='ltr'>oportet</span> <span class='ocrx_word' id='word_1_462' title='bbox 1018 2678 1122 2727; x_wconf 87' lang='lat' dir='ltr'>quod</span> <span class='ocrx_word' id='word_1_463' title='bbox 1150 2679 1240 2716; x_wconf 91' lang='lat' dir='ltr'>illud</span> <span class='ocrx_word' id='word_1_464' title='bbox 1265 2679 1424 2729; x_wconf 91' lang='lat' dir='ltr'>simplex</span> 
     </span>
     <span class='ocr_line' id='line_1_57' title="bbox 361 2730 1425 2779; baseline 0.006 -15"><span class='ocrx_word' id='word_1_465' title='bbox 361 2740 499 2777; x_wconf 89' lang='lat' dir='ltr'>corpus</span> <span class='ocrx_word' id='word_1_466' title='bbox 518 2730 623 2779; x_wconf 89' lang='lat' dir='ltr'>quod</span> <span class='ocrx_word' id='word_1_467' title='bbox 650 2739 828 2768; x_wconf 88' lang='lat' dir='ltr'>movetur</span> <span class='ocrx_word' id='word_1_468' title='bbox 857 2731 1093 2779; x_wconf 89' lang='lat' dir='ltr'>circulariter,</span> <span class='ocrx_word' id='word_1_469' title='bbox 1114 2732 1160 2770; x_wconf 91' lang='lat' dir='ltr'>sit</span> <span class='ocrx_word' id='word_1_470' title='bbox 1179 2731 1280 2770; x_wconf 92' lang='lat' dir='ltr'>aliud</span> <span class='ocrx_word' id='word_1_471' title='bbox 1301 2745 1323 2769; x_wconf 92' lang='lat' dir='ltr'>a</span> <span class='ocrx_word' id='word_1_472' title='bbox 1343 2745 1425 2770; x_wconf 93' lang='lat' dir='ltr'>cor-</span> 
     </span>
     <span class='ocr_line' id='line_1_58' title="bbox 358 2782 1423 2835; baseline 0.005 -17"><span class='ocrx_word' id='word_1_473' title='bbox 358 2794 453 2830; x_wconf 90' lang='lat' dir='ltr'>pore</span> <span class='ocrx_word' id='word_1_474' title='bbox 473 2782 632 2832; x_wconf 91' lang='lat' dir='ltr'>simplici</span> <span class='ocrx_word' id='word_1_475' title='bbox 651 2784 756 2832; x_wconf 89' lang='lat' dir='ltr'>quod</span> <span class='ocrx_word' id='word_1_476' title='bbox 781 2792 959 2822; x_wconf 88' lang='lat' dir='ltr'>movetur</span> <span class='ocrx_word' id='word_1_477' title='bbox 983 2793 1092 2822; x_wconf 90' lang='lat' dir='ltr'>motu</span> <span class='ocrx_word' id='word_1_478' title='bbox 1119 2785 1280 2835; x_wconf 88' lang='lat' dir='ltr'>simplici</span> <span class='ocrx_word' id='word_1_479' title='bbox 1308 2794 1423 2823; x_wconf 91' lang='lat' dir='ltr'>recto.</span> 
     </span>
     <span class='ocr_line' id='line_1_59' title="bbox 360 2835 1426 2888; baseline 0.006 -17"><span class='ocrx_word' id='word_1_480' title='bbox 360 2835 409 2872; x_wconf 91' lang='lat' dir='ltr'>Et</span> <span class='ocrx_word' id='word_1_481' title='bbox 427 2835 515 2873; x_wconf 94' lang='lat' dir='ltr'>ideo</span> <span class='ocrx_word' id='word_1_482' title='bbox 534 2837 609 2873; x_wconf 90' lang='lat' dir='ltr'>hoc</span> <span class='ocrx_word' id='word_1_483' title='bbox 630 2837 808 2885; x_wconf 85' lang='lat' dir='ltr'>excludit,</span> <span class='ocrx_word' id='word_1_484' title='bbox 829 2838 996 2875; x_wconf 88' lang='lat' dir='ltr'>subdens</span> <span class='ocrx_word' id='word_1_485' title='bbox 1015 2839 1120 2888; x_wconf 90' lang='lat' dir='ltr'>quod</span> <span class='ocrx_word' id='word_1_486' title='bbox 1140 2839 1230 2876; x_wconf 89' lang='lat' dir='ltr'>nihil</span> <span class='ocrx_word' id='word_1_487' title='bbox 1249 2839 1426 2888; x_wconf 90' lang='lat' dir='ltr'>prohibet</span> 
     </span>
     <span class='ocr_line' id='line_1_60' title="bbox 359 2887 1423 2939; baseline 0.005 -14"><span class='ocrx_word' id='word_1_488' title='bbox 359 2887 450 2936; x_wconf 90' lang='lat' dir='ltr'>quin</span> <span class='ocrx_word' id='word_1_489' title='bbox 479 2889 629 2927; x_wconf 88' lang='lat' dir='ltr'>diversa</span> <span class='ocrx_word' id='word_1_490' title='bbox 657 2902 819 2939; x_wconf 88' lang='lat' dir='ltr'>corpora</span> <span class='ocrx_word' id='word_1_491' title='bbox 847 2899 1076 2929; x_wconf 87' lang='lat' dir='ltr'>moveantur</span> <span class='ocrx_word' id='word_1_492' title='bbox 1103 2904 1182 2930; x_wconf 91' lang='lat' dir='ltr'>uno</span> <span class='ocrx_word' id='word_1_493' title='bbox 1211 2900 1321 2930; x_wconf 90' lang='lat' dir='ltr'>motu</span> <span class='ocrx_word' id='word_1_494' title='bbox 1345 2905 1423 2930; x_wconf 91' lang='lat' dir='ltr'>non</span> 
     </span>
     <span class='ocr_line' id='line_1_61' title="bbox 359 2942 1424 2995; baseline 0.005 -17"><span class='ocrx_word' id='word_1_495' title='bbox 359 2942 585 2990; x_wconf 89' lang='lat' dir='ltr'>naturaliter,</span> <span class='ocrx_word' id='word_1_496' title='bbox 606 2943 656 2980; x_wconf 90' lang='lat' dir='ltr'>ita</span> <span class='ocrx_word' id='word_1_497' title='bbox 675 2943 816 2981; x_wconf 89' lang='lat' dir='ltr'>scilicet</span> <span class='ocrx_word' id='word_1_498' title='bbox 835 2945 938 2994; x_wconf 91' lang='lat' dir='ltr'>quod</span> <span class='ocrx_word' id='word_1_499' title='bbox 961 2957 1083 2982; x_wconf 89' lang='lat' dir='ltr'>unum</span> <span class='ocrx_word' id='word_1_500' title='bbox 1105 2958 1242 2995; x_wconf 90' lang='lat' dir='ltr'>corpus</span> <span class='ocrx_word' id='word_1_501' title='bbox 1266 2958 1424 2983; x_wconf 88' lang='lat' dir='ltr'>movea-</span> 
     </span>
     <span class='ocr_line' id='line_1_62' title="bbox 359 2995 1423 3048; baseline 0.006 -17"><span class='ocrx_word' id='word_1_502' title='bbox 359 3001 420 3031; x_wconf 86' lang='lat' dir='ltr'>tur</span> <span class='ocrx_word' id='word_1_503' title='bbox 437 3007 506 3044; x_wconf 92' lang='lat' dir='ltr'>per</span> <span class='ocrx_word' id='word_1_504' title='bbox 523 2995 746 3034; x_wconf 87' lang='lat' dir='ltr'>violentiam</span> <span class='ocrx_word' id='word_1_505' title='bbox 767 3005 875 3035; x_wconf 91' lang='lat' dir='ltr'>motu</span> <span class='ocrx_word' id='word_1_506' title='bbox 896 2998 1068 3045; x_wconf 89' lang='lat' dir='ltr'>alterius;</span> <span class='ocrx_word' id='word_1_507' title='bbox 1090 2999 1156 3036; x_wconf 92' lang='lat' dir='ltr'>sed</span> <span class='ocrx_word' id='word_1_508' title='bbox 1176 2999 1283 3048; x_wconf 91' lang='lat' dir='ltr'>quod</span> <span class='ocrx_word' id='word_1_509' title='bbox 1301 3011 1423 3037; x_wconf 90' lang='lat' dir='ltr'>unum</span> 
     </span>
     <span class='ocr_line' id='line_1_63' title="bbox 361 3051 1422 3097; baseline 0.006 -13"><span class='ocrx_word' id='word_1_510' title='bbox 361 3059 498 3097; x_wconf 92' lang='lat' dir='ltr'>corpus</span> <span class='ocrx_word' id='word_1_511' title='bbox 517 3058 719 3087; x_wconf 82' lang='lat' dir='ltr'>moveatur</span> <span class='ocrx_word' id='word_1_512' title='bbox 747 3051 958 3088; x_wconf 87' lang='lat' dir='ltr'>secundum</span> <span class='ocrx_word' id='word_1_513' title='bbox 988 3059 1162 3089; x_wconf 85' lang='lat' dir='ltr'>naturam</span> <span class='ocrx_word' id='word_1_514' title='bbox 1188 3060 1297 3090; x_wconf 91' lang='lat' dir='ltr'>motu</span> <span class='ocrx_word' id='word_1_515' title='bbox 1316 3061 1422 3090; x_wconf 87' lang='lat' dir='ltr'>natu-</span> 
     </span>
     <span class='ocr_line' id='line_1_64' title="bbox 360 3100 1424 3154; baseline 0.007 -17"><span class='ocrx_word' id='word_1_516' title='bbox 360 3100 426 3137; x_wconf 90' lang='lat' dir='ltr'>rali</span> <span class='ocrx_word' id='word_1_517' title='bbox 441 3102 591 3139; x_wconf 89' lang='lat' dir='ltr'>alterius</span> <span class='ocrx_word' id='word_1_518' title='bbox 607 3103 786 3152; x_wconf 87' lang='lat' dir='ltr'>corporis,</span> <span class='ocrx_word' id='word_1_519' title='bbox 804 3112 860 3141; x_wconf 90' lang='lat' dir='ltr'>est</span> <span class='ocrx_word' id='word_1_520' title='bbox 873 3104 1119 3154; x_wconf 91' lang='lat' dir='ltr'>impossibile.</span> <span class='ocrx_word' id='word_1_521' title='bbox 1137 3106 1306 3144; x_wconf 91' lang='lat' dir='ltr'>Necesse</span> <span class='ocrx_word' id='word_1_522' title='bbox 1322 3106 1424 3144; x_wconf 91' lang='lat' dir='ltr'>enim</span> 
     </span>
     <span class='ocr_line' id='line_1_65' title="bbox 362 3157 1423 3207; baseline 0.008 -18"><span class='ocrx_word' id='word_1_523' title='bbox 362 3161 417 3190; x_wconf 92' lang='lat' dir='ltr'>est</span> <span class='ocrx_word' id='word_1_524' title='bbox 436 3166 517 3191; x_wconf 90' lang='lat' dir='ltr'>esse</span> <span class='ocrx_word' id='word_1_525' title='bbox 536 3168 657 3193; x_wconf 90' lang='lat' dir='ltr'>unum</span> <span class='ocrx_word' id='word_1_526' title='bbox 677 3165 827 3194; x_wconf 89' lang='lat' dir='ltr'>motum</span> <span class='ocrx_word' id='word_1_527' title='bbox 847 3157 1057 3207; x_wconf 90' lang='lat' dir='ltr'>simplicem</span> <span class='ocrx_word' id='word_1_528' title='bbox 1079 3160 1291 3197; x_wconf 84' lang='lat' dir='ltr'>naturalem</span> <span class='ocrx_word' id='word_1_529' title='bbox 1311 3160 1423 3197; x_wconf 92' lang='lat' dir='ltr'>unius</span> 
     </span>
    </p>
   </div>
   <div class='ocr_carea' id='block_1_7' title="bbox 409 1834 612 2035">
    <p class='ocr_par' dir='ltr' id='par_1_7' title="bbox 409 1834 612 2035">
     <span class='ocr_line' id='line_1_66' title="bbox 409 1834 612 2035; baseline 0 2099"><span class='ocrx_word' id='word_1_530' title='bbox 409 1834 612 2035; x_wconf 95' lang='lat' dir='ltr'> </span> 
     </span>
    </p>
   </div>
   <div class='ocr_carea' id='block_1_8' title="bbox 359 3310 1425 3372">
    <p class='ocr_par' dir='ltr' id='par_1_8' title="bbox 359 3310 1425 3372">
     <span class='ocr_line' id='line_1_67' title="bbox 359 3310 1425 3372; baseline 0.008 -36"><span class='ocrx_word' id='word_1_531' title='bbox 359 3354 376 3372; x_wconf 69' lang='grc' dir='ltr'><strong>ο</strong></span> <span class='ocrx_word' id='word_1_532' title='bbox 411 3310 580 3372; x_wconf 37' lang='grc' dir='ltr'>αλὲνςιιενε.</span> <span class='ocrx_word' id='word_1_533' title='bbox 598 3326 617 3332; x_wconf 91' lang='lat'>-</span> <span class='ocrx_word' id='word_1_534' title='bbox 634 3317 824 3347; x_wconf 79' lang='lat' dir='ltr'>argumentare</span> <span class='ocrx_word' id='word_1_535' title='bbox 843 3315 917 3341; x_wconf 90' lang='lat' dir='ltr'>codd.</span> <span class='ocrx_word' id='word_1_536' title='bbox 937 3325 989 3342; x_wconf 87' lang='lat' dir='ltr'>exc.</span> <span class='ocrx_word' id='word_1_537' title='bbox 1009 3316 1124 3350; x_wconf 77' lang='lat' dir='ltr'>B(AF?).</span> <span class='ocrx_word' id='word_1_538' title='bbox 1142 3331 1161 3338; x_wconf 86' lang='lat'>—-</span> <span class='ocrx_word' id='word_1_539' title='bbox 1179 3317 1236 3344; x_wconf 82' lang='lat' dir='ltr'>Lin.</span> <span class='ocrx_word' id='word_1_540' title='bbox 1255 3326 1311 3352; x_wconf 88' lang='lat' dir='ltr'>seq.</span> <span class='ocrx_word' id='word_1_541' title='bbox 1330 3323 1357 3344; x_wconf 79' lang='lat' dir='ltr'>et</span> <span class='ocrx_word' id='word_1_542' title='bbox 1375 3319 1425 3345; x_wconf 86' lang='lat' dir='ltr'>hoc</span> 
     </span>
     <span class='ocr_line' id='line_1_68' title="bbox 379 3355 485 3372; baseline 0 0"><span class='ocrx_word' id='word_1_543' title='bbox 379 3355 414 3372; x_wconf 90' lang='lat' dir='ltr'>m.</span> <span class='ocrx_word' id='word_1_544' title='bbox 479 3365 485 3372; x_wconf 96' lang='lat'>.</span> 
     </span>
    </p>
   </div>
   <div class='ocr_carea' id='block_1_9' title="bbox 358 3381 1424 3631">
    <p class='ocr_par' dir='ltr' id='par_1_9' title="bbox 361 3381 1424 3458">
     <span class='ocr_line' id='line_1_69' title="bbox 415 3381 1424 3422; baseline 0.009 -15"><span class='ocrx_word' id='word_1_545' title='bbox 415 3381 441 3416; x_wconf 86' lang='grc' dir='ltr'>β)</span> <span class='ocrx_word' id='word_1_546' title='bbox 451 3383 519 3408; x_wconf 80' lang='lat' dir='ltr'>sicut</span> <span class='ocrx_word' id='word_1_547' title='bbox 529 3383 555 3408; x_wconf 81' lang='lat' dir='ltr'>in</span> <span class='ocrx_word' id='word_1_548' title='bbox 566 3383 680 3416; x_wconf 77' lang='lat' dir='ltr'>lapide...</span> <span class='ocrx_word' id='word_1_549' title='bbox 691 3384 813 3410; x_wconf 75' lang='lat' dir='ltr'>deorsum</span> <span class='ocrx_word' id='word_1_550' title='bbox 820 3387 867 3410; x_wconf 84' lang='lat' dir='ltr'>-A</span> <span class='ocrx_word' id='word_1_551' title='bbox 879 3387 939 3419; x_wconf 84' lang='lat' dir='ltr'>legit</span> <span class='ocrx_word' id='word_1_552' title='bbox 948 3387 1017 3413; x_wconf 79' lang='lat' dir='ltr'>sicut</span> <span class='ocrx_word' id='word_1_553' title='bbox 1026 3388 1089 3420; x_wconf 83' lang='lat' dir='ltr'>qm’a</span> <span class='ocrx_word' id='word_1_554' title='bbox 1100 3388 1126 3413; x_wconf 82' lang='lat' dir='ltr'>i‘n</span> <span class='ocrx_word' id='word_1_555' title='bbox 1137 3389 1227 3421; x_wconf 77' lang='lat' dir='ltr'>lapide</span> <span class='ocrx_word' id='word_1_556' title='bbox 1233 3390 1424 3422; x_wconf 77' lang='lat' dir='ltr'>praedomIna-</span> 
     </span>
     <span class='ocr_line' id='line_1_70' title="bbox 361 3419 1423 3458; baseline 0.009 -16"><span class='ocrx_word' id='word_1_557' title='bbox 361 3420 406 3443; x_wconf 75' lang='lat' dir='ltr'>tur</span> <span class='ocrx_word' id='word_1_558' title='bbox 416 3421 498 3448; x_wconf 82' lang='lat' dir='ltr'>terra,</span> <span class='ocrx_word' id='word_1_559' title='bbox 511 3419 654 3444; x_wconf 79' lang='lat' dir='ltr'>secundum</span> <span class='ocrx_word' id='word_1_560' title='bbox 667 3419 723 3444; x_wconf 83' lang='lat' dir='ltr'>eius</span> <span class='ocrx_word' id='word_1_561' title='bbox 733 3423 858 3446; x_wconf 81' lang='lat' dir='ltr'>naturam</span> <span class='ocrx_word' id='word_1_562' title='bbox 872 3426 992 3448; x_wconf 76' lang='lat' dir='ltr'>movetur</span> <span class='ocrx_word' id='word_1_563' title='bbox 1004 3424 1127 3449; x_wconf 78' lang='lat' dir='ltr'>deorsum</span> <span class='ocrx_word' id='word_1_564' title='bbox 1133 3431 1142 3454; x_wconf 79' lang='lat'>,¹</span> <span class='ocrx_word' id='word_1_565' title='bbox 1152 3433 1220 3458; x_wconf 78' lang='lat' dir='ltr'>quae</span> <span class='ocrx_word' id='word_1_566' title='bbox 1229 3431 1270 3450; x_wconf 80' lang='lat' dir='ltr'>est</span> <span class='ocrx_word' id='word_1_567' title='bbox 1282 3426 1350 3452; x_wconf 78' lang='lat' dir='ltr'>bona</span> <span class='ocrx_word' id='word_1_568' title='bbox 1364 3426 1423 3452; x_wconf 87' lang='lat' dir='ltr'>lect.</span> 
     </span>
    </p>

    <p class='ocr_par' dir='ltr' id='par_1_10' title="bbox 360 3452 1422 3524">
     <span class='ocr_line' id='line_1_71' title="bbox 413 3452 1422 3494; baseline 0.01 -17"><span class='ocrx_word' id='word_1_569' title='bbox 413 3452 440 3487; x_wconf 80' lang='grc' dir='ltr'>γ)</span> <span class='ocrx_word' id='word_1_570' title='bbox 459 3454 537 3486; x_wconf 82' lang='lat' dir='ltr'>quod,</span> <span class='ocrx_word' id='word_1_571' title='bbox 553 3454 613 3479; x_wconf 81' lang='lat' dir='ltr'>licet</span> <span class='ocrx_word' id='word_1_572' title='bbox 625 3455 741 3486; x_wconf 71' lang='lat' dir='ltr'>simplex</span> <span class='ocrx_word' id='word_1_573' title='bbox 759 3459 845 3482; x_wconf 83' lang='lat' dir='ltr'>motus</span> <span class='ocrx_word' id='word_1_574' title='bbox 859 3457 894 3482; x_wconf 76' lang='lat' dir='ltr'>sit</span> <span class='ocrx_word' id='word_1_575' title='bbox 907 3458 1034 3490; x_wconf 79' lang='lat' dir='ltr'>simplicis</span> <span class='ocrx_word' id='word_1_576' title='bbox 1047 3460 1176 3492; x_wconf 77' lang='lat' dir='ltr'>corporis.</span> <span class='ocrx_word' id='word_1_577' title='bbox 1188 3474 1207 3480; x_wconf 90' lang='lat'>—</span> <span class='ocrx_word' id='word_1_578' title='bbox 1220 3461 1293 3493; x_wconf 76' lang='lat' dir='ltr'>quod</span> <span class='ocrx_word' id='word_1_579' title='bbox 1305 3461 1422 3494; x_wconf 78' lang='lat' dir='ltr'>simplex</span> 
     </span>
     <span class='ocr_line' id='line_1_72' title="bbox 360 3489 994 3524; baseline 0.009 -11"><span class='ocrx_word' id='word_1_580' title='bbox 360 3491 447 3514; x_wconf 78' lang='lat' dir='ltr'>motus</span> <span class='ocrx_word' id='word_1_581' title='bbox 465 3492 504 3514; x_wconf 77' lang='lat' dir='ltr'>est</span> <span class='ocrx_word' id='word_1_582' title='bbox 516 3489 620 3522; x_wconf 82' lang='lat' dir='ltr'>quidem</span> <span class='ocrx_word' id='word_1_583' title='bbox 639 3490 764 3522; x_wconf 79' lang='lat' dir='ltr'>simplicis</span> <span class='ocrx_word' id='word_1_584' title='bbox 782 3493 902 3524; x_wconf 80' lang='lat' dir='ltr'>corporis</span> <span class='ocrx_word' id='word_1_585' title='bbox 921 3494 994 3519; x_wconf 86' lang='lat' dir='ltr'>codd.</span> 
     </span>
    </p>

    <p class='ocr_par' dir='ltr' id='par_1_11' title="bbox 358 3522 1421 3631">
     <span class='ocr_line' id='line_1_73' title="bbox 413 3522 1421 3566; baseline 0.01 -18"><span class='ocrx_word' id='word_1_586' title='bbox 413 3522 438 3558; x_wconf 77' lang='grc' dir='ltr'>ὃ)</span> <span class='ocrx_word' id='word_1_587' title='bbox 458 3524 529 3566; x_wconf 53' lang='lat' dir='ltr'>quod</span> <span class='ocrx_word' id='word_1_588' title='bbox 546 3524 619 3566; x_wconf 64' lang='lat' dir='ltr'>sit3-</span> <span class='ocrx_word' id='word_1_589' title='bbox 632 3529 658 3550; x_wconf 79' lang='lat' dir='ltr'>et</span> <span class='ocrx_word' id='word_1_590' title='bbox 677 3526 747 3557; x_wconf 81' lang='lat' dir='ltr'>quod</span> <span class='ocrx_word' id='word_1_591' title='bbox 765 3527 800 3551; x_wconf 78' lang='lat' dir='ltr'>sit</span> <span class='ocrx_word' id='word_1_592' title='bbox 818 3527 871 3552; x_wconf 83' lang='lat' dir='ltr'>Psl.</span> <span class='ocrx_word' id='word_1_593' title='bbox 891 3528 949 3558; x_wconf 81' lang='lat' dir='ltr'>Sed,</span> <span class='ocrx_word' id='word_1_594' title='bbox 964 3534 992 3554; x_wconf 90' lang='lat' dir='ltr'>ut</span> <span class='ocrx_word' id='word_1_595' title='bbox 1011 3530 1104 3562; x_wconf 83' lang='lat' dir='ltr'>legenti</span> <span class='ocrx_word' id='word_1_596' title='bbox 1124 3536 1200 3563; x_wconf 85' lang='lat' dir='ltr'>patet,</span> <span class='ocrx_word' id='word_1_597' title='bbox 1213 3530 1323 3557; x_wconf 84' lang='lat' dir='ltr'>obiectio</span> <span class='ocrx_word' id='word_1_598' title='bbox 1342 3533 1382 3557; x_wconf 89' lang='lat' dir='ltr'>cui</span> <span class='ocrx_word' id='word_1_599' title='bbox 1396 3533 1421 3557; x_wconf 90' lang='lat' dir='ltr'>in</span> 
     </span>
     <span class='ocr_line' id='line_1_74' title="bbox 358 3564 1421 3596; baseline 0.01 -13"><span class='ocrx_word' id='word_1_600' title='bbox 358 3564 488 3592; x_wconf 79' lang='lat' dir='ltr'>praesenti</span> <span class='ocrx_word' id='word_1_601' title='bbox 507 3565 641 3590; x_wconf 83' lang='lat' dir='ltr'>occurttur,</span> <span class='ocrx_word' id='word_1_602' title='bbox 661 3568 746 3594; x_wconf 88' lang='lat' dir='ltr'>neque</span> <span class='ocrx_word' id='word_1_603' title='bbox 765 3568 841 3594; x_wconf 79' lang='lat' dir='ltr'>negat</span> <span class='ocrx_word' id='word_1_604' title='bbox 859 3565 929 3596; x_wconf 89' lang='lat' dir='ltr'>quod</span> <span class='ocrx_word' id='word_1_605' title='bbox 949 3570 1035 3589; x_wconf 85' lang='lat' dir='ltr'>motus</span> <span class='ocrx_word' id='word_1_606' title='bbox 1050 3566 1180 3592; x_wconf 81' lang='lat' dir='ltr'>circularis</span> <span class='ocrx_word' id='word_1_607' title='bbox 1194 3567 1227 3592; x_wconf 77' lang='lat' dir='ltr'>sit</span> <span class='ocrx_word' id='word_1_608' title='bbox 1240 3567 1305 3592; x_wconf 81' lang='lat' dir='ltr'>alius</span> <span class='ocrx_word' id='word_1_609' title='bbox 1320 3575 1334 3593; x_wconf 80' lang='lat' dir='ltr'>a</span> <span class='ocrx_word' id='word_1_610' title='bbox 1349 3574 1421 3593; x_wconf 87' lang='lat' dir='ltr'>motu</span> 
     </span>
     <span class='ocr_line' id='line_1_75' title="bbox 358 3596 1419 3631; baseline 0.01 -13"><span class='ocrx_word' id='word_1_611' title='bbox 358 3599 444 3626; x_wconf 84' lang='lat' dir='ltr'>recto,</span> <span class='ocrx_word' id='word_1_612' title='bbox 463 3603 548 3628; x_wconf 86' lang='lat' dir='ltr'>neque</span> <span class='ocrx_word' id='word_1_613' title='bbox 567 3596 642 3621; x_wconf 86' lang='lat' dir='ltr'>etiam</span> <span class='ocrx_word' id='word_1_614' title='bbox 662 3597 731 3629; x_wconf 89' lang='lat' dir='ltr'>quod</span> <span class='ocrx_word' id='word_1_615' title='bbox 757 3597 866 3631; x_wconf 84' lang='lat' dir='ltr'>simplex</span> <span class='ocrx_word' id='word_1_616' title='bbox 890 3604 977 3625; x_wconf 87' lang='lat' dir='ltr'>motus</span> <span class='ocrx_word' id='word_1_617' title='bbox 1003 3601 1132 3627; x_wconf 78' lang='lat' dir='ltr'>circularis</span> <span class='ocrx_word' id='word_1_618' title='bbox 1151 3603 1183 3627; x_wconf 79' lang='lat' dir='ltr'>sit</span> <span class='ocrx_word' id='word_1_619' title='bbox 1203 3603 1326 3628; x_wconf 76' lang='lat' dir='ltr'>naturalis</span> <span class='ocrx_word' id='word_1_620' title='bbox 1345 3604 1419 3629; x_wconf 85' lang='lat' dir='ltr'>alicui</span> 
     </span>
    </p>
   </div>
   <div class='ocr_carea' id='block_1_10' title="bbox 1075 244 1848 290">
    <p class='ocr_par' dir='ltr' id='par_1_12' title="bbox 1075 244 1848 290">
     <span class='ocr_line' id='line_1_76' title="bbox 1075 244 1848 290; baseline -0.016 0"><span class='ocrx_word' id='word_1_621' title='bbox 1075 254 1145 290; x_wconf 90' lang='lat' dir='ltr'>DE</span> <span class='ocrx_word' id='word_1_622' title='bbox 1176 250 1352 289; x_wconf 92' lang='lat' dir='ltr'><strong>CAELO</strong></span> <span class='ocrx_word' id='word_1_623' title='bbox 1382 249 1453 286; x_wconf 91' lang='lat' dir='ltr'>ET</span> <span class='ocrx_word' id='word_1_624' title='bbox 1483 245 1678 285; x_wconf 92' lang='lat' dir='ltr'>MUNDO</span> <span class='ocrx_word' id='word_1_625' title='bbox 1709 245 1803 280; x_wconf 91' lang='lat' dir='ltr'>LIB.</span> <span class='ocrx_word' id='word_1_626' title='bbox 1835 244 1848 278; x_wconf 95' lang='lat' dir='ltr'>I</span> 
     </span>
    </p>
   </div>
   <div class='ocr_carea' id='block_1_11' title="bbox 1467 318 2557 1762">
    <p class='ocr_par' dir='ltr' id='par_1_13' title="bbox 1467 318 2557 1762">
     <span class='ocr_line' id='line_1_77' title="bbox 1473 318 2553 361; baseline -0.004 -9"><span class='ocrx_word' id='word_1_627' title='bbox 1473 331 1516 353; x_wconf 92' lang='lat' dir='ltr'>est</span> <span class='ocrx_word' id='word_1_628' title='bbox 1529 324 1610 361; x_wconf 89' lang='lat' dir='ltr'>prior</span> <span class='ocrx_word' id='word_1_629' title='bbox 1631 323 1706 350; x_wconf 89' lang='lat' dir='ltr'>linea</span> <span class='ocrx_word' id='word_1_630' title='bbox 1724 327 1815 355; x_wconf 89' lang='lat' dir='ltr'>recta,</span> <span class='ocrx_word' id='word_1_631' title='bbox 1840 328 1915 356; x_wconf 90' lang='lat' dir='ltr'>quae</span> <span class='ocrx_word' id='word_1_632' title='bbox 1940 325 1983 347; x_wconf 91' lang='lat' dir='ltr'>est</span> <span class='ocrx_word' id='word_1_633' title='bbox 2007 326 2122 355; x_wconf 87' lang='lat' dir='ltr'>semper</span> <span class='ocrx_word' id='word_1_634' title='bbox 2145 318 2322 355; x_wconf 80' lang='lat' dir='ltr'>imperfecta,</span> <span class='ocrx_word' id='word_1_635' title='bbox 2344 318 2403 347; x_wconf 88' lang='lat' dir='ltr'>sive</span> <span class='ocrx_word' id='word_1_636' title='bbox 2423 326 2553 356; x_wconf 83' lang='lat' dir='ltr'>ponatur</span> 
     </span>
     <span class='ocr_line' id='line_1_78' title="bbox 1473 358 2552 397; baseline -0.004 -5"><span class='ocrx_word' id='word_1_637' title='bbox 1473 374 1535 392; x_wconf 90' lang='lat' dir='ltr'>esse</span> <span class='ocrx_word' id='word_1_638' title='bbox 1563 362 1674 391; x_wconf 90' lang='lat' dir='ltr'>infinita</span> <span class='ocrx_word' id='word_1_639' title='bbox 1687 384 1694 397; x_wconf 86' lang='lat'><em>‚</em></span> <span class='ocrx_word' id='word_1_640' title='bbox 1726 361 1785 389; x_wconf 93' lang='lat' dir='ltr'>sive</span> <span class='ocrx_word' id='word_1_641' title='bbox 1814 359 1913 388; x_wconf 88' lang='lat' dir='ltr'>finita:</span> <span class='ocrx_word' id='word_1_642' title='bbox 1942 369 2012 397; x_wconf 86' lang='lat' dir='ltr'>ergo</span> <span class='ocrx_word' id='word_1_643' title='bbox 2041 366 2070 387; x_wconf 90' lang='lat' dir='ltr'>et</span> <span class='ocrx_word' id='word_1_644' title='bbox 2097 365 2196 387; x_wconf 90' lang='lat' dir='ltr'>motus</span> <span class='ocrx_word' id='word_1_645' title='bbox 2225 358 2371 387; x_wconf 81' lang='lat' dir='ltr'>circularis</span> <span class='ocrx_word' id='word_1_646' title='bbox 2400 366 2444 388; x_wconf 87' lang='lat' dir='ltr'>est</span> <span class='ocrx_word' id='word_1_647' title='bbox 2470 360 2552 397; x_wconf 89' lang='lat' dir='ltr'>prior</span> 
     </span>
     <span class='ocr_line' id='line_1_79' title="bbox 1473 398 2551 437; baseline -0.004 -5"><span class='ocrx_word' id='word_1_648' title='bbox 1473 411 1555 432; x_wconf 90' lang='lat' dir='ltr'>motu</span> <span class='ocrx_word' id='word_1_649' title='bbox 1579 409 1668 430; x_wconf 89' lang='lat' dir='ltr'>recto.</span> <span class='ocrx_word' id='word_1_650' title='bbox 1697 402 1755 429; x_wconf 90' lang='lat' dir='ltr'>Sed</span> <span class='ocrx_word' id='word_1_651' title='bbox 1783 400 1864 437; x_wconf 91' lang='lat' dir='ltr'>prior</span> <span class='ocrx_word' id='word_1_652' title='bbox 1885 406 1983 428; x_wconf 91' lang='lat' dir='ltr'>motus</span> <span class='ocrx_word' id='word_1_653' title='bbox 2014 406 2056 428; x_wconf 90' lang='lat' dir='ltr'>est</span> <span class='ocrx_word' id='word_1_654' title='bbox 2083 398 2252 427; x_wconf 87' lang='lat' dir='ltr'>naturaliter</span> <span class='ocrx_word' id='word_1_655' title='bbox 2273 398 2379 435; x_wconf 87' lang='lat' dir='ltr'>prioris</span> <span class='ocrx_word' id='word_1_656' title='bbox 2399 399 2551 437; x_wconf 81' lang='lat' dir='ltr'>corporis,</span> 
     </span>
     <span class='ocr_line' id='line_1_80' title="bbox 1473 438 2552 480; baseline -0.003 -9"><span class='ocrx_word' id='word_1_657' title='bbox 1473 444 1553 480; x_wconf 92' lang='lat' dir='ltr'>quod</span> <span class='ocrx_word' id='word_1_658' title='bbox 1574 449 1618 470; x_wconf 91' lang='lat' dir='ltr'>est</span> <span class='ocrx_word' id='word_1_659' title='bbox 1644 450 1749 478; x_wconf 90' lang='lat' dir='ltr'>corpus</span> <span class='ocrx_word' id='word_1_660' title='bbox 1771 440 1902 476; x_wconf 90' lang='lat' dir='ltr'>simplex.</span> <span class='ocrx_word' id='word_1_661' title='bbox 1931 440 2008 468; x_wconf 89' lang='lat' dir='ltr'>Cum</span> <span class='ocrx_word' id='word_1_662' title='bbox 2034 449 2103 476; x_wconf 84' lang='lat' dir='ltr'>ergo</span> <span class='ocrx_word' id='word_1_663' title='bbox 2133 445 2231 467; x_wconf 89' lang='lat' dir='ltr'>motus</span> <span class='ocrx_word' id='word_1_664' title='bbox 2252 438 2374 475; x_wconf 89' lang='lat' dir='ltr'>simplex</span> <span class='ocrx_word' id='word_1_665' title='bbox 2399 446 2493 468; x_wconf 84' lang='lat' dir='ltr'>rectus</span> <span class='ocrx_word' id='word_1_666' title='bbox 2515 440 2552 468; x_wconf 91' lang='lat' dir='ltr'>sit</span> 
     </span>
     <span class='ocr_line' id='line_1_81' title="bbox 1472 478 2552 518; baseline -0.002 -7"><span class='ocrx_word' id='word_1_667' title='bbox 1472 482 1609 511; x_wconf 90' lang='lat' dir='ltr'>naturalis</span> <span class='ocrx_word' id='word_1_668' title='bbox 1635 488 1663 510; x_wconf 91' lang='lat' dir='ltr'>et</span> <span class='ocrx_word' id='word_1_669' title='bbox 1685 480 1822 518; x_wconf 90' lang='lat' dir='ltr'>proprius</span> <span class='ocrx_word' id='word_1_670' title='bbox 1845 479 2018 516; x_wconf 88' lang='lat' dir='ltr'>corporibus</span> <span class='ocrx_word' id='word_1_671' title='bbox 2043 479 2283 514; x_wconf 89' lang='lat' dir='ltr'>elementaribus,</span> <span class='ocrx_word' id='word_1_672' title='bbox 2308 478 2440 516; x_wconf 91' lang='lat' dir='ltr'>sequitur</span> <span class='ocrx_word' id='word_1_673' title='bbox 2469 481 2552 517; x_wconf 88' lang='lat' dir='ltr'>quod</span> 
     </span>
     <span class='ocr_line' id='line_1_82' title="bbox 1471 518 2552 560; baseline -0.002 -9"><span class='ocrx_word' id='word_1_674' title='bbox 1471 529 1585 560; x_wconf 89' lang='lat' dir='ltr'>praeter</span> <span class='ocrx_word' id='word_1_675' title='bbox 1614 522 1669 549; x_wconf 89' lang='lat' dir='ltr'>ista</span> <span class='ocrx_word' id='word_1_676' title='bbox 1693 521 1837 549; x_wconf 88' lang='lat' dir='ltr'>elementa</span> <span class='ocrx_word' id='word_1_677' title='bbox 1857 520 1894 548; x_wconf 87' lang='lat' dir='ltr'>sit</span> <span class='ocrx_word' id='word_1_678' title='bbox 1914 519 1971 548; x_wconf 89' lang='lat' dir='ltr'>alia</span> <span class='ocrx_word' id='word_1_679' title='bbox 1991 519 2152 548; x_wconf 87' lang='lat' dir='ltr'>substantia</span> <span class='ocrx_word' id='word_1_680' title='bbox 2181 518 2343 556; x_wconf 88' lang='lat' dir='ltr'>corporalis</span> <span class='ocrx_word' id='word_1_681' title='bbox 2363 519 2444 556; x_wconf 88' lang='lat' dir='ltr'>prior</span> <span class='ocrx_word' id='word_1_682' title='bbox 2465 526 2493 548; x_wconf 89' lang='lat' dir='ltr'>et</span> <span class='ocrx_word' id='word_1_683' title='bbox 2507 520 2552 549; x_wconf 92' lang='lat' dir='ltr'>di-</span> 
     </span>
     <span class='ocr_line' id='line_1_83' title="bbox 1471 558 2552 600; baseline -0.003 -9"><span class='ocrx_word' id='word_1_684' title='bbox 1471 563 1574 600; x_wconf 88' lang='lat' dir='ltr'>gnior,</span> <span class='ocrx_word' id='word_1_685' title='bbox 1598 562 1645 590; x_wconf 90' lang='lat' dir='ltr'>cui</span> <span class='ocrx_word' id='word_1_686' title='bbox 1673 561 1710 589; x_wconf 90' lang='lat' dir='ltr'>sit</span> <span class='ocrx_word' id='word_1_687' title='bbox 1737 559 1905 588; x_wconf 87' lang='lat' dir='ltr'>naturaliter</span> <span class='ocrx_word' id='word_1_688' title='bbox 1926 559 2061 596; x_wconf 92' lang='lat' dir='ltr'>proprius</span> <span class='ocrx_word' id='word_1_689' title='bbox 2083 566 2181 588; x_wconf 89' lang='lat' dir='ltr'>motus</span> <span class='ocrx_word' id='word_1_690' title='bbox 2210 559 2332 596; x_wconf 86' lang='lat' dir='ltr'>simplex</span> <span class='ocrx_word' id='word_1_691' title='bbox 2361 558 2516 588; x_wconf 85' lang='lat' dir='ltr'>circularis.</span> <span class='ocrx_word' id='word_1_692' title='bbox 2532 577 2552 582; x_wconf 95' lang='lat'><em>-</em></span> 
     </span>
     <span class='ocr_line' id='line_1_84' title="bbox 1477 597 2551 637; baseline -0.004 -6"><span class='ocrx_word' id='word_1_693' title='bbox 1477 613 1519 631; x_wconf 86' lang='lat'>10.</span> <span class='ocrx_word' id='word_1_694' title='bbox 1542 602 1700 630; x_wconf 91' lang='lat' dir='ltr'>Solvuntur</span> <span class='ocrx_word' id='word_1_695' title='bbox 1727 601 1802 628; x_wconf 91' lang='lat' dir='ltr'>duae</span> <span class='ocrx_word' id='word_1_696' title='bbox 1824 597 2011 628; x_wconf 88' lang='lat' dir='ltr'>difficultates</span> <span class='ocrx_word' id='word_1_697' title='bbox 2038 606 2142 628; x_wconf 83' lang='lat' dir='ltr'>contra</span> <span class='ocrx_word' id='word_1_698' title='bbox 2162 600 2219 628; x_wconf 88' lang='lat' dir='ltr'>hoc</span> <span class='ocrx_word' id='word_1_699' title='bbox 2248 600 2330 637; x_wconf 90' lang='lat' dir='ltr'>quod</span> <span class='ocrx_word' id='word_1_700' title='bbox 2356 599 2467 628; x_wconf 86' lang='lat' dir='ltr'>dictum</span> <span class='ocrx_word' id='word_1_701' title='bbox 2489 606 2551 635; x_wconf 88' lang='lat' dir='ltr'>est,</span> 
     </span>
     <span class='ocr_line' id='line_1_85' title="bbox 1472 639 2552 678; baseline -0.003 -7"><span class='ocrx_word' id='word_1_702' title='bbox 1472 643 1610 671; x_wconf 90' lang='lat' dir='ltr'>nimirum</span> <span class='ocrx_word' id='word_1_703' title='bbox 1631 641 1743 670; x_wconf 89' lang='lat' dir='ltr'>nullam</span> <span class='ocrx_word' id='word_1_704' title='bbox 1764 640 1873 668; x_wconf 89' lang='lat' dir='ltr'>lineam</span> <span class='ocrx_word' id='word_1_705' title='bbox 1893 646 2003 668; x_wconf 85' lang='lat' dir='ltr'>rectam</span> <span class='ocrx_word' id='word_1_706' title='bbox 2025 649 2088 668; x_wconf 86' lang='lat' dir='ltr'>esse</span> <span class='ocrx_word' id='word_1_707' title='bbox 2106 639 2273 677; x_wconf 80' lang='lat' dir='ltr'>perfectam.</span> <span class='ocrx_word' id='word_1_708' title='bbox 2297 639 2460 668; x_wconf 82' lang='lat' dir='ltr'>Perfectum</span> <span class='ocrx_word' id='word_1_709' title='bbox 2477 649 2552 678; x_wconf 83' lang='lat' dir='ltr'>par-</span> 
     </span>
     <span class='ocr_line' id='line_1_86' title="bbox 1472 679 2552 718; baseline -0.003 -7"><span class='ocrx_word' id='word_1_710' title='bbox 1472 683 1581 711; x_wconf 81' lang='lat' dir='ltr'>tialiter</span> <span class='ocrx_word' id='word_1_711' title='bbox 1602 688 1630 710; x_wconf 91' lang='lat' dir='ltr'>et</span> <span class='ocrx_word' id='word_1_712' title='bbox 1651 681 1810 718; x_wconf 85' lang='lat' dir='ltr'>perfectum</span> <span class='ocrx_word' id='word_1_713' title='bbox 1832 679 2015 718; x_wconf 78' lang='lat' dir='ltr'>simpliciter.</span> <span class='ocrx_word' id='word_1_714' title='bbox 2038 680 2200 708; x_wconf 84' lang='lat' dir='ltr'>Perfectum</span> <span class='ocrx_word' id='word_1_715' title='bbox 2227 681 2309 717; x_wconf 90' lang='lat' dir='ltr'>quod</span> <span class='ocrx_word' id='word_1_716' title='bbox 2329 679 2434 708; x_wconf 91' lang='lat' dir='ltr'>accidit</span> <span class='ocrx_word' id='word_1_717' title='bbox 2455 679 2496 709; x_wconf 91' lang='lat' dir='ltr'>rei</span> <span class='ocrx_word' id='word_1_718' title='bbox 2517 689 2552 708; x_wconf 84' lang='lat' dir='ltr'>ex</span> 
     </span>
     <span class='ocr_line' id='line_1_87' title="bbox 1467 719 2553 761; baseline -0.003 -10"><span class='ocrx_word' id='word_1_719' title='bbox 1467 729 1555 761; x_wconf 82' lang='lat' dir='ltr'>parte</span> <span class='ocrx_word' id='word_1_720' title='bbox 1577 722 1717 750; x_wconf 85' lang='lat' dir='ltr'>materiae</span> <span class='ocrx_word' id='word_1_721' title='bbox 1739 730 1791 748; x_wconf 90' lang='lat' dir='ltr'>seu</span> <span class='ocrx_word' id='word_1_722' title='bbox 1805 719 1935 756; x_wconf 89' lang='lat' dir='ltr'>subiecti,</span> <span class='ocrx_word' id='word_1_723' title='bbox 1956 726 1984 748; x_wconf 89' lang='lat' dir='ltr'>et</span> <span class='ocrx_word' id='word_1_724' title='bbox 1998 720 2157 757; x_wconf 89' lang='lat' dir='ltr'>perfectum</span> <span class='ocrx_word' id='word_1_725' title='bbox 2180 721 2262 758; x_wconf 90' lang='lat' dir='ltr'>quod</span> <span class='ocrx_word' id='word_1_726' title='bbox 2282 720 2358 748; x_wconf 89' lang='lat' dir='ltr'>inest</span> <span class='ocrx_word' id='word_1_727' title='bbox 2378 720 2420 749; x_wconf 89' lang='lat' dir='ltr'>rei</span> <span class='ocrx_word' id='word_1_728' title='bbox 2441 729 2482 749; x_wconf 82' lang='lat' dir='ltr'>ex</span> <span class='ocrx_word' id='word_1_729' title='bbox 2499 729 2553 748; x_wconf 86' lang='lat' dir='ltr'>sua</span> 
     </span>
     <span class='ocr_line' id='line_1_88' title="bbox 1467 758 2552 801; baseline -0.001 -11"><span class='ocrx_word' id='word_1_730' title='bbox 1467 762 1594 801; x_wconf 76' lang='lat' dir='ltr'>propria</span> <span class='ocrx_word' id='word_1_731' title='bbox 1609 762 1730 789; x_wconf 79' lang='lat' dir='ltr'>ratione.</span> <span class='ocrx_word' id='word_1_732' title='bbox 1742 777 1761 782; x_wconf 86' lang='lat'><em>-</em></span> <span class='ocrx_word' id='word_1_733' title='bbox 1780 769 1824 788; x_wconf 82' lang='lat'>11.</span> <span class='ocrx_word' id='word_1_734' title='bbox 1841 761 1914 788; x_wconf 91' lang='lat' dir='ltr'>Tres</span> <span class='ocrx_word' id='word_1_735' title='bbox 1929 759 2004 788; x_wconf 87' lang='lat' dir='ltr'>aliae</span> <span class='ocrx_word' id='word_1_736' title='bbox 2017 758 2203 789; x_wconf 87' lang='lat' dir='ltr'>difficultates</span> <span class='ocrx_word' id='word_1_737' title='bbox 2218 761 2379 789; x_wconf 88' lang='lat' dir='ltr'>solvuntur.</span> <span class='ocrx_word' id='word_1_738' title='bbox 2389 778 2407 782; x_wconf 96' lang='lat'>—</span> <span class='ocrx_word' id='word_1_739' title='bbox 2426 768 2470 789; x_wconf 84' lang='lat'>12.</span> <span class='ocrx_word' id='word_1_740' title='bbox 2487 761 2552 789; x_wconf 90' lang='lat' dir='ltr'>Sol-</span> 
     </span>
     <span class='ocr_line' id='line_1_89' title="bbox 1472 799 2553 839; baseline -0.002 -8"><span class='ocrx_word' id='word_1_741' title='bbox 1472 803 1547 831; x_wconf 88' lang='lat' dir='ltr'>vitur</span> <span class='ocrx_word' id='word_1_742' title='bbox 1560 799 1714 830; x_wconf 87' lang='lat' dir='ltr'>difficultas</span> <span class='ocrx_word' id='word_1_743' title='bbox 1730 807 1833 829; x_wconf 90' lang='lat' dir='ltr'>contra</span> <span class='ocrx_word' id='word_1_744' title='bbox 1853 800 1924 828; x_wconf 87' lang='lat' dir='ltr'>illud</span> <span class='ocrx_word' id='word_1_745' title='bbox 1946 800 2131 837; x_wconf 86' lang='lat' dir='ltr'>principium,</span> <span class='ocrx_word' id='word_1_746' title='bbox 2149 802 2320 839; x_wconf 83' lang='lat' dir='ltr'>perfectum</span> <span class='ocrx_word' id='word_1_747' title='bbox 2341 806 2386 829; x_wconf 77' lang='lat' dir='ltr'>est</span> <span class='ocrx_word' id='word_1_748' title='bbox 2395 801 2484 839; x_wconf 86' lang='lat' dir='ltr'>prius</span> <span class='ocrx_word' id='word_1_749' title='bbox 2497 801 2553 829; x_wconf 84' lang='lat' dir='ltr'>im-</span> 
     </span>
     <span class='ocr_line' id='line_1_90' title="bbox 1467 840 2551 881; baseline -0.001 -11"><span class='ocrx_word' id='word_1_750' title='bbox 1467 844 1613 881; x_wconf 83' lang='lat' dir='ltr'>perfecto.</span> <span class='ocrx_word' id='word_1_751' title='bbox 1629 858 1648 863; x_wconf 93' lang='lat'><em>-</em></span> <span class='ocrx_word' id='word_1_752' title='bbox 1662 841 1825 869; x_wconf 85' lang='lat' dir='ltr'>Perfectum</span> <span class='ocrx_word' id='word_1_753' title='bbox 1840 840 1870 869; x_wconf 92' lang='lat' dir='ltr'>in</span> <span class='ocrx_word' id='word_1_754' title='bbox 1891 840 2012 869; x_wconf 85' lang='lat' dir='ltr'>diversis</span> <span class='ocrx_word' id='word_1_755' title='bbox 2027 846 2071 869; x_wconf 88' lang='lat' dir='ltr'>est</span> <span class='ocrx_word' id='word_1_756' title='bbox 2084 841 2253 878; x_wconf 86' lang='lat' dir='ltr'>simpliciter</span> <span class='ocrx_word' id='word_1_757' title='bbox 2273 841 2353 878; x_wconf 85' lang='lat' dir='ltr'>prius</span> <span class='ocrx_word' id='word_1_758' title='bbox 2370 841 2551 878; x_wconf 84' lang='lat' dir='ltr'>imperfecto,</span> 
     </span>
     <span class='ocr_line' id='line_1_91' title="bbox 1471 880 2552 919; baseline -0.002 -8"><span class='ocrx_word' id='word_1_759' title='bbox 1471 883 1545 911; x_wconf 90' lang='lat' dir='ltr'>sicut</span> <span class='ocrx_word' id='word_1_760' title='bbox 1565 888 1645 910; x_wconf 92' lang='lat' dir='ltr'>actus</span> <span class='ocrx_word' id='word_1_761' title='bbox 1667 888 1710 910; x_wconf 90' lang='lat' dir='ltr'>est</span> <span class='ocrx_word' id='word_1_762' title='bbox 1731 880 1812 917; x_wconf 88' lang='lat' dir='ltr'>prior</span> <span class='ocrx_word' id='word_1_763' title='bbox 1838 880 1988 917; x_wconf 85' lang='lat' dir='ltr'>potentia:</span> <span class='ocrx_word' id='word_1_764' title='bbox 2017 880 2048 909; x_wconf 91' lang='lat' dir='ltr'>in</span> <span class='ocrx_word' id='word_1_765' title='bbox 2076 891 2138 910; x_wconf 88' lang='lat' dir='ltr'>uno</span> <span class='ocrx_word' id='word_1_766' title='bbox 2159 888 2258 910; x_wconf 89' lang='lat' dir='ltr'>autem</span> <span class='ocrx_word' id='word_1_767' title='bbox 2286 888 2315 910; x_wconf 93' lang='lat' dir='ltr'>et</span> <span class='ocrx_word' id='word_1_768' title='bbox 2343 882 2449 911; x_wconf 87' lang='lat' dir='ltr'>eodem</span> <span class='ocrx_word' id='word_1_769' title='bbox 2471 882 2552 919; x_wconf 91' lang='lat' dir='ltr'>quod</span> 
     </span>
     <span class='ocr_line' id='line_1_92' title="bbox 1471 921 2552 960; baseline -0.001 -9"><span class='ocrx_word' id='word_1_770' title='bbox 1471 922 1574 951; x_wconf 89' lang='lat' dir='ltr'>transit</span> <span class='ocrx_word' id='word_1_771' title='bbox 1594 923 1631 950; x_wconf 91' lang='lat' dir='ltr'>de</span> <span class='ocrx_word' id='word_1_772' title='bbox 1651 921 1784 958; x_wconf 87' lang='lat' dir='ltr'>potentia</span> <span class='ocrx_word' id='word_1_773' title='bbox 1805 922 1843 949; x_wconf 90' lang='lat' dir='ltr'>ad</span> <span class='ocrx_word' id='word_1_774' title='bbox 1857 927 1964 956; x_wconf 87' lang='lat' dir='ltr'>actum,</span> <span class='ocrx_word' id='word_1_775' title='bbox 1987 921 2148 958; x_wconf 86' lang='lat' dir='ltr'>perfectum</span> <span class='ocrx_word' id='word_1_776' title='bbox 2162 928 2206 950; x_wconf 89' lang='lat' dir='ltr'>est</span> <span class='ocrx_word' id='word_1_777' title='bbox 2219 921 2299 960; x_wconf 89' lang='lat' dir='ltr'>prius</span> <span class='ocrx_word' id='word_1_778' title='bbox 2314 921 2485 958; x_wconf 83' lang='lat' dir='ltr'>imperfecto</span> <span class='ocrx_word' id='word_1_779' title='bbox 2499 930 2552 950; x_wconf 86' lang='lat' dir='ltr'>na-</span> 
     </span>
     <span class='ocr_line' id='line_1_93' title="bbox 1470 961 2552 999; baseline -0.001 -8"><span class='ocrx_word' id='word_1_780' title='bbox 1470 970 1544 998; x_wconf 88' lang='lat' dir='ltr'>tura,</span> <span class='ocrx_word' id='word_1_781' title='bbox 1559 962 1624 990; x_wconf 86' lang='lat' dir='ltr'>licet</span> <span class='ocrx_word' id='word_1_782' title='bbox 1638 971 1700 990; x_wconf 92' lang='lat' dir='ltr'>non</span> <span class='ocrx_word' id='word_1_783' title='bbox 1718 967 1860 998; x_wconf 88' lang='lat' dir='ltr'>tempore.</span> <span class='ocrx_word' id='word_1_784' title='bbox 1876 978 1895 982; x_wconf 98' lang='lat'><em>-</em></span> <span class='ocrx_word' id='word_1_785' title='bbox 1914 961 1958 989; x_wconf 83' lang='lat'>13.</span> <span class='ocrx_word' id='word_1_786' title='bbox 1974 961 2114 990; x_wconf 83' lang='lat' dir='ltr'>Probatio</span> <span class='ocrx_word' id='word_1_787' title='bbox 2128 971 2216 998; x_wconf 85' lang='lat' dir='ltr'>supra</span> <span class='ocrx_word' id='word_1_788' title='bbox 2230 962 2323 998; x_wconf 90' lang='lat' dir='ltr'>(num.</span> <span class='ocrx_word' id='word_1_789' title='bbox 2339 963 2369 999; x_wconf 87' lang='lat'>9)</span> <span class='ocrx_word' id='word_1_790' title='bbox 2381 961 2477 999; x_wconf 77' lang='lat' dir='ltr'>posita</span> <span class='ocrx_word' id='word_1_791' title='bbox 2489 971 2552 990; x_wconf 89' lang='lat' dir='ltr'>non</span> 
     </span>
     <span class='ocr_line' id='line_1_94' title="bbox 1471 1001 2554 1039; baseline -0.001 -8"><span class='ocrx_word' id='word_1_792' title='bbox 1471 1009 1514 1031; x_wconf 89' lang='lat' dir='ltr'>est</span> <span class='ocrx_word' id='word_1_793' title='bbox 1528 1003 1564 1031; x_wconf 90' lang='lat' dir='ltr'>ab</span> <span class='ocrx_word' id='word_1_794' title='bbox 1586 1002 1692 1030; x_wconf 90' lang='lat' dir='ltr'>eodem</span> <span class='ocrx_word' id='word_1_795' title='bbox 1713 1001 1744 1029; x_wconf 93' lang='lat' dir='ltr'>in</span> <span class='ocrx_word' id='word_1_796' title='bbox 1765 1001 1843 1030; x_wconf 90' lang='lat' dir='ltr'>idem</span> <span class='ocrx_word' id='word_1_797' title='bbox 1852 1023 1860 1036; x_wconf 88' lang='lat'>‚</span> <span class='ocrx_word' id='word_1_798' title='bbox 1882 1001 1934 1029; x_wconf 88' lang='lat' dir='ltr'>sed</span> <span class='ocrx_word' id='word_1_799' title='bbox 1948 1010 1983 1029; x_wconf 84' lang='lat' dir='ltr'>ex</span> <span class='ocrx_word' id='word_1_800' title='bbox 1997 1001 2200 1031; x_wconf 68' lang='lat' dir='ltr'>communi&#39;ad</span> <span class='ocrx_word' id='word_1_801' title='bbox 2213 1001 2382 1039; x_wconf 85' lang='lat' dir='ltr'>proprium:</span> <span class='ocrx_word' id='word_1_802' title='bbox 2397 1001 2476 1031; x_wconf 90' lang='lat' dir='ltr'>unde</span> <span class='ocrx_word' id='word_1_803' title='bbox 2490 1011 2554 1030; x_wconf 88' lang='lat' dir='ltr'>non</span> 
     </span>
     <span class='ocr_line' id='line_1_95' title="bbox 1471 1041 2554 1078; baseline 0 -8"><span class='ocrx_word' id='word_1_804' title='bbox 1471 1049 1514 1071; x_wconf 89' lang='lat' dir='ltr'>est</span> <span class='ocrx_word' id='word_1_805' title='bbox 1535 1041 1690 1070; x_wconf 88' lang='lat' dir='ltr'>circularis.</span> <span class='ocrx_word' id='word_1_806' title='bbox 1707 1058 1726 1062; x_wconf 98' lang='lat'>-</span> <span class='ocrx_word' id='word_1_807' title='bbox 1745 1050 1788 1077; x_wconf 88' lang='lat'>14.</span> <span class='ocrx_word' id='word_1_808' title='bbox 1816 1042 1930 1076; x_wconf 79' lang='lat' dir='ltr'>Quarta</span> <span class='ocrx_word' id='word_1_809' title='bbox 1951 1041 2038 1070; x_wconf 80' lang='lat' dir='ltr'>ratio.</span> <span class='ocrx_word' id='word_1_810' title='bbox 2061 1041 2167 1070; x_wconf 86' lang='lat' dir='ltr'>Omnis</span> <span class='ocrx_word' id='word_1_811' title='bbox 2188 1048 2288 1070; x_wconf 85' lang='lat' dir='ltr'>motus</span> <span class='ocrx_word' id='word_1_812' title='bbox 2309 1041 2431 1078; x_wconf 90' lang='lat' dir='ltr'>simplex</span> <span class='ocrx_word' id='word_1_813' title='bbox 2445 1046 2496 1070; x_wconf 87' lang='lat' dir='ltr'>aut</span> <span class='ocrx_word' id='word_1_814' title='bbox 2509 1048 2554 1070; x_wconf 87' lang='lat' dir='ltr'>est</span> 
     </span>
     <span class='ocr_line' id='line_1_96' title="bbox 1472 1081 2554 1119; baseline -0.001 -8"><span class='ocrx_word' id='word_1_815' title='bbox 1472 1083 1632 1111; x_wconf 89' lang='lat' dir='ltr'>secundum</span> <span class='ocrx_word' id='word_1_816' title='bbox 1654 1088 1789 1110; x_wconf 87' lang='lat' dir='ltr'>naturam</span> <span class='ocrx_word' id='word_1_817' title='bbox 1811 1088 1862 1110; x_wconf 89' lang='lat' dir='ltr'>aut</span> <span class='ocrx_word' id='word_1_818' title='bbox 1882 1087 1997 1118; x_wconf 88' lang='lat' dir='ltr'>praeter</span> <span class='ocrx_word' id='word_1_819' title='bbox 2017 1088 2162 1111; x_wconf 88' lang='lat' dir='ltr'>naturam.</span> <span class='ocrx_word' id='word_1_820' title='bbox 2184 1083 2303 1117; x_wconf 85' lang='lat' dir='ltr'>Rursus,</span> <span class='ocrx_word' id='word_1_821' title='bbox 2326 1089 2425 1110; x_wconf 90' lang='lat' dir='ltr'>motus</span> <span class='ocrx_word' id='word_1_822' title='bbox 2440 1081 2492 1119; x_wconf 89' lang='lat' dir='ltr'>qui</span> <span class='ocrx_word' id='word_1_823' title='bbox 2510 1088 2554 1110; x_wconf 90' lang='lat' dir='ltr'>est</span> 
     </span>
     <span class='ocr_line' id='line_1_97' title="bbox 1471 1121 2552 1160; baseline -0.001 -9"><span class='ocrx_word' id='word_1_824' title='bbox 1471 1129 1585 1160; x_wconf 89' lang='lat' dir='ltr'>praeter</span> <span class='ocrx_word' id='word_1_825' title='bbox 1606 1129 1739 1150; x_wconf 84' lang='lat' dir='ltr'>naturam</span> <span class='ocrx_word' id='word_1_826' title='bbox 1762 1121 1813 1149; x_wconf 90' lang='lat' dir='ltr'>uni</span> <span class='ocrx_word' id='word_1_827' title='bbox 1835 1121 1971 1158; x_wconf 84' lang='lat' dir='ltr'>corpori,</span> <span class='ocrx_word' id='word_1_828' title='bbox 1999 1127 2044 1150; x_wconf 88' lang='lat' dir='ltr'>est</span> <span class='ocrx_word' id='word_1_829' title='bbox 2064 1121 2145 1150; x_wconf 80' lang='lat' dir='ltr'>alteri</span> <span class='ocrx_word' id='word_1_830' title='bbox 2167 1122 2285 1160; x_wconf 85' lang='lat' dir='ltr'>corpori</span> <span class='ocrx_word' id='word_1_831' title='bbox 2315 1123 2478 1151; x_wconf 85' lang='lat' dir='ltr'>secundum</span> <span class='ocrx_word' id='word_1_832' title='bbox 2499 1131 2552 1151; x_wconf 79' lang='lat' dir='ltr'>na-</span> 
     </span>
     <span class='ocr_line' id='line_1_98' title="bbox 1471 1161 2552 1199; baseline 0 -8"><span class='ocrx_word' id='word_1_833' title='bbox 1471 1170 1576 1191; x_wconf 85' lang='lat' dir='ltr'>turam.</span> <span class='ocrx_word' id='word_1_834' title='bbox 1599 1163 1650 1191; x_wconf 87' lang='lat' dir='ltr'>His</span> <span class='ocrx_word' id='word_1_835' title='bbox 1665 1161 1776 1199; x_wconf 90' lang='lat' dir='ltr'>positis,</span> <span class='ocrx_word' id='word_1_836' title='bbox 1799 1161 1822 1190; x_wconf 93' lang='lat' dir='ltr'>si</span> <span class='ocrx_word' id='word_1_837' title='bbox 1845 1168 1943 1190; x_wconf 90' lang='lat' dir='ltr'>motus</span> <span class='ocrx_word' id='word_1_838' title='bbox 1965 1161 2111 1190; x_wconf 88' lang='lat' dir='ltr'>circularis</span> <span class='ocrx_word' id='word_1_839' title='bbox 2133 1169 2176 1190; x_wconf 87' lang='lat' dir='ltr'>est</span> <span class='ocrx_word' id='word_1_840' title='bbox 2196 1169 2312 1199; x_wconf 84' lang='lat' dir='ltr'>praeter</span> <span class='ocrx_word' id='word_1_841' title='bbox 2332 1168 2468 1191; x_wconf 78' lang='lat' dir='ltr'>naturam</span> <span class='ocrx_word' id='word_1_842' title='bbox 2483 1171 2552 1192; x_wconf 80' lang='lat' dir='ltr'>cor-</span> 
     </span>
     <span class='ocr_line' id='line_1_99' title="bbox 1472 1201 2554 1240; baseline 0 -9"><span class='ocrx_word' id='word_1_843' title='bbox 1472 1203 1537 1240; x_wconf 90' lang='lat' dir='ltr'>pori</span> <span class='ocrx_word' id='word_1_844' title='bbox 1559 1204 1639 1240; x_wconf 90' lang='lat' dir='ltr'>quod</span> <span class='ocrx_word' id='word_1_845' title='bbox 1659 1208 1779 1239; x_wconf 88' lang='lat' dir='ltr'>apparet</span> <span class='ocrx_word' id='word_1_846' title='bbox 1800 1202 1839 1230; x_wconf 85' lang='lat' dir='ltr'>ad</span> <span class='ocrx_word' id='word_1_847' title='bbox 1853 1211 1972 1230; x_wconf 90' lang='lat' dir='ltr'>sensum</span> <span class='ocrx_word' id='word_1_848' title='bbox 1994 1201 2171 1230; x_wconf 87' lang='lat' dir='ltr'>circulariter</span> <span class='ocrx_word' id='word_1_849' title='bbox 2189 1202 2310 1238; x_wconf 83' lang='lat' dir='ltr'>moveri,</span> <span class='ocrx_word' id='word_1_850' title='bbox 2326 1202 2457 1240; x_wconf 88' lang='lat' dir='ltr'>sequitur</span> <span class='ocrx_word' id='word_1_851' title='bbox 2471 1203 2554 1240; x_wconf 89' lang='lat' dir='ltr'>quod</span> 
     </span>
     <span class='ocr_line' id='line_1_100' title="bbox 1473 1242 2556 1280; baseline 0 -8"><span class='ocrx_word' id='word_1_852' title='bbox 1473 1243 1509 1272; x_wconf 88' lang='lat' dir='ltr'>sit</span> <span class='ocrx_word' id='word_1_853' title='bbox 1522 1243 1661 1272; x_wconf 87' lang='lat' dir='ltr'>naturalis</span> <span class='ocrx_word' id='word_1_854' title='bbox 1671 1242 1753 1271; x_wconf 83' lang='lat' dir='ltr'>alteri</span> <span class='ocrx_word' id='word_1_855' title='bbox 1767 1242 1897 1279; x_wconf 89' lang='lat' dir='ltr'>corpori:</span> <span class='ocrx_word' id='word_1_856' title='bbox 1934 1242 1995 1270; x_wconf 91' lang='lat' dir='ltr'>uod</span> <span class='ocrx_word' id='word_1_857' title='bbox 2009 1248 2224 1279; x_wconf 86' lang='lat' dir='ltr'>consequenter</span> <span class='ocrx_word' id='word_1_858' title='bbox 2238 1242 2292 1271; x_wconf 88' lang='lat' dir='ltr'>erit</span> <span class='ocrx_word' id='word_1_859' title='bbox 2305 1242 2385 1271; x_wconf 84' lang='lat' dir='ltr'>aliud</span> <span class='ocrx_word' id='word_1_860' title='bbox 2398 1252 2416 1271; x_wconf 83' lang='lat' dir='ltr'>a</span> <span class='ocrx_word' id='word_1_861' title='bbox 2427 1249 2556 1280; x_wconf 76' lang='lat' dir='ltr'>quatuor</span> 
     </span>
     <span class='ocr_line' id='line_1_101' title="bbox 1473 1280 2554 1319; baseline -0.001 -7"><span class='ocrx_word' id='word_1_862' title='bbox 1473 1283 1634 1312; x_wconf 91' lang='lat' dir='ltr'>elementis.</span> <span class='ocrx_word' id='word_1_863' title='bbox 1649 1300 1668 1305; x_wconf 91' lang='lat'><em>-</em></span> <span class='ocrx_word' id='word_1_864' title='bbox 1687 1282 1732 1311; x_wconf 85' lang='lat'>15.</span> <span class='ocrx_word' id='word_1_865' title='bbox 1747 1282 1875 1310; x_wconf 85' lang='lat' dir='ltr'>Solvitur</span> <span class='ocrx_word' id='word_1_866' title='bbox 1888 1282 1919 1310; x_wconf 93' lang='lat' dir='ltr'>di</span> <span class='ocrx_word' id='word_1_867' title='bbox 1943 1280 2059 1318; x_wconf 76' lang='lat' dir='ltr'>&#39;cultas‚</span> <span class='ocrx_word' id='word_1_868' title='bbox 2081 1289 2110 1311; x_wconf 91' lang='lat' dir='ltr'>et</span> <span class='ocrx_word' id='word_1_869' title='bbox 2131 1282 2295 1312; x_wconf 77' lang='lat' dir='ltr'>declaratur</span> <span class='ocrx_word' id='word_1_870' title='bbox 2315 1291 2470 1319; x_wconf 73' lang='lat' dir='ltr'>processus</span> <span class='ocrx_word' id='word_1_871' title='bbox 2489 1288 2554 1311; x_wconf 84' lang='lat' dir='ltr'>tum</span> 
     </span>
     <span class='ocr_line' id='line_1_102' title="bbox 1473 1319 2552 1360; baseline -0.001 -7"><span class='ocrx_word' id='word_1_872' title='bbox 1473 1323 1559 1353; x_wconf 89' lang='lat' dir='ltr'>huius</span> <span class='ocrx_word' id='word_1_873' title='bbox 1573 1330 1636 1352; x_wconf 91' lang='lat' dir='ltr'>tum</span> <span class='ocrx_word' id='word_1_874' title='bbox 1652 1322 1890 1360; x_wconf 83' lang='lat' dir='ltr'>praecedentium</span> <span class='ocrx_word' id='word_1_875' title='bbox 1904 1322 2062 1354; x_wconf 73' lang='lat' dir='ltr'>rationum.</span> <span class='ocrx_word' id='word_1_876' title='bbox 2076 1339 2094 1344; x_wconf 94' lang='lat'>-</span> <span class='ocrx_word' id='word_1_877' title='bbox 2110 1323 2153 1352; x_wconf 86' lang='lat'>16.</span> <span class='ocrx_word' id='word_1_878' title='bbox 2168 1323 2236 1352; x_wconf 73' lang='lat' dir='ltr'>Alia</span> <span class='ocrx_word' id='word_1_879' title='bbox 2249 1319 2406 1352; x_wconf 81' lang='lat' dir='ltr'>difficultas</span> <span class='ocrx_word' id='word_1_880' title='bbox 2419 1321 2552 1352; x_wconf 77' lang='lat' dir='ltr'>solvitur.</span> 
     </span>
     <span class='ocr_line' id='line_1_103' title="bbox 1473 1361 2555 1400; baseline 0 -8"><span class='ocrx_word' id='word_1_881' title='bbox 1473 1365 1570 1392; x_wconf 92' lang='lat' dir='ltr'>Motus</span> <span class='ocrx_word' id='word_1_882' title='bbox 1585 1363 1707 1400; x_wconf 87' lang='lat' dir='ltr'>simplex</span> <span class='ocrx_word' id='word_1_883' title='bbox 1728 1363 1767 1392; x_wconf 86' lang='lat' dir='ltr'>ad</span> <span class='ocrx_word' id='word_1_884' title='bbox 1781 1373 1868 1400; x_wconf 90' lang='lat' dir='ltr'>quem</span> <span class='ocrx_word' id='word_1_885' title='bbox 1891 1369 1995 1392; x_wconf 83' lang='lat' dir='ltr'>natura</span> <span class='ocrx_word' id='word_1_886' title='bbox 2015 1362 2146 1400; x_wconf 89' lang='lat' dir='ltr'>corporis</span> <span class='ocrx_word' id='word_1_887' title='bbox 2161 1362 2300 1400; x_wconf 86' lang='lat' dir='ltr'>simplicis</span> <span class='ocrx_word' id='word_1_888' title='bbox 2315 1362 2449 1400; x_wconf 85' lang='lat' dir='ltr'>inclinat,</span> <span class='ocrx_word' id='word_1_889' title='bbox 2463 1361 2488 1393; x_wconf 80' lang='lat' dir='ltr'>si</span> <span class='ocrx_word' id='word_1_890' title='bbox 2501 1362 2555 1392; x_wconf 86' lang='lat' dir='ltr'>uni</span> 
     </span>
     <span class='ocr_line' id='line_1_104' title="bbox 1473 1402 2554 1441; baseline -0.001 -9"><span class='ocrx_word' id='word_1_891' title='bbox 1473 1403 1590 1441; x_wconf 89' lang='lat' dir='ltr'>corpori</span> <span class='ocrx_word' id='word_1_892' title='bbox 1604 1411 1647 1432; x_wconf 87' lang='lat' dir='ltr'>est</span> <span class='ocrx_word' id='word_1_893' title='bbox 1660 1409 1775 1441; x_wconf 89' lang='lat' dir='ltr'>praeter</span> <span class='ocrx_word' id='word_1_894' title='bbox 1789 1410 1933 1438; x_wconf 85' lang='lat' dir='ltr'>naturam,</span> <span class='ocrx_word' id='word_1_895' title='bbox 1946 1409 2062 1441; x_wconf 89' lang='lat' dir='ltr'>oportet</span> <span class='ocrx_word' id='word_1_896' title='bbox 2077 1403 2158 1440; x_wconf 90' lang='lat' dir='ltr'>quod</span> <span class='ocrx_word' id='word_1_897' title='bbox 2172 1403 2209 1432; x_wconf 91' lang='lat' dir='ltr'>sit</span> <span class='ocrx_word' id='word_1_898' title='bbox 2220 1403 2303 1432; x_wconf 87' lang='lat' dir='ltr'>alteri</span> <span class='ocrx_word' id='word_1_899' title='bbox 2318 1402 2436 1440; x_wconf 90' lang='lat' dir='ltr'>corpori</span> <span class='ocrx_word' id='word_1_900' title='bbox 2449 1411 2554 1432; x_wconf 82' lang='lat' dir='ltr'>secun-</span> 
     </span>
     <span class='ocr_line' id='line_1_105' title="bbox 1473 1442 2555 1482; baseline 0 -10"><span class='ocrx_word' id='word_1_901' title='bbox 1473 1445 1543 1472; x_wconf 90' lang='lat' dir='ltr'>dum</span> <span class='ocrx_word' id='word_1_902' title='bbox 1559 1450 1702 1473; x_wconf 87' lang='lat' dir='ltr'>naturam.</span> <span class='ocrx_word' id='word_1_903' title='bbox 1718 1461 1738 1465; x_wconf 97' lang='lat'><em>-</em></span> <span class='ocrx_word' id='word_1_904' title='bbox 1757 1452 1801 1481; x_wconf 86' lang='lat'>17.</span> <span class='ocrx_word' id='word_1_905' title='bbox 1822 1443 1932 1478; x_wconf 77' lang='lat' dir='ltr'>Quinta</span> <span class='ocrx_word' id='word_1_906' title='bbox 1954 1443 2040 1472; x_wconf 82' lang='lat' dir='ltr'>ratio.</span> <span class='ocrx_word' id='word_1_907' title='bbox 2059 1442 2190 1472; x_wconf 86' lang='lat' dir='ltr'>Mirabile</span> <span class='ocrx_word' id='word_1_908' title='bbox 2205 1443 2330 1473; x_wconf 86' lang='lat' dir='ltr'>omnino</span> <span class='ocrx_word' id='word_1_909' title='bbox 2343 1443 2459 1472; x_wconf 88' lang='lat' dir='ltr'>videtur</span> <span class='ocrx_word' id='word_1_910' title='bbox 2472 1443 2555 1482; x_wconf 84' lang='lat' dir='ltr'>quod</span> 
     </span>
     <span class='ocr_line' id='line_1_106' title="bbox 1473 1483 2556 1520; baseline 0.001 -8"><span class='ocrx_word' id='word_1_911' title='bbox 1473 1491 1571 1513; x_wconf 88' lang='lat' dir='ltr'>motus</span> <span class='ocrx_word' id='word_1_912' title='bbox 1593 1483 1740 1512; x_wconf 87' lang='lat' dir='ltr'>circularis</span> <span class='ocrx_word' id='word_1_913' title='bbox 1754 1483 1825 1512; x_wconf 90' lang='lat' dir='ltr'>nulli</span> <span class='ocrx_word' id='word_1_914' title='bbox 1841 1483 1958 1520; x_wconf 88' lang='lat' dir='ltr'>corpori</span> <span class='ocrx_word' id='word_1_915' title='bbox 1973 1483 2010 1512; x_wconf 91' lang='lat' dir='ltr'>sit</span> <span class='ocrx_word' id='word_1_916' title='bbox 2024 1484 2186 1512; x_wconf 86' lang='lat' dir='ltr'>secundum</span> <span class='ocrx_word' id='word_1_917' title='bbox 2200 1490 2345 1513; x_wconf 79' lang='lat' dir='ltr'>naturam.</span> <span class='ocrx_word' id='word_1_918' title='bbox 2366 1485 2441 1512; x_wconf 83' lang='lat' dir='ltr'>Nam</span> <span class='ocrx_word' id='word_1_919' title='bbox 2454 1490 2556 1513; x_wconf 71' lang='lat' dir='ltr'>osten-</span> 
     </span>
     <span class='ocr_line' id='line_1_107' title="bbox 1473 1523 2556 1562; baseline 0.001 -10"><span class='ocrx_word' id='word_1_920' title='bbox 1473 1533 1538 1552; x_wconf 86' lang='lat' dir='ltr'>sum</span> <span class='ocrx_word' id='word_1_921' title='bbox 1553 1530 1597 1552; x_wconf 90' lang='lat' dir='ltr'>est</span> <span class='ocrx_word' id='word_1_922' title='bbox 1611 1524 1641 1552; x_wconf 91' lang='lat' dir='ltr'>in</span> <span class='ocrx_word' id='word_1_923' title='bbox 1651 1525 1714 1552; x_wconf 86' lang='lat' dir='ltr'>vm</span> <span class='ocrx_word' id='word_1_924' title='bbox 1726 1524 1848 1562; x_wconf 73' lang='lat' dir='ltr'>physic.</span> <span class='ocrx_word' id='word_1_925' title='bbox 1865 1524 1947 1561; x_wconf 90' lang='lat' dir='ltr'>quod</span> <span class='ocrx_word' id='word_1_926' title='bbox 1961 1524 2042 1552; x_wconf 89' lang='lat' dir='ltr'>solus</span> <span class='ocrx_word' id='word_1_927' title='bbox 2061 1530 2159 1552; x_wconf 87' lang='lat' dir='ltr'>motus</span> <span class='ocrx_word' id='word_1_928' title='bbox 2173 1523 2320 1553; x_wconf 81' lang='lat' dir='ltr'>circularis</span> <span class='ocrx_word' id='word_1_929' title='bbox 2335 1523 2479 1561; x_wconf 73' lang='lat' dir='ltr'>contingit</span> <span class='ocrx_word' id='word_1_930' title='bbox 2491 1531 2556 1553; x_wconf 75' lang='lat' dir='ltr'>esse</span> 
     </span>
     <span class='ocr_line' id='line_1_108' title="bbox 1473 1562 2557 1602; baseline 0.001 -10"><span class='ocrx_word' id='word_1_931' title='bbox 1473 1564 1631 1593; x_wconf 89' lang='lat' dir='ltr'>continuus</span> <span class='ocrx_word' id='word_1_932' title='bbox 1652 1570 1680 1592; x_wconf 86' lang='lat' dir='ltr'>et</span> <span class='ocrx_word' id='word_1_933' title='bbox 1706 1563 1918 1601; x_wconf 86' lang='lat' dir='ltr'>sempiternus:</span> <span class='ocrx_word' id='word_1_934' title='bbox 1941 1564 2139 1593; x_wconf 73' lang='lat' dir='ltr'>irrationabile</span> <span class='ocrx_word' id='word_1_935' title='bbox 2163 1570 2263 1593; x_wconf 76' lang='lat' dir='ltr'>autem</span> <span class='ocrx_word' id='word_1_936' title='bbox 2283 1564 2397 1593; x_wconf 86' lang='lat' dir='ltr'>videtur</span> <span class='ocrx_word' id='word_1_937' title='bbox 2422 1562 2505 1602; x_wconf 76' lang='lat' dir='ltr'>quod</span> <span class='ocrx_word' id='word_1_938' title='bbox 2525 1563 2557 1593; x_wconf 87' lang='lat' dir='ltr'>id</span> 
     </span>
     <span class='ocr_line' id='line_1_109' title="bbox 1474 1604 2556 1642; baseline 0 -9"><span class='ocrx_word' id='word_1_939' title='bbox 1474 1605 1555 1641; x_wconf 87' lang='lat' dir='ltr'>quod</span> <span class='ocrx_word' id='word_1_940' title='bbox 1575 1611 1620 1633; x_wconf 88' lang='lat' dir='ltr'>est</span> <span class='ocrx_word' id='word_1_941' title='bbox 1638 1604 1848 1641; x_wconf 84' lang='lat' dir='ltr'>sempiternum</span> <span class='ocrx_word' id='word_1_942' title='bbox 1870 1604 1907 1632; x_wconf 89' lang='lat' dir='ltr'>sit</span> <span class='ocrx_word' id='word_1_943' title='bbox 1927 1611 2030 1633; x_wconf 86' lang='lat' dir='ltr'>contra</span> <span class='ocrx_word' id='word_1_944' title='bbox 2044 1610 2188 1640; x_wconf 80' lang='lat' dir='ltr'>naturam,</span> <span class='ocrx_word' id='word_1_945' title='bbox 2210 1610 2239 1632; x_wconf 92' lang='lat' dir='ltr'>et</span> <span class='ocrx_word' id='word_1_946' title='bbox 2253 1611 2352 1634; x_wconf 84' lang='lat' dir='ltr'>motus</span> <span class='ocrx_word' id='word_1_947' title='bbox 2367 1613 2430 1634; x_wconf 87' lang='lat' dir='ltr'>non</span> <span class='ocrx_word' id='word_1_948' title='bbox 2447 1604 2556 1642; x_wconf 75' lang='lat' dir='ltr'>sempi-</span> 
     </span>
     <span class='ocr_line' id='line_1_110' title="bbox 1473 1643 2557 1683; baseline 0.001 -10"><span class='ocrx_word' id='word_1_949' title='bbox 1473 1644 1547 1673; x_wconf 87' lang='lat' dir='ltr'>terni</span> <span class='ocrx_word' id='word_1_950' title='bbox 1562 1643 1620 1673; x_wconf 90' lang='lat' dir='ltr'>sint</span> <span class='ocrx_word' id='word_1_951' title='bbox 1640 1645 1802 1673; x_wconf 88' lang='lat' dir='ltr'>secundum</span> <span class='ocrx_word' id='word_1_952' title='bbox 1822 1651 1968 1674; x_wconf 82' lang='lat' dir='ltr'>naturam.</span> <span class='ocrx_word' id='word_1_953' title='bbox 1980 1661 2000 1666; x_wconf 98' lang='lat'>-</span> <span class='ocrx_word' id='word_1_954' title='bbox 2019 1645 2062 1674; x_wconf 83' lang='lat'>18.</span> <span class='ocrx_word' id='word_1_955' title='bbox 2078 1644 2271 1674; x_wconf 86' lang='lat' dir='ltr'>Concluditur</span> <span class='ocrx_word' id='word_1_956' title='bbox 2288 1645 2370 1682; x_wconf 86' lang='lat' dir='ltr'>quod</span> <span class='ocrx_word' id='word_1_957' title='bbox 2385 1644 2423 1674; x_wconf 84' lang='lat' dir='ltr'>sit</span> <span class='ocrx_word' id='word_1_958' title='bbox 2434 1644 2557 1683; x_wconf 57' lang='lat' dir='ltr'>Quod</span> 
     </span>
     <span class='ocr_line' id='line_1_111' title="bbox 1474 1684 2556 1723; baseline 0.001 -10"><span class='ocrx_word' id='word_1_959' title='bbox 1474 1694 1580 1722; x_wconf 88' lang='lat' dir='ltr'>corpus</span> <span class='ocrx_word' id='word_1_960' title='bbox 1595 1691 1708 1722; x_wconf 87' lang='lat' dir='ltr'>praeter</span> <span class='ocrx_word' id='word_1_961' title='bbox 1722 1685 1866 1713; x_wconf 81' lang='lat' dir='ltr'>elementa</span> <span class='ocrx_word' id='word_1_962' title='bbox 1880 1691 1909 1714; x_wconf 90' lang='lat' dir='ltr'>et</span> <span class='ocrx_word' id='word_1_963' title='bbox 1923 1684 2020 1721; x_wconf 84' lang='lat' dir='ltr'>mixta,</span> <span class='ocrx_word' id='word_1_964' title='bbox 2032 1691 2114 1714; x_wconf 91' lang='lat' dir='ltr'>tanto</span> <span class='ocrx_word' id='word_1_965' title='bbox 2127 1684 2256 1714; x_wconf 83' lang='lat' dir='ltr'>nobilius</span> <span class='ocrx_word' id='word_1_966' title='bbox 2270 1684 2301 1713; x_wconf 90' lang='lat' dir='ltr'>in</span> <span class='ocrx_word' id='word_1_967' title='bbox 2314 1691 2430 1722; x_wconf 61' lang='lat' dir='ltr'>natura,</span> <span class='ocrx_word' id='word_1_968' title='bbox 2444 1691 2556 1723; x_wconf 71' lang='lat' dir='ltr'>quanto</span> 
     </span>
     <span class='ocr_line' id='line_1_112' title="bbox 1474 1724 2555 1762; baseline 0.001 -9"><span class='ocrx_word' id='word_1_969' title='bbox 1474 1731 1517 1753; x_wconf 90' lang='lat' dir='ltr'>est</span> <span class='ocrx_word' id='word_1_970' title='bbox 1531 1725 1622 1762; x_wconf 85' lang='lat' dir='ltr'>magis</span> <span class='ocrx_word' id='word_1_971' title='bbox 1637 1725 1806 1762; x_wconf 86' lang='lat' dir='ltr'>elongatum</span> <span class='ocrx_word' id='word_1_972' title='bbox 1821 1725 1983 1753; x_wconf 89' lang='lat' dir='ltr'>secundum</span> <span class='ocrx_word' id='word_1_973' title='bbox 1998 1725 2096 1754; x_wconf 89' lang='lat' dir='ltr'>locum</span> <span class='ocrx_word' id='word_1_974' title='bbox 2111 1725 2148 1754; x_wconf 81' lang='lat' dir='ltr'>ab</span> <span class='ocrx_word' id='word_1_975' title='bbox 2164 1724 2208 1753; x_wconf 87' lang='lat' dir='ltr'>his</span> <span class='ocrx_word' id='word_1_976' title='bbox 2223 1734 2298 1762; x_wconf 85' lang='lat' dir='ltr'>quae</span> <span class='ocrx_word' id='word_1_977' title='bbox 2316 1725 2392 1754; x_wconf 80' lang='lat' dir='ltr'>circa</span> <span class='ocrx_word' id='word_1_978' title='bbox 2410 1734 2466 1754; x_wconf 83' lang='lat' dir='ltr'>nos</span> <span class='ocrx_word' id='word_1_979' title='bbox 2478 1731 2555 1754; x_wconf 83' lang='lat' dir='ltr'>sunt.</span> 
     </span>
    </p>
   </div>
   <div class='ocr_carea' id='block_1_12' title="bbox 1474 1826 2595 1877">
    <p class='ocr_par' dir='ltr' id='par_1_14' title="bbox 1474 1826 2595 1877">
     <span class='ocr_line' id='line_1_113' title="bbox 1474 1826 2595 1877; baseline 0.002 -13"><span class='ocrx_word' id='word_1_980' title='bbox 1474 1827 1655 1876; x_wconf 89' lang='lat' dir='ltr'>simplicis</span> <span class='ocrx_word' id='word_1_981' title='bbox 1671 1826 1854 1877; x_wconf 90' lang='lat' dir='ltr'>corporis,</span> <span class='ocrx_word' id='word_1_982' title='bbox 1877 1834 1914 1864; x_wconf 91' lang='lat' dir='ltr'>et</span> <span class='ocrx_word' id='word_1_983' title='bbox 1933 1826 2107 1864; x_wconf 91' lang='lat' dir='ltr'>diversos</span> <span class='ocrx_word' id='word_1_984' title='bbox 2119 1827 2139 1848; x_wconf 75' lang='lat'>*</span> <span class='ocrx_word' id='word_1_985' title='bbox 2156 1827 2412 1866; x_wconf 85' lang='lat' dir='ltr'>diversorum.</span> <span class='ocrx_word' id='word_1_986' title='bbox 2429 1827 2556 1877; x_wconf 87' lang='lat' dir='ltr'>Unde,</span> <span class='ocrx_word' id='word_1_987' title='bbox 2585 1837 2595 1848; x_wconf 89' lang='lat'><strong>·</strong></span> 
     </span>
    </p>
   </div>
   <div class='ocr_carea' id='block_1_13' title="bbox 1474 1875 2558 2358">
    <p class='ocr_par' dir='ltr' id='par_1_15' title="bbox 1474 1875 2556 2090">
     <span class='ocr_line' id='line_1_114' title="bbox 1474 1875 2556 1930; baseline 0.002 -12"><span class='ocrx_word' id='word_1_988' title='bbox 1474 1881 1505 1918; x_wconf 91' lang='lat' dir='ltr'>si</span> <span class='ocrx_word' id='word_1_989' title='bbox 1524 1888 1652 1918; x_wconf 91' lang='lat' dir='ltr'>motus</span> <span class='ocrx_word' id='word_1_990' title='bbox 1673 1881 1864 1918; x_wconf 87' lang='lat' dir='ltr'>circularis</span> <span class='ocrx_word' id='word_1_991' title='bbox 1885 1888 1941 1918; x_wconf 90' lang='lat' dir='ltr'>est</span> <span class='ocrx_word' id='word_1_992' title='bbox 1960 1880 2139 1930; x_wconf 88' lang='lat' dir='ltr'>simplex,</span> <span class='ocrx_word' id='word_1_993' title='bbox 2162 1887 2199 1918; x_wconf 90' lang='lat' dir='ltr'>et</span> <span class='ocrx_word' id='word_1_994' title='bbox 2226 1880 2323 1919; x_wconf 82' lang='lat' dir='ltr'>alius</span> <span class='ocrx_word' id='word_1_995' title='bbox 2342 1893 2365 1919; x_wconf 87' lang='lat' dir='ltr'>a</span> <span class='ocrx_word' id='word_1_996' title='bbox 2384 1875 2556 1920; x_wconf 72' lang='lat' dir='ltr'>molibus</span> 
     </span>
     <span class='ocr_line' id='line_1_115' title="bbox 1476 1932 2555 1986; baseline 0.003 -15"><span class='ocrx_word' id='word_1_997' title='bbox 1476 1934 1603 1982; x_wconf 88' lang='lat' dir='ltr'>rectis,</span> <span class='ocrx_word' id='word_1_998' title='bbox 1625 1947 1781 1972; x_wconf 87' lang='lat' dir='ltr'>necesse</span> <span class='ocrx_word' id='word_1_999' title='bbox 1802 1942 1859 1972; x_wconf 91' lang='lat' dir='ltr'>est</span> <span class='ocrx_word' id='word_1_1000' title='bbox 1877 1934 1983 1984; x_wconf 86' lang='lat' dir='ltr'>quod</span> <span class='ocrx_word' id='word_1_1001' title='bbox 2013 1934 2059 1972; x_wconf 90' lang='lat' dir='ltr'>sit</span> <span class='ocrx_word' id='word_1_1002' title='bbox 2087 1933 2267 1972; x_wconf 87' lang='lat' dir='ltr'>naturalis</span> <span class='ocrx_word' id='word_1_1003' title='bbox 2288 1932 2555 1986; x_wconf 82' lang='lat' dir='ltr'>corporisim-</span> 
     </span>
     <span class='ocr_line' id='line_1_116' title="bbox 1475 1985 2556 2040; baseline 0.004 -15"><span class='ocrx_word' id='word_1_1004' title='bbox 1475 1987 1580 2037; x_wconf 88' lang='lat' dir='ltr'>plici,</span> <span class='ocrx_word' id='word_1_1005' title='bbox 1614 1987 1720 2036; x_wconf 92' lang='lat' dir='ltr'>quod</span> <span class='ocrx_word' id='word_1_1006' title='bbox 1755 1987 1801 2025; x_wconf 91' lang='lat' dir='ltr'>sit</span> <span class='ocrx_word' id='word_1_1007' title='bbox 1829 1985 1842 2009; x_wconf 58' lang='grc' dir='ltr'><em>ἃ</em></span> <span class='ocrx_word' id='word_1_1008' title='bbox 1871 1987 1973 2026; x_wconf 90' lang='lat' dir='ltr'>aliud</span> <span class='ocrx_word' id='word_1_1009' title='bbox 2002 2000 2024 2025; x_wconf 92' lang='lat' dir='ltr'>a</span> <span class='ocrx_word' id='word_1_1010' title='bbox 2058 1988 2285 2039; x_wconf 91' lang='lat' dir='ltr'>corporibus</span> <span class='ocrx_word' id='word_1_1011' title='bbox 2319 1986 2556 2040; x_wconf 79' lang='lat' dir='ltr'>simplicibus</span> 
     </span>
     <span class='ocr_line' id='line_1_117' title="bbox 1476 2049 2095 2090; baseline 0.002 -12"><span class='ocrx_word' id='word_1_1012' title='bbox 1476 2054 1574 2090; x_wconf 88' lang='lat' dir='ltr'>quae</span> <span class='ocrx_word' id='word_1_1013' title='bbox 1604 2050 1811 2079; x_wconf 91' lang='lat' dir='ltr'>moventur</span> <span class='ocrx_word' id='word_1_1014' title='bbox 1840 2049 1951 2078; x_wconf 91' lang='lat' dir='ltr'>motu</span> <span class='ocrx_word' id='word_1_1015' title='bbox 1979 2050 2095 2079; x_wconf 90' lang='lat' dir='ltr'>recto.</span> 
     </span>
    </p>

    <p class='ocr_par' dir='ltr' id='par_1_16' title="bbox 1476 2094 2558 2358">
     <span class='ocr_line' id='line_1_118' title="bbox 1532 2094 2558 2146; baseline 0.003 -14"><span class='ocrx_word' id='word_1_1016' title='bbox 1532 2107 1567 2133; x_wconf 88' lang='lat'>2.</span> <span class='ocrx_word' id='word_1_1017' title='bbox 1598 2095 1676 2133; x_wconf 91' lang='lat' dir='ltr'>Sed</span> <span class='ocrx_word' id='word_1_1018' title='bbox 1704 2094 1856 2132; x_wconf 87' lang='lat' dir='ltr'>videtur</span> <span class='ocrx_word' id='word_1_1019' title='bbox 1881 2101 1891 2116; x_wconf 83' lang='lat'>‘</span> <span class='ocrx_word' id='word_1_1020' title='bbox 1920 2096 1995 2132; x_wconf 90' lang='lat' dir='ltr'>hoc</span> <span class='ocrx_word' id='word_1_1021' title='bbox 2024 2107 2107 2133; x_wconf 89' lang='lat' dir='ltr'>esse</span> <span class='ocrx_word' id='word_1_1022' title='bbox 2135 2095 2293 2144; x_wconf 86' lang='lat' dir='ltr'>falsum,</span> <span class='ocrx_word' id='word_1_1023' title='bbox 2323 2095 2431 2146; x_wconf 89' lang='lat' dir='ltr'>quod</span> <span class='ocrx_word' id='word_1_1024' title='bbox 2456 2108 2558 2135; x_wconf 79' lang='lat' dir='ltr'>unus</span> 
     </span>
     <span class='ocr_line' id='line_1_119' title="bbox 1476 2145 2555 2200; baseline 0.003 -15"><span class='ocrx_word' id='word_1_1025' title='bbox 1476 2156 1604 2186; x_wconf 88' lang='lat' dir='ltr'>motus</span> <span class='ocrx_word' id='word_1_1026' title='bbox 1625 2148 1787 2198; x_wconf 86' lang='lat' dir='ltr'>simplex</span> <span class='ocrx_word' id='word_1_1027' title='bbox 1808 2149 1855 2185; x_wconf 89' lang='lat' dir='ltr'>sit</span> <span class='ocrx_word' id='word_1_1028' title='bbox 1873 2149 2000 2186; x_wconf 89' lang='lat' dir='ltr'>solum</span> <span class='ocrx_word' id='word_1_1029' title='bbox 2021 2148 2135 2187; x_wconf 91' lang='lat' dir='ltr'>unius</span> <span class='ocrx_word' id='word_1_1030' title='bbox 2156 2149 2330 2200; x_wconf 88' lang='lat' dir='ltr'>corporis</span> <span class='ocrx_word' id='word_1_1031' title='bbox 2350 2145 2555 2200; x_wconf 64' lang='lat' dir='ltr'>simplicis:</span> 
     </span>
     <span class='ocr_line' id='line_1_120' title="bbox 1476 2202 2556 2254; baseline 0.003 -15"><span class='ocrx_word' id='word_1_1032' title='bbox 1476 2210 1604 2240; x_wconf 90' lang='lat' dir='ltr'>motus</span> <span class='ocrx_word' id='word_1_1033' title='bbox 1634 2202 1737 2239; x_wconf 87' lang='lat' dir='ltr'>enim</span> <span class='ocrx_word' id='word_1_1034' title='bbox 1766 2203 1949 2240; x_wconf 87' lang='lat' dir='ltr'>deorsum</span> <span class='ocrx_word' id='word_1_1035' title='bbox 1979 2209 2035 2239; x_wconf 87' lang='lat' dir='ltr'>est</span> <span class='ocrx_word' id='word_1_1036' title='bbox 2063 2203 2244 2241; x_wconf 87' lang='lat' dir='ltr'>naturalis</span> <span class='ocrx_word' id='word_1_1037' title='bbox 2272 2215 2396 2254; x_wconf 89' lang='lat' dir='ltr'>aquae</span> <span class='ocrx_word' id='word_1_1038' title='bbox 2426 2210 2464 2242; x_wconf 91' lang='lat' dir='ltr'>et</span> <span class='ocrx_word' id='word_1_1039' title='bbox 2481 2211 2556 2242; x_wconf 88' lang='lat' dir='ltr'>ter-</span> 
     </span>
     <span class='ocr_line' id='line_1_121' title="bbox 1476 2256 2557 2306; baseline 0.003 -13"><span class='ocrx_word' id='word_1_1040' title='bbox 1476 2269 1559 2303; x_wconf 90' lang='lat' dir='ltr'>rae,</span> <span class='ocrx_word' id='word_1_1041' title='bbox 1590 2264 1626 2294; x_wconf 92' lang='lat' dir='ltr'>et</span> <span class='ocrx_word' id='word_1_1042' title='bbox 1645 2264 1774 2293; x_wconf 88' lang='lat' dir='ltr'>motus</span> <span class='ocrx_word' id='word_1_1043' title='bbox 1803 2268 1957 2294; x_wconf 88' lang='lat' dir='ltr'>sursum</span> <span class='ocrx_word' id='word_1_1044' title='bbox 1986 2263 2042 2294; x_wconf 90' lang='lat' dir='ltr'>est</span> <span class='ocrx_word' id='word_1_1045' title='bbox 2062 2256 2242 2294; x_wconf 88' lang='lat' dir='ltr'>naturalis</span> <span class='ocrx_word' id='word_1_1046' title='bbox 2262 2257 2339 2306; x_wconf 89' lang='lat' dir='ltr'>igni</span> <span class='ocrx_word' id='word_1_1047' title='bbox 2359 2265 2397 2294; x_wconf 92' lang='lat' dir='ltr'>et</span> <span class='ocrx_word' id='word_1_1048' title='bbox 2423 2257 2515 2296; x_wconf 86' lang='lat' dir='ltr'>aeri.</span> <span class='ocrx_word' id='word_1_1049' title='bbox 2531 2278 2557 2287; x_wconf 88' lang='lat'>-</span> 
     </span>
     <span class='ocr_line' id='line_1_122' title="bbox 1477 2309 2558 2358; baseline 0 -10"><span class='ocrx_word' id='word_1_1050' title='bbox 1477 2311 1555 2348; x_wconf 91' lang='lat' dir='ltr'>Sed</span> <span class='ocrx_word' id='word_1_1051' title='bbox 1585 2310 1790 2348; x_wconf 90' lang='lat' dir='ltr'>dicendum</span> <span class='ocrx_word' id='word_1_1052' title='bbox 1818 2309 1925 2358; x_wconf 92' lang='lat' dir='ltr'>quod</span> <span class='ocrx_word' id='word_1_1053' title='bbox 1944 2317 2073 2347; x_wconf 90' lang='lat' dir='ltr'>motus</span> <span class='ocrx_word' id='word_1_1054' title='bbox 2102 2309 2231 2347; x_wconf 90' lang='lat' dir='ltr'>localis</span> <span class='ocrx_word' id='word_1_1055' title='bbox 2250 2310 2465 2349; x_wconf 85' lang='lat' dir='ltr'>attribuitur</span> <span class='ocrx_word' id='word_1_1056' title='bbox 2483 2311 2558 2348; x_wconf 89' lang='lat' dir='ltr'>ele-</span> 
     </span>
    </p>
   </div>
   <div class='ocr_carea' id='block_1_14' title="bbox 1477 2362 2596 2412">
    <p class='ocr_par' dir='ltr' id='par_1_17' title="bbox 1477 2362 2596 2412">
     <span class='ocr_line' id='line_1_123' title="bbox 1477 2362 2596 2412; baseline 0.002 -13"><span class='ocrx_word' id='word_1_1057' title='bbox 1477 2362 1616 2400; x_wconf 89' lang='lat' dir='ltr'>mentis</span> <span class='ocrx_word' id='word_1_1058' title='bbox 1632 2363 1664 2408; x_wconf 67' lang='lat'>¹⁵,</span> <span class='ocrx_word' id='word_1_1059' title='bbox 1686 2375 1765 2400; x_wconf 92' lang='lat' dir='ltr'>non</span> <span class='ocrx_word' id='word_1_1060' title='bbox 1785 2363 1999 2400; x_wconf 89' lang='lat' dir='ltr'>secundum</span> <span class='ocrx_word' id='word_1_1061' title='bbox 2029 2362 2197 2400; x_wconf 88' lang='lat' dir='ltr'>calidum</span> <span class='ocrx_word' id='word_1_1062' title='bbox 2218 2370 2254 2400; x_wconf 91' lang='lat' dir='ltr'>et</span> <span class='ocrx_word' id='word_1_1063' title='bbox 2273 2363 2465 2412; x_wconf 81' lang='lat' dir='ltr'>frigidum,</span> <span class='ocrx_word' id='word_1_1064' title='bbox 2485 2363 2558 2401; x_wconf 89' lang='lat' dir='ltr'>hu·</span> <span class='ocrx_word' id='word_1_1065' title='bbox 2586 2367 2596 2377; x_wconf 85' lang='lat'>&#39;</span> 
     </span>
    </p>
   </div>
   <div class='ocr_carea' id='block_1_15' title="bbox 1478 2414 2558 3219">
    <p class='ocr_par' dir='ltr' id='par_1_18' title="bbox 1478 2414 2558 3219">
     <span class='ocr_line' id='line_1_124' title="bbox 1478 2414 2558 2466; baseline 0.003 -14"><span class='ocrx_word' id='word_1_1066' title='bbox 1478 2415 1627 2453; x_wconf 90' lang='lat' dir='ltr'>midum</span> <span class='ocrx_word' id='word_1_1067' title='bbox 1657 2423 1693 2452; x_wconf 91' lang='lat' dir='ltr'>et</span> <span class='ocrx_word' id='word_1_1068' title='bbox 1721 2415 1878 2462; x_wconf 88' lang='lat' dir='ltr'>siccum,</span> <span class='ocrx_word' id='word_1_1069' title='bbox 1901 2414 2116 2453; x_wconf 90' lang='lat' dir='ltr'>secundum</span> <span class='ocrx_word' id='word_1_1070' title='bbox 2146 2427 2247 2466; x_wconf 85' lang='lat' dir='ltr'>quae</span> <span class='ocrx_word' id='word_1_1071' title='bbox 2275 2416 2558 2466; x_wconf 85' lang='lat' dir='ltr'>distinguuntur</span> 
     </span>
     <span class='ocr_line' id='line_1_125' title="bbox 1479 2469 2553 2518; baseline 0.003 -13"><span class='ocrx_word' id='word_1_1072' title='bbox 1479 2477 1643 2518; x_wconf 88' lang='lat' dir='ltr'>quatuor</span> <span class='ocrx_word' id='word_1_1073' title='bbox 1672 2469 1877 2515; x_wconf 87' lang='lat' dir='ltr'>elementa,</span> <span class='ocrx_word' id='word_1_1074' title='bbox 1907 2476 1948 2506; x_wconf 89' lang='lat' dir='ltr'>ut</span> <span class='ocrx_word' id='word_1_1075' title='bbox 1975 2476 2080 2518; x_wconf 89' lang='lat' dir='ltr'>patet</span> <span class='ocrx_word' id='word_1_1076' title='bbox 2108 2469 2146 2506; x_wconf 90' lang='lat' dir='ltr'>in</span> <span class='ocrx_word' id='word_1_1077' title='bbox 2172 2470 2204 2507; x_wconf 93' lang='lat'>11</span> <span class='ocrx_word' id='word_1_1078' title='bbox 2233 2470 2280 2507; x_wconf 83' lang='lat' dir='ltr'>de</span> <span class='ocrx_word' id='word_1_1079' title='bbox 2311 2470 2488 2510; x_wconf 83' lang='lat' dir='ltr'>Generat.</span> <span class='ocrx_word' id='word_1_1080' title='bbox 2511 2472 2553 2508; x_wconf 73' lang='grc' dir='ltr'>*ε</span> 
     </span>
     <span class='ocr_line' id='line_1_126' title="bbox 1479 2521 2556 2572; baseline 0.006 -14"><span class='ocrx_word' id='word_1_1081' title='bbox 1479 2522 1574 2559; x_wconf 88' lang='lat' dir='ltr'>haec</span> <span class='ocrx_word' id='word_1_1082' title='bbox 1595 2521 1698 2559; x_wconf 89' lang='lat' dir='ltr'>enim</span> <span class='ocrx_word' id='word_1_1083' title='bbox 1722 2530 1809 2559; x_wconf 91' lang='lat' dir='ltr'>sunt</span> <span class='ocrx_word' id='word_1_1084' title='bbox 1827 2522 2012 2572; x_wconf 90' lang='lat' dir='ltr'>principia</span> <span class='ocrx_word' id='word_1_1085' title='bbox 2031 2522 2311 2562; x_wconf 90' lang='lat' dir='ltr'>alterationum.</span> <span class='ocrx_word' id='word_1_1086' title='bbox 2338 2525 2470 2563; x_wconf 85' lang='lat' dir='ltr'>Motus</span> <span class='ocrx_word' id='word_1_1087' title='bbox 2489 2537 2556 2564; x_wconf 89' lang='lat' dir='ltr'>au-</span> 
     </span>
     <span class='ocr_line' id='line_1_127' title="bbox 1479 2575 2553 2627; baseline 0.005 -15"><span class='ocrx_word' id='word_1_1088' title='bbox 1479 2583 1558 2612; x_wconf 90' lang='lat' dir='ltr'>tem</span> <span class='ocrx_word' id='word_1_1089' title='bbox 1586 2575 1715 2612; x_wconf 87' lang='lat' dir='ltr'>localis</span> <span class='ocrx_word' id='word_1_1090' title='bbox 1734 2575 1947 2614; x_wconf 89' lang='lat' dir='ltr'>attribuitur</span> <span class='ocrx_word' id='word_1_1091' title='bbox 1975 2577 2174 2615; x_wconf 89' lang='lat' dir='ltr'>elementis</span> <span class='ocrx_word' id='word_1_1092' title='bbox 2193 2577 2409 2616; x_wconf 86' lang='lat' dir='ltr'>secundum</span> <span class='ocrx_word' id='word_1_1093' title='bbox 2428 2578 2553 2627; x_wconf 84' lang='lat' dir='ltr'>gravi-</span> 
     </span>
     <span class='ocr_line' id='line_1_128' title="bbox 1479 2629 2556 2680; baseline 0.006 -15"><span class='ocrx_word' id='word_1_1094' title='bbox 1479 2636 1596 2666; x_wconf 89' lang='lat' dir='ltr'>tatem</span> <span class='ocrx_word' id='word_1_1095' title='bbox 1617 2636 1654 2666; x_wconf 90' lang='lat' dir='ltr'>et</span> <span class='ocrx_word' id='word_1_1096' title='bbox 1672 2629 1877 2666; x_wconf 89' lang='lat' dir='ltr'>levitatem.</span> <span class='ocrx_word' id='word_1_1097' title='bbox 1894 2630 2006 2668; x_wconf 92' lang='lat' dir='ltr'>Unde</span> <span class='ocrx_word' id='word_1_1098' title='bbox 2027 2630 2105 2668; x_wconf 92' lang='lat' dir='ltr'>duo</span> <span class='ocrx_word' id='word_1_1099' title='bbox 2126 2643 2289 2680; x_wconf 87' lang='lat' dir='ltr'>corpora</span> <span class='ocrx_word' id='word_1_1100' title='bbox 2303 2631 2434 2680; x_wconf 88' lang='lat' dir='ltr'>gravia</span> <span class='ocrx_word' id='word_1_1101' title='bbox 2449 2644 2556 2671; x_wconf 90' lang='lat' dir='ltr'>com-</span> 
     </span>
     <span class='ocr_line' id='line_1_129' title="bbox 1479 2683 2553 2738; baseline 0.006 -19"><span class='ocrx_word' id='word_1_1102' title='bbox 1479 2689 1660 2731; x_wconf 87' lang='lat' dir='ltr'>parantur</span> <span class='ocrx_word' id='word_1_1103' title='bbox 1679 2683 1726 2720; x_wconf 90' lang='lat' dir='ltr'>ad</span> <span class='ocrx_word' id='word_1_1104' title='bbox 1756 2690 1906 2720; x_wconf 90' lang='lat' dir='ltr'>motum</span> <span class='ocrx_word' id='word_1_1105' title='bbox 1935 2684 2098 2721; x_wconf 91' lang='lat' dir='ltr'>localem</span> <span class='ocrx_word' id='word_1_1106' title='bbox 2118 2684 2214 2722; x_wconf 89' lang='lat' dir='ltr'>sicut</span> <span class='ocrx_word' id='word_1_1107' title='bbox 2242 2697 2365 2723; x_wconf 91' lang='lat' dir='ltr'>unum</span> <span class='ocrx_word' id='word_1_1108' title='bbox 2395 2697 2553 2738; x_wconf 85' lang='lat' dir='ltr'>corpus;</span> 
     </span>
     <span class='ocr_line' id='line_1_130' title="bbox 1481 2735 2554 2786; baseline 0.007 -14"><span class='ocrx_word' id='word_1_1109' title='bbox 1481 2742 1517 2772; x_wconf 89' lang='lat' dir='ltr'>et</span> <span class='ocrx_word' id='word_1_1110' title='bbox 1545 2735 1714 2773; x_wconf 88' lang='lat' dir='ltr'>similiter</span> <span class='ocrx_word' id='word_1_1111' title='bbox 1742 2736 1819 2774; x_wconf 88' lang='lat' dir='ltr'>duo</span> <span class='ocrx_word' id='word_1_1112' title='bbox 1857 2749 2019 2786; x_wconf 88' lang='lat' dir='ltr'>corpora</span> <span class='ocrx_word' id='word_1_1113' title='bbox 2052 2737 2162 2775; x_wconf 87' lang='lat' dir='ltr'>levia.</span> <span class='ocrx_word' id='word_1_1114' title='bbox 2194 2738 2414 2778; x_wconf 89' lang='lat' dir='ltr'>Humidum</span> <span class='ocrx_word' id='word_1_1115' title='bbox 2448 2739 2554 2779; x_wconf 90' lang='lat' dir='ltr'>enim</span> 
     </span>
     <span class='ocr_line' id='line_1_131' title="bbox 1481 2789 2555 2844; baseline 0.007 -19"><span class='ocrx_word' id='word_1_1116' title='bbox 1481 2797 1517 2826; x_wconf 89' lang='lat' dir='ltr'>et</span> <span class='ocrx_word' id='word_1_1117' title='bbox 1536 2789 1690 2837; x_wconf 91' lang='lat' dir='ltr'>siccum,</span> <span class='ocrx_word' id='word_1_1118' title='bbox 1712 2791 1925 2828; x_wconf 90' lang='lat' dir='ltr'>secundum</span> <span class='ocrx_word' id='word_1_1119' title='bbox 1946 2803 2044 2840; x_wconf 87' lang='lat' dir='ltr'>quae</span> <span class='ocrx_word' id='word_1_1120' title='bbox 2066 2791 2246 2830; x_wconf 84' lang='lat' dir='ltr'>differunt</span> <span class='ocrx_word' id='word_1_1121' title='bbox 2265 2801 2365 2831; x_wconf 89' lang='lat' dir='ltr'>terra</span> <span class='ocrx_word' id='word_1_1122' title='bbox 2389 2800 2426 2831; x_wconf 91' lang='lat' dir='ltr'>et</span> <span class='ocrx_word' id='word_1_1123' title='bbox 2453 2805 2555 2844; x_wconf 83' lang='lat' dir='ltr'>aqua</span> 
     </span>
     <span class='ocr_line' id='line_1_132' title="bbox 1478 2842 2555 2891; baseline 0.006 -12"><span class='ocrx_word' id='word_1_1124' title='bbox 1478 2843 1540 2879; x_wconf 89' lang='lat' dir='ltr'>vel</span> <span class='ocrx_word' id='word_1_1125' title='bbox 1561 2842 1654 2891; x_wconf 88' lang='lat' dir='ltr'>ignis</span> <span class='ocrx_word' id='word_1_1126' title='bbox 1674 2851 1710 2880; x_wconf 90' lang='lat' dir='ltr'>et</span> <span class='ocrx_word' id='word_1_1127' title='bbox 1728 2856 1804 2890; x_wconf 85' lang='lat' dir='ltr'>aer,</span> <span class='ocrx_word' id='word_1_1128' title='bbox 1826 2844 2099 2883; x_wconf 86' lang='lat' dir='ltr'>accidentalem</span> <span class='ocrx_word' id='word_1_1129' title='bbox 2118 2846 2386 2885; x_wconf 85' lang='lat' dir='ltr'>habitudinem</span> <span class='ocrx_word' id='word_1_1130' title='bbox 2409 2847 2555 2888; x_wconf 77' lang='lat' dir='ltr'>habent</span> 
     </span>
     <span class='ocr_line' id='line_1_133' title="bbox 1479 2896 2554 2949; baseline 0.007 -17"><span class='ocrx_word' id='word_1_1131' title='bbox 1479 2896 1529 2933; x_wconf 89' lang='lat' dir='ltr'>ad</span> <span class='ocrx_word' id='word_1_1132' title='bbox 1558 2904 1706 2934; x_wconf 90' lang='lat' dir='ltr'>motum</span> <span class='ocrx_word' id='word_1_1133' title='bbox 1745 2898 1918 2936; x_wconf 88' lang='lat' dir='ltr'>localem.</span> <span class='ocrx_word' id='word_1_1134' title='bbox 1947 2899 1996 2936; x_wconf 88' lang='lat' dir='ltr'>Et</span> <span class='ocrx_word' id='word_1_1135' title='bbox 2023 2906 2153 2937; x_wconf 87' lang='lat' dir='ltr'>tamen</span> <span class='ocrx_word' id='word_1_1136' title='bbox 2191 2900 2230 2937; x_wconf 92' lang='lat' dir='ltr'>in</span> <span class='ocrx_word' id='word_1_1137' title='bbox 2259 2900 2366 2949; x_wconf 88' lang='lat' dir='ltr'>gravi</span> <span class='ocrx_word' id='word_1_1138' title='bbox 2403 2908 2442 2939; x_wconf 81' lang='lat' dir='ltr'>et</span> <span class='ocrx_word' id='word_1_1139' title='bbox 2477 2901 2554 2940; x_wconf 85' lang='lat' dir='ltr'>levi</span> 
     </span>
     <span class='ocr_line' id='line_1_134' title="bbox 1480 2949 2554 3002; baseline 0.007 -16"><span class='ocrx_word' id='word_1_1140' title='bbox 1480 2949 1689 2988; x_wconf 86' lang='lat' dir='ltr'>differentia</span> <span class='ocrx_word' id='word_1_1141' title='bbox 1717 2951 1908 3000; x_wconf 89' lang='lat' dir='ltr'>quaedam</span> <span class='ocrx_word' id='word_1_1142' title='bbox 1930 2959 2000 2989; x_wconf 90' lang='lat' dir='ltr'>est:</span> <span class='ocrx_word' id='word_1_1143' title='bbox 2031 2966 2122 2990; x_wconf 90' lang='lat' dir='ltr'>narn</span> <span class='ocrx_word' id='word_1_1144' title='bbox 2142 2953 2238 3002; x_wconf 84' lang='lat' dir='ltr'>ignis</span> <span class='ocrx_word' id='word_1_1145' title='bbox 2268 2962 2324 2992; x_wconf 86' lang='lat' dir='ltr'>est</span> <span class='ocrx_word' id='word_1_1146' title='bbox 2342 2953 2439 2992; x_wconf 84' lang='lat' dir='ltr'>levis</span> <span class='ocrx_word' id='word_1_1147' title='bbox 2462 2954 2554 2994; x_wconf 81' lang='lat' dir='ltr'>sim-</span> 
     </span>
     <span class='ocr_line' id='line_1_135' title="bbox 1479 3002 2554 3056; baseline 0.007 -17"><span class='ocrx_word' id='word_1_1148' title='bbox 1479 3002 1622 3051; x_wconf 88' lang='lat' dir='ltr'>pliciter</span> <span class='ocrx_word' id='word_1_1149' title='bbox 1642 3011 1678 3041; x_wconf 89' lang='lat' dir='ltr'>et</span> <span class='ocrx_word' id='word_1_1150' title='bbox 1697 3004 1882 3052; x_wconf 89' lang='lat' dir='ltr'>absolute,</span> <span class='ocrx_word' id='word_1_1151' title='bbox 1903 3012 2002 3044; x_wconf 87' lang='lat' dir='ltr'>terra</span> <span class='ocrx_word' id='word_1_1152' title='bbox 2023 3015 2151 3044; x_wconf 90' lang='lat' dir='ltr'>autem</span> <span class='ocrx_word' id='word_1_1153' title='bbox 2171 3008 2315 3056; x_wconf 87' lang='lat' dir='ltr'>gravis;</span> <span class='ocrx_word' id='word_1_1154' title='bbox 2336 3019 2403 3046; x_wconf 88' lang='lat' dir='ltr'>aer</span> <span class='ocrx_word' id='word_1_1155' title='bbox 2422 3015 2554 3047; x_wconf 83' lang='lat' dir='ltr'>autem</span> 
     </span>
     <span class='ocr_line' id='line_1_136' title="bbox 1480 3057 2552 3111; baseline 0.007 -18"><span class='ocrx_word' id='word_1_1156' title='bbox 1480 3064 1535 3093; x_wconf 91' lang='lat' dir='ltr'>est</span> <span class='ocrx_word' id='word_1_1157' title='bbox 1563 3057 1656 3094; x_wconf 89' lang='lat' dir='ltr'>levis</span> <span class='ocrx_word' id='word_1_1158' title='bbox 1685 3070 1754 3107; x_wconf 90' lang='lat' dir='ltr'>per</span> <span class='ocrx_word' id='word_1_1159' title='bbox 1781 3059 2110 3108; x_wconf 87' lang='lat' dir='ltr'>comparationem</span> <span class='ocrx_word' id='word_1_1160' title='bbox 2139 3061 2189 3099; x_wconf 86' lang='lat' dir='ltr'>ad</span> <span class='ocrx_word' id='word_1_1161' title='bbox 2227 3061 2305 3099; x_wconf 90' lang='lat' dir='ltr'>duo</span> <span class='ocrx_word' id='word_1_1162' title='bbox 2336 3062 2552 3111; x_wconf 79' lang='lat' dir='ltr'>elementa,</span> 
     </span>
     <span class='ocr_line' id='line_1_137' title="bbox 1479 3110 2554 3162; baseline 0.008 -16"><span class='ocrx_word' id='word_1_1163' title='bbox 1479 3117 1515 3147; x_wconf 91' lang='lat' dir='ltr'>et</span> <span class='ocrx_word' id='word_1_1164' title='bbox 1534 3110 1704 3148; x_wconf 88' lang='lat' dir='ltr'>similiter</span> <span class='ocrx_word' id='word_1_1165' title='bbox 1723 3123 1822 3161; x_wconf 88' lang='lat' dir='ltr'>aqua</span> <span class='ocrx_word' id='word_1_1166' title='bbox 1842 3120 1898 3150; x_wconf 93' lang='lat' dir='ltr'>est</span> <span class='ocrx_word' id='word_1_1167' title='bbox 1916 3114 2052 3162; x_wconf 86' lang='lat' dir='ltr'>gravis.</span> <span class='ocrx_word' id='word_1_1168' title='bbox 2081 3115 2193 3153; x_wconf 90' lang='lat' dir='ltr'>Unde</span> <span class='ocrx_word' id='word_1_1169' title='bbox 2213 3127 2292 3153; x_wconf 89' lang='lat' dir='ltr'>non</span> <span class='ocrx_word' id='word_1_1170' title='bbox 2313 3114 2476 3154; x_wconf 87' lang='lat' dir='ltr'>omnino</span> <span class='ocrx_word' id='word_1_1171' title='bbox 2495 3122 2554 3154; x_wconf 82' lang='lat' dir='ltr'>est</span> 
     </span>
     <span class='ocr_line' id='line_1_138' title="bbox 1479 3162 2551 3219; baseline 0.007 -20"><span class='ocrx_word' id='word_1_1172' title='bbox 1479 3162 1582 3200; x_wconf 90' lang='lat' dir='ltr'>idem</span> <span class='ocrx_word' id='word_1_1173' title='bbox 1602 3165 1813 3202; x_wconf 87' lang='lat' dir='ltr'>secundum</span> <span class='ocrx_word' id='word_1_1174' title='bbox 1844 3167 2011 3215; x_wconf 89' lang='lat' dir='ltr'>speciem</span> <span class='ocrx_word' id='word_1_1175' title='bbox 2042 3172 2170 3206; x_wconf 81' lang='lat' dir='ltr'>motus</span> <span class='ocrx_word' id='word_1_1176' title='bbox 2198 3180 2323 3219; x_wconf 88' lang='lat' dir='ltr'>aquae</span> <span class='ocrx_word' id='word_1_1177' title='bbox 2351 3176 2390 3206; x_wconf 89' lang='lat' dir='ltr'>et</span> <span class='ocrx_word' id='word_1_1178' title='bbox 2415 3176 2551 3218; x_wconf 81' lang='lat' dir='ltr'>terrae,</span> 
     </span>
    </p>
   </div>
   <div class='ocr_carea' id='block_1_16' title="bbox 1475 3322 2552 3575">
    <p class='ocr_par' dir='ltr' id='par_1_19' title="bbox 1475 3322 2552 3575">
     <span class='ocr_line' id='line_1_139' title="bbox 1478 3322 2552 3363; baseline 0.01 -18"><span class='ocrx_word' id='word_1_1179' title='bbox 1478 3322 1578 3354; x_wconf 87' lang='lat' dir='ltr'>corpori</span> <span class='ocrx_word' id='word_1_1180' title='bbox 1589 3323 1720 3363; x_wconf 40' lang='lat' dir='ltr'>·simp1ici;</span> <span class='ocrx_word' id='word_1_1181' title='bbox 1740 3325 1786 3350; x_wconf 88' lang='lat' dir='ltr'>sed</span> <span class='ocrx_word' id='word_1_1182' title='bbox 1805 3325 1854 3350; x_wconf 84' lang='lat' dir='ltr'>ho:</span> <span class='ocrx_word' id='word_1_1183' title='bbox 1869 3326 1983 3359; x_wconf 79' lang='lat' dir='ltr'>praecise</span> <span class='ocrx_word' id='word_1_1184' title='bbox 1998 3332 2083 3360; x_wconf 79' lang='lat' dir='ltr'>negat,</span> <span class='ocrx_word' id='word_1_1185' title='bbox 2099 3335 2194 3362; x_wconf 81' lang='lat' dir='ltr'>nempe</span> <span class='ocrx_word' id='word_1_1186' title='bbox 2209 3328 2281 3361; x_wconf 88' lang='lat' dir='ltr'>quod</span> <span class='ocrx_word' id='word_1_1187' title='bbox 2300 3328 2365 3354; x_wconf 89' lang='lat' dir='ltr'>illud</span> <span class='ocrx_word' id='word_1_1188' title='bbox 2378 3336 2473 3363; x_wconf 74' lang='lat' dir='ltr'>corpus</span> <span class='ocrx_word' id='word_1_1189' title='bbox 2487 3330 2552 3357; x_wconf 72' lang='lat' dir='ltr'>sitn-</span> 
     </span>
     <span class='ocr_line' id='line_1_140' title="bbox 1477 3357 2550 3400; baseline 0.01 -19"><span class='ocrx_word' id='word_1_1190' title='bbox 1477 3357 1535 3389; x_wconf 88' lang='lat' dir='ltr'>plex</span> <span class='ocrx_word' id='word_1_1191' title='bbox 1554 3365 1594 3383; x_wconf 82' lang='lat' dir='ltr'>cut</span> <span class='ocrx_word' id='word_1_1192' title='bbox 1614 3359 1727 3385; x_wconf 79' lang='lat' dir='ltr'>naturale</span> <span class='ocrx_word' id='word_1_1193' title='bbox 1753 3366 1793 3385; x_wconf 84' lang='lat' dir='ltr'>est</span> <span class='ocrx_word' id='word_1_1194' title='bbox 1811 3362 1909 3387; x_wconf 81' lang='lat' dir='ltr'>moveri</span> <span class='ocrx_word' id='word_1_1195' title='bbox 1934 3363 2103 3395; x_wconf 82' lang='lat' dir='ltr'>circulariter,</span> <span class='ocrx_word' id='word_1_1196' title='bbox 2131 3364 2164 3389; x_wconf 75' lang='lat' dir='ltr'>nit</span> <span class='ocrx_word' id='word_1_1197' title='bbox 2184 3363 2254 3389; x_wconf 72' lang='lat' dir='ltr'>aliud</span> <span class='ocrx_word' id='word_1_1198' title='bbox 2273 3371 2288 3389; x_wconf 76' lang='lat' dir='ltr'>a</span> <span class='ocrx_word' id='word_1_1199' title='bbox 2306 3371 2418 3398; x_wconf 79' lang='lat' dir='ltr'>corpore</span> <span class='ocrx_word' id='word_1_1200' title='bbox 2438 3365 2550 3400; x_wconf 74' lang='lat' dir='ltr'>simplici</span> 
     </span>
     <span class='ocr_line' id='line_1_141' title="bbox 1477 3393 2550 3435; baseline 0.01 -19"><span class='ocrx_word' id='word_1_1201' title='bbox 1477 3393 1548 3425; x_wconf 90' lang='lat' dir='ltr'>quod</span> <span class='ocrx_word' id='word_1_1202' title='bbox 1568 3399 1640 3418; x_wconf 90' lang='lat' dir='ltr'>motu</span> <span class='ocrx_word' id='word_1_1203' title='bbox 1660 3401 1730 3420; x_wconf 86' lang='lat' dir='ltr'>recto</span> <span class='ocrx_word' id='word_1_1204' title='bbox 1750 3402 1877 3422; x_wconf 87' lang='lat' dir='ltr'>movetur.</span> <span class='ocrx_word' id='word_1_1205' title='bbox 1898 3398 1971 3423; x_wconf 86' lang='lat' dir='ltr'>Unde</span> <span class='ocrx_word' id='word_1_1206' title='bbox 1990 3399 2067 3424; x_wconf 82' lang='lat' dir='ltr'>huius</span> <span class='ocrx_word' id='word_1_1207' title='bbox 2086 3399 2243 3425; x_wconf 70' lang='lat' dir='ltr'>contrarium</span> <span class='ocrx_word' id='word_1_1208' title='bbox 2258 3407 2305 3432; x_wconf 83' lang='lat' dir='ltr'>per</span> <span class='ocrx_word' id='word_1_1209' title='bbox 2319 3400 2384 3426; x_wconf 75' lang='lat' dir='ltr'>hanc</span> <span class='ocrx_word' id='word_1_1210' title='bbox 2399 3402 2550 3435; x_wconf 69' lang='lat' dir='ltr'>responsio-</span> 
     </span>
     <span class='ocr_line' id='line_1_142' title="bbox 1476 3430 2549 3469; baseline 0.011 -17"><span class='ocrx_word' id='word_1_1211' title='bbox 1476 3435 1536 3469; x_wconf 77' lang='lat' dir='ltr'>nem</span> <span class='ocrx_word' id='word_1_1212' title='bbox 1555 3430 1707 3456; x_wconf 79' lang='lat' dir='ltr'>concludere</span> <span class='ocrx_word' id='word_1_1213' title='bbox 1725 3437 1836 3464; x_wconf 84' lang='lat' dir='ltr'>oportet.</span> <span class='ocrx_word' id='word_1_1214' title='bbox 1855 3434 2020 3459; x_wconf 80' lang='lat' dir='ltr'>Manifestum</span> <span class='ocrx_word' id='word_1_1215' title='bbox 2040 3439 2081 3460; x_wconf 74' lang='lat' dir='ltr'>eet</span> <span class='ocrx_word' id='word_1_1216' title='bbox 2099 3442 2162 3468; x_wconf 74' lang='lat' dir='ltr'>ergo</span> <span class='ocrx_word' id='word_1_1217' title='bbox 2180 3435 2252 3468; x_wconf 86' lang='lat' dir='ltr'>quod</span> <span class='ocrx_word' id='word_1_1218' title='bbox 2271 3444 2368 3462; x_wconf 76' lang='lat' dir='ltr'>sensus</span> <span class='ocrx_word' id='word_1_1219' title='bbox 2388 3436 2503 3464; x_wconf 73' lang='lat' dir='ltr'>intentu·</span> <span class='ocrx_word' id='word_1_1220' title='bbox 2516 3438 2549 3466; x_wconf 78' lang='lat' dir='ltr'>eb</span> 
     </span>
     <span class='ocr_line' id='line_1_143' title="bbox 1475 3464 2548 3506; baseline 0.01 -18"><span class='ocrx_word' id='word_1_1221' title='bbox 1475 3464 1613 3504; x_wconf 53' lang='lat' dir='ltr'>:Aristotele</span> <span class='ocrx_word' id='word_1_1222' title='bbox 1633 3471 1657 3491; x_wconf 87' lang='lat' dir='ltr'>et</span> <span class='ocrx_word' id='word_1_1223' title='bbox 1676 3475 1698 3506; x_wconf 68' lang='lat' dir='ltr'>s.</span> <span class='ocrx_word' id='word_1_1224' title='bbox 1711 3466 1814 3493; x_wconf 76' lang='lat' dir='ltr'>Thomu</span> <span class='ocrx_word' id='word_1_1225' title='bbox 1835 3470 1922 3494; x_wconf 84' lang='lat' dir='ltr'>minus</span> <span class='ocrx_word' id='word_1_1226' title='bbox 1949 3471 2043 3496; x_wconf 72' lang='lat' dir='ltr'>saltem</span> <span class='ocrx_word' id='word_1_1227' title='bbox 2068 3470 2205 3504; x_wconf 82' lang='lat' dir='ltr'>perspicue</span> <span class='ocrx_word' id='word_1_1228' title='bbox 2228 3471 2363 3498; x_wconf 80' lang='lat' dir='ltr'>exhibetur</span> <span class='ocrx_word' id='word_1_1229' title='bbox 2381 3480 2396 3498; x_wconf 85' lang='grc' dir='ltr'>ι</span> <span class='ocrx_word' id='word_1_1230' title='bbox 2415 3473 2474 3500; x_wconf 77' lang='lat' dir='ltr'>leet.</span> <span class='ocrx_word' id='word_1_1231' title='bbox 2493 3473 2548 3504; x_wconf 75' lang='lat'>1²⁸1.</span> 
     </span>
     <span class='ocr_line' id='line_1_144' title="bbox 1476 3504 2549 3540; baseline 0.011 -17"><span class='ocrx_word' id='word_1_1232' title='bbox 1476 3505 1543 3525; x_wconf 79' lang='lat' dir='ltr'>iuxta</span> <span class='ocrx_word' id='word_1_1233' title='bbox 1562 3508 1639 3533; x_wconf 79' lang='lat' dir='ltr'>quam</span> <span class='ocrx_word' id='word_1_1234' title='bbox 1658 3509 1689 3526; x_wconf 79' lang='grc' dir='ltr'>το</span> <span class='ocrx_word' id='word_1_1235' title='bbox 1709 3504 1782 3535; x_wconf 81' lang='lat' dir='ltr'>quod</span> <span class='ocrx_word' id='word_1_1236' title='bbox 1794 3505 1933 3537; x_wconf 82' lang='lat' dir='ltr'>respiceret</span> <span class='ocrx_word' id='word_1_1237' title='bbox 1949 3513 2053 3532; x_wconf 73' lang='lat' dir='ltr'>necesse</span> <span class='ocrx_word' id='word_1_1238' title='bbox 2071 3508 2124 3535; x_wconf 69' lang='lat' dir='ltr'>est,</span> <span class='ocrx_word' id='word_1_1239' title='bbox 2145 3514 2205 3531; x_wconf 88' lang='lat' dir='ltr'>cum</span> <span class='ocrx_word' id='word_1_1240' title='bbox 2225 3507 2312 3540; x_wconf 73' lang='lat' dir='ltr'>potius</span> <span class='ocrx_word' id='word_1_1241' title='bbox 2331 3507 2495 3534; x_wconf 78' lang='lat' dir='ltr'>referendum</span> <span class='ocrx_word' id='word_1_1242' title='bbox 2515 3509 2549 3535; x_wconf 77' lang='lat' dir='ltr'>sit</span> 
     </span>
     <span class='ocr_line' id='line_1_145' title="bbox 1476 3535 2254 3575; baseline 0.012 -16"><span class='ocrx_word' id='word_1_1243' title='bbox 1476 3535 1507 3559; x_wconf 77' lang='lat' dir='ltr'>ad</span> <span class='ocrx_word' id='word_1_1244' title='bbox 1526 3537 1634 3568; x_wconf 78' lang='lat' dir='ltr'>corpori</span> <span class='ocrx_word' id='word_1_1245' title='bbox 1651 3537 1764 3570; x_wconf 78' lang='lat' dir='ltr'>simplici</span> <span class='ocrx_word' id='word_1_1246' title='bbox 1771 3546 1779 3568; x_wconf 84' lang='lat'>,¹</span> <span class='ocrx_word' id='word_1_1247' title='bbox 1798 3540 1830 3565; x_wconf 78' lang='lat' dir='ltr'>cf.</span> <span class='ocrx_word' id='word_1_1248' title='bbox 1844 3541 1901 3566; x_wconf 87' lang='lat' dir='ltr'>lect.</span> <span class='ocrx_word' id='word_1_1249' title='bbox 1914 3548 1971 3574; x_wconf 74' lang='lat' dir='ltr'>seq.</span> <span class='ocrx_word' id='word_1_1250' title='bbox 1986 3549 2059 3567; x_wconf 89' lang='lat' dir='ltr'>num.</span> <span class='ocrx_word' id='word_1_1251' title='bbox 2077 3549 2086 3566; x_wconf 88' lang='grc' dir='ltr'><strong>ι</strong></span> <span class='ocrx_word' id='word_1_1252' title='bbox 2109 3549 2191 3575; x_wconf 82' lang='lat' dir='ltr'>prope</span> <span class='ocrx_word' id='word_1_1253' title='bbox 2210 3540 2254 3568; x_wconf 82' lang='lat' dir='ltr'>fin.</span> 
     </span>
    </p>
   </div>
   <div class='ocr_carea' id='block_1_17' title="bbox 1474 3570 2549 3635">
    <p class='ocr_par' dir='ltr' id='par_1_20' title="bbox 1474 3570 2549 3635">
     <span class='ocr_line' id='line_1_146' title="bbox 1528 3570 2549 3614; baseline 0.011 -19"><span class='ocrx_word' id='word_1_1254' title='bbox 1528 3570 1550 3605; x_wconf 86' lang='grc' dir='ltr'>ε)</span> <span class='ocrx_word' id='word_1_1255' title='bbox 1572 3572 1625 3596; x_wconf 69' lang='lat' dir='ltr'>Sed</span> <span class='ocrx_word' id='word_1_1256' title='bbox 1649 3573 1762 3599; x_wconf 78' lang='lat' dir='ltr'>videtur.</span> <span class='ocrx_word' id='word_1_1257' title='bbox 1774 3588 1792 3594; x_wconf 91' lang='lat'><em>-</em></span> <span class='ocrx_word' id='word_1_1258' title='bbox 1812 3576 1921 3602; x_wconf 74' lang='lat' dir='ltr'>Videtur</span> <span class='ocrx_word' id='word_1_1259' title='bbox 1945 3579 2035 3602; x_wconf 73' lang='lat' dir='ltr'>autem</span> <span class='ocrx_word' id='word_1_1260' title='bbox 2054 3577 2093 3609; x_wconf 83' lang='grc' dir='ltr'>Α;</span> <span class='ocrx_word' id='word_1_1261' title='bbox 2118 3583 2167 3604; x_wconf 86' lang='lat' dir='ltr'>cet.</span> <span class='ocrx_word' id='word_1_1262' title='bbox 2181 3585 2235 3604; x_wconf 89' lang='lat' dir='ltr'>om.</span> <span class='ocrx_word' id='word_1_1263' title='bbox 2249 3579 2304 3605; x_wconf 76' lang='lat' dir='ltr'>sed.</span> <span class='ocrx_word' id='word_1_1264' title='bbox 2324 3580 2344 3606; x_wconf 84' lang='lat' dir='ltr'>P</span> <span class='ocrx_word' id='word_1_1265' title='bbox 2362 3579 2408 3605; x_wconf 82' lang='lat' dir='ltr'>lin.</span> <span class='ocrx_word' id='word_1_1266' title='bbox 2421 3587 2480 3614; x_wconf 68' lang='grc' dir='ltr'>ιη.</span> <span class='ocrx_word' id='word_1_1267' title='bbox 2499 3587 2549 3614; x_wconf 86' lang='lat' dir='ltr'>pro</span> 
     </span>
     <span class='ocr_line' id='line_1_147' title="bbox 1474 3607 1760 3635; baseline 0.017 -5"><span class='ocrx_word' id='word_1_1268' title='bbox 1474 3607 1557 3632; x_wconf 80' lang='lat' dir='ltr'>solum</span> <span class='ocrx_word' id='word_1_1269' title='bbox 1577 3607 1653 3633; x_wconf 76' lang='lat' dir='ltr'>habet</span> <span class='ocrx_word' id='word_1_1270' title='bbox 1671 3610 1760 3635; x_wconf 78' lang='lat' dir='ltr'>solius.</span> 
     </span>
    </p>
   </div>
   <div class='ocr_carea' id='block_1_18' title="bbox 2585 2393 2782 2449">
    <p class='ocr_par' dir='ltr' id='par_1_21' title="bbox 2585 2393 2782 2449">
     <span class='ocr_line' id='line_1_148' title="bbox 2585 2393 2782 2425; baseline 0.01 -9"><span class='ocrx_word' id='word_1_1271' title='bbox 2585 2393 2657 2416; x_wconf 74' lang='lat' dir='ltr'>codd.</span> <span class='ocrx_word' id='word_1_1272' title='bbox 2667 2399 2719 2417; x_wconf 70' lang='lat' dir='ltr'>ene.</span> <span class='ocrx_word' id='word_1_1273' title='bbox 2726 2401 2756 2423; x_wconf 66' lang='grc' dir='ltr'>Δς</span> <span class='ocrx_word' id='word_1_1274' title='bbox 2768 2397 2782 2425; x_wconf 72' lang='lat' dir='ltr'>q</span> 
     </span>
     <span class='ocr_line' id='line_1_149' title="bbox 2585 2420 2782 2449; baseline 0.005 -6"><span class='ocrx_word' id='word_1_1275' title='bbox 2585 2420 2649 2449; x_wconf 76' lang='lat' dir='ltr'>peni.</span> <span class='ocrx_word' id='word_1_1276' title='bbox 2658 2420 2713 2444; x_wconf 71' lang='lat' dir='ltr'>intr.</span> <span class='ocrx_word' id='word_1_1277' title='bbox 2778 2431 2782 2438; x_wconf 42' lang='grc' dir='ltr'>ι-</span> 
     </span>
    </p>
   </div>
   <div class='ocr_carea' id='block_1_19' title="bbox 2583 2448 2782 2525">
    <p class='ocr_par' dir='ltr' id='par_1_22' title="bbox 2583 2448 2782 2525">
     <span class='ocr_line' id='line_1_150' title="bbox 2583 2448 2782 2525; baseline 0.005 -1"><span class='ocrx_word' id='word_1_1278' title='bbox 2583 2473 2706 2525; x_wconf 54' lang='lat'>{3⁹³²</span> <span class='ocrx_word' id='word_1_1279' title='bbox 2720 2448 2782 2517; x_wconf 65' lang='lat' dir='ltr'>ui</span> 
     </span>
    </p>
   </div>
  </div>
 </body>
</html>
