2782 4134
30 559 45 573 Ψ
55 557 206 581 subtilitatem
220 563 243 579 n.

1137 262 1249 299 CAP.
1278 260 1365 310 vu,

273 337 519 389 egrediuntur
546 339 660 387 radii,
692 353 790 389 quos
818 340 906 377 dicit
935 351 1017 377 esse
1046 343 1282 390 corporales;
1310 350 1347 380 et

273 390 380 438 quod
407 403 477 440 per
505 392 680 430 caelestia
712 405 875 442 corpora
913 405 1012 442 quae
1040 402 1127 430 sunt
1155 394 1251 432 infra
1284 408 1344 432 so-

271 443 368 491 lem,
398 456 496 493 quae
534 453 622 482 sunt
652 445 941 492 immaterialia,
977 446 1057 483 sine
1087 448 1344 496 prohibitione

270 504 471 545 penetrare
507 506 686 546 possunt;
718 510 789 547 per
816 510 946 535 aerem
980 507 1108 536 autem
1145 509 1346 549 penetrant

270 558 428 599 propter
455 551 552 588 aeris
579 563 697 600 poros
725 552 762 597 *3
792 551 861 588 sed
889 563 912 588 a
940 552 1166 601 corporibus
1194 554 1342 602 solidis,

271 602 413 641 scilicet
430 611 530 642 terra
549 611 586 641 et
604 616 715 653 aqua,
735 604 982 642 reflectuntur
1007 606 1056 643 ad
1080 607 1258 654 aequales
1278 619 1343 644 an-

271 656 379 703 gulos
399 657 516 706 (quia,
535 664 578 694 ut
594 658 760 706 probant
778 657 1019 706 perspectivi,
1041 659 1168 696 omnis
1187 659 1343 696 reflexio

270 709 315 746 fit
342 710 391 747 ad
411 710 589 758 aequales
618 710 804 758 angulos).
827 710 995 757 Quando
1017 723 1107 759 ergo
1127 712 1255 749 radius
1284 725 1344 750 so-

270 762 358 799 laris
375 762 537 812 percutit
559 770 700 799 terram
729 763 1007 811 diametraliter,
1029 764 1157 801 radius
1186 766 1344 803 reflecti-

269 822 330 852 tur
346 815 387 852 in
404 815 586 864 seipsum,
607 823 645 852 et
663 815 718 852 sic
740 816 785 852 fit
808 816 976 854 maxima
995 817 1221 866 inspissafio,
1245 831 1343 867 quae

235 890 241 897 ·
270 870 402 905 causat
409 867 622 905 maximum
633 869 819 906 calorem:
837 877 874 906 et
882 870 958 907 hoe
969 871 1176 918 contingit*
1187 872 1343 921 quando

269 921 327 958 sol
347 927 404 958 est
422 920 565 958 directe
592 933 710 971 super
727 923 988 960 summitatem
1008 924 1174 973 capitum
1194 932 1343 962 nostro-

269 985 357 1011 rum
375 975 408 1010 ⁴.
439 973 595 1020 Quanto
623 982 754 1012 autem
783 976 840 1012 sol
869 977 990 1025 magis
1019 978 1162 1015 recedit
1189 990 1212 1015 a
1240 991 1343 1016 sum-

269 1026 400 1064 mitate
429 1026 599 1076 capitum
618 1035 851 1077 nostrorum,
871 1037 976 1067 tanto
1001 1031 1158 1068 reflexio
1187 1032 1282 1069 radii
1301 1032 1345 1069 fit

269 1079 320 1118 ad
338 1079 461 1128 magis
479 1080 633 1128 distans,
655 1088 692 1118 et
710 1081 799 1119 ideo
817 1091 1021 1130 generatur
1037 1090 1057 1111 Α·
1076 1084 1204 1121 minor
1223 1086 1342 1122 calor:

269 1140 309 1171 et
331 1133 422 1171 inde
451 1141 508 1170 est
535 1134 642 1183 quod
669 1134 708 1171 in
736 1134 876 1183 hieme,
903 1144 940 1173 et
966 1138 1068 1186 apud
1097 1145 1224 1175 ortum
1253 1138 1343 1175 solis

267 1186 554 1237 *Le-linccasum,
574 1186 618 1224 fit
645 1187 773 1225 minor
800 1189 905 1226 calor
930 1190 970 1227 in
998 1202 1103 1238 aere,
1129 1191 1220 1240 quia
1247 1191 1343 1228 radii

267 1239 410 1276 solares
428 1239 647 1289 percutiunt
661 1248 801 1279 terram
817 1243 1030 1289 secundum
1046 1244 1206 1292 angulos
1221 1244 1342 1292 magis

267 1292 444 1340 obtusos,
465 1293 569 1330 unde
589 1293 684 1331 radii
704 1295 834 1332 reflexi
849 1296 869 1317 *
884 1296 1004 1344 magis
1025 1296 1164 1334 distant
1183 1309 1206 1333 a
1230 1296 1342 1334 radiis

265 1345 393 1395 primo
409 1347 429 1368 *²
445 1346 615 1384 obiectis.
631 1348 682 1384 Et
694 1355 852 1397 propter
865 1349 940 1386 hoc
955 1348 1176 1386 Aristoteles
1192 1349 1341 1398 signan-

265 1406 324 1437 ter
337 1411 417 1437 non
431 1399 648 1449 simpliciter
667 1400 756 1439 dixit
770 1402 875 1450 quod
894 1402 975 1440 sole
994 1402 1116 1450 magis
1135 1402 1341 1452 appropin-

266 1459 408 1501 quante
426 1453 448 1474 *
465 1461 667 1502 generatur
693 1454 819 1492 maior
847 1455 960 1502 calor,
991 1455 1059 1492 sed
1079 1454 1224 1493 addidit
1242 1462 1278 1493 et
1297 1457 1342 1478 *²⁸⁸

266 1505 409 1542 oriente
427 1511 464 1543 et
474 1518 588 1555 super
606 1518 675 1544 nos
693 1507 889 1552 existente;
902 1515 945 1545 ut
964 1508 1190 1556 intelligatur
1204 1521 1340 1558 appro-

265 1557 421 1596 ximatio
449 1571 519 1608 per
547 1566 762 1608 respectum
791 1562 840 1599 ad
878 1562 1139 1599 summitatem
1175 1562 1340 1611 capitum

265 1618 498 1659 nostrorum,
519 1624 599 1649 non
625 1620 753 1650 autem
781 1614 995 1652 seeundum
1021 1615 1270 1663 quantitatem
1300 1616 1341 1653 li-

225 1679 237 1686 ·
264 1676 426 1702 nearum
455 1677 477 1702 a
505 1666 586 1702 sole
615 1666 664 1703 ad
692 1678 763 1703 nos
793 1667 994 1705 ductarum
1013 1668 1044 1715 *,
1066 1668 1156 1718 quia
1184 1669 1263 1706 fere
1293 1682 1338 1706 ex

265 1717 373 1756 omni
396 1725 503 1767 parte
531 1726 618 1756 sunt
646 1720 835 1769 aequales.

318 1772 369 1809 Et
401 1771 432 1808 si
459 1771 617 1820 quidem
652 1772 830 1822 intelligat
864 1773 1081 1824 Simplicius
1100 1774 1140 1812 in
1167 1774 1226 1812 his
1253 1788 1338 1813 ver-

263 1824 323 1867 bis
351 1823 478 1862 radios
508 1837 591 1862 esse
626 1838 787 1875 corpora
821 1827 1066 1866 confricantia
1095 1829 1115 1849 ²⁸
1144 1841 1274 1866 aerem
1304 1837 1341 1866 et

263 1878 522 1928 inspissantia,
558 1886 595 1916 et
625 1891 695 1928 per
728 1881 831 1918 hunc
865 1881 1029 1918 modum
1064 1882 1337 1930 calefacientia,

265 1943 442 1982 expresse
462 1932 600 1969 falsum
626 1932 732 1970 dicit:
756 1934 895 1983 probat
922 1934 1024 1972 enirn
1052 1935 1273 1973 Aristoteles
1301 1935 1340 1973 in

265 1986 298 2022 11
331 1985 378 2022 de
410 1985 552 2023 Anima
587 1986 607 2007 *
639 1986 746 2036 quod
778 1987 906 2025 radius
943 2000 1068 2037 neque
1107 1996 1163 2026 est
1199 2001 1340 2038 corpus

263 2050 392 2088 neque
421 2037 597 2076 defluxus
627 2040 797 2090 corporis
832 2041 1001 2079 alicuius.
1039 2042 1079 2079 Si
1107 2054 1200 2079 vero
1241 2042 1340 2080 dicat

264 2091 393 2130 radios
413 2092 537 2129 *esse
562 2094 792 2143 corporales,
817 2094 906 2144 quia
933 2096 984 2133 ad
1011 2095 1174 2133 modum
1203 2108 1338 2145 corpo-

264 2157 351 2183 rum
371 2157 411 2183 se
431 2146 585 2194 habent,
606 2146 832 2196 inquantum
853 2147 994 2185 directe
1018 2148 1278 2198 proiiciuntur,
1300 2157 1336 2186 et

264 2198 512 2236 reflectuntur
526 2211 547 2235 a
564 2211 724 2249 corpore
741 2200 863 2249 spisso
879 2202 985 2250 quod
997 2202 1016 2223 *
1031 2202 1125 2240 radii
1138 2210 1338 2251 penetrare

263 2263 344 2289 non
370 2259 551 2301 possunt,
582 2252 635 2290 sic
662 2265 799 2290 verum
828 2253 936 2292 dicit:
966 2255 1059 2292 tales
1085 2254 1194 2294 fenim
1229 2256 1338 2293 refle-

262 2304 396 2342 xiones
414 2317 485 2355 per
510 2306 910 2344 contra—resistentiam
935 2320 1152 2357 corporum,
1179 2321 1258 2346 non
1277 2322 1338 2347 so-

262 2359 344 2395 lum
365 2366 588 2408 competunt
608 2360 842 2408 corporibus,
859 2361 928 2398 sed
943 2362 1057 2399 etiarn
1073 2361 1338 2411 qualitatibus:

261 2423 354 2449 nam
384 2419 420 2448 et
444 2412 548 2449 calor
565 2413 771 2450 reflectitur
791 2426 878 2451 cum
906 2414 1052 2452 invenit
1079 2416 1337 2464 obstaculum,

202 2486 209 2493 ·
263 2471 300 2502 et
327 2465 498 2502 similiter
525 2465 597 2503 alia
626 2467 646 2488 *
675 2466 907 2505 huiusmodi.

323 2530 381 2555 12.
403 2519 444 2556 Si
463 2518 548 2567 quis
574 2527 703 2557 autem
733 2520 930 2568 diligenter
959 2521 1182 2570 consideret,
1208 2522 1339 2560 omnia

263 2583 363 2621 quae
392 2572 492 2610 dicta
517 2581 604 2610 sunt
628 2573 838 2622 aliqualiter
857 2587 951 2612 vera
979 2582 1076 2613 sunt.
1106 2575 1207 2613 Dicit
1235 2575 1339 2614 enim

262 2624 483 2662 Aristoteles
517 2626 623 2675 quod
649 2639 674 2664 a
705 2627 817 2664 stellis
852 2634 1061 2678 generatur
1097 2634 1134 2666 et
1168 2629 1275 2666 calor
1306 2635 1343 2666 et

263 2677 390 2715 lumen
407 2707 418 2725 ‚
451 2678 536 2716 trito
565 2691 655 2717 aere
682 2681 731 2717 ab
760 2680 912 2718 illorum
940 2681 1090 2720 latione.
1119 2682 1236 2729 Quod
1259 2695 1339 2720 non

264 2731 415 2768 videtur
442 2731 496 2769 sic
518 2732 804 2781 intelligendum
830 2734 938 2783 quasi
964 2736 983 2756 *
1007 2736 1111 2772 calor
1143 2743 1181 2772 et
1208 2737 1339 2773 lumen

265 2792 493 2833 generentur
514 2797 585 2834 per
603 2786 700 2824 aeris
721 2787 985 2824 contritionem
1015 2801 1061 2825 ex
1081 2796 1191 2826 motu
1220 2790 1339 2826 caele-

265 2837 379 2875 stium
400 2850 625 2888 corporum:
655 2852 734 2877 non
753 2840 856 2877 enim
876 2841 997 2889 agitur
1012 2841 1032 2862 ²¹⁸
1051 2841 1113 2878 hic
1129 2842 1176 2879 de
1195 2843 1356 2880 lumine.

265 2890 360 2939 ignis
388 2892 555 2940 generati
584 2905 631 2930 ex
659 2901 786 2941 motu,
815 2901 857 2931 ut
883 2894 988 2944 prius
1004 2896 1023 2916 ⁹⁸
1045 2894 1251 2944 dicebatur,
1272 2896 1340 2933 sed

230 2968 237 2974 -
267 2944 315 2981 de
334 2945 476 2982 lumine
497 2947 604 2995 quod
624 2954 800 2984 causatur
819 2948 867 2984 ab
887 2947 979 2997 ipsis
994 2948 1014 2969 ²³
1035 2948 1160 2997 stellis,
1181 2949 1340 2998 inquan-

231 3021 237 3027 ·
265 3004 346 3034 tum
375 3005 462 3035 sunt
480 2999 580 3036 entia
600 3000 620 3021 *
643 2999 768 3037 lucida
796 3000 835 3037 in
863 3008 960 3038 actu.
985 3002 1136 3051 Duplex
1166 3009 1222 3039 est
1250 3014 1340 3051 ergo

267 3062 382 3087 causa
410 3052 545 3089 caloris
570 3064 615 3089 ex
644 3053 870 3102 corporibus
890 3055 1114 3092 caelestibus
1142 3055 1180 3092 in
1208 3055 1266 3092 his
1285 3056 1340 3093 in-

231 3126 238 3133 ·
266 3103 467 3142 ferioribus
486 3105 654 3153 generati
680 3106 718 3142 *ε
747 3119 824 3144 una
849 3107 1007 3156 quidem
1029 3120 1144 3145 causa
1172 3117 1228 3146 est
1256 3122 1339 3146 mo-

265 3164 346 3205 tus,
376 3157 450 3194 alia
478 3170 593 3195 causa
631 3166 686 3196 est
713 3160 855 3197 lumen.
886 3161 1015 3208 Quare
1053 3169 1183 3199 autem
1212 3170 1340 3199 motus

267 3222 382 3248 causa
409 3210 455 3248 sit
484 3211 754 3261 calefactionis,
784 3225 899 3262 supra
928 3215 948 3236 *
978 3214 1121 3252 dictum
1151 3223 1216 3252 est.
1247 3216 1339 3252 Non

320 3368 349 3403 μ)
371 3369 479 3399 Quanto
497 3373 587 3395 autem
605 3371 647 3395 sol
665 3372 752 3404 magis
771 3372 872 3397 recedit
890 3379 908 3397 a
926 3373 1113 3398 summitate...
1132 3376 1159 3398 et
1178 3373 1237 3397 ideo
1260 3380 1340 3405 gene-

266 3407 355 3429 ratur.
367 3418 386 3423 -
398 3405 440 3430 Sic
455 3405 544 3438 legunt
558 3406 631 3438 AsE;
652 3406 672 3431 P
689 3406 797 3437 Quanto
815 3411 905 3433 autem
919 3409 960 3433 sol
978 3411 1017 3433 est
1031 3409 1118 3441 magis
1131 3408 1243 3437 distans,
1264 3411 1340 3432 tanto

266 3443 429 3473 generatum
453 3446 493 3465 est
511 3442 636 3466 correctio
655 3442 763 3468 lacunae
781 3443 808 3467 in
829 3443 920 3468 ceteris
940 3444 1080 3474 codicibus,
1100 3443 1278 3468 omittentibus
1293 3442 1340 3467 ho-

266 3475 428 3500 moteleuton
446 3476 548 3501 recedit
565 3484 583 3501 a
600 3478 787 3503 summitate...
800 3478 838 3512 sit
855 3479 893 3503 ad
916 3479 1013 3512 magis.
1036 3478 1225 3511 Adoptavimus
1251 3478 1339 3502 lectio-

267 3517 329 3534 nem
347 3511 385 3542 A,
405 3511 467 3543 quia
484 3511 628 3544 pleniorem
648 3520 758 3538 sensum
777 3518 802 3539 et
821 3514 904 3547 magis
924 3514 956 3539 ad
975 3519 1122 3538 contextum
1142 3513 1339 3538 accomodat-um

268 3545 379 3571 exhibet.
398 3546 419 3570 C
437 3547 532 3571 omittit
549 3550 577 3572 et
595 3548 663 3573 ideo.

321 3581 345 3613 ν)
360 3582 599 3614 proportionatum
619 3583 759 3616 unicuique
777 3585 894 3616 corpori.
912 3597 931 3602 -
950 3584 968 3608 P
983 3591 1036 3608 om.
1057 3583 1197 3615 unicuique
1215 3582 1336 3614 corpori,

267 3616 314 3640 sed
327 3623 419 3642 omnes
434 3617 510 3643 codd.
524 3617 621 3644 habent
632 3618 695 3644 haec
715 3619 807 3650 verba,
827 3625 852 3644 et
870 3620 937 3644 bene
955 3624 984 3643 ut
1001 3619 1109 3646 videtur,
1128 3618 1162 3642 ob
1183 3617 1336 3642 determina-

1396 263 1548 301 LECT.
1578 265 1614 300 X

1401 348 1456 377 est
1475 349 1603 378 autem
1632 342 1916 391 intelligendum
1937 347 2042 394 quod
2061 355 2194 384 mutua
2214 347 2386 387 contritio
2409 350 2471 387 vel

1401 394 1618 431 confricatio
1657 396 1827 445 corporis
1865 399 2034 436 caelestis
2067 407 2103 436 et
2141 401 2236 437 aeris
2274 402 2319 438 sit
2356 415 2470 440 causa

1400 447 1553 494 caloris;
1578 449 1648 486 sed
1675 450 1798 487 solum
1818 458 1947 488 motus
1967 452 2063 489 aeris
2084 464 2128 489 ex
2157 454 2342 503 superiori
2361 463 2470 492 motu

1400 501 1569 538 caelestis
1604 502 1774 551 corporis
1810 511 1995 541 causatus.
2032 506 2213 543 Movetur
2245 514 2371 544 autem
2405 520 2471 545 aer

1399 554 1597 602 superior,
1631 563 1668 591 et
1702 555 1871 593 similiter
1907 557 2027 605 ignis,
2062 560 2275 596 secundum
2318 567 2468 597 motum

1400 605 1580 643 diurnum
1610 608 1702 645 caeli
1730 608 1860 657 totius,
1886 612 2100 648 secundum
2124 612 2304 649 virtutem
2325 613 2413 650 solis
2433 621 2470 650 et

2404 269 2475 316 159

1399 658 1576 695 omniurn
1605 661 1808 708 stellarum,
1837 670 1879 699 ut
1906 665 2100 701 Averroes
2129 663 2228 702 dicit.
2244 686 2268 694 -
2291 666 2467 703 Secunda

1399 717 1527 747 autem
1566 724 1679 749 causa
1717 715 1969 753 calefactionis
2005 729 2211 766 corporum
2244 718 2467 756 inferiorum

1398 763 1447 799 ab
1477 763 1595 811 astris,
1626 773 1662 801 et
1688 767 1892 816 praecipue
1920 782 1942 806 a
1971 770 2062 817 sole,
2094 778 2150 808 est
2176 772 2318 808 lumen.
2350 772 2467 818 Quod

1398 815 1555 864 quidem
1575 818 1690 854 habet
1703 819 1882 857 virtutem
1903 823 2147 861 calefaciendi
2165 823 2391 874 inquantum
2413 832 2469 861 est
2494 864 2496 866 ,

1397 869 1556 917 qualitas
1586 870 1708 908 activa
1739 873 1758 893 *
1786 873 1897 920 primi
1932 876 2146 925 alterantis‚
2177 877 2317 914 scilicet
2351 878 2466 924 caeli3

1396 923 1501 959 unde
1529 923 1550 943 ’⁸
1584 923 1723 960 directe
1762 934 1890 963 causat
1921 929 2139 976 qualitatem
2175 930 2342 979 primam
2374 930 2468 967 infe-

1398 974 1542 1012 riorum
1570 988 1794 1025 corporum,
1825 991 1923 1027 quae
1953 989 2008 1018 est
2035 983 2147 1020 calor.
2179 984 2228 1020 Et
2256 984 2344 1032 quia
2371 984 2468 1020 haee

1397 1028 1572 1076 qualitas,
1603 1029 1743 1066 scilicet
1771 1031 1912 1079 lumen,
1943 1035 2063 1082 magis
2101 1036 2271 1073 abundat
2298 1037 2337 1074 in
2365 1037 2466 1084 sole,

1397 1080 1486 1118 inde
1515 1090 1571 1119 est
1597 1084 1704 1131 quod
1733 1091 1790 1120 est
1817 1085 1982 1122 maxime
2002 1096 2138 1136 potens
2165 1089 2215 1126 ad
2244 1089 2466 1126 calefacien-

1398 1133 1504 1172 dum.
1540 1135 1702 1184 Reliqua
1734 1144 1863 1173 autem
1898 1140 2113 1178 caelestium
2148 1154 2355 1191 corporum
2374 1171 2383 1189 ,
2413 1142 2467 1179 in-

1398 1195 1584 1235 quantum
1612 1189 1839 1238 participant
1859 1190 1906 1227 de
1930 1192 2092 1241 lumine,
2121 1207 2220 1242 quae
2241 1203 2297 1232 est
2315 1195 2467 1232 univer-

1397 1239 1483 1276 salis
1510 1240 1629 1278 virtus
1659 1242 1781 1279 activa
1820 1244 2041 1282 caelestium
2071 1259 2296 1296 corporum,
2326 1249 2469 1285 habent

1395 1292 1575 1330 virtutem
1597 1295 1856 1342 calefaciendi3
1878 1297 2184 1348 intantum.quod
2206 1301 2319 1338 etiam
2335 1302 2467 1338 lumen

1396 1346 1509 1383 lunae
1539 1354 1594 1383 est
1623 1348 1906 1398 calefactivum,
1935 1352 2147 1390 secundum
2177 1354 2215 1391 id
2247 1355 2351 1403 quod
2379 1354 2468 1391 Phi-

1396 1399 1580 1448 losophus
1610 1400 1697 1438 dicit
1725 1401 1764 1438 in
1792 1402 1886 1440 libro
1915 1404 1961 1440 de
1987 1405 2161 1443 Partibus
2179 1407 2414 1444 Animalium
2434 1407 2466 1453 *,

1396 1454 1502 1501 quod
1531 1461 1662 1491 noctes
1689 1455 1883 1503 plenilunii
1913 1465 1999 1494 sunt
2027 1458 2240 1507 calidiores,
2261 1460 2365 1497 unde
2384 1460 2467 1510 qui—

1396 1505 1486 1542 dam
1505 1505 1629 1554 pisces
1649 1516 1854 1545 moventur
1868 1509 1916 1547 ad
1937 1511 2177 1559 superficiem
2203 1525 2324 1561 aquae
2354 1514 2385 1549 ³³.

1450 1559 1568 1606 Quod
1597 1567 1725 1597 autem
1755 1563 1945 1609 quaedam
1965 1571 2064 1600 astra
2093 1565 2263 1602 dicantur
2283 1566 2302 1586 ²⁸
2331 1566 2468 1613 infrigi-

1395 1613 1487 1649 dare
1506 1612 1568 1648 vel
1587 1613 1820 1661 humectare,
1841 1616 2033 1653 Averroes
2062 1617 2099 1653 in
2121 1618 2351 1655 Commento
2382 1619 2469 1656 dicit

1394 1665 1470 1702 hoc
1484 1677 1563 1702 non
1583 1678 1666 1703 esse
1685 1679 1755 1715 per
1774 1679 1826 1714 se,
1844 1668 1911 1705 sed
1927 1668 2152 1718 inquantum
2167 1679 2282 1719 agunt
2302 1673 2467 1708 calorem

1393 1718 1724 1768 proportionatum
1753 1720 1957 1770 unicuique
1988 1724 2139 1772 corpori
2157 1730 2183 1760 ¹¹:
2209 1725 2313 1762 unde
2343 1737 2467 1774 repre-

1394 1771 1526 1809 hendit
1544 1772 1795 1821 Avicennam,
1817 1774 1879 1823 qui
1896 1774 1983 1812 dicit
2001 1777 2107 1824 quod
2126 1778 2254 1814 stellae
2274 1777 2413 1814 faciunt
2433 1785 2469 1814 et

1394 1825 1712 1873 infrigidationem
1733 1835 1769 1863 et
1789 1828 2120 1866 calefactionem·
2138 1831 2215 1867 Sed
2236 1831 2272 1868 in
2296 1832 2370 1868 hoc
2390 1844 2469 1868 non

1396 1886 1496 1916 recte
1526 1879 1614 1916 dicit
1641 1882 1844 1918 Averroes.
1873 1882 1968 1919 Illud
1989 1882 2090 1919 enim
2118 1883 2269 1921 videtur
2289 1896 2371 1921 esse
2399 1896 2467 1933 per

1395 1932 1583 1980 accidens,
1606 1933 1710 1981 quod
1730 1945 1808 1970 non
1836 1946 1905 1982 per
1924 1947 1964 1972 se
1992 1936 2214 1984 producitur
2242 1938 2289 1974 ab
2319 1945 2466 1985 agente.

1396 1986 1570 2034 Corpora
1607 1994 1736 2023 autem
1765 1983 1779 2010 ε
1816 1988 1989 2025 caelestia
2027 1997 2114 2026 sunt
2151 1990 2297 2038 agentia
2335 2002 2468 2027 eorum

1395 2051 1494 2088 quae
1524 2047 1611 2076 sunt
1638 2039 1710 2076 hic.
1742 2040 1782 2076 Si
1810 2040 1920 2088 igitur
1943 2054 2022 2079 non
2041 2055 2110 2091 per
2129 2055 2168 2080 se
2195 2051 2348 2091 agerent
2371 2043 2469 2091 frigi-

1395 2093 1550 2130 ditatem
1580 2100 1616 2130 et
1638 2093 1903 2131 humiditatem
1929 2102 1964 2132 et
1992 2095 2063 2132 alia
2084 2096 2317 2144 huiusmodi,
2334 2109 2467 2145 seque-

1395 2154 1498 2184 retur
1519 2146 1624 2195 quod
1652 2146 1722 2183 ista
1751 2155 1875 2184 essent
1902 2160 1972 2197 per
2001 2149 2176 2186 accidens
2205 2150 2243 2186 in
2275 2150 2467 2186 universo.

1396 2202 1503 2248 Item,
1525 2212 1613 2236 cum
1632 2211 1769 2237 omnes
1797 2200 1944 2238 formae
1965 2202 2228 2239 substantiales
2248 2203 2467 2240 inferiorum

1395 2265 1602 2302 corporum
1640 2253 1713 2290 sint
1741 2266 1785 2290 ex
1813 2254 1950 2291 virtute
1989 2256 2208 2293 caelestium
2238 2268 2466 2306 corporum,

1394 2319 1635 2355 consequens
1665 2313 1721 2343 est
1744 2307 1849 2356 quod
1873 2320 1919 2344 ex
1944 2320 2079 2346 eorum
2098 2309 2234 2346 virtute
2255 2310 2327 2346 sint
2356 2309 2468 2347 etiam

1395 2360 1592 2410 qualitates
1626 2368 1904 2409 consequentes
1934 2362 2079 2410 species
2108 2375 2175 2399 seu
2205 2363 2345 2400 formas
2364 2368 2376 2383 ⁰
2397 2363 2468 2399 ele-

1394 2421 1629 2462 mentorum,
1657 2425 1756 2462 quae
1785 2421 1872 2451 sunt
1900 2414 2086 2462 calidum,
2117 2415 2315 2464 frigidum,
2344 2416 2467 2453 humi-

1396 2467 1490 2505 dum
1519 2474 1556 2504 et
1583 2466 1739 2515 siccum,
1767 2475 1804 2504 et
1832 2467 1903 2504 alia
1931 2467 2164 2506 huiusmodi.

1448 2521 1667 2558 Dicendum
1697 2528 1752 2558 est
1780 2532 1869 2569 ergo
1889 2521 1996 2570 quod
2024 2522 2156 2559 omnia
2185 2535 2347 2572 corpora
2385 2534 2466 2559 cae-

1394 2574 1512 2623 lestia,
1542 2573 1756 2612 secundum
1785 2586 2035 2612 communem
2058 2575 2237 2613 virtutem
2263 2575 2414 2613 luminis
2433 2576 2465 2622 ³¹²,

1395 2629 1539 2665 habent
1567 2627 1794 2674 calefacere;
1828 2629 1896 2666 sed
1923 2629 2136 2666 secundum
2170 2630 2261 2666 alias
2294 2629 2466 2678 proprias

1394 2682 1552 2719 virtutes
1571 2680 1725 2729 singulis
1754 2681 1979 2730 corporibus
2000 2682 2207 2730 attributas,
2228 2683 2369 2719 habent
2389 2694 2465 2718 uon

1395 2736 1523 2772 solum
1552 2735 1756 2772 calefacere
1786 2742 1823 2772 et
1849 2735 2074 2783 infrigidare,
2093 2736 2159 2773 sed
2190 2735 2301 2772 etiam
2330 2747 2464 2772 omnes

1395 2789 1489 2826 alios
1519 2787 1677 2825 effectus
1707 2789 1923 2837 corporales
1944 2789 2095 2826 efficere
2116 2789 2154 2826 in
2178 2788 2255 2825 istis
2283 2787 2464 2824 inferiori-

1396 2843 1480 2879 bus.
1501 2842 1551 2879 Et
1567 2842 1586 2862 *
1606 2843 1820 2879 secundum
1840 2841 2077 2879 influentiam
2097 2841 2246 2878 luminis
2272 2848 2308 2877 et
2324 2842 2461 2877 harum

1394 2896 1591 2943 virtutum,
1607 2907 1744 2932 verum
1760 2904 1816 2933 est
1827 2895 1847 2916 *
1862 2895 1968 2944 quod
1982 2895 2198 2932 Alexander
2218 2893 2318 2940 dixit,
2335 2893 2462 2930 media

1397 2961 1560 2997 corpora
1579 2948 1755 2986 caelestia
1774 2948 1942 2997 recipere
1961 2948 2250 2996 impressionem
2279 2946 2367 2982 solis
2389 2945 2461 2982 alio

1396 3002 1515 3039 modo
1545 3014 1662 3050 quarn
1692 3014 1854 3051 corpora
1882 3001 2068 3038 inferiora.

1450 3056 1518 3092 Est
1532 3055 1642 3103 igitur
1658 3054 1976 3092 considerandum
1994 3053 2109 3102 quod,
2126 3051 2337 3089 secundum
2357 3051 2461 3100 quod

1397 3109 1500 3145 calor
1529 3116 1702 3145 causatur
1720 3108 1760 3145 in
1783 3106 2021 3144 inferioribus
2048 3105 2268 3154 corporibus
2289 3116 2334 3141 ex
2354 3112 2461 3141 motu

1396 3169 1585 3198 astrorum
1624 3169 1660 3198 et
1696 3161 1808 3197 totius
1846 3159 1962 3206 caeli,
1994 3171 2154 3207 corpora
2189 3157 2462 3207 propinquiora

1397 3215 1514 3262 caelo,
1550 3214 1689 3250 scilicet
1716 3213 1810 3261 ignis
1840 3219 1876 3248 et
1903 3211 2075 3260 superior
2099 3211 2192 3248 aeris
2220 3223 2327 3259 pars,
2363 3222 2460 3260 quae

1394 3372 1492 3396 tionem
1510 3371 1551 3395 hic
1570 3371 1703 3395 intentam.
1715 3384 1734 3389 -
1747 3370 1838 3394 Statim
1856 3378 1904 3402 pro
1924 3370 2001 3399 dicit,
2021 3370 2095 3395 codd.
2115 3370 2201 3400 dixit,·
2221 3371 2240 3395 P
2255 3371 2349 3396 omittit
2362 3375 2389 3396 et
2402 3377 2461 3397 ante

1395 3406 1634 3440 infrigidationem.
1652 3419 1671 3424 -
1690 3406 1740 3429 Pro
1760 3405 1814 3430 Sed
1833 3405 1859 3430 in
1880 3406 1943 3434 hoc,
1962 3406 1985 3430 A
2005 3406 2059 3431 Sed
2077 3406 2140 3434 hoc,·
2159 3414 2207 3439 pro
2226 3406 2292 3431 dicit
2314 3408 2462 3437 Averroes,

1395 3442 1470 3466 dixit
1487 3443 1618 3466 averroes
1637 3441 1747 3465 codices.

1449 3475 1472 3509 ξ)
1496 3477 1616 3507 Corpora
1639 3479 1727 3500 autem
1746 3489 1765 3494 -
1783 3475 1834 3500 Pro
1852 3479 1957 3505 autem,
1982 3476 2051 3501 enim
2072 3476 2101 3501 P.
2119 3490 2139 3495 -
2157 3476 2208 3501 Pro
2226 3477 2336 3510 agentia
2354 3484 2459 3507 eorum,

1394 3512 1466 3544 quod
1481 3511 1575 3536 habent
1588 3511 1667 3540 ABsI,
1680 3511 1769 3535 activa
1784 3514 1904 3542 respectu
1917 3518 2008 3536 eorum
2023 3511 2050 3542 P,
2063 3511 2152 3536 activa
2167 3519 2258 3537 eorum
2270 3512 2362 3545 DEpF,
2372 3513 2460 3538 activa

1388 3554 1441 3578 per
1459 3553 1487 3571 se
1505 3553 1597 3571 eorum
1617 3546 1660 3576 sF,
1680 3546 1828 3571 accidentia
1847 3553 1938 3571 eorum
1959 3547 2042 3580 CGpI.

1447 3582 1472 3614 o)
1487 3581 1585 3613 species
1598 3588 1643 3606 seu
1651 3581 1768 3614 formas.
1780 3595 1799 3600 —
1812 3588 1857 3606 seu
1869 3582 1978 3615 formas
1992 3590 2045 3607 om.
2060 3590 2152 3607 omnes
2166 3583 2254 3614 codd.;
2270 3583 2331 3607 item
2344 3583 2388 3608 lin.
2402 3591 2459 3615 seq.

1392 3624 1445 3641 om.
1465 3616 1602 3641 humidum
1622 3617 1663 3641 vel
1681 3617 1819 3642 humidum
1838 3620 1871 3642 et.

2496 887 2504 895 ·
2520 887 2593 907 activi
2605 893 2628 908 Ρ.

2495 940 2504 949 “
2522 941 2545 960 et
2559 946 2580 965 P,
2595 941 2621 960 ut
2639 939 2709 961 codd.

2495 971 2545 986 exc.
2559 972 2608 987 Ast-2.

2496 1415 2505 1423 “
2515 1414 2567 1436 Lib.
2575 1414 2615 1441 lv,
2625 1420 2677 1441 cap.
2687 1421 2708 1435 v.

2496 1521 2505 1530 ³
2516 1525 2594 1547 aquae
2609 1526 2657 1541 om.
2667 1525 2708 1541 co-

2496 1546 2560 1567 dices
2575 1552 2624 1567 exc.
2640 1553 2663 1567 Α.

2496 1578 2505 1587 ·
2521 1577 2630 1599 dicuntur
2643 1584 2665 1599 Α.

2495 2583 2503 2591 *
2515 2581 2606 2602 virtutis
2617 2586 2630 2602 G
2642 2588 2647 2607 ς
2658 2586 2705 2602 om.

2490 2850 2501 2860 ⁸
2515 2850 2546 2871 Et
2560 2855 2636 2871 omni.

2490 2898 2499 2906 ·
2515 2898 2585 2918 elsam
2599 2897 2681 2918 ΗΜΛ.
2692 2907 2702 2912 -

2491 2924 2548 2945 dicit
2561 2930 2595 2945 pt.
