2690 4062
1044 219 1289 264 CAP.VHL

219 296 394 340 superius,
425 295 510 327 sicut
533 294 708 338 ecnephias
739 295 920 338 procedens
950 307 989 328 ex
1012 296 1099 328 nube
1134 307 1194 339 pro
1221 294 1288 328 ellit

219 340 330 391 ipsum
350 338 501 372 inferius:
527 339 617 382 quod
641 347 690 371 est
713 338 924 372 manifestum
948 340 1091 383 signum,
1139 351 1183 372 uo
1223 340 1288 383 spi-

219 392 301 416 ntus
324 383 413 416 intus
437 383 584 415 inclusus
608 391 657 415 est
681 394 778 416 causa
802 391 1028 416 terraemotus.
1058 384 1100 416 Et
1147 395 1187 417 oc
1211 383 1289 416 dicit

219 438 291 461 esse
307 426 431 460 factum
445 435 597 470 tempore
621 438 683 460 suo
704 428 787 460 circa
804 427 1008 467 Heracleam,
1024 428 1188 461 civitatem
1228 439 1288 460 uae

219 479 270 504 est
292 472 327 504 in
349 471 485 514 regione
509 471 628 511 Ponti,
653 479 686 504 et
708 470 858 504 similiter
881 472 965 504 circa
990 472 1123 504 Sacram
1146 472 1219 504 insu
1235 482 1288 504 arn

220 527 304 560 quae
328 514 447 548 dicitur
469 514 635 554 Vulcani,
664 523 697 548 et
719 523 769 547 est
791 526 858 548 una
882 514 922 548 de
946 515 1061 548 insulis
1085 515 1203 556 Aeoli,
1232 516 1288 559 qui

219 558 431 604 reputabatur
447 558 486 592 ab
503 559 647 603 antiquis
672 558 759 592 illius
778 560 922 602 regionis
940 559 1020 592 deus
1036 568 1223 592 ventorum.
1249 559 1290 592 Et

219 612 354 648 propter
377 602 624 637 multitudinem
648 602 862 636 exhalationis
886 604 921 636 in
948 602 1011 636 illis
1034 603 1116 636 locis
1141 602 1289 647 quando-

220 659 284 693 que
302 656 386 681 terra
402 648 519 692 incipit
537 648 756 680 intumescere
779 659 838 691 per
861 647 1002 680 modum
1019 646 1124 687 collis,
1139 656 1172 679 et
1188 658 1289 679 sonos

218 703 359 736 magnos
383 700 504 725 causat.
534 692 576 725 Et
599 690 654 724 illa
678 691 840 724 exhalatio
865 691 1065 736 quandoque
1090 690 1232 731 effluxit,
1257 699 1290 723 et

219 735 359 770 elevavit
382 747 496 769 secum
518 734 663 769 favillam
687 744 720 768 et
743 736 907 776 cinerem,
932 747 972 768 ex
995 747 1035 768 eo
1060 735 1151 780 quod
1175 744 1247 768 tum
1271 746 1289 768 a

219 779 382 814 caliditate
412 779 478 814 loci
517 788 590 813 tum
613 792 631 813 a
654 779 842 813 vehementi
873 789 967 813 motu
996 780 1099 823 ignita
1127 787 1233 819 esset,
1258 787 1290 812 et

219 824 455 869 Liparaeorum
479 824 645 857 civitatem
674 835 744 858 non
768 823 867 868 longe
891 825 1085 857 existentem
1110 823 1290 856 combussit

218 877 252 902 et
266 869 469 909 incineravit,
487 877 520 903 et
538 867 605 902 fere
628 868 781 902 inutilem
804 868 955 908 reddidit,
972 877 1005 901 et
1020 869 1169 912 pervenit
1184 879 1289 912 usque

217 912 260 947 ad
312 912 450 946 uasdam
480 913 627 946 civitates
655 912 855 947 Italicorum.
881 913 923 946 Et
950 912 1005 946 illa
1035 913 1134 946 etiam
1162 911 1290 945 exhala-

217 957 267 1036 ’ἒίο
315 957 410 990 'citur
433 968 505 990 esse
529 969 626 991 causa
653 957 739 1001 ignis
768 958 914 1001 generati
937 958 971 990 in
995 956 1160 1001 praedicta
1182 955 1290 989 insula

215 1025 218 1028 -
243 1009 332 1035 tuae.

272 1056 303 1089 9.
329 1045 485 1079 Secundo
508 1045 570 1079 ibi:
594 1046 820 1089 Argumentum
843 1052 944 1079 autem
967 1052 1008 1079 est
1029 1053 1102 1086 etc.‚
1126 1044 1222 1089 ponit
1240 1056 1289 1077 se-

218 1089 367 1124 cundum
399 1090 533 1134 signum
563 1098 736 1134 sumptum
766 1102 807 1124 ex
829 1089 880 1123 his
905 1101 988 1134 quae
1014 1089 1172 1132 ,accidunt
1206 1089 1290 1121 circa

218 1141 348 1168 terram.
380 1134 422 1168 Et
445 1134 524 1168 dicit
547 1134 638 1179 quod
667 1133 756 1168 aliud
780 1142 1012 1178 argumentum
1040 1134 1109 1166 sive
1133 1133 1288 1176 signum,

218 1177 490 1223 quodjxhalatio
513 1180 599 1212 sicca
622 1178 703 1212 fluat
725 1178 760 1211 in
783 1187 877 1218 terra,
897 1187 946 1211 est
969 1178 1058 1223 quia,
1075 1189 1151 1210 cum
1170 1186 1288 1210 ventus

217 1230 329 1256 auster
354 1231 405 1256 est
422 1222 552 1256 futurus
575 1222 653 1256 flare
677 1223 712 1255 in
735 1222 790 1256 illa
812 1222 966 1266 regione,
989 1230 1069 1255 tunc
1089 1220 1289 1266 praesignifi-

218 1274 311 1301 catur
332 1266 430 1300 flatus
453 1267 524 1300 eius
548 1278 607 1311 per
635 1278 775 1307 sonum,
804 1266 926 1300 factum
949 1267 984 1299 in
1015 1265 1078 1298 illis
1102 1265 1217 1298 insulis
1250 1265 1289 1309 fin

217 1319 310 1356 parte
325 1310 380 1344 illa
394 1311 430 1344 in
447 1323 511 1355 qua
530 1310 626 1344 debet
640 1311 711 1344 fieri
727 1310 910 1344 exsufflatio
927 1311 1008 1343 eius.
1034 1310 1076 1343 Et
1091 1309 1189 1342 huius
1206 1310 1288 1342 ratio

217 1362 285 1396 est,
309 1355 388 1400 quia
410 1367 500 1388 mare
523 1367 542 1388 a
565 1356 700 1388 remotis
724 1354 919 1399 propellitur
949 1354 988 1387 ab
1017 1362 1129 1387 austro
1153 1353 1194 1387 ad
1217 1353 1288 1387 illas

217 1398 353 1441 insulas,
372 1408 405 1433 et
423 1408 533 1433 auster
555 1400 655 1432 etiam
678 1399 807 1443 repellit
829 1398 1071 1432 exhalationem
1090 1397 1208 1431 factam
1235 1410 1288 1431 ex-

217 1443 320 1478 terius
343 1452 377 1477 et
391 1452 480 1478 extra
496 1452 616 1477 terram
635 1443 717 1477 *ad
736 1444 834 1484 intra,
859 1442 975 1476 saltem
998 1442 1032 1475 in
1056 1441 1110 1475 illa
1133 1451 1223 1486 parte
1254 1442 1289 1475 in

177 1488 179 1491 ”
217 1499 284 1533 qua
306 1496 391 1522 terra
413 1499 513 1532 super
552 1487 660 1521 editur
681 1498 788 1520 mare:
813 1495 846 1520 et
868 1486 923 1520 illa
947 1485 1109 1520 exhalatio
1128 1485 1290 1520 violenter

217 1531 260 1566 ad
279 1532 417 1566 interius
440 1544 521 1576 repu
535 1543 571 1565 sa
593 1531 736 1576 percutit
757 1540 866 1576 partes
890 1540 1009 1571 terrae,
1033 1539 1066 1564 et
1088 1530 1165 1564 facit
1187 1542 1289 1575 quan-

217 1576 330 1622 doque
345 1587 468 1610 sonum
484 1577 554 1609 sine
571 1584 780 1609 terraemotu.
795 1576 836 1609 Et
851 1575 916 1609 hoc
931 1583 1068 1619 propter
1079 1574 1162 1609 duo:
1180 1575 1289 1620 primo

240 1629 354 1666 ropter
375 1619 628 1665 amplitudinem
651 1619 805 1653 locorum
828 1619 869 1654 ad
893 1621 992 1660 intra,
1016 1619 1057 1653 ad
1082 1631 1166 1664 quae
1190 1619 1289 1653 exha-

217 1632 298 1699 Ettio
313 1664 492 1709 repellitur,
517 1676 600 1709 quae
624 1673 702 1697 sunt
725 1665 951 1708 capacissima:
976 1672 1009 1697 et
1032 1663 1108 1697 ideo
1127 1665 1290 1708 recipiunt

216 1709 253 1744 in
270 1720 307 1744 se
330 1708 572 1743 exhalationem
596 1720 673 1742 cum
697 1720 782 1742 sono
806 1709 876 1742 sine
899 1717 1118 1749 terraemotu;
1142 1708 1289 1741 secundo

240 1762 354 1799 ropter
376 1754 575 1798 paucitatem
599 1753 733 1797 spiritus
757 1764 815 1786 seu
835 1753 917 1786 aeris
936 1751 1060 1796 repulsi
1078 1752 1120 1786 ad
1140 1753 1288 1786 interius.

217 1765 333 1833 gotest
348 1799 448 1832 etiam
463 1797 621 1841 assignari
637 1796 698 1830 alia
714 1797 797 1830 ratio
813 1797 924 1838 huius,
941 1797 1017 1841 quia
1031 1805 1151 1830 ventus
1167 1806 1287 1838 auster,

217 1854 296 1877 cum
326 1843 368 1876 sit
400 1841 524 1876 calidus
552 1850 589 1874 ut
611 1841 763 1885 superius
787 1841 963 1886 probatum
993 1849 1064 1881 est,
1093 1853 1162 1874 non
1186 1850 1289 1874 totam

217 1886 460 1921 exhalationem
482 1885 611 1930 repellit
633 1885 674 1919 ad
698 1886 793 1926 intra,
817 1885 874 1919 sed
899 1897 958 1919 sua
982 1884 1143 1919 caliditate
1163 1894 1290 1930 partem

217 1930 382 1976 disgregat
414 1939 447 1964 et
473 1930 579 1964 elevat
601 1941 747 1963 sursum:
777 1938 809 1963 et
832 1929 908 1963 ideo
931 1938 1067 1975 propter
1090 1930 1290 1974 paucitatem

218 1974 434 2010 exhalationis
450 1974 600 2019 repulsae
617 1973 658 2008 ad
674 1975 758 2007 intra
773 1973 811 2007 fit
826 1986 929 2008 sonus
946 1975 1016 2008 sine
1031 1982 1241 2007 terraemotu.

276 2030 328 2054 10.
353 2018 483 2054 Deinde
512 2030 589 2052 cum
613 2018 708 2052 dicit:
733 2018 843 2052 Adhuc
866 2019 938 2064 fieri
959 2017 1050 2052 solem
1069 2027 1148 2059 etc.‚
1173 2018 1291 2063 probat

216 2063 306 2099 idem
329 2075 387 2108 per
409 2064 503 2108 signa
526 2075 566 2096 ex
589 2062 640 2096 his
664 2074 748 2108 quae
772 2072 931 2107 apparent
958 2063 1118 2106 superius.
1144 2063 1186 2096 Et
1209 2062 1290 2096 divi-

217 2107 307 2143 ditur
321 2109 356 2142 in
371 2117 436 2142 tres
452 2117 572 2152 partes,
597 2107 782 2141 secundum
806 2107 897 2152 quod
920 2108 981 2141 tria
1004 2116 1081 2141 sunt
1096 2107 1189 2151 signa
1206 2119 1290 2151 quae

217 2153 323 2199 ponit.
349 2153 446 2187 Circa
469 2153 615 2196 primurn
638 2160 750 2185 autem
774 2152 907 2195 signum
931 2151 1020 2193 dicit,
1042 2151 1133 2196 quod
1156 2152 1289 2194 signum

218 2196 310 2243 quod
333 2205 446 2231 motus
470 2196 684 2230 exhalationis
707 2197 742 2229 in
766 2205 850 2229 terra
878 2197 920 2229 sit
946 2196 1147 2240 principium
1171 2204 1290 2228 terrae-

217 2250 346 2283 motus,
375 2250 425 2275 est
448 2241 526 2286 quia
547 2240 735 2285 frequenter
759 2241 922 2284 contingit
945 2241 1029 2274 circa
1052 2248 1288 2273 terraemotum

218 2285 324 2320 solem
346 2285 417 2319 fieri
441 2285 658 2329 caliginosum
682 2293 715 2318 et
738 2283 917 2317 obscurum
944 2285 1015 2318 sine
1038 2284 1289 2328 interpositione

217 2329 327 2371 nubis,
342 2338 376 2363 et
390 2330 490 2363 etiam
509 2338 584 2363 ante
603 2337 821 2362 terraemotus
836 2329 1018 2362 matutinos
1033 2337 1071 2362 ut
1085 2327 1132 2362 fre
1156 2329 1289 2362 uentius

218 2374 382 2418 contingit
401 2373 472 2408 fieri
492 2373 760 2419 tranquillitatem
777 2382 809 2406 et
824 2373 1003 2407 vehemens
1019 2373 1133 2417 frigus.
1178 2382 1191 2406 t
1206 2373 1289 2406 ratio

217 2419 316 2464 primi
339 2427 405 2459 est,
452 2419 506 2452 uia
529 2418 584 2452 illa
607 2417 770 2452 exhalatio
795 2426 827 2451 et
850 2418 984 2462 spiritus
1015 2418 1072 2462 qui
1103 2429 1165 2450 suo
1194 2425 1288 2450 motu

217 2462 366 2498 rarefacit
381 2471 414 2496 et
452 2463 596 2514 isgregat
619 2473 743 2502 aerem,
762 2462 878 2505 incipit
897 2461 1063 2495 discedere
1087 2470 1120 2494 et
1135 2461 1289 2505 progredi

217 2506 333 2542 subtus
349 2516 479 2548 terram,
497 2515 529 2540 et
544 2506 621 2540 ideo
638 2518 692 2540 aer
707 2505 902 2550 relinquitur
916 2506 1074 2540 humidus
1091 2514 1124 2539 et
1138 2517 1288 2549 grossus:

217 2561 251 2586 et
274 2563 314 2586 ex
336 2551 401 2585 hoc
424 2550 477 2585 sol
499 2552 557 2596 qui
580 2562 639 2595 per
660 2551 772 2595 ipsum
795 2550 944 2591 videtur,
976 2550 1106 2584 videtur
1129 2549 1290 2583 obscurus

218 2597 289 2630 sine
307 2595 406 2630 nube.
431 2596 473 2630 Et
491 2596 591 2629 etiam
615 2596 691 2640 quia
714 2596 785 2639 ipse
808 2595 942 2639 spiritus
962 2596 1019 2639 qui
1037 2594 1234 2639 propellitur
1249 2594 1290 2627 ad

218 2649 350 2681 terram,
365 2641 485 2685 partim
502 2651 675 2673 remanens
691 2641 726 2673 in
741 2650 815 2673 aere
831 2640 1020 2684 propinquo
1037 2648 1140 2672 terrae
1155 2647 1291 2683 propter

218 2683 430 2729 frigiditatem
453 2693 556 2718 terrae
580 2693 613 2718 et
635 2695 758 2728 aquae,
786 2682 930 2727 frigescit
953 2692 986 2716 et
1008 2685 1228 2727 ingrossatur:
1259 2692 1291 2716 et

218 2728 295 2763 ideo
311 2729 487 2774 oppositus
501 2729 588 2762 visui
603 2737 719 2762 nostro
735 2727 874 2773 impedit
890 2727 986 2761 nobis
1004 2727 1182 2761 claritatem
1199 2726 1287 2760 solis.

218 2773 272 2807 Fit
294 2781 406 2807 autem
428 2772 645 2818 tranquillitas
670 2781 703 2806 et
725 2772 828 2817 frigus
852 2784 892 2805 ex
914 2772 990 2813 hoc,
1015 2772 1091 2816 quia
1115 2771 1170 2805 illa
1193 2771 1290 2804 exha-

218 2817 298 2851 latio
326 2818 412 2851 sicca
442 2826 475 2851 et
506 2817 610 2851 calida
639 2825 830 2851 commovet
860 2828 990 2857 aerem,
1020 2828 1096 2849 cum
1125 2824 1162 2849 ut
1190 2827 1290 2859 supra

219 2861 346 2896 dictum
369 2870 429 2901 est,
453 2861 508 2895 illa
531 2862 574 2895 sit
597 2862 731 2895 materia
754 2870 941 2901 ventorum,
965 2869 998 2893 et
1021 2861 1120 2893 etiam
1145 2859 1291 2893 calefacit

219 2906 347 2958 ipsum:
372 2905 430 2940 sed
449 2906 583 2951 quando
607 2906 648 2940 ad
671 2907 755 2939 intra
778 2905 985 2950 propellitur,
1009 2914 1087 2938 tunc
1103 2916 1162 2949 per
1177 2903 1290 2937 absen-

219 2958 300 2984 tiam
315 2961 410 2984 suam
426 2949 502 2984 facit
518 2951 552 2984 in
568 2962 642 2984 aere
662 2951 867 2995 oppositum,
884 2949 1008 2982 scilicet
1023 2948 1290 2994 tranquillitatem

219 3003 253 3028 et
271 2994 393 3038 ffigus:
418 2994 533 3028 eadem
557 2995 646 3028 enim
670 3006 767 3028 causa
791 2994 867 3028 facit
890 2993 1089 3038 quandoque
1107 3004 1212 3026 unum
1231 3004 1290 3036 per

220 3050 273 3080 se,
301 3047 334 3072 et
357 3039 551 3090 oppositum
581 3051 641 3084 per
668 3039 830 3072 accidens.
858 3038 987 3072 Accidit
1014 3046 1125 3071 autem
1148 3038 1291 3070 maxima

219 3082 436 3128 tranquillitas
459 3084 651 3128 praesertim
679 3092 754 3117 ante
777 3083 920 3116 maiores
943 3090 1174 3122 terraemotus,
1199 3080 1290 3114 velut

219 3128 355 3161 materia
377 3139 447 3161 non
471 3128 513 3161 sit
536 3128 640 3162 divisa
663 3127 723 3161 sub
741 3136 773 3161 et
789 3139 897 3172 supra,
922 3126 980 3160 sed
1003 3135 1072 3159 tota
1095 3125 1226 3170 repulsa
1243 3134 1292 3158 est

220 3172 326 3206 intra„
340 3172 389 3205 Ex
412 3184 480 3217 quo
504 3173 652 3217 sequitur
679 3181 857 3216 utrumque
880 3171 1009 3211 maius,
1038 3170 1161 3203 scilicet
1185 3170 1291 3202 maior

219 3215 436 3261 tranquillitas
467 3228 567 3261 supra
595 3225 714 3250 terram
727 3243 736 3257 ,
767 3225 800 3249 et
822 3216 928 3248 maior
958 3223 1173 3248 terraemotus
1196 3214 1290 3246 inna.

221 3260 287 3294 Sed
313 3261 390 3305 quia
413 3269 526 3305 posset
549 3261 666 3305 aliquis
690 3260 797 3294 dicere
843 3268 982 3293 uantum
1006 3258 1046 3292 ad
1069 3258 1183 3302 frigus,
1201 3257 1291 3302 quod

220 3305 310 3338 venn’
333 3305 486 3338 videntur
514 3305 555 3339 ad
579 3317 713 3339 sensum
737 3316 807 3338 esse
844 3303 962 3347 rigidi,
990 3311 1022 3335 et
1046 3302 1121 3335 ideo
1150 3313 1218 3335 non
1241 3302 1289 3334 vi-

221 3348 316 3383 detur
339 3349 430 3394 quod
448 3361 507 3393 per
523 3349 704 3383 absentiam
727 3360 822 3382 suam
845 3347 964 3381 faciant
982 3346 1096 3389 frigus,
1112 3345 1169 3379 sed
1185 3346 1290 3396 magis

222 3405 281 3438 per
303 3394 532 3438 praesentiam,
557 3394 633 3427 ideo
657 3393 721 3427 hoc
745 3401 895 3426 removet
917 3400 950 3424 et
973 3390 1061 3430 dicit,
1087 3389 1178 3434 quod
1201 3398 1290 3422 venti
1320 3438 1325 3441 .

1320 218 1473 255 LECT.
1502 218 1592 254 XlV

1343 294 1526 328 secundum

2313 229 2407 253 LXXV

1583 295 1727 339 ropriam
1756 304 1904 328 naturam
1935 304 2011 328 sunt
2038 295 2154 328 calidi:
2187 295 2262 338 quia
2290 303 2407 327 ventus

1343 348 1392 372 est
1415 339 1547 372 multitu
1574 351 1594 372 o
1619 338 1833 372 exhalationis
1858 340 1961 372 siccae
1985 348 2016 372 et
2038 338 2159 372 calidae
2184 339 2266 371 circa
2289 347 2407 371 terram

1343 392 1469 424 motae;
1498 383 1555 417 sed
1579 383 1731 416 videntur
1754 382 1879 427 frigidi,
1905 384 1981 428 quia
2004 391 2140 416 movent
2163 394 2276 416 secum
2299 394 2407 416 aerem

1343 428 1536 461 existentem
1559 427 1696 472 plenum
1718 427 1826 461 multo
1849 427 1969 471 frigido
1992 439 2123 471 vapore.
2150 427 2241 460 Sicut
2265 427 2407 471 spiritus,

1342 471 1427 504 idest
1449 471 1557 512 flatus,
1586 471 1774 505 exsufflatus
1803 472 1841 504 ab
1867 483 1923 505 ore
1947 473 1981 504 in
2005 471 2167 515 principio
2191 480 2240 504 est
2264 470 2408 511 calidus,

1343 514 1418 548 licet
1440 527 1510 549 non
1534 516 1677 549 multum
1705 524 1859 560 appareat
1886 525 2021 560 propter
2044 515 2259 560 paucitatem,
2288 514 2344 548 sed
2369 515 2408 548 de

1343 559 1442 603 longe
1466 560 1505 593 ab
1530 571 1586 593 ore
1610 569 1660 593 est
1682 559 1830 604 frigidus,
1855 559 1970 593 eadem
1994 571 2091 593 causa
2116 571 2180 604 qua
2203 560 2302 592 etiam
2317 559 2407 592 venti

1344 612 1420 636 sunt
1437 603 1555 647 frigidi,
1575 604 1698 637 scilicet
1721 605 1798 648 quia
1820 603 1976 648 propellit
1998 615 2107 637 aerem
2129 603 2294 647 frigidum.
2320 603 2408 636 Defi-

1344 647 1449 680 ciente
1473 648 1573 691 igitur
1596 649 1630 681 in
1654 648 1825 692 superficie
1849 657 1952 681 terrae
1975 648 2031 681 tali
2054 649 2189 688 virtute,
2213 647 2335 680 scilicet
2359 659 2408 680 ca-

1343 690 1492 724 lefactiva
1516 691 1728 730 exhalationis
1742 719 1751 733 ,
1783 692 1973 726 rationabile
2003 701 2052 726 est
2084 693 2168 725 circa
2198 701 2315 725 terram
2339 691 2409 724 fieri

1343 734 1445 778 frigus
1475 745 1609 779 propter
1632 736 1758 769 fluxum
1781 748 1943 781 vaporum
1966 748 2070 781 aquae
2094 745 2126 770 et
2148 745 2269 777 terrae,
2293 744 2325 769 et
2348 744 2409 768 ter-

1343 787 1529 812 raemotum
1560 788 1639 812 tunc
1662 780 1752 813 fieri:
1785 782 1862 825 quia
1885 781 2064 822 exhalatio,
2089 793 2172 825 quae
2196 789 2246 814 est
2276 781 2409 813 materia

1344 823 1425 863 eius,
1449 823 1579 867 repulsa
1603 833 1652 857 est
1675 825 1758 857 intra
1779 833 1908 858 terram.

1402 878 1414 900 1
1424 878 1450 900 1.
1470 867 1624 901 Secundo
1640 867 1698 901 ibi:
1717 869 1800 902 Idem
1813 875 1913 903 autem
1926 880 2019 903 causa
2031 877 2103 910 etc.‚
2115 869 2211 920 ponit
2226 867 2409 902 secundum

1344 912 1477 955 signum
1500 920 1672 956 sumptum
1695 924 1735 945 ex
1757 912 1808 946 his
1832 925 1915 958 quae
1938 913 2091 947 videntur
2113 925 2146 947 in
2171 912 2249 946 alto.
2274 913 2316 946 Et
2332 912 2410 946 dicit

1344 955 1435 1000 quod
1458 955 1569 997 idem,
1594 956 1717 989 scilicet
1747 957 1918 1002 propulsio
1943 957 2156 991 exhalationis
2179 958 2215 990 in
2243 965 2344 997 terra,
2368 957 2410 990 sit

1344 1000 1543 1044 principium
1569 1009 1805 1042 terraemotus,
1838 1002 2010 1035 consuevit
2034 1002 2188 1035 declarari
2207 1013 2247 1034 ex
2272 1001 2337 1034 hoc
2364 1002 2408 1034 si-

1343 1055 1411 1087 gno
1431 1054 1458 1085 α,
1476 1045 1553 1089 quia
1569 1053 1745 1088 antequam
1761 1054 1976 1079 terraemotus
1992 1046 2126 1090 incipiat
2142 1045 2181 1079 de
2197 1054 2306 1086 nocte,
2322 1054 2408 1078 tran-

1344 1088 1503 1132 quillitate
1519 1089 1677 1122 existente
1698 1089 1737 1122 de
1761 1089 1813 1123 die
1837 1098 1892 1123 aut
1908 1101 2024 1134 parum
2048 1099 2124 1134 post
2148 1101 2303 1123 occasum
2319 1089 2408 1130 solis,

1343 1141 1478 1176 apparet
1494 1133 1693 1177 quandoque
1709 1134 1743 1166 in
1760 1145 1832 1167 aere
1847 1133 2008 1167 nubecula
2025 1133 2185 1178 quaedam
2201 1134 2320 1174 tenuis,
2333 1145 2408 1177 por-

1343 1185 1430 1210 recta
1442 1186 1474 1210 et
1487 1186 1618 1210 extensa
1634 1178 1668 1210 in
1680 1177 1819 1221 longum
1835 1187 1967 1222 propter
1985 1178 2236 1222 dispositionem
2255 1178 2408 1211 materiae

1344 1220 1384 1254 ad
1408 1221 1547 1254 modum
1570 1221 1675 1255 lineae
1698 1231 1823 1255 rectae:
1856 1222 1946 1267 quod
1974 1222 2090 1256 accidit
2118 1231 2252 1266 propter
2276 1221 2407 1255 transla-

1344 1266 1470 1298 tionem
1494 1266 1637 1310 spiritus,
1658 1265 1741 1299 idest
1764 1266 1977 1299 exhalationis
2002 1267 2116 1307 siccae,
2132 1266 2172 1300 ad
2188 1275 2316 1299 terram.
2342 1267 2408 1299 De-

1343 1309 1472 1342 ficiente
1497 1311 1585 1343 enirn
1614 1310 1731 1354 spiritu
1761 1311 1848 1343 sicco
1877 1319 1910 1344 et
1934 1310 2038 1343 calido
2053 1335 2061 1350 ,
2091 1322 2131 1343 va
2157 1322 2194 1343 or
2217 1310 2347 1343 relictus
2370 1309 2408 1343 fit

1343 1355 1463 1394 tenuis,
1479 1365 1548 1387 non
1564 1363 1716 1387 extensus
1757 1366 1791 1387 er
1807 1354 1891 1388 latus
1908 1354 1966 1388 sed
1985 1354 2042 1388 lon
2067 1366 2103 1388 ae
2147 1366 2257 1398 gurae,
2274 1363 2408 1398 propter

1344 1397 1508 1431 defectum
1531 1399 1695 1431 materiae.
1752 1399 1826 1431 uius
1844 1398 1949 1432 simile
1966 1366 2082 1432 accifit
2098 1399 2182 1432 circa
2197 1398 2274 1431 litus
2290 1399 2406 1431 maris:

1344 1442 1421 1486 quia
1438 1442 1571 1486 quando
1587 1451 1705 1475 ventus
1720 1442 1899 1476 vehemens
1919 1442 2034 1476 incidit
2048 1444 2130 1476 mari
2153 1452 2185 1476 et
2206 1442 2282 1475 facit
2297 1443 2407 1486 ipsum

1343 1486 1556 1519 vehementer
1571 1486 1739 1527 fluctuare,
1752 1495 1830 1519 tunc
1846 1487 1930 1520 fiunt
1946 1488 1979 1520 in
1995 1486 2090 1520 litore
2106 1488 2204 1520 maris
2219 1487 2406 1531 rhegmines

1344 1539 1376 1564 et
1392 1531 1616 1570 ventositates,
1629 1530 1682 1564 vel
1698 1530 1805 1564 undae
1823 1531 1976 1564 distortae
1993 1540 2024 1564 et
2040 1542 2186 1574 grossae;
2202 1531 2259 1564 sed
2275 1531 2406 1575 quando

1344 1586 1434 1608 mare
1458 1583 1507 1608 est
1526 1574 1739 1619 tranquillum
1755 1587 1773 1608 a
1789 1576 1906 1615 ventis,
1923 1584 2001 1608 tunc
2024 1574 2108 1608 fiunt
2127 1575 2313 1619 rhegmines
2333 1575 2407 1608 sub-

1344 1619 1416 1652 tiles
1441 1628 1473 1652 et
1496 1627 1619 1652 rectae:
1649 1620 1725 1663 quia
1749 1628 1827 1652 tunc
1851 1620 1983 1663 spiritus
2011 1631 2148 1652 movens
2173 1628 2222 1652 est
2244 1620 2351 1653 tenuis
2376 1628 2408 1652 et

1344 1675 1474 1708 parvus.
1510 1664 1676 1697 Dicuntur
1707 1672 1817 1696 autem
1848 1664 2031 1708 rhegmines,
2064 1663 2246 1697 secundum
2269 1663 2407 1697 Alexan-

1345 1708 1459 1748 drum,
1482 1707 1606 1751 figurae
1629 1719 1752 1752 aquae,
1776 1707 1861 1741 idest
1884 1707 1991 1741 undae
2014 1708 2048 1740 in
2071 1707 2220 1741 litoribus
2243 1707 2344 1741 factae
2368 1707 2407 1741 ab

1344 1752 1509 1785 infusione
1526 1753 1713 1796 spirituum,
1726 1751 1810 1785 idest
1825 1764 1843 1785 a
1859 1753 2083 1785 commotione
2099 1758 2285 1792 ventorum,
2298 1751 2407 1785 allisae

1344 1796 1495 1830 litoribus
1519 1796 1758 1840 irregulariter,
1789 1795 1872 1830 idest
1899 1808 1968 1830 non
1996 1808 2126 1840 semper
2153 1796 2271 1830 eodem
2294 1796 2405 1829 modo.

1345 1841 1387 1874 Et
1409 1841 1474 1874 hoc
1498 1840 1586 1874 idem
1617 1840 1708 1885 quod
1731 1840 1807 1874 facit
1829 1850 1948 1874 ventus
1978 1841 2012 1873 in
2036 1852 2146 1881 mare,
2177 1840 2253 1873 facit
2276 1841 2407 1884 spiritus

1345 1897 1484 1918 movens
1508 1896 1616 1918 aerem
1647 1885 1730 1918 circa
1754 1884 1960 1928 praedictam,
1977 1884 2170 1928 caliginem:
2203 1885 2279 1929 quia
2307 1896 2408 1928 quan-

1345 1929 1388 1963 do
1414 1941 1470 1970 ue,
1495 1929 1619 1962 scilicet
1642 1928 1775 1973 quando
1799 1938 1848 1962 est
1871 1938 2005 1973 potem,
2029 1928 2106 1962 facit
2129 1928 2280 1962 distortas
2305 1937 2336 1961 et
2358 1929 2408 1962 in-

1345 1985 1384 2007 or
1408 1982 1510 2007 matas
1538 1973 1680 2017 figuras,
1712 1973 1910 2050 quandoque
1935 1981 2067 2014 autem,
2097 1985 2172 2006 cum
2201 1982 2250 2006 est
2273 1972 2408 2014 debilis,

1344 2017 1421 2051 facit
1443 2029 1559 2062 parvas
1583 2026 1615 2051 et
1637 2017 1723 2051 subti
1738 2029 1783 2050 es.

1402 2072 1452 2096 12.
1477 2062 1595 2095 Tertio
1618 2061 1680 2095 ibi:
1708 2062 1832 2107 Propter
1855 2062 1977 2095 eandem
1999 2072 2123 2096 causam
2146 2070 2218 2102 etc.‚
2238 2063 2332 2106 ponit
2348 2070 2410 2094 ter-

1345 2107 1429 2139 tium
1452 2107 1595 2150 signum.
1627 2106 1669 2139 Et
1692 2106 1770 2139 dicit
1801 2106 1891 2150 quod
1922 2115 2057 2150 propter
2087 2106 2224 2139 eandem
2254 2118 2407 2147 causam,

1345 2150 1468 2184 scilicet
1492 2159 1626 2194 propter
1654 2150 1836 2194 impulsum
1865 2150 2079 2183 exhalationis
2103 2151 2281 2183 introrsum
2305 2159 2337 2183 et
2360 2151 2408 2183 in-

1343 2194 1587 2239 frigidationem
1611 2203 1714 2228 terrae
1738 2195 1772 2227 in
1796 2194 1987 2238 superficie,
2019 2195 2180 2238 contingit
2210 2194 2408 2239 quandoque

1343 2239 1414 2272 fieri
1426 2247 1660 2272 terraemotum
1677 2239 1762 2272 circa
1777 2238 1913 2283 eclipses
1929 2238 2039 2272 lunae:
2057 2240 2133 2283 quia
2149 2238 2281 2283 quando
2296 2238 2409 2272 lumen

1343 2283 1442 2317 lunae
1466 2283 1574 2317 adhuc
1597 2294 1666 2316 non
1695 2282 1825 2324 deficit,
1856 2283 1932 2316 licet
1955 2284 2142 2327 propinqua
2172 2283 2214 2315 sit
2236 2283 2408 2327 interposi-

1343 2328 1439 2368 tioni,
1458 2336 1538 2361 tunc
1561 2339 1620 2372 per
1642 2327 1798 2360 virtutem
1822 2339 1922 2372 quam
1946 2328 2064 2371 accipit
2087 2339 2105 2360 a
2129 2327 2208 2368 sole,
2226 2327 2332 2360 adhuc
2356 2339 2408 2360 ca-

1343 2371 1452 2406 lefacit
1475 2383 1595 2413 aerem,
1611 2380 1643 2405 et
1658 2380 1769 2404 manet
1787 2372 1821 2405 in
1838 2383 1878 2405 eo
1902 2371 2063 2405 exhalatio
2080 2372 2179 2412 sicca;
2202 2371 2259 2405 sed
2276 2372 2408 2416 quando

1343 2416 1380 2450 fit
1411 2415 1565 2461 eclipsis,
1598 2425 1677 2449 tunc
1707 2415 1786 2449 luna
1816 2424 1950 2460 propter
1981 2415 2145 2449 defectum
2175 2415 2309 2448 luminis
2340 2427 2409 2448 non

1345 2460 1490 2494 calefacit
1520 2469 1640 2493 terram
1670 2469 1703 2493 et
1733 2471 1863 2493 aerem:
1895 2459 2063 2504 frigefacto
2093 2460 2193 2503 igitur
2223 2472 2295 2493 aere
2326 2461 2410 2492 circa

1344 2514 1474 2545 terram,
1491 2504 1685 2549 propellitur
1708 2516 1727 2537 a
1749 2503 1868 2548 frigido
1892 2516 1951 2548 per
1973 2505 2225 2548 antiperistasim
2249 2503 2409 2537 exhalatio

1344 2550 1379 2582 in
1403 2550 1509 2593 ipsam
1532 2557 1662 2589 terram,
1682 2549 1717 2581 in
1741 2561 1805 2593 qua
1827 2548 1864 2581 fit
1887 2557 2120 2589 terraemotus3
2138 2557 2170 2581 et
2185 2548 2269 2581 fiunt
2292 2557 2410 2581 terrae-

1345 2602 1457 2627 motus
1481 2602 1514 2626 et
1537 2594 1621 2626 circa
1644 2592 1792 2637 eclipses.

1401 2637 1453 2671 Ad
1473 2638 1567 2671 cuius
1591 2637 1788 2671 evidentiam
1813 2636 2087 2671 considerandum
2103 2645 2162 2678 est,
2187 2636 2276 2681 quod
2299 2636 2411 2669 lumen

1346 2681 1425 2716 solis
1457 2681 1640 2715 secundum
1664 2681 1755 2726 quod
1782 2681 1879 2722 solis,
1903 2690 1952 2715 est
1975 2682 2201 2725 generativum
2225 2680 2410 2721 caliditatis,

1346 2727 1432 2760 sicut
1455 2726 1654 2770 experientia
1678 2726 1790 2759 docet:
1823 2735 1856 2759 et
1878 2734 2068 2770 propterea,
2092 2727 2168 2769 quia
2197 2725 2275 2758 luna
2299 2737 2316 2758 a
2340 2724 2409 2758 sole

1346 2770 1568 2811 illuminatur,
1597 2770 1712 2803 lumen
1735 2769 1831 2803 lunae
1869 2769 2051 2803 secundum
2083 2769 2173 2814 quod
2204 2778 2253 2802 est
2279 2781 2297 2802 a
2321 2768 2409 2809 sole,

1346 2824 1395 2848 est
1412 2814 1655 2855 calefactivum3
1703 2815 1829 2847 uamvis
1853 2814 1892 2847 ab
1916 2815 1987 2858 ipsa
2007 2813 2085 2846 luna
2103 2814 2170 2846 acci
2196 2814 2240 2846 iat
2255 2814 2410 2846 virtutem

1346 2858 1503 2892 movendi
1519 2858 1664 2892 humida.
1681 2827 1729 2892 ‘iit
1745 2870 1784 2891 ex
1799 2858 1863 2891 hoc
1881 2859 2041 2901 contingit
2060 2857 2160 2902 quod,
2188 2869 2252 2890 una
2269 2857 2410 2890 totaliter

1346 2903 1528 2936 illuminata
1552 2915 1570 2936 a
1593 2902 1684 2943 sole,
1715 2902 1868 2935 inferiora
1899 2911 1976 2935 sunt
2007 2901 2130 2935 calida:
2162 2910 2296 2945 propter
2340 2901 2409 2934 uod

1346 2947 1425 2981 dicit
1447 2946 1640 2980 Aristoteles
1664 2947 1698 2979 in
1721 2946 1803 2979 libro
1832 2947 1867 2980 de
1888 2946 2103 2986 Animalibus,
2133 2945 2223 2990 quod
2246 2946 2280 2978 in
2303 2957 2324 2989 p
2339 2946 2407 2978 eni-

1345 2992 1438 3025 lunio
1455 3000 1569 3025 noctes
1586 2999 1664 3024 sunt
1680 2990 1859 3024 calidiores.
1881 2990 1945 3024 Sed
1962 2991 2033 3033 ipsa
2054 2989 2223 3023 deficiente
2243 2989 2409 3033 frigefiunt

1346 3047 1400 3069 aer
1424 3045 1456 3069 et
1478 3044 1579 3068 terra:
1609 3036 1693 3068 sicut
1716 3034 1834 3067 accidit
1856 3035 1890 3067 in
1914 3035 2147 3067 coniunctione
2171 3042 2204 3067 et
2226 3034 2259 3066 in
2284 3033 2407 3077 eclipsi.

1346 3079 1466 3113 Deficit
1482 3089 1592 3113 autem
1607 3079 1804 3112 illuminatio
1818 3078 1916 3111 lunae
1932 3090 1950 3111 a
1966 3078 2035 3111 sole
2049 3090 2108 3122 per
2123 3078 2408 3121 interpositionem

1345 3123 1480 3157 umbrae
1504 3132 1606 3156 terrae
1630 3124 1713 3156 inter
1737 3122 1841 3155 solem
1865 3131 1896 3155 et
1919 3122 2051 3163 lunam;
2082 3122 2158 3155 licet
2181 3123 2269 3154 enim
2293 3121 2409 3154 umbra

1346 3177 1448 3201 terrae
1472 3179 1541 3200 non
1565 3176 1639 3210 agat
1662 3167 1695 3199 in
1719 3166 1843 3206 lunam,
1868 3175 1900 3199 et
1922 3166 1997 3200 ideo
2021 3177 2090 3199 non
2114 3167 2155 3198 sit
2178 3177 2236 3209 per
2253 3177 2287 3198 se
2312 3177 2408 3198 causa

1345 3211 1597 3255 infrigidationis
1621 3220 1735 3251 terrae,
1758 3219 1868 3243 tamen
1892 3222 1950 3254 per
1974 3209 2122 3243 accidens
2140 3219 2189 3243 est
2205 3210 2274 3242 eius
2295 3221 2406 3243 causa:

1368 3257 1422 3289 uia
1446 3255 1618 3289 accedente
1642 3255 1720 3288 luna
1751 3255 1791 3288 ad
1819 3254 1969 3287 umbram
1993 3263 2095 3287 terrae
2128 3253 2179 3286 sol
2209 3254 2324 3297 incipit
2347 3253 2408 3287 sibi

1345 3269 1414 3333 fieri
1439 3300 1629 3344 oppositus,
1649 3307 1681 3332 et
1700 3300 1770 3343 ipsa
1794 3298 1991 3343 impediente
2015 3310 2084 3331 non
2107 3298 2268 3331 illuminat
2284 3297 2407 3338 lunam,

1346 3353 1378 3378 et
1408 3353 1493 3377 terra
1523 3355 1592 3376 non
1623 3343 1825 3376 illuminatur
1855 3355 1873 3376 a
1903 3343 1981 3375 luna
2012 3342 2136 3375 lumine
2167 3343 2358 3386 participato
2390 3353 2408 3374 a

1345 3388 1432 3428 sole,
1455 3399 1563 3432 neque
1588 3388 1686 3420 etiam
1711 3386 1816 3420 calefit
1839 3387 1877 3420 ab
1902 3388 1982 3431 ipsa.
2008 3387 2049 3420 Et
2071 3395 2206 3431 propter
2229 3386 2304 3427 hoc,
2324 3395 2408 3419 terra

275 3544 302 3577 α)
323 3545 359 3569 Et
382 3545 480 3570 dicit...
499 3552 537 3570 ex
560 3545 609 3570 hoc
631 3545 718 3577 signo.
736 3557 755 3563 -
773 3543 866 3568 Petrus
886 3542 979 3567 habet:
999 3551 1012 3564 «
1030 3541 1089 3566 dicit
1113 3541 1184 3573 quod
1208 3540 1292 3571 idem,

219 3578 271 3605 hoc
290 3585 330 3605 est
348 3581 482 3613 propulsio
497 3580 664 3605 exhalationis
679 3580 704 3604 in
719 3583 823 3610 terram,
844 3582 884 3602 est
898 3585 976 3602 causa
995 3577 1051 3602 eius
1066 3577 1138 3609 quod
1152 3576 1220 3601 solet
1237 3574 1292 3600 fieri

1347 3544 1406 3564 ante
1431 3544 1619 3564 terraemotum
1643 3539 1795 3572 aliquando,
1821 3538 1892 3571 quod
1916 3543 2105 3563 consueverunt
2127 3538 2242 3571 accipere
2264 3546 2311 3571 pro
2335 3539 2409 3571 signo

1345 3583 1436 3608 ipsms.
1452 3583 1467 3598 »
