2782 4134
313 330 317 338 Υ
373 282 448 318 368
1088 277 1674 318 METEOROLOGICORUM
1702 277 1796 314 LIB.
1827 278 1841 313 1

986 530 1287 586 LEcT10
1324 529 1952 606 DECIMAQmNTA

502 695 558 726 DE
582 694 701 726 LOCO
726 691 1046 725 GENERATIONIS
1071 690 1321 730 GRANDlNIS,
1345 691 1403 722 ET
1426 691 1484 722 DE
1507 691 1608 723 NlVE
1634 709 1652 714 -
1676 691 1733 722 DE
1757 691 1848 723 IPSA
1867 691 2104 726 *GRANDINIS
2127 691 2437 724 GENERATIONE

374 831 466 864 Αὐτό
490 826 527 862 δὲ
551 829 592 862 τό
618 825 702 870 ὕδωρ
723 827 760 859 οὐ
781 826 970 872 πήγνυται,
995 823 1151 869 καθάπερ
1175 823 1208 857 ἐν
1234 826 1282 868 τῷ
1299 827 1373 871 περὶ
1392 826 1441 859 τά

442 874 519 919 νέφη
539 872 649 914 τόπῳ·
677 871 798 904 ἐκεῖθεν
815 870 880 917 γάρ
899 872 978 915 τρία
994 870 1100 913 φοιτᾷ
1115 869 1264 914 σώματα
1281 870 1439 904 συνιστοί-

442 930 526 963 μενα
544 914 603 949 διά
618 916 681 953 τήν
699 914 808 959 ψύξιν,
827 911 913 957 ὕδωρ
930 916 988 946 καὶ
1005 913 1088 959 χιών
1105 916 1163 946 καὶ
1179 914 1333 959 χάλαζα.
1354 915 1439 947 Τού-

441 975 508 995 των
533 957 570 993 δὲ
595 961 643 993 τά
672 960 731 1004 μὲν
760 955 822 991 δύο
854 957 1023 1005 ἀνάλογον
1056 962 1116 990 καὶ
1145 954 1205 992 διαὶ
1235 960 1300 997 τοὶς
1325 959 1437 996 αὐτοῖς

442 1007 556 1042 αἰτίας
582 1007 715 1051 γίνεται
740 1007 811 1041 τοῖς
840 1002 959 1044 κάτω,
986 998 1195 1047 διαφέροντα
1228 1004 1276 1045 τῷ
1307 1004 1438 1046 μᾶλλον

439 1052 497 1082 καὶ
522 1049 631 1087 ἧττον
654 1051 712 1080 καὶ
739 1047 865 1084 πλῆθεν
890 1048 948 1079 καὶ
968 1045 1164 1093 ὀλιγότητι·
1190 1047 1270 1093 χιών
1291 1047 1356 1094 γάρ
1380 1049 1438 1079 καὶ

442 1094 555 1139 πάχνη
582 1093 728 1133 ταύτόν,
753 1094 812 1124 καὶ
838 1091 936 1129 ὑετὸς
960 1093 1018 1123 καὶ
1043 1087 1175 1136 δρόσος,
1204 1092 1295 1125 ἀλλά
1320 1092 1361 1124 τό
1378 1091 1438 1136 μὲν

442 1140 551 1179 πολύ,
585 1137 626 1170 τό
656 1133 685 1168 δ’
715 1138 846 1183 ὀλίγον·
875 1137 891 1168 ὁ
924 1135 984 1179 μὲν
1013 1136 1078 1181 γάρ
1112 1136 1209 1175 ύετός
1241 1136 1276 1168 ἐκ
1309 1137 1438 1174 πολλῆς

443 1179 584 1227 ἀτμίδος
609 1184 744 1227 γίνεται
777 1179 983 1227 ψυχομένης·
1011 1179 1138 1212 τούτου
1163 1177 1192 1212 δ’
1223 1182 1333 1213 αἴτιον
1361 1179 1376 1213 ὅ
1402 1193 1440 1213 τε

441 1227 548 1265 τόπος
573 1226 679 1263 πολύς
702 1227 760 1257 καὶ
779 1227 795 1257 ὁ
817 1227 934 1271 χρόνος
960 1223 1018 1265 ὢν,
1045 1224 1078 1256 ἑν
1103 1225 1127 1265 ᾧ
1152 1224 1357 1271 συλλέγεται
1380 1227 1439 1257 καὶ

442 1271 475 1312 ἐξ
503 1272 552 1303 οὐ.
579 1271 625 1302 Τό
650 1266 680 1302 δ’
710 1270 822 1316 ὀλίγον
848 1270 869 1306 η’
894 1265 1032 1314 δρόσος’
1059 1268 1221 1313 ἐφήμερος
1246 1269 1311 1315 γάρ
1337 1271 1358 1307 ἡ
1383 1269 1440 1301 σύ-

440 1327 559 1353 στασις
592 1317 650 1347 καὶ
676 1314 692 1345 ὀ
717 1314 823 1350 τόπος
855 1312 989 1358 μικρός·
1015 1307 1115 1350 δηλοῖ
1136 1311 1165 1346 δ’
1195 1313 1216 1351 ἧ
1242 1326 1280 1346 τε
1310 1315 1438 1359 γένεσις

442 1358 527 1392 οὖσα
552 1363 680 1405 ταχεῖα
703 1360 763 1390 καὶ
789 1358 899 1403 βραχό
924 1357 966 1390 τό
991 1356 1134 1395 πλῆθος.
1167 1360 1307 1404 Ὁμοίως
1325 1355 1441 1392 δὲκαὶ

440 1404 555 1449 πάχνη
589 1405 648 1436 καὶ
677 1403 776 1447 χιών·
805 1401 890 1434 ὅταν
920 1402 985 1449 γάρ
1017 1404 1115 1448 παγῇ
1147 1404 1187 1435 τό
1217 1403 1326 1446 νέφος,
1358 1403 1440 1449 χιών

440 1450 546 1489 ἐστιν,
575 1447 659 1480 ὅταν
683 1446 714 1480 δ’
734 1448 755 1485 ἠ
781 1447 895 1491 ἀτμὶς,
922 1446 1056 1489 πάχνη·
1083 1447 1136 1481 διὸ
1160 1447 1181 1484 ἦ
1207 1446 1308 1492 ὥρας,
1334 1448 1355 1486 ἦ
1376 1446 1443 1504 χώ-

440 1505 498 1538 ρας
523 1493 598 1525 ἐστὶ
623 1496 759 1536 σημεῖον
785 1491 929 1536 ψυχρᾶς·
957 1491 995 1523 οὐ
1020 1493 1085 1538 γάρ
1114 1491 1152 1524 ἇὶν
1180 1491 1353 1538 ἐπήγνυτο
1385 1504 1439 1524 ετι

440 1537 570 1574 πολλῆς
597 1537 734 1575 ἐνούσης
758 1536 981 1580 θερμότητος,
1000 1537 1027 1568 εἰ
1045 1537 1093 1582 μή
1120 1536 1300 1580 ἐπεκράτει
1321 1536 1362 1570 τό
1382 1535 1441 1580 ψῦ-

439 1594 515 1628 χος·
543 1582 577 1614 ἐν
602 1581 667 1627 γάρ
693 1583 740 1624 τῷ
766 1581 855 1625 νέφει
881 1581 933 1613 ἔτι
958 1582 1069 1613 ἔνεστι
1094 1581 1182 1614 πολύ
1199 1581 1241 1614 τὸ
1259 1581 1377 1627 θερμόν
1396 1580 1439 1613 τό

441 1626 628 1659 ὑπόλοιπον
654 1627 717 1658 τοῦ
747 1625 997 1669 ἑξατμίσαντος
1031 1627 1067 1658 ἐκ
1093 1627 1156 1664 τῆς
1180 1626 1243 1672 γῆς
1271 1626 1312 1658 τό
1339 1625 1438 1672 ὑγρόν

440 1670 553 1715 πυρός.
581 1669 729 1713 Χάλαζα
753 1665 782 1701 δ’
804 1669 874 1702 ἐκεῖ
896 1670 956 1713 μὲν
982 1671 1130 1715 γίνεται,
1157 1671 1190 1703 ἐν
1215 1665 1253 1702 δὲ
1278 1671 1325 1712 τῷ
1352 1672 1438 1707 πλη-

440 1718 510 1747 σίον
529 1715 591 1752 τῆς
609 1715 671 1760 γῆς
694 1713 874 1759 ἀτμίζοντι
899 1715 993 1748 τοῦτ’
1016 1715 1182 1748 ἐλλείπει·
1199 1714 1355 1758 καθάπερ
1372 1714 1437 1761 γάρ

442 1761 592 1803 εἴπομεν,
611 1760 653 1796 ὠς
677 1759 736 1803 μὲν
762 1756 832 1791 ἐκεῖ·
853 1758 949 1803 χιών,
969 1759 1122 1792 ἐνταῦθα
1145 1760 1280 1806 γίνεται
1305 1758 1435 1805 πάχνη,

440 1805 481 1842 ὡς
506 1800 535 1836 δ’
564 1803 633 1835 ἐκεῖ
663 1803 784 1844 ϋετός,
812 1801 963 1835 ἐνταῦθα
995 1798 1132 1847 δρόσος·
1158 1803 1200 1840 ὠς
1225 1798 1255 1834 δ’
1283 1800 1353 1835 ἐκεῖ
1374 1803 1439 1848 χά-

439 1849 544 1891 λαζα,
563 1846 714 1879 ἐνταῦθα
740 1848 800 1879 οὐκ
827 1843 1084 1880 ἀνταποδίδωσι
1109 1847 1151 1880 τὸ
1178 1846 1306 1890 ὅμοιον.
1333 1847 1379 1880 Τὸ
1403 1842 1432 1879 δ’

441 1895 551 1925 αἴτιον
576 1892 708 1924 εἰποῦσι
733 1894 805 1936 περὶ
830 1891 984 1936 χαλάζης
1011 1893 1110 1924 ἔσται
1138 1887 1256 1928 δῆλον.

374 1939 429 1969 Δεϊ
452 1933 490 1969 δὲ
513 1936 629 1976 λαβεῖν
657 1935 730 1981 ἅμα
753 1938 811 1968 καὶ
836 1935 884 1969 τά
907 1937 1142 1981 συμβαίνοντα
1168 1938 1241 1982 περὶ
1265 1935 1328 1972 τήν
1345 1934 1437 1982 γε’νε-

440 1993 490 2013 σιν
517 1981 648 2020 αὐτῆς,
675 1979 723 2013 τά
751 1993 789 2013 τε
822 1980 870 2024 μή
903 1982 1089 2014 πλανῶνται
1119 1982 1179 2013 καὶ
1204 1981 1254 2013 τά
1276 1976 1432 2013 δοκοῦντ’

441 2022 526 2057 εἶναι
551 2025 753 2071 παράλογα·
780 2025 853 2058 ἐστι
878 2024 938 2066 μὲν
962 2025 1027 2071 γάρ
1054 2027 1074 2062 ἡ
1099 2025 1240 2070 χάλαζα
1267 2023 1436 2070 κρύσταλ-

438 2071 510 2110 λος,
529 2069 703 2115 πήγνυται
727 2064 764 2100 δὲ
789 2069 831 2102 τὸ
849 2065 935 2114 ὕδωρ
954 2071 1016 2102 τοῦ
1041 2071 1223 2114 χειμῶνος·
1251 2071 1286 2101 αἱ
1311 2063 1348 2101 δὲ
1372 2069 1438 2115 χά-

437 2115 543 2156 λαζαι
566 2117 721 2160 γίνονται
747 2113 842 2156 ἔαρος
868 2113 927 2158 μὲν
951 2116 1010 2146 καὶ
1034 2113 1234 2159 μετοπώρου
1264 2112 1434 2158 μάλιστα,

439 2155 517 2190 εἶτα
534 2160 592 2190 καὶ
611 2159 672 2196 τῆς
693 2158 840 2201 ὀπώρας,
881 2159 1017 2202 ειμῶνος
1039 2155 1067 2191 δ’
1089 2159 1256 2206 ὀλιγάκις,
1273 2159 1332 2191 καὶ
1351 2156 1436 2192 ὅταν

439 2202 548 2241 ἦττον
575 2200 598 2246 γῖ
621 2202 737 2257 ψῦχος.
763 2204 830 2234 Καὶ
855 2171 939 2240 {leoz
965 2199 1002 2235 δὲ
1019 2206 1176 2250 γίνονται
1198 2202 1353 2248 χάλαζαι
1375 2203 1436 2248 μὲν

439 2246 472 2280 ἐν
498 2250 568 2284 τοῖς
599 2243 851 2292 ευδιεινοτέροις
882 2246 1019 2289 τόποις,
1046 2251 1081 2281 αἰ
1106 2244 1144 2280 δὲ
1168 2249 1279 2293 χιόνες
1305 2247 1338 2280 ἐν
1364 2251 1436 2286 τοῖς

438 2290 666 2336 ψυχροτέροις.

364 2338 515 2370 Ἄτοπον
540 2330 578 2368 δὲ
600 2338 658 2367 καὶ
683 2336 726 2368 τὸ
755 2334 948 2381 πήγνυσθαι
981 2331 1066 2382 ὕδωρ
1093 2337 1125 2369 ἐν
1152 2337 1200 2378 τῷ
1227 2337 1294 2370 ἅνω
1319 2335 1434 2378 τόπῳ·

441 2380 519 2413 οὔτε
537 2380 601 2424 γάρ
621 2381 777 2426 παγῆναι
797 2378 944 2413 δυνατόν
968 2382 1043 2426 πρὶν
1061 2380 1218 2427 γενέσθαι
1237 2376 1337 2422 ὕδωρ,
1356 2381 1437 2414 οὔτε

438 2425 479 2457 τό
505 2420 590 2467 ὕδωρ
617 2423 739 2457 οὐθένα
763 2424 881 2471 χρόνον
909 2424 977 2457 οῐόν
1003 2438 1041 2458 τε
1066 2425 1177 2468 μένειν
1194 2425 1363 2470 μετέωρον
1386 2425 1433 2458 ὄν.

366 2514 473 2546 Ἀλλά
490 2512 555 2557 μὴν
573 2507 644 2544 οὐδ’
664 2512 772 2556 ὥσπερ
795 2515 829 2546 αἱ
852 2507 1002 2556 ψακάδες
1030 2512 1097 2545 α”νω
1114 2512 1174 2557 μὲν
1194 2512 1360 2557 ὀχοῦνται
1377 2508 1436 2546 διά

437 2557 648 2602 μικρότητα,
676 2553 934 2603 ἐνδιατρίψασαι
958 2552 988 2588 δ’
1019 2557 1073 2590 ἐπὶ
1099 2557 1298 2602 τοῦ”ἀέρος,
1324 2556 1433 2600 ὥσπερ

436 2604 493 2633 καὶ
520 2602 575 2633 ἐπὶ
601 2601 662 2633 τοῦ
685 2597 812 2640 ὕδατος
835 2602 880 2647 γῆ
904 2602 963 2632 καὶ
986 2600 1106 2646 χρυσός
1124 2597 1183 2633 8ιά
1199 2601 1433 2658 μικρομέρειαν

437 2644 600 2682 πολλάκις
626 2645 854 2687 ἐπιπλέουσιν,
875 2644 981 2682 οὕτως
1001 2646 1056 2678 ἐπὶ
1075 2646 1137 2678 τοῦ
1157 2644 1252 2688 ἀέρος
1271 2646 1312 2678 τό
1334 2641 1432 2691 υδωρ,

436 2688 661 2722 συνελθόντων
687 2686 724 2721 δέ
749 2691 882 2723 πολλῶν
905 2691 1026 2734 μικρῶν
1052 2689 1203 2736 μεγάλαι
1227 2689 1435 2735 καταφέρον-

437 2746 497 2767 ται
522 2729 683 2778 ψακάδες.

370 2779 476 2812 τοῦτο
501 2778 565 2824 γάρ
592 2775 651 2810 οὐκ
677 2773 856 2822 ἐνδέχεται
881 2776 1036 2824 γενέσθαι
1070 2778 1124 2811 ἐπὶ
1157 2779 1220 2816 τῆς
1255 2779 1429 2824 χαλάζης·

438 2823 475 2855 οὗ
506 2823 570 2868 γάρ
602 2821 792 2866 συμφύεται
823 2821 872 2855 τοὶ
903 2821 1090 2868 πεπηγότα
1122 2821 1232 2866 ὥσπερ
1259 2822 1306 2855 τά
1331 2822 1429 2869 ὑγρά.

436 2867 542 2904 Δῆλον
568 2864 625 2899 οὖν
652 2865 706 2899 ὅτι
733 2867 800 2899 ἀνω
826 2867 992 2900 τοσοῦτον
1019 2862 1104 2909 ὕδωρ
1131 2866 1276 2910 ἔμεινεν·
1304 2867 1342 2899 οὖ
1366 2867 1431 2914 γάρ

437 2910 475 2943 ἄν
502 2911 570 2944 ἐπά
593 2925 614 2949 η
640 2912 820 2944 τοσοῦτον.

367 2957 442 2994 Τοῖς
467 2956 526 3000 μὲν
553 2967 568 2988 ο
594 2968 609 2988 ν
635 2950 729 2988 δοκεῖ·
745 2957 807 2988 τοῦ
826 2953 953 2992 πάθους
973 2956 1084 2987 αἴτιον
1109 2951 1348 2989 siverim-odron
1372 2957 1431 2988 καὶ

434 3001 496 3037 τῆς
521 3000 702 3046 γενέσεως,
731 2999 815 3032 ὅταν
848 2998 991 3042 ἀπωσθῇ
1018 2999 1059 3031 τό
1084 2998 1178 3044 νέφος
1204 3000 1248 3038 εἰς
1276 3000 1335 3031 τόν
1363 3000 1431 3032 ἄνω

434 3044 542 3077 τόπον
556 3046 697 3099 μᾶλλον
724 3044 809 3078 ὄντα
833 3043 956 3090 ψυχρὸν
981 3040 1041 3076 διά
1067 3043 1107 3077 τὸ
1131 3043 1249 3091 λήγειν
1275 3044 1345 3077 ἐκεῖ·
1368 3044 1430 3082 τάς

435 3088 503 3121 ἀπὸ
528 3102 590 3127 της
615 3090 678 3135 γῆς
704 3089 771 3121 τῶν
797 3088 941 3121 ἀκτίνων
962 3087 1179 3130 ἀνακλάσεις,
1199 3087 1294 3121 ἐλθόν
1311 3084 1340 3120 δ’
1362 3088 1433 3121 ἐκεῖ

434 3132 624 3178 πήγνυσθαι
650 3134 691 3166 τό
719 3128 823 3177 ὕδωρ·
850 3130 902 3165 8ιό
927 3135 985 3165 καὶ
1016 3131 1127 3177 θέρους
1153 3134 1282 3176 μᾶλλον
1314 3135 1371 3165 καὶ
1397 3134 1429 3166 ἐν

433 3182 508 3215 ταῖς
542 3178 707 3215 ἀλεειναῖς
737 3177 860 3223 χώραις
892 3176 1044 3223 γίνεσθαι
1073 3177 1135 3215 τοὶς
1170 3177 1347 3223 χαλάζας,
1376 3177 1430 3210 ὅτι

432 3222 486 3254 ἐπὶ
513 3223 628 3254 πλεῖον
653 3222 694 3255 τό
724 3221 842 3267 θερμόν
877 3220 998 3254 ἀνωθεῖ
1022 3221 1091 3255 ἀπό
1117 3222 1180 3260 τῆς
1204 3223 1267 3269 γῆς
1292 3223 1356 3260 τοὶς
1382 3234 1432 3254 νε-

432 3266 547 3309 φέλας.

367 3310 546 3352 Συμβαίνει
576 3307 606 3341 δ’
635 3310 667 3342 ἐν
693 3314 763 3348 τοῖς
789 3306 918 3355 σφόδρα
950 3310 1087 3355 ὑψηλοῖς
1121 3309 1249 3347 ἥκιστα
1277 3309 1430 3357 γίνεσθαι

432 3353 609 3397 χάλαζαν·
634 3357 750 3386 καίτοι
776 3349 857 3395 ἔδει,
876 3353 986 3399 ὥσπερ
1011 3356 1070 3387 καὶ
1095 3355 1159 3391 τήν
1184 3354 1284 3400 χιόνα
1303 3355 1428 3399 ὁρῶμεν

433 3398 488 3429 ἐπὶ
514 3402 584 3435 τοῖς
610 3397 744 3442 ὑψηλοῖς
770 3398 924 3442 μάλιστα
948 3398 1138 3445 γινομένην.

359 3440 436 3473 Ἔτι
460 3437 498 3473 δὲ
523 3442 687 3479 πολλάκις
712 3441 827 3475 ὦπται
844 3442 923 3487 νέφη
942 3443 1109 3488 φερόμενα
1126 3442 1185 3475 σόν
1202 3442 1294 3487 ψόφῳ
1312 3443 1426 3484 πολλῷ

433 3486 509 3529 παρ’
533 3486 644 3522 αὐτην
671 3486 734 3522 τήν
759 3487 838 3532 γῆν,
857 3486 946 3519 ὥστε
971 3487 1109 3531 φοβερόν
1135 3484 1309 3525 εἶναιτοῖς
1329 3487 1428 3520 ἀκού-

432 3540 503 3560 ουσι
533 3532 590 3562 καὶ
617 3531 753 3572 ὁρῶσιν,
780 3531 820 3567 ὠς
848 3530 1007 3575 ἐσομένου
1033 3532 1123 3569 τινὸς
1148 3532 1310 3575 μείζονος.
1350 3531 1428 3564 ’0τὲ

432 3568 470 3605 δὲ
493 3575 550 3604 καὶ
571 3573 645 3605 ἄνευ
663 3573 768 3617 ψόφου
787 3574 952 3608 τοιούτων
975 3573 1141 3619 ὀφθέντων
1159 3577 1260 3620 νεφῶν
1286 3575 1427 3620 χάλαζα

432 3619 565 3663 γίνεται
597 3618 709 3654 πολλή
730 3620 794 3649 ’καὶ
828 3618 868 3650 τό
893 3617 1032 3664 μέγεθος
1067 3619 1232 3660 ἄπιστος,
1267 3622 1326 3652 καὶ
1357 3624 1428 3658 τοῖς

2708 798 2724 811 6

1494 829 1510 846 *
1526 832 1597 872 Ipsa
1620 838 1728 863 autem
1751 842 1834 873 aqua
1856 842 1922 863 non
1940 832 2124 873 coagulatur
2141 832 2207 871 hic,
2227 832 2504 874 quemadmodum
2525 834 2559 865 in
2587 843 2596 852 ·
2613 842 2669 871 cup.
2684 848 2718 865 xi.

1561 875 1642 906 circa
1664 876 1765 907 nubes
1787 876 1965 907 loco.1nde
1988 876 2074 907 enim
2097 876 2156 907 tria
2172 876 2305 908 veniunt
2327 886 2462 917 corpora
2484 887 2559 909 con-

1561 919 1674 950 stantia
1696 926 1827 960 propter
1848 919 2127 960 infrigidationem,
2143 931 2227 962 aqua
2248 927 2278 952 et
2296 921 2350 951 nix
2374 927 2405 952 et
2426 922 2558 962 grando.

1561 964 1689 994 Horum
1717 970 1824 994 autem
1857 963 1923 994 duo
1954 963 2086 1005 quidem
2116 965 2395 1006 proportionaliter
2428 971 2460 996 et
2485 975 2559 1007 pro-

1561 1014 1630 1048 pter
1657 1008 1783 1038 easdem
1807 1017 1916 1038 causas
1939 1007 2022 1039 fiunt
2043 1007 2092 1039 his
2111 1018 2193 1049 quae
2223 1009 2365 1048 inferius,
2388 1008 2560 1041 differentia

1561 1051 1738 1082 secundum
1760 1051 1860 1092 magis
1875 1057 1906 1082 et
1924 1051 2041 1090 minus,
2057 1059 2088 1083 et
2114 1052 2318 1084 multitudine
2343 1059 2375 1084 et
2390 1054 2557 1094 paucitate.

1561 1095 1622 1126 Nix
1645 1095 1731 1126 enim
1753 1102 1784 1126 et
1807 1095 1921 1136 pruina
1943 1095 2040 1134 idem,
2065 1102 2096 1127 et
2118 1096 2227 1137 pluvia
2259 1104 2290 1128 et
2311 1104 2383 1128 ros:
2409 1098 2464 1128 sed
2495 1098 2559 1130 hoc

1560 1139 1691 1180 quidem
1719 1140 1870 1178 multum,
1893 1139 1955 1170 hoc
1985 1146 2093 1170 autem
2115 1150 2266 1180 paucum.
2291 1141 2403 1172 Pluvia
2427 1141 2560 1183 quidem

1562 1184 1648 1214 enim
1678 1194 1714 1214 ex
1747 1183 1850 1214 multo
1881 1193 1998 1224 vapore
2030 1182 2066 1214 fit
2097 1183 2298 1224 infrigidato:
2327 1184 2423 1216 huius
2451 1193 2560 1217 autem

1561 1238 1655 1259 causa
1677 1234 1707 1259 et
1729 1228 1820 1258 locus
1847 1227 1979 1266 multus,
1998 1234 2029 1258 et
2053 1234 2180 1268 tempus
2204 1228 2337 1260 existens
2352 1229 2386 1260 in
2402 1239 2469 1270 quo
2493 1229 2558 1261 col-

1560 1272 1677 1312 ligitur,
1694 1279 1725 1303 et
1745 1282 1782 1303 ex
1800 1282 1877 1313 quo.
1894 1272 2039 1302 Paucum
2053 1278 2162 1303 autem
2179 1280 2249 1303 ros:
2271 1272 2458 1314 ephemeros
2473 1274 2560 1306 enim

1562 1316 1774 1355 consistentia,
1785 1323 1816 1347 et
1830 1317 1922 1347 locus
1935 1323 2067 1356 parvus:
2083 1316 2262 1348 manifestat
2277 1323 2385 1348 autem
2397 1318 2559 1359 generatio

1561 1360 1694 1392 existens
1724 1361 1817 1391 velox
1844 1368 1875 1392 et
1898 1371 1994 1401 parva
2015 1360 2200 1392 multitudo.
2224 1361 2375 1393 Similiter
2397 1369 2506 1394 autem
2527 1368 2560 1394 et

1561 1405 1675 1445 pruina
1702 1411 1733 1436 et
1755 1405 1826 1436 nix:
1852 1415 1926 1436 cum
1950 1404 2036 1435 enim
2066 1405 2248 1445 congeletur
2270 1406 2393 1445 nubes,
2418 1405 2472 1437 nix
2493 1412 2560 1446 est;

1561 1459 1636 1480 cum
1659 1455 1765 1480 autem
1780 1459 1891 1490 vapor,
1907 1449 2029 1490 pruina.
2054 1449 2187 1490 Propter
2214 1450 2303 1490 quod
2326 1456 2382 1482 aut
2404 1449 2558 1492 temporis

1561 1500 1616 1525 aut
1630 1493 1766 1534 regionis
1789 1493 1917 1534 signum
1933 1500 1979 1524 est
2002 1492 2147 1533 frigidae:
2167 1503 2234 1524 non
2254 1493 2339 1524 enim
2360 1494 2471 1536 utique
2489 1503 2560 1526 coa-

1560 1538 1740 1578 gularetur‚
1773 1538 1876 1568 adhuc
1908 1537 2010 1568 multa
2031 1537 2216 1568 inexistente
2248 1537 2403 1570 caliditate
2413 1538 2469 1578 ,vsi
2491 1547 2559 1571 non

1561 1582 1793 1622 supervinceret
1815 1581 1932 1622 frigus;
1954 1581 1989 1612 in
2020 1582 2105 1612 nube
2129 1581 2215 1613 enim
2245 1582 2348 1613 adhuc
2371 1582 2453 1615 inest
2474 1582 2559 1615 mul-

1559 1633 1631 1657 tum
1659 1626 1796 1657 calidum
1827 1626 1991 1657 residuum
2021 1625 2102 1666 ignis
2132 1626 2188 1667 qui
2219 1636 2389 1667 evaporare
2420 1627 2494 1660 fecit
2521 1636 2560 1659 α

1560 1677 1640 1701 terra
1662 1670 1844 1702 humidum.
1864 1669 1994 1701 Grando
2017 1676 2126 1700 autem
2141 1669 2184 1700 ibi
2207 1670 2339 1712 quidem
2361 1670 2412 1703 fit:
2435 1671 2469 1703 in
2483 1681 2559 1714 pro-

1559 1714 1682 1756 pinquo
1706 1721 1814 1746 autem
1843 1721 1941 1745 terrae
1968 1721 2141 1754 vaporante
2163 1714 2226 1745 hoc
2255 1714 2369 1747 deficit.
2395 1715 2558 1754 Quemad-

1559 1759 1695 1790 modum
1711 1758 1796 1789 enim
1809 1758 1944 1789 diximus
1954 1781 1962 1796 ‚
1980 1765 2016 1789 ut
2031 1758 2163 1799 quidem
2177 1758 2220 1789 ibi
2235 1758 2298 1798 nix,
2313 1759 2365 1790 hic
2379 1758 2415 1791 fit
2426 1759 2558 1801 pruina;

1559 1810 1595 1834 ut
1617 1810 1724 1834 autem
1747 1802 1791 1833 ibi
1810 1802 1928 1843 pluvia,
1944 1802 1996 1833 hic
2018 1809 2089 1840 ros;
2108 1808 2268 1834 ut‘autem
2290 1803 2334 1834 ibi
2356 1804 2490 1844 grando,
2505 1803 2558 1835 hic

1559 1857 1626 1878 non
1647 1847 1872 1887 correspondet
1895 1846 2007 1877 simile4
2032 1846 2139 1878 Causa
2157 1853 2276 1886 autem,
2296 1857 2371 1879 curn
2387 1847 2559 1880 dixerimus

1558 1892 1597 1922 de
1619 1891 1787 1932 grandine,
1810 1890 1868 1921 erit
1890 1890 2066 1921 manifesta.

1490 1933 1506 1951 '⁸¹
1530 1935 1666 1976 Oportet
1695 1942 1802 1966 autem
1825 1934 1965 1975 accipere
1988 1934 2084 1966 simul
2111 1941 2142 1966 et
2164 1933 2336 1966 accidentia
2363 1935 2445 1968 circa
2465 1945 2559 1978 gene-
2588 1948 2597 1958 ·

1557 1979 1713 2010 rationem
1728 1979 1843 2020 ipsius,
1861 1989 2007 2020 quaeque
2026 1989 2092 2010 non
2109 1978 2305 2018 seducentia,
2323 1985 2354 2010 et
2368 1986 2479 2021 putata
2492 1990 2559 2012 esse
2599 2004 2602 2006 -

1557 2023 1763 2055 rationabilia.
1787 2023 1845 2054 Est
1862 2023 1994 2064 quidem
2010 2023 2096 2054 enim
2109 2023 2230 2063 grando
2245 2024 2424 2065 crystallus:
2443 2034 2560 2066 coagu-

1556 2068 1639 2100 latur
1662 2074 1770 2099 autem
1791 2068 1825 2098 in
1840 2067 1945 2098 hieme
1963 2074 2063 2108 aqua:
2085 2067 2254 2108 grandines
2269 2075 2377 2100 autem
2390 2067 2474 2101 fiunt
2486 2078 2559 2101 vere

1557 2119 1588 2144 et
1614 2119 1772 2144 autumno
1800 2112 1955 2150 maxime,
1985 2111 2098 2142 deinde
2125 2118 2233 2144 autem
2261 2119 2293 2144 et
2321 2119 2466 2154 tempore
2492 2112 2559 2146 fru-

1558 2163 1684 2196 ctuum,
1708 2156 1813 2188 hieme
1836 2163 1944 2187 autem
1974 2156 2090 2194 rarius,
2114 2162 2146 2187 et
2172 2156 2302 2199 quando
2335 2157 2443 2189 minus
2465 2156 2560 2190 fuerit

1557 2200 1666 2242 frigus.
1690 2200 1913 2232 Universaliter
1942 2207 2051 2231 autem
2073 2199 2155 2231 fiunt
2176 2201 2344 2241 grandines
2371 2201 2503 2243 quidem
2525 2201 2560 2233 in

1556 2244 1833 2287 temperatioribus
1848 2244 1938 2284 locis,
1962 2244 2050 2275 nives
2065 2250 2174 2276 autem
2187 2244 2223 2275 in
2240 2244 2454 2286 frigidioribus
2468 2244 2558 2278 locis.

1490 2340 1719 2372 Inconveniens
1743 2346 1851 2371 autem
1874 2346 1905 2371 et
1927 2339 2087 2380 coagulari
2109 2349 2228 2381 aquam
2245 2339 2278 2370 in
2298 2350 2337 2371 eo
2356 2339 2413 2382 qui
2430 2350 2559 2372 sursum

1556 2385 1648 2416 loco:
1673 2394 1778 2426 neque
1801 2383 1887 2415 enim
1909 2384 2110 2424 congelatam
2132 2394 2200 2415 esse
2218 2384 2369 2425 possibile
2387 2391 2560 2427 antequam

1556 2439 1640 2470 aqua
1668 2429 1707 2460 sit
1735 2428 1831 2467 facta;
1864 2438 1969 2469 neque
1996 2438 2115 2469 aquam
2145 2428 2213 2459 ullo
2240 2435 2385 2469 tempore
2406 2429 2560 2470 possibile

1555 2482 1683 2503 manere
1707 2472 1861 2503 elevatam
1885 2471 2078 2503 existentem.

1488 2519 1531 2548 At
1553 2526 1628 2547 vero
1660 2526 1763 2557 neque
1793 2516 2068 2557 quemadmodum
2091 2515 2240 2556 psecades
2271 2525 2400 2547 sursum
2425 2515 2558 2558 quidem

1555 2560 1691 2591 insident
1709 2566 1840 2601 propter
1858 2559 2055 2600 parvitatem,
2074 2559 2280 2591 immorantes
2299 2566 2407 2592 autem
2421 2560 2455 2592 in
2470 2568 2557 2592 aere:

1554 2604 1635 2635 sicut
1650 2611 1681 2635 et
1698 2604 1731 2634 in
1746 2614 1829 2645 aqua
1844 2610 1925 2635 terra
1944 2610 1975 2635 et
1990 2613 2123 2642 aurum,
2139 2610 2270 2644 propter
2284 2604 2471 2644 parvitatem
2486 2614 2557 2646 par-

1554 2648 1647 2687 tium,
1671 2658 1764 2689 saepe
1787 2655 2001 2689 supernatant,
2026 2648 2070 2679 sic
2092 2648 2126 2678 in
2149 2658 2219 2679 aere
2242 2656 2342 2689 aqua:
2367 2649 2556 2680 convenien-

1553 2693 1637 2724 tibus
1661 2699 1768 2724 autem
1791 2692 1900 2724 multis
1923 2692 2045 2733 parvis,
2069 2702 2203 2733 magnae
2232 2692 2383 2724 deorsum
2413 2692 2560 2725 feruntur

1553 2737 1713 2778 psecades.

1487 2781 1559 2812 Hoc
1583 2781 1668 2812 enim
1692 2791 1757 2812 non
1782 2780 1936 2821 contingit
1958 2779 2024 2811 fieri
2048 2780 2081 2811 in
2104 2779 2271 2821 grandine:
2301 2790 2368 2812 non
2392 2781 2478 2812 enim
2501 2791 2557 2813 co-

1552 2825 1704 2866 pulantur
1720 2825 1882 2865 congelata
1898 2825 2175 2866 quemadmodum
2186 2824 2329 2857 humida.
2341 2825 2450 2856 Palam
2459 2824 2557 2866 igitur

1552 2870 1641 2910 quod
1669 2879 1796 2900 sursum
1823 2875 1910 2900 tanta
1940 2879 2024 2910 aqua
2050 2875 2210 2900 maneret:
2240 2879 2307 2900 non
2335 2869 2421 2901 enim
2443 2869 2556 2912 utique

1552 2914 1716 2954 congelata
1739 2920 1820 2944 esset
1841 2920 1937 2945 tanta.

1485 2957 1544 2988 His
1568 2958 1699 2999 quidem
1722 2957 1816 2998 igitur
1830 2958 1955 2989 videtur
1977 2957 2133 2999 passionis
2149 2967 2243 2988 causa
2257 2957 2354 2989 huius
2375 2964 2407 2989 et
2423 2967 2553 2999 genera-

1551 3002 1658 3041 tionis,
1681 3012 1757 3033 cum
1779 3002 1932 3043 propulsa
1954 3001 2048 3033 suerit
2062 3002 2164 3032 nubes
2179 3001 2212 3032 in
2228 3001 2426 3043 superiorem
2443 3001 2558 3034 locum.

1551 3046 1651 3087 magis
1679 3046 1863 3077 existentem
1893 3046 2058 3087 frigidum,
2088 3052 2256 3087 propterea
2286 3046 2376 3088 quod
2405 3045 2557 3078 desinunt

1550 3090 1593 3121 ibi
1617 3090 1818 3122 refractiones
1845 3091 2008 3121 radiorum
2031 3101 2049 3121 a
2072 3097 2169 3129 terra,
2194 3097 2226 3122 et
2246 3090 2376 3122 veniens
2402 3090 2447 3121 ibi
2470 3100 2554 3132 aqua

1552 3135 1746 3175 coagulatur.
1778 3135 1911 3175 Propter
1937 3135 2027 3176 quod
2054 3141 2169 3165 aestate
2196 3134 2296 3176 magis
2322 3141 2354 3166 et
2382 3134 2415 3165 in
2444 3134 2553 3166 calidis

1549 3179 1732 3220 regionibus
1762 3178 1828 3210 fieri
1851 3179 2039 3220 grandines,
2063 3178 2218 3220 quoniam
2246 3178 2384 3220 amplius
2414 3178 2555 3210 calidum

1551 3233 1678 3254 sursum
1702 3223 1791 3264 pellit
1814 3233 1832 3254 a
1854 3230 1935 3255 terra
1958 3224 2068 3255 nubes.

1483 3311 1606 3343 Accidit
1620 3319 1727 3343 autem
1743 3312 1776 3342 in
1792 3311 1883 3342 valde
1899 3312 1968 3342 altis
1986 3311 2119 3342 minime
2134 3310 2202 3342 fieri
2215 3310 2419 3351 grandinem,
2439 3320 2552 3352 quam-

1549 3355 1596 3386 vis
1612 3357 1794 3397 oportebat;
1811 3356 2087 3397 quemadmodum
2104 3362 2135 3387 et
2148 3355 2255 3386 nivem
2270 3355 2415 3386 videmus
2430 3354 2464 3386 in
2480 3354 2553 3387 altis

1550 3400 1685 3432 maxime
1709 3400 1834 3431 factam.

1482 3444 1596 3476 Adhuc
1620 3452 1727 3476 autem
1750 3454 1843 3485 saepe
1866 3444 1950 3475 visae
1982 3450 2058 3476 sunt
2085 3444 2186 3475 nubes
2215 3443 2334 3475 delatae
2362 3453 2437 3474 cum
2467 3452 2553 3474 sono

1548 3489 1652 3520 multo
1677 3499 1766 3520 secus
1786 3489 1890 3529 ipsam
1905 3495 2036 3528 terram,
2052 3495 2089 3519 ut
2102 3487 2238 3520 terribile
2253 3494 2335 3519 esset
2349 3486 2552 3519 audientibus

1550 3540 1580 3564 et
1595 3533 1785 3571 videntibus,
1802 3539 1955 3574 tanquam
1971 3532 2080 3563 futuro
2095 3532 2203 3574 aliquo
2222 3532 2347 3563 maiori.
2365 3530 2548 3573 Aliquando

1549 3584 1656 3608 autem
1676 3584 1707 3608 et
1729 3577 1796 3608 sine
1824 3587 1905 3607 sono
1937 3577 2052 3608 talibus
2075 3576 2150 3608 visis
2178 3576 2334 3615 nubibus,
2361 3575 2482 3616 grando
2513 3573 2551 3605 fit

1549 3622 1660 3660 multa,
1681 3628 1711 3652 et
1725 3620 1943 3661 magnitudine
1962 3620 2151 3652 incredibilis
2175 3627 2206 3652 et
2223 3619 2331 3660 figuris
2351 3628 2417 3650 non
2438 3625 2548 3650 rotun-
