2782 4134
1117 294 1229 331 CAP.
1258 293 1311 342 V,
1342 293 1494 330 LECT.
1524 293 1612 330 XVI

2383 293 2458 341 319

271 376 444 419 oporteat
473 382 567 417 esse,
597 369 692 407 idest
722 371 829 407 cuius
857 371 1020 419 formae,
1050 372 1088 409 id
1117 385 1193 421 quo
1223 385 1336 432 auge·
1360 371 1364 425 Ι
1391 380 1590 420 augetur.
1567 366 1601 394 ⁰
1622 372 1685 410 Sic
1708 372 1817 431 igitur
1837 372 1912 409 hoc
1932 371 2038 421 quod
2057 372 2099 409 fit
2119 384 2207 409 caro
2227 371 2265 409 in
2286 384 2332 409 eo
2352 374 2458 420 quod

269 430 329 460 tur
347 429 369 460 ³.
390 423 440 459 Et
468 423 656 460 concludit
674 424 917 460 manifestum
939 436 1020 461 esse
1046 437 1091 462 ex
1119 426 1336 485 praemissis

270 452 375 525 quod
403 475 442 513 id
470 489 548 526 quo
582 476 723 524 aliquid
751 484 920 524 augetur,
949 485 1004 514 est
1031 477 1068 514 in
1091 479 1260 527 potentia
1288 480 1337 516 ad

270 529 308 567 id
337 529 443 578 quod
475 536 649 577 augetur;
684 537 796 578 puta,
830 529 861 566 si
890 542 978 567 caro
1008 538 1063 567 est
1090 532 1195 580 quod
1224 543 1336 579 auge-

31 589 118 619 ·mwd
135 591 242 618 augeu.
270 590 347 630 tur,
380 581 419 619 id
452 595 528 631 quo
563 588 720 630 augetur
744 582 764 604 '¹‘
792 590 942 631 oportet
974 595 1057 620 esse
1090 583 1128 620 in
1165 584 1335 632 potentia

30 645 240 674 auum-praeced·
270 648 442 673 carnem:
472 635 571 684 quia,
602 635 697 681 sicut
725 647 840 684 supra
867 635 887 657 '¹‘
916 635 1058 672 dictum
1087 644 1162 684 est,
1192 636 1229 673 id
1257 649 1334 685 quo

269 689 412 738 aliquid
440 695 609 736 augetur,
631 695 686 725 est
712 688 750 724 in
768 688 955 737 principio
980 688 1171 736 dissimile,
1192 689 1230 726 in
1258 689 1334 726 fine

269 750 397 779 autern
435 742 569 779 simile.
599 742 648 778 Et
676 741 767 790 quia
803 741 892 778 nihil
931 749 986 778 est
1014 741 1053 778 in
1089 742 1258 791 potentia
1286 742 1335 779 ad

267 808 402 843 unum,
423 795 515 845 quin
543 794 590 832 sit
616 794 655 831 in
682 802 770 831 actu
797 794 937 844 aliquid
962 794 1084 842 aliud,
1119 802 1270 844 oportet
1297 795 1335 832 id

268 861 347 898 quo
376 855 533 896 augetur
561 860 670 895 caro,
700 847 805 897 quod
834 855 890 885 est
915 847 955 884 in
982 848 1151 896 potentia
1178 848 1228 885 ad
1257 860 1335 884 car-

268 913 372 949 nem,
393 913 476 938 esse
504 908 590 938 actu
619 900 761 950 aliquid
790 901 891 938 aliud
914 913 1032 949 quam
1057 913 1222 948 carnem,
1243 909 1335 950 puta

266 954 388 1015 panis.
410 954 527 1014 Quod
546 961 674 991 autem
695 961 751 991 est
769 962 855 991 actu
874 954 1027 1003 aliquid,
1045 966 1124 991 non
1143 955 1186 991 fit
1205 954 1306 992 aliud
1321 954 1335 980 ς

267 1007 340 1046 nisi
366 1019 436 1057 per
461 1007 596 1058 prioris
625 1007 911 1068 corruptionem
941 1015 976 1044 et
1004 1007 1194 1057 sequentis
1223 1019 1334 1056 gene-

267 1059 473 1098 rationem:
494 1067 645 1120 oportet
663 1060 773 1109 igitur
787 1069 1037 1109 augmentum
1051 1061 1135 1098 fieri
1154 1069 1334 1109 corrupto

268 1125 316 1151 eo
344 1114 450 1162 quod
476 1114 581 1163 prius
609 1122 689 1151 erat
716 1122 813 1161 actu,
832 1122 925 1163 puta
952 1127 1065 1163 pane,
1091 1122 1127 1151 et
1154 1122 1332 1162 generato

267 1178 316 1204 eo
344 1168 448 1216 quod
477 1174 647 1215 augetur,
667 1175 759 1216 puta
787 1179 911 1205 carne.
933 1169 983 1205 Et
1010 1167 1063 1204 sic
1091 1167 1333 1204 manifestum

239 1220 459 1283 ΨΜ
475 1220 515 1258 in
539 1227 745 1269 augmento
770 1221 979 1271 aliqualiter
1007 1219 1196 1257 concurrit
1221 1232 1334 1268 gene-

266 1280 374 1311 ratio.

322 1327 358 1364 3.
373 1326 526 1365 Deinde
546 1339 634 1364 curn
655 1326 760 1364 dicit:
779 1327 871 1364 Non
892 1326 1010 1376 igitur
1022 1327 1094 1363 hoc
1112 1338 1232 1375 ipsum
1249 1333 1318 1363 etc.
1310 1354 1332 1373 .,

266 1379 431 1417 ostendit
467 1379 719 1417 differentiam
757 1379 950 1428 augmenti
985 1387 1020 1416 et
1056 1379 1332 1427 generationis.

263 1432 397 1471 dicens
425 1433 552 1482 quod,
589 1445 677 1470 cum
711 1433 750 1470 in
783 1439 987 1480 augmento
1025 1432 1071 1469 sit
1092 1437 1107 1455 ’¹
1141 1432 1331 1482 quaedam

265 1485 458 1535 generatio
487 1486 621 1534 carnis,
643 1497 731 1523 cum
760 1485 861 1522 aliud
881 1485 928 1522 sit
950 1485 1205 1534 augmentatio
1230 1498 1252 1522 a
1271 1498 1333 1534 ge-

262 1538 474 1587 neratione,
495 1539 664 1589 sequitur
682 1539 787 1588 quod
807 1551 886 1576 non
905 1546 1105 1587 generetur
1127 1539 1331 1576 secundum

262 1592 438 1642 seipsum,
466 1592 564 1630 idest
589 1592 805 1641 separatim,
825 1591 981 1640 quando
1010 1591 1150 1641 aliquid
1177 1604 1332 1640 genera-

264 1652 326 1684 tur
352 1645 462 1695 (quia
488 1645 542 1682 sic
565 1657 644 1682 non
673 1652 771 1682 esset
798 1652 1060 1693 augmentum,
1081 1645 1149 1682 sed
1176 1657 1331 1693 genera-

159 1706 170 1719 ⁴
224 1700 230 1708 '
262 1698 351 1746 tio);
379 1698 448 1735 sed
467 1705 617 1747 oportet
635 1698 805 1747 generari
826 1710 981 1735 carnem
1000 1698 1038 1735 in
1058 1710 1213 1735 carnem
1233 1711 1331 1748 quae

317 1857 340 1891 ι)
355 1857 456 1883 idest...
471 1865 522 1890 quo
536 1861 661 1891 augetur.
673 1871 693 1877 —
705 1857 756 1883 Pro
771 1857 848 1888 idest,
864 1858 893 1883 id
906 1857 975 1883 idest
992 1858 1036 1887 Pb,
1053 1858 1081 1882 id
1095 1858 1136 1883 ed.
1150 1865 1176 1886 a,
1191 1860 1217 1882 et
1227 1858 1259 1888 C;
1274 1863 1335 1890 post

353 1900 375 1923 e,
386 1896 426 1919 est
435 1893 592 1922 add.PCab‚·
605 1901 654 1926 pro
666 1893 696 1918 id
708 1901 761 1926 quo
776 1897 900 1927 augetur,
918 1893 946 1918 id
955 1893 1027 1926 quod
1035 1897 1152 1926 augetur
1160 1894 1237 1923 ACa‚·
1246 1894 1333 1925 legere

263 1929 294 1956 id
324 1929 379 1955 uod
389 1931 514 1962 augetur,
528 1933 663 1954 contextus
673 1936 726 1954 non
737 1929 871 1961 permittit.
879 1942 899 1950 -
910 1929 961 1954 Pro
969 1929 1136 1961 praemissis,
1142 1929 1292 1962 praedictis
1302 1930 1333 1954 A.

364 1963 443 1995 Quod
460 1966 583 1990 autem...
596 1964 681 1990 aliud.
699 1978 718 1984 -
738 1963 817 1995 Quod
834 1968 924 1990 autem
942 1968 983 1990 est
1000 1967 1062 1990 actu
1077 1972 1159 1990 unum
1177 1967 1204 1989 et
1220 1964 1332 1997 aliquid,

263 2003 318 2027 non
329 2000 367 2034 fit
384 2003 447 2025 actu
466 1999 543 2025 aliud
559 2000 592 2024 A.
608 2012 629 2020 —
646 1999 697 2024 Pro
710 2007 764 2032 per
783 1999 920 2032 prioris...
933 1999 1148 2041 generationem,
1162 2006 1216 2032 per
1229 1999 1334 2032 prioris

263 2038 292 2061 et
309 2035 429 2068 sequitur
449 2034 592 2068 (sequentis
616 2035 647 2069 C)
669 2035 868 2068 corruptionem
892 2035 942 2064 Ca,
964 2042 1016 2068 per
1035 2035 1140 2067 prioris
1157 2038 1184 2060 et
1201 2034 1333 2068 sequentis

261 2070 462 2106 generationem
480 2069 679 2102 corruptionem
697 2071 739 2095 ed.
752 2071 783 2100 17,-
800 2078 848 2103 pro
866 2071 1007 2103 sequentis,
1023 2070 1184 2103 posterioris
1202 2071 1233 2095 A.
1245 2083 1264 2090 —
1282 2070 1332 2095 Pro

261 2109 436 2140 angmentum
447 2105 521 2140 fleri,
539 2106 739 2147 generationem
746 2106 813 2139 fleri
825 2107 861 2137 A;
881 2114 930 2139 pro
943 2109 971 2131 et
981 2108 1124 2139 generato,
1137 2106 1228 2140 genito
1248 2106 1333 2131 Peab.

317 2141 344 2174 η)
363 2141 443 2174 quod,
456 2148 517 2166 cum
536 2149 564 2166 m
583 2145 728 2175 augmento
745 2141 823 2167 sit.-
833 2141 907 2174 quod
925 2141 952 2166 in
971 2145 1115 2174 augmento
1126 2142 1165 2175 fit
1182 2141 1266 2172 PCab,
1286 2142 1333 2166 sed

262 2181 392 2206 menna
409 2177 528 2202 deesn-
545 2177 597 2202 Pro
619 2180 764 2210 generetur
780 2177 926 2202 secundum
950 2177 1078 2209 seipsum,
1101 2180 1246 2210 generetur
1269 2184 1333 2203 caro

262 2212 407 2239 :eandum
421 2212 536 2245 seipsam
548 2213 587 2243 A;
601 2212 715 2245 seipsam
734 2213 811 2238 etiam
830 2213 877 2238 Ca.

1391 434 1559 485 augetur,
1582 434 1636 463 est
1662 426 1820 474 patiens,
1848 425 2074 474 inquantum
2103 425 2243 461 scilicet
2270 432 2458 462 transmu-

1390 486 1488 515 tatur
1515 479 1554 516 in
1582 478 1866 516 similitudinem
1896 478 1976 515 eius
2005 477 2110 526 quod
2139 485 2312 525 augetur;
2343 486 2379 514 et
2407 479 2455 515 ab

1390 532 1476 579 hoc,
1503 532 1642 570 scilicet
1668 544 1783 581 passo
1813 539 1851 569 et
1877 537 2140 579 transmutato,
2171 538 2456 578 augmentatum

1392 592 1447 621 est
1474 586 1536 621 vel
1564 585 1602 622 id
1632 585 1692 622 cui
1712 584 1871 632 additur,
1901 585 1964 622 vel
1988 591 2110 621 totum
2129 583 2302 620 mixtum.
2332 584 2382 621 Et
2401 591 2456 621 est

1391 637 1511 674 simile
1541 638 1635 675 sicut
1663 638 1693 675 si
1722 638 1854 688 aliquis
1873 637 1965 675 vino
1993 636 2257 687 praeexistenti
2286 637 2456 686 superin-

1391 689 1523 726 fundat
1549 697 1557 711 ‘
1582 703 1720 740 aquam
1741 691 1816 728 hoc
1844 691 1976 738 modo,
1998 690 2103 740 quod
2130 690 2265 726 vinum
2285 702 2354 726 sua
2380 690 2456 726 vir-

1389 749 1466 778 tute
1495 750 1619 791 potest
1647 756 1788 791 aquam
1809 744 2057 780 commixtam
2086 750 2309 780 convertere
2332 743 2371 779 in
2399 743 2456 779 sui

1390 802 1582 832 naturam:
1612 803 1702 832 tunc
1722 797 1822 833 enim
1843 797 1975 834 dicitur
1993 809 2076 834 esse
2095 803 2345 844 augmentum
2363 795 2454 844 vini,

1390 860 1468 885 non
1496 849 1699 896 generatio.
1723 850 1823 886 Cum
1851 857 1980 886 autem
2008 850 2134 899 liquor
2160 848 2293 898 aliquis
2321 861 2456 886 secun-

1390 901 1484 938 dum
1504 913 1544 938 se
1563 901 1602 938 in
1621 902 1754 939 vinum
1786 903 2025 950 convertitur,
2045 910 2137 952 puta
2155 915 2233 939 uva
2252 907 2277 949 ³,
2300 909 2355 939 est
2375 902 2455 939 vini

1389 954 1594 1014 generatio.
1614 955 1730 992 Aliud
1749 963 1876 992 autem
1906 957 2124 1004 exemplum
2142 955 2251 1015 ponit
2279 955 2327 992 de
2355 954 2453 1003 igne,

1390 1007 1455 1056 qui
1482 1008 1605 1045 adurit
1633 1020 1794 1056 corpora
1812 1008 1974 1045 ustibilia
2002 1009 2072 1046 sibi
2102 1008 2314 1046 coniuncta.
2336 1009 2386 1045 Et
2403 1007 2454 1045 ita

1390 1061 1570 1109 contingit
1596 1062 1635 1098 in
1661 1073 1706 1098 eo
1726 1063 1831 1109 quod
1850 1069 2015 1109 augetur,
2037 1062 2143 1110 quod
2162 1069 2218 1098 est
2245 1069 2331 1098 actu
2351 1073 2452 1109 caro,

1390 1114 1496 1151 cuius
1514 1114 1634 1151 virtus
1653 1114 1936 1162 augmentativa
1954 1115 1992 1152 id
2016 1115 2122 1164 quod
2141 1114 2295 1152 advenit
2321 1114 2353 1163 ²²,
2379 1114 2453 1151 exi-

1388 1174 1490 1204 stens
1509 1167 1547 1204 in
1561 1167 1730 1216 potentia
1754 1168 1802 1205 ad
1818 1180 1984 1215 carnem,
2000 1168 2087 1205 facit
2105 1176 2191 1205 actu
2211 1179 2382 1214 carnem3
2402 1167 2452 1205 ita

1388 1227 1518 1257 tamen
1538 1222 1643 1270 quod
1662 1220 1707 1257 sit
1731 1221 1841 1257 simul
1863 1233 1951 1258 cum
1974 1233 2085 1258 carne
2104 1221 2389 1270 praeexistente.
2412 1220 2453 1258 Si

1389 1273 1491 1310 enim
1521 1286 1565 1310 ex
1593 1273 1720 1321 aliquo
1750 1274 1855 1323 quod
1884 1281 1939 1310 est
1965 1274 2004 1311 in
2030 1274 2200 1323 potentia
2229 1286 2328 1321 caro,
2350 1286 2452 1311 seor-

1388 1338 1474 1364 sum
1494 1327 1602 1364 fieret
1622 1339 1722 1374 caro,
1745 1334 1843 1364 esset
1861 1327 2052 1375 generatio
2075 1327 2208 1375 carnis,
2229 1340 2308 1364 non
2322 1326 2342 1348 '¹‘
2363 1340 2453 1376 aug-

1387 1387 1580 1426 mentum;
1615 1380 1710 1417 sicut
1746 1380 1881 1417 accidit
1917 1393 2005 1417 cum
2044 1392 2089 1417 ex
2124 1380 2260 1418 virtute
2298 1381 2453 1418 seminis

1387 1432 1539 1481 sanguis
1568 1441 1784 1470 menstruus
1803 1433 1841 1470 in
1871 1445 2022 1470 carnem
2044 1434 2285 1471 convertitur.
2306 1435 2356 1471 Et
2378 1435 2453 1471 hoc

1387 1486 1500 1523 etiam
1529 1486 1663 1524 accidit
1691 1486 1788 1523 circa
1816 1486 1962 1534 ignem:
1993 1486 2172 1534 contingit
2205 1487 2306 1524 enim
2334 1499 2453 1536 quan-

1387 1540 1515 1588 doque
1535 1539 1640 1588 quod
1666 1539 1765 1587 ligna
1793 1539 1983 1587 igniuntur
2011 1539 2187 1577 adiuncta
2204 1539 2224 1561 '¹‘
2243 1540 2319 1588 igni
2345 1553 2453 1589 prae-

1387 1592 1568 1639 existenti,
1580 1600 1617 1629 et
1630 1593 1706 1629 hoc
1716 1600 1771 1629 est
1786 1592 2043 1640 augmentatio
2059 1592 2170 1640 ignis:
2188 1593 2343 1641 quando
2357 1605 2451 1631 vero

1386 1645 1468 1694 ipsa
1486 1646 1585 1694 ligna
1604 1645 1858 1682 incenduntur
1876 1658 2062 1692 seorsum,
2079 1658 2157 1682 non
2177 1646 2354 1683 adiuncta
2373 1645 2452 1683 aliis

1385 1698 1494 1747 lignis
1522 1698 1676 1746 adustis,
1697 1705 1786 1735 tunc
1816 1706 1871 1736 est
1898 1699 2101 1747 generatio.

1440 1856 1465 1891 0)
1484 1858 1532 1883 sed
1545 1861 1650 1889 oportet
1662 1858 1820 1891 generari...
1835 1865 1903 1890 quae
1920 1861 2045 1891 augetur.
2057 1871 2076 1876 —
2089 1857 2189 1883 scilicet
2205 1859 2332 1891 generari
2345 1866 2452 1885 carnem

1387 1901 1455 1926 quae
1467 1897 1583 1926 augetur
1597 1894 1654 1918 A.—
1667 1894 1781 1925 Pergunt
1794 1894 1884 1918 Peab:
1897 1893 1942 1918 Sic
1955 1894 2039 1927 igitur
2047 1897 2162 1925 propter
2176 1893 2205 1918 id
2218 1894 2289 1926 quod
2302 1902 2366 1919 caro
2381 1895 2407 1919 in
2422 1902 2453 1920 eo

1387 1929 1459 1961 quod
1471 1932 1588 1962 augetur
1600 1932 1640 1954 est
1649 1929 1757 1961 patiens
1775 1929 1802 1954 in
1821 1936 1852 1954 eo
1870 1929 1969 1954 scilicet
1987 1929 2058 1961 quod
2077 1932 2283 1954 transmutatur.
2300 1943 2320 1949 -
2337 1930 2389 1955 Pro
2402 1930 2453 1955 sci-

1387 1964 1448 1989 11'cet
1462 1971 1544 1996 passo
1591 1964 1716 1994 mixtum,
1729 1965 1765 1997 fit
1778 1965 1871 1996 passio
1886 1964 1927 1989 vel
1939 1963 2131 1989 transmutatio
2144 1968 2319 1997 augmentum
2333 1969 2373 1990 est
2386 1965 2454 1990 illud

1388 2000 1429 2024 vel
1445 2000 1490 2025 cui
1507 2000 1620 2025 additur
1639 2000 1680 2025 vel
1701 2003 1787 2024 totum
1811 2000 1929 2025 mixtum
1948 2000 1985 2031 A,
2004 1999 2108 2025 scilicet·
2123 2007 2206 2031 passo
2224 2003 2251 2025 et
2273 2003 2453 2026 transmutato

1386 2038 1561 2068 augmentum
1580 2038 1620 2060 est
1638 2035 1667 2060 id
1684 2035 1728 2060 cui
1745 2035 1858 2060 additur
1877 2036 1917 2060 vel
1936 2037 2021 2060 totum
2041 2037 2146 2060 mutant
2165 2035 2297 2068 (mutatur
2310 2035 2340 2068 C)
2357 2036 2408 2065 Ca;
2427 2039 2454 2061 et

1387 2075 1446 2095 ante
1464 2073 1646 2095 transmutato
1664 2078 1717 2095 om.
1731 2071 1759 2095 P.

1441 2106 1459 2139 ι)
1478 2106 1693 2140 superinfundat.
1711 2120 1731 2125 —
1747 2106 1870 2138 superius
1889 2106 2014 2140 infundat
2032 2107 2063 2131 A.
2077 2118 2097 2125 ·-
2110 2105 2161 2131 Pro
2179 2107 2364 2136 commixtam,
2383 2114 2453 2132 com-

1387 2144 1493 2167 mutare
1511 2145 1538 2166 et
1555 2142 1607 2171 Ca‚·
1625 2149 1674 2174 pro
1691 2141 1741 2171 sui,
1761 2148 1838 2166 suam
1857 2142 1888 2172 A,
1907 2146 1933 2166 et
1951 2149 2004 2166 om.
2018 2141 2097 2166 enim.

1441 2177 1467 2209 ι)
1481 2180 1552 2209 puta
1569 2184 1630 2202 uva.
1647 2190 1667 2196 -
1679 2180 1750 2209 puta
1769 2177 1796 2202 in
1816 2184 1869 2202 uva
1887 2177 1956 2206 Cab,
1975 2185 2029 2202 om.
2042 2177 2074 2202 A.
2087 2190 2107 2197 -
2124 2177 2175 2202 Pro
2192 2183 2307 2210 corpora
2326 2177 2452 2207 ustibihh,

1387 2212 1580 2238 combustibilia
1599 2212 1634 2244 C;
1653 2220 1700 2245 pro
1718 2212 1867 2243 coniuncta,
1886 2213 2017 2238 adiuncta
2033 2213 2065 2237 A.

2479 1126 2587 1148 ‘adurit
2598 1127 2634 1148 νιν.

2480 1340 2489 1348 ·
2505 1341 2582 1361 autem
2599 1339 2652 1361 add.
2666 1346 2695 1361 Α.

2480 1553 2489 1562 ·
2504 1551 2628 1573 coniuncta
2641 1557 2666 1573 A.
