2782 4134
72 507 81 516 ⁸
96 505 166 527 Num⁴
179 511 228 533 seq.

66 985 75 994 ⁶
100 983 220 1005 raedictae
228 989 274 1004 om.

67 1017 88 1032 P.

163 1138 178 1167 t

65 1304 76 1315 ¹*
90 1304 151 1325 Lect.
162 1309 211 1330 vni,
222 1309 244 1324 n.
255 1308 270 1324 ι.

61 1462 73 1473 ’
87 1462 119 1483 Ca
138 1467 191 1487 .1x,
206 1467 268 1487 n.11;

63 1488 88 1509 S.
140 1503 145 1509 .
167 1488 217 1509 lect.
233 1493 268 1514 xi,

63 1520 86 1536 n.
102 1520 130 1535 12.

60 2144 69 2153 “
86 2143 143 2165 illud
156 2150 185 2165 ri.

61 2463 70 2472 ·
84 2462 243 2490 corporalibus
252 2469 266 2484 B

58 2494 117 2510 neri.

58 2521 68 2530 ·
83 2520 114 2541 sit
126 2527 148 2542 Ρ.

56 2678 66 2688 '
78 2678 142 2700 Lect.
152 2685 207 2707 xvu,
221 2686 243 2702 n.
259 2686 267 2701 ι

58 2710 110 2733 sqq.

313 266 360 301 82

311 342 420 379 Circa
437 340 603 389 primum
632 339 708 375 duo
737 337 839 373 facit:
868 335 992 384 primo
1017 331 1220 382 praemittit
1247 342 1364 388 quan-

310 395 398 432 dam
436 393 681 439 divisionem,
709 402 779 439 per
806 401 921 438 quam
955 386 1166 423 manifestat
1193 395 1365 441 proposl-

308 455 406 493 tum;
427 445 593 483 secundo
615 443 775 481 excludit
794 441 936 489 singula
961 439 1135 476 membra
1155 436 1362 483 divisionis,

307 500 378 537 ibi:
407 498 636 547 Simplicium
665 496 811 545 quidem
839 494 954 543 igitur
983 493 1002 513 ’³
1032 498 1100 527 etc.

359 552 458 589 Dicit
486 563 573 598 ergo
601 556 611 570 ¹
642 549 764 598 primo
799 546 921 595 quod,
957 544 986 581 si
1016 551 1070 580 est
1098 541 1252 590 aliquod
1282 553 1362 577 cor-

305 618 376 654 pus
407 604 622 653 physicum,
661 601 756 638 idest
790 598 978 644 naturale,
1014 603 1116 632 extra
1153 602 1362 632 extremam

300 657 573 707 peripheriam,
602 654 697 691 idest
729 649 1090 695 circumferentIam,
1124 660 1278 685 necesse
1309 654 1363 683 est

306 710 408 759 quod
437 709 525 746 illud
553 719 688 755 corpus
716 712 779 742 aut
798 704 843 741 sit
866 704 912 740 de
941 714 1103 739 numero
1133 700 1362 750 simplicium

306 774 527 811 corporum,
560 767 623 796 aut
650 760 696 796 de
724 769 884 794 numero
923 755 1235 804 compositorum.
1267 755 1362 790 Item

304 827 458 852 necesse
486 821 540 850 est
567 812 668 861 quod
696 811 756 847 vel
784 810 830 846 sit
856 808 907 846 ibi
933 809 1145 845 secundum
1173 815 1360 854 naturam,

303 869 364 904 vel
391 875 538 917 praeter
563 872 747 901 naturam.

360 922 392 957 5.
421 919 566 957 Deinde
596 929 682 954 cum
712 915 818 952 dicit:
848 914 1080 963 Simplicium
1114 913 1262 962 quidem
1291 913 1361 962 igi-

302 980 363 1010 tur
382 980 462 1019 etc„
484 970 642 1008 excludit
661 969 806 1016 singula
830 968 1009 1005 membra
1025 966 1240 1016 praedictae
1258 966 1285 1016 ι*
1307 965 1361 1002 di-

301 1025 465 1063 visionis.
495 1025 543 1061 Et
561 1022 684 1072 primo
705 1020 867 1058 ostendit
896 1020 1001 1069 quod
1025 1027 1127 1056 extra
1148 1026 1359 1056 extremam

302 1080 498 1128 sphaeram
508 1088 584 1113 non
597 1083 651 1112 est
659 1074 812 1124 aliquod
825 1086 962 1123 corpus
972 1073 1131 1122 simplex
1146 1072 1359 1109 secundum

301 1139 483 1168 naturam.
506 1130 721 1177 Corporum
741 1127 842 1164 enim
871 1126 1100 1175 simplicium
1121 1125 1135 1152 ζ
1161 1125 1359 1175 quoddam

301 1192 354 1221 est
370 1182 590 1220 circulariter
605 1188 769 1227 motum3
786 1175 982 1228 quoddam
993 1187 1049 1216 est
1058 1179 1166 1229 quod
1181 1186 1360 1216 movetur

299 1250 321 1274 a
339 1236 481 1281 medio;
512 1234 704 1284 quoddam
724 1233 828 1283 quod
849 1240 1028 1270 movetur
1047 1232 1096 1270 ad
1116 1232 1301 1280 medium,
1323 1239 1360 1269 et

297 1290 335 1326 in
353 1279 487 1326 medio'
502 1287 666 1325 subsistit
693 1286 871 1323 omnibus
891 1286 982 1334 aliis,
1011 1294 1054 1323 ut
1082 1298 1196 1335 supra
1213 1287 1232 1307 ’³‘
1251 1285 1359 1323 habi-

297 1351 376 1380 tum
406 1349 471 1378 est.
498 1342 655 1389 Nullum
675 1347 802 1377 autem
830 1340 970 1376 horum
998 1346 1124 1388 potest
1143 1351 1226 1376 esse
1256 1347 1358 1376 extra

298 1403 501 1432 extremam
540 1393 888 1431 circumferentiam.
924 1393 1134 1429 Ostensum
1169 1399 1224 1429 est
1257 1392 1358 1429 enim

297 1461 408 1498 supra
435 1448 472 1484 in
498 1448 549 1484 VI
578 1447 726 1495 Physic.
751 1447 771 1467 '¹‘
798 1445 903 1495 quod
932 1458 1070 1495 corpus
1104 1445 1210 1495 quod
1240 1445 1358 1482 circu-

296 1502 419 1538 lariter
445 1501 570 1548 fertur,
599 1513 677 1537 non
703 1506 894 1549 permutat
917 1499 1116 1548 proprium
1144 1499 1274 1535 locum
1301 1511 1357 1536 se-

297 1554 464 1592 cundum
484 1561 618 1601 totum,
638 1553 708 1590 nisi
728 1553 852 1590 solum
878 1552 1033 1589 ratione.
1057 1552 1120 1589 Sic
1147 1551 1258 1600 igitur
1276 1564 1356 1589 non

298 1615 352 1645 est
378 1606 554 1657 possibile
573 1607 677 1656 quod
700 1619 837 1655 corpus
852 1606 956 1655 quod
977 1605 1204 1643 circulariter
1227 1606 1354 1653 fertur,

296 1661 535 1697 transferatur
561 1660 610 1697 ad
638 1659 803 1708 aliquem
822 1660 949 1696 locum
970 1667 1072 1696 extra
1101 1671 1190 1695 eum
1211 1658 1249 1695 in
1277 1671 1355 1708 quo

298 1722 361 1751 est.
392 1714 477 1750 Hoc
504 1721 631 1750 autem
659 1720 879 1762 sequeretur
907 1712 938 1749 si
967 1720 1064 1750 esset
1092 1711 1247 1762 aliquod
1274 1725 1355 1749 cor-

294 1779 366 1816 pus
395 1766 619 1803 circulariter
646 1774 795 1803 motum
825 1773 927 1803 extra
955 1774 1164 1803 extremam
1194 1766 1354 1803 circum-

296 1819 492 1856 ferentiam
514 1825 544 1866 ²⁰,
574 1819 667 1856 sicut
685 1819 723 1856 in
743 1832 812 1856 suo
841 1820 925 1856 loco
955 1819 1124 1856 naturali.
1160 1819 1260 1866 Quia
1287 1831 1356 1868 per

297 1885 411 1922 quam
436 1873 620 1910 rationem
649 1881 747 1910 esset
773 1873 950 1909 naturalis
979 1872 1029 1909 illi
1058 1873 1208 1922 corpori
1237 1872 1355 1910 circu-

295 1925 419 1963 lariter
446 1933 572 1973 moto,
607 1938 675 1975 per
704 1926 866 1963 eandem
903 1925 1088 1963 rationem
1122 1933 1220 1963 esset
1248 1933 1354 1963 natu-

297 1979 380 2015 ralis
394 1977 648 2028 huic’corpori
668 1979 772 2028 quod
790 1979 828 2016 in
855 1979 930 2016 hoc
953 1979 1099 2016 mundo
1129 1979 1356 2017 circulariter

296 2032 427 2079 fertur3
457 2044 571 2069 omne
600 2039 726 2069 autem
755 2044 892 2081 corpus
921 2033 1136 2070 naturaliter
1163 2033 1279 2070 fertur
1307 2034 1355 2071 ad

296 2097 407 2122 suum
444 2086 571 2122 locum
608 2086 839 2132 naturalem;
877 2093 1097 2135 sequeretur
1131 2098 1220 2134 ergo
1250 2087 1354 2136 quod

295 2138 394 2175 istud
423 2140 442 2159 ’³‘
476 2151 612 2188 corpus
646 2139 871 2176 circulariter
907 2146 1056 2176 motum
1093 2140 1355 2177 transferretur

297 2198 398 2228 extra
426 2204 538 2228 suum
566 2192 693 2228 locum
721 2193 769 2229 ad
797 2192 913 2229 alium
947 2188 1074 2230 locu'm
1102 2191 1129 2240 θ,
1161 2194 1266 2243 quod
1299 2201 1355 2231 est

294 2244 536 2293 impossibile.

348 2297 523 2335 Similiter
559 2298 670 2335 etiam
705 2310 783 2335 non
821 2306 876 2335 est
911 2298 1092 2347 possibile
1130 2311 1213 2336 esse
1251 2307 1353 2338 extra

295 2358 498 2388 extremam
517 2350 855 2388 circumferentiam
876 2364 1013 2401 corpus
1029 2352 1126 2400 leve,
1143 2353 1249 2402 quod
1269 2366 1351 2390 mo-

292 2411 401 2441 vetur
428 2417 450 2441 a
477 2404 616 2451 medio,
646 2416 769 2453 neque
792 2404 911 2441 -etiam
935 2417 1073 2458 corpus
1101 2417 1229 2454 grave,
1246 2407 1352 2455 quod

293 2458 435 2494 substat
449 2457 527 2494 aliis
548 2457 768 2507 corporibus
784 2459 803 2479 *
818 2457 856 2494 in
871 2458 1011 2496 medio.
1034 2459 1074 2496 Si
1090 2458 1192 2496 enim
1209 2459 1354 2497 dicatur

294 2511 397 2562 quod
411 2510 483 2548 sint
499 2511 518 2532 ’¹‘
533 2518 634 2548 extra
656 2517 862 2548 extremam
883 2511 1224 2549 circumferentiam
1245 2520 1352 2550 natu-

293 2563 425 2611 raliter,
446 2564 520 2601 hoc
540 2576 621 2601 esse
649 2576 726 2601 non
741 2560 881 2614 potest‚'
895 2565 984 2614 quia
1011 2566 1154 2603 habent
1177 2565 1250 2603 alia
1267 2567 1352 2604 loca

293 2617 484 2664 naturalia,
506 2617 644 2654 scilicet
661 2617 755 2654 infra
774 2626 980 2655 extremam
1007 2618 1351 2657 circumferentiam

293 2670 421 2717 totius;
451 2678 643 2707 ostensum
664 2678 718 2708 est
737 2679 862 2708 autem
892 2673 1035 2721 supra*
1049 2673 1155 2722 quod
1175 2672 1351 2710 omnium

294 2723 464 2771 gravium
502 2731 556 2760 est
590 2736 688 2761 unus
729 2736 889 2762 numero
931 2726 1037 2763 locus
1058 2755 1067 2773 ,
1107 2734 1143 2763 et
1184 2726 1352 2764 similiter

294 2775 467 2813 omnium
499 2776 651 2814 levium.
684 2777 794 2814 Unde
827 2790 906 2815 non
940 2786 995 2816 est
1030 2779 1210 2828 possibile
1245 2781 1351 2830 quod

293 2829 361 2866 ista
390 2841 548 2878 corpora
575 2830 646 2866 sint
674 2831 886 2868 naturaliter
915 2839 1017 2869 extra
1045 2840 1252 2870 extremam
1283 2833 1350 2870 eir-

294 2882 575 2920 cumferentiam
591 2883 713 2920 totius.
723 2905 746 2911 -
756 2885 804 2921 Et
818 2892 873 2921 est
888 2885 1207 2924 considerandum
1222 2893 1230 2908 ‘
1245 2887 1351 2937 quod

294 2935 360 2972 ista
385 2935 489 2984 ratio,
511 2943 546 2973 et
572 2944 755 2986 quantum
779 2937 827 2974 ad
856 2950 993 2987 corpus
1013 2938 1239 2977 circulariter
1267 2953 1351 2977 mo-

346 3074 367 3106 ε)
383 3075 455 3100 Dicit
469 3082 541 3109 ergo.
553 3088 572 3095 —-
589 3076 710 3101 Ostendit
723 3084 788 3110 ergo
802 3078 834 3108 P;
850 3078 890 3103 hic
903 3083 989 3103 tamen
1004 3079 1066 3104 nihil
1081 3081 1226 3106 ostenditur
1234 3082 1275 3106 vel
1290 3089 1350 3114 ραν

295 3108 381 3140 batur,
401 3111 446 3135 sed
464 3111 643 3143 praemittitur.
663 3113 694 3136 ad
713 3114 874 3146 propositum
892 3115 1090 3145 ostendendum,
1105 3116 1197 3141 divisio
1211 3117 1349 3149 quaedam,

296 3151 361 3176 quae
380 3150 418 3169 est
435 3153 481 3177 per
498 3153 526 3170 se
545 3147 684 3172 manifesta.
697 3161 716 3166 —
730 3148 786 3173 Lin.
799 3156 855 3181 seq.
868 3152 1018 3174 extremam
1038 3158 1091 3175 om.
1107 3151 1141 3182 Ρ;
1161 3151 1194 3177 cf.
1206 3157 1313 3177 textum.

319 3213 324 3219 Π
347 3178 372 3212 ζ)
394 3181 539 3212 Corporum
563 3182 631 3206 enim
651 3182 817 3215 simplicium.
829 3197 848 3203 -
864 3184 933 3215 Quia
951 3193 1092 3218 corporum
1112 3187 1270 3219 simplicium
1290 3188 1318 3213 P.
1331 3202 1351 3207 -

295 3214 351 3238 Lm.
366 3222 422 3247 seq.
435 3223 481 3247 pro
500 3220 618 3241 movetur
632 3224 649 3241 a
663 3218 756 3248 medio,
777 3223 896 3244 movetur
909 3221 995 3245 medio
1015 3221 1043 3252 P,
1057 3229 1143 3247 errore
1156 3222 1350 3256 typographico,

297 3256 356 3289 nam
367 3257 384 3273 a
398 3251 504 3275 occurrit
518 3251 543 3275 in
555 3252 596 3276 ed.
615 3251 791 3283 1516.-1nfra.
810 3254 948 3280 Ostensum
963 3259 1002 3281 est
1014 3257 1082 3282 enim
1097 3264 1180 3289 supra
1191 3258 1216 3283 in
1233 3258 1351 3292 VlPhy-

297 3291 350 3313 sic„
370 3285 448 3310 codex
466 3286 498 3315 Η,
517 3287 568 3319 qui,
587 3291 615 3311 ut
633 3287 658 3312 in
677 3289 754 3320 praef.
768 3289 867 3321 dicitur,
886 3296 946 3323 post
964 3296 1081 3317 octavam
1101 3293 1158 3318 lect.
1179 3293 1280 3318 exhibet
1298 3302 1351 3319 non

297 3323 349 3343 tam
368 3322 575 3345 commentarium
596 3330 618 3347 s.
631 3322 680 3347 Th.
700 3331 777 3355 quam
792 3324 847 3349 eius
864 3327 1054 3358 compendium,
1069 3335 1122 3352 om.
1139 3329 1245 3353 verbum
1258 3336 1350 3361 supra.

298 3353 331 3378 Et
348 3361 436 3379 revera
453 3363 504 3380 non
527 3361 566 3380 est
590 3362 742 3383 consuetum
767 3367 789 3384 s.
805 3359 856 3385 Tb.
874 3362 949 3386 citare
969 3362 1017 3386 hoc
1037 3363 1115 3387 modo
1134 3364 1214 3388 libros
1233 3365 1350 3389 diversos

300 3388 330 3412 ab
349 3396 380 3412 eo
399 3397 476 3421 quem
495 3397 694 3423 commentatur;
713 3393 744 3417 cs.
759 3402 836 3427 supra
858 3396 901 3420 ubi
926 3398 1037 3422 eundem
1057 3398 1142 3423 locum
1162 3399 1234 3431 citat,
1256 3407 1350 3433 nempe

299 3423 400 3454 lect.V‚
420 3431 448 3456 73
465 3432 521 3455 vm,
545 3426 587 3457 13;
605 3434 659 3457 xm,
683 3427 722 3453 13.

352 3458 378 3490 η)
397 3462 476 3484 extra
495 3463 641 3486 extremam
659 3463 908 3496 circumferentiam.
919 3479 937 3487 -α
951 3467 986 3491 lta
1004 3468 1040 3498 A;
1061 3468 1080 3492 Ρ
1094 3473 1119 3493 et
1138 3474 1186 3494 cet.
1201 3477 1248 3502 pro
1260 3473 1352 3495 extre—

300 3500 370 3517 mam
394 3493 487 3519 habent
510 3495 586 3520 huius
609 3497 650 3521 vel
673 3497 829 3524 huiusmodi.
854 3513 873 3519 —-
899 3501 950 3525 Pro
973 3502 999 3526 in
1019 3510 1066 3527 cuo
1090 3504 1147 3529 Ioco
1166 3505 1299 3535 naturali,
1325 3505 1350 3530 in

299 3535 375 3553 suum
388 3529 471 3554 Iocum
487 3531 634 3556 naturalem
654 3531 682 3557 Ρ.
693 3532 742 3557 Pro
763 3534 832 3563 Quia
847 3542 898 3567 per
912 3544 999 3568 quam,
1011 3538 1046 3562 Ee
1060 3545 1111 3570 per
1130 3547 1208 3572 quam
1229 3540 1263 3571 P;
1283 3545 1353 3573 patet

301 3563 371 3595 quod
389 3563 429 3588 hic
442 3565 583 3596 assignatur
600 3566 663 3590 ratio
676 3575 754 3599 quare
768 3569 793 3593 in
812 3569 946 3602 hypothesi
965 3579 1058 3605 corpus
1078 3574 1232 3600 circulariter
1251 3581 1351 3601 motum

300 3597 477 3623 transferretur
495 3604 563 3625 extra
581 3608 640 3626 eum
659 3602 744 3627 locum
763 3603 788 3627 in
807 3612 859 3636 quo
878 3611 925 3630 est.

1010 256 1081 292 DE
1111 252 1285 290 CAELO
1315 251 1386 287 ET
1416 248 1611 286 MUNDO
1642 248 1738 284 LIB.
1769 249 1783 284 Ι

1419 336 1512 375 tum,
1535 334 1571 363 et
1599 334 1786 376 quantum
1811 327 1860 364 ad
1881 338 2019 375 corpus
2049 326 2154 374 quod
2183 333 2364 364 movetur
2386 334 2497 364 motu

1420 388 1534 427 rect0‚
1556 380 1672 416 habet
1691 379 1954 417 necessitatem
1974 391 2019 416 ex
2039 391 2084 415 eo
2111 379 2218 427 quod
2238 391 2354 428 supra
2373 381 2393 399 ⁴*
2407 392 2497 429 pro-

1419 435 1551 470 batum
1580 440 1647 480 est,
1677 433 1783 481 quod
1813 441 1869 470 est
1895 440 2043 470 tantum
2070 444 2194 469 unum
2216 439 2430 470 extremum
2459 441 2496 470 et

1418 499 1539 523 unum
1567 485 1753 523 medium.

1473 541 1508 576 6.
1541 539 1720 576 Secundo
1749 538 1822 575 ibi:
1850 539 2009 576 Praeter
2037 544 2215 576 naturam
2243 543 2370 575 autem
2400 545 2492 586 etc.‚

1419 593 1582 630 ostendit
1606 592 1712 640 quod
1740 592 1888 628 nullum
1918 605 2058 642 corpus
2078 592 2239 641 simplex
2268 598 2281 612 ¹
2311 599 2367 628 est
2391 599 2495 629 extra

1419 647 1567 683 caelum
1595 653 1746 694 praeter
1773 652 1961 682 naturam.
1993 645 2033 682 Si
2054 645 2157 682 enim
2179 653 2278 682 esset
2305 643 2357 682 ibi
2384 657 2494 694 prae-

1417 707 1474 736 ter
1502 706 1689 746 naturam,
1711 698 1772 734 ille
1801 698 1909 735 locus
1937 698 2047 735 alicui
2076 698 2228 748 corpori
2258 705 2357 735 esset
2385 706 2494 735 natu-

1418 753 1524 790 ralis:
1564 753 1670 789 locus
1713 751 1815 788 enim
1854 751 1919 800 qui
1957 759 2013 789 est
2049 752 2116 789 uni
2155 751 2306 801 corpori
2341 759 2494 801 praeter

1417 813 1606 853 naturam,
1635 817 1793 842 necesse
1822 811 1879 841 est
1905 805 2012 854 quod
2041 806 2087 842 sit
2114 805 2176 842 alii
2205 805 2357 855 corpori
2387 806 2406 827 ’¹‘
2435 817 2493 842 se-

1418 860 1588 897 cundum
1607 866 1800 895 naturam:
1831 857 1920 907 quia
1940 858 1970 894 si
1997 858 2108 895 alicui
2127 859 2213 895 loco
2235 859 2385 896 deesset
2403 871 2492 908 pro-

1415 913 1542 961 prium
1581 924 1741 961 corpus,
1772 912 1879 948 locus
1913 910 1972 948 ille
2002 919 2100 949 esset
2127 912 2273 950 frustra.
2305 912 2384 950 Sed
2413 924 2493 950 non

1415 968 1540 1015 potest
1561 977 1643 1002 esse
1663 964 1770 1014 quod
1789 964 1849 1001 ille
1870 965 1978 1002 locus
1997 964 2044 1001 sit
2070 965 2250 1003 naturalis
2269 965 2380 1003 alicui
2409 978 2492 1003 cor-

1414 1019 1520 1068 pori:
1550 1031 1631 1055 non
1668 1018 1772 1055 enim
1811 1025 1866 1054 est
1906 1018 1926 1039 *
1958 1018 2137 1055 naturalis
2175 1031 2302 1068 neque
2340 1019 2492 1068 corpori

1416 1072 1644 1109 circulariter
1671 1079 1798 1118 moto,
1828 1083 1955 1120 neque
1984 1071 2137 1121 corpori
2169 1071 2246 1109 levi
2274 1079 2340 1109 aut
2366 1072 2490 1121 gravi;

1415 1134 1613 1163 ostensum
1643 1132 1698 1163 est
1726 1132 1855 1162 autem
1893 1137 2009 1173 supra
2029 1125 2049 1146 *
2078 1125 2185 1174 quod
2210 1125 2360 1163 nullum
2388 1125 2493 1164 aliud

1415 1192 1556 1228 corpus
1585 1186 1641 1216 est
1671 1185 1822 1228 praeter
1850 1177 1931 1215 ista.
1958 1199 1983 1206 -
2014 1178 2077 1215 Sic
2115 1177 2227 1226 igitur
2252 1185 2357 1228 patet
2385 1179 2492 1228 quod

1415 1234 1561 1270 nullum
1592 1244 1730 1282 corpus
1750 1231 1912 1281 simplex
1945 1239 2001 1269 est
2029 1239 2133 1268 extra
2162 1231 2334 1280 caelum,
2364 1244 2491 1281 neque

1414 1286 1628 1324 secundum
1657 1293 1831 1323 naturam
1861 1297 1987 1334 neque
2015 1293 2167 1335 praeter
2195 1292 2383 1322 naturam.

1469 1353 1505 1388 7.
1536 1339 1668 1377 Tertio
1699 1339 1768 1376 ibi:
1798 1339 1841 1375 Si
1871 1344 1998 1376 autem
2028 1351 2103 1376 non
2131 1338 2358 1387 simplicium
2397 1345 2489 1387 etc.,

1412 1393 1551 1442 probat
1579 1392 1685 1442 quod
1704 1405 1783 1429 non
1812 1399 1869 1429 est
1893 1392 1946 1429 ibi
1965 1392 2121 1441 aliquod
2142 1403 2283 1441 corpus
2312 1391 2488 1430 mixtum.

1414 1446 1516 1494 Quia
1536 1446 1566 1483 si
1585 1459 1665 1484 non
1686 1453 1742 1483 est
1760 1445 1812 1482 ibi
1832 1445 1989 1495 aliquod
2015 1445 2246 1495 simplicium
2267 1457 2488 1495 corporum,

1413 1499 1582 1549 sequitur
1610 1499 1717 1549 quod
1745 1511 1824 1536 non
1853 1499 1899 1536 sit
1925 1498 1977 1536 ibi
2012 1499 2125 1536 etiarn
2163 1498 2320 1548 aliquod
2349 1511 2489 1548 corpus

1413 1552 1865 1601 mixtumz-ubicumque
1901 1553 2004 1590 enim
2035 1559 2090 1589 est
2128 1564 2268 1602 corpus
2306 1552 2488 1600 mixtum,

1412 1619 1568 1644 necesse
1598 1614 1655 1643 est
1681 1606 1734 1643 ibi
1768 1618 1851 1643 esse
1885 1618 2047 1656 corpora
2077 1605 2273 1655 simplicia,
2305 1618 2352 1643 eo
2381 1605 2488 1656 quod

1412 1672 1574 1709 corpora
1594 1659 1779 1709 simplicia
1807 1666 1895 1696 sunt
1913 1659 1952 1696 in
1976 1659 2094 1696 mixto
2114 1656 2148 1706 ³3
2170 1666 2206 1696 et
2225 1658 2387 1696 mixtum
2407 1670 2487 1696 sor-

1411 1713 1499 1751 titur
1525 1714 1655 1750 locum
1683 1713 1896 1750 naturalem
1925 1712 2139 1750 secundum
2159 1725 2298 1762 corpus
2327 1711 2488 1762 simplex

1410 1767 1517 1816 quod
1542 1766 1581 1803 in
1610 1779 1657 1803 eo
1679 1765 1909 1803 dominatur.

1466 1821 1501 1858 8.
1540 1819 1690 1857 Deinde
1730 1831 1819 1856 cum
1857 1818 1970 1856 dicit:
2010 1818 2086 1855 Sed
2118 1823 2156 1855 et
2187 1829 2307 1867 neque
2332 1818 2487 1867 sactum

1410 1885 1489 1910 esse
1517 1880 1600 1920 etc„
1630 1872 1796 1910 ostendit
1823 1871 1931 1922 quod
1960 1871 2076 1908 etiam
2105 1878 2210 1909 extra
2229 1871 2380 1908 caelum
2408 1882 2489 1909 non

1411 1926 1592 1975 contingit
1621 1938 1702 1963 esse
1732 1925 1891 1974 aliquod
1923 1937 2075 1974 corpus.
2104 1923 2220 1964 Unde
2254 1924 2344 1963 dicit
2380 1925 2488 1974 quod

1410 1993 1489 2017 non
1518 1987 1575 2017 est
1601 1979 1783 2029 possibile
1812 1978 1895 2016 fieri
1923 1978 2079 2029 aliquod
2108 1990 2247 2028 corpus
2275 1985 2379 2015 extra
2403 1989 2488 2016 cae-

1410 2035 1501 2071 lum.
1533 2033 1634 2081 Quia
1663 2040 1728 2070 aut
1756 2040 1855 2070 esset
1883 2032 1934 2070 ibi
1969 2032 2184 2070 secundum
2213 2038 2389 2070 naturam
2423 2038 2489 2070 aut

1408 2095 1559 2137 praeter
1586 2094 1775 2134 naturam,
1797 2093 1834 2124 et
1861 2086 1999 2123 iterum
2029 2093 2094 2123 aut
2118 2092 2217 2123 esset
2235 2084 2397 2135 simplex
2422 2091 2488 2124 aut

1409 2140 1596 2187 mixtum;
1627 2147 1664 2178 et
1691 2139 1878 2189 quidquid
1910 2140 2052 2177 horum
2081 2140 2212 2187 detur,
2236 2138 2311 2177 erit
2348 2137 2487 2177 eadem

1410 2195 1503 2232 ratio
1533 2206 1633 2244 quae
1667 2201 1723 2231 est
1755 2205 1871 2243 supra
1890 2194 1931 2230 ἐ
1962 2193 2052 2243 quia
2089 2205 2169 2231 non
2197 2191 2323 2230 differt
2350 2203 2486 2231 secun-
2512 2202 2522 2212 ‘

1409 2248 1503 2286 dum
1533 2247 1698 2285 rationes
1734 2246 1966 2296 praemissas
1995 2258 2045 2284 an
2079 2246 2126 2284 sit
2153 2245 2311 2295 aliquod
2345 2257 2486 2296 corpus

1409 2309 1513 2338 extra
1541 2301 1712 2347 caelum,
1740 2301 1803 2337 vel
1831 2299 1952 2349 possit
1979 2299 2032 2336 ibi
2060 2299 2161 2346 fieri;
2201 2298 2291 2349 quia
2319 2298 2485 2337 rationes

1408 2354 1642 2404 praemissae
1679 2361 1885 2402 utrumque
1925 2352 2178 2399 concludunt,
2213 2359 2251 2389 et
2282 2351 2371 2402 quia
2395 2351 2416 2373 ⁸¹
2445 2351 2483 2390 in

2525 394 2535 402 ⁶
2550 391 2609 414 lbid.
2620 399 2643 415 n.
2656 393 2678 415 6.

2521 814 2531 823 ·
2541 813 2644 845 §licum
2652 818 2738 843 emo-

2521 846 2557 861 ru
2570 846 2592 862 1².

2519 1027 2529 1036 ⁶
2545 1028 2581 1048 est
2599 1032 2648 1049 om.
2664 1026 2735 1050 codd.

2520 1059 2570 1075 exc.
2584 1059 2629 1076 m.

2519 1132 2529 1141 ‘¹
2544 1131 2608 1154 Lect.
2623 1138 2670 1159 vm,
2678 1138 2702 1154 ιι.
2712 1139 2734 1160 ις

2519 1158 2550 1180 cf.
2564 1164 2628 1181 num.
2644 1164 2721 1187 praec.

1408 2406 1648 2457 sempiternis
1677 2419 1757 2444 non
1786 2405 1912 2444 differt
1940 2417 2023 2443 esse
2053 2413 2090 2443 et
2116 2410 2250 2455 posse',
2279 2413 2321 2442 ut
2349 2404 2484 2443 dicitur

1407 2460 1446 2498 in
1475 2461 1525 2498 111
1545 2459 1695 2508 Physic.
1716 2459 1749 2496 ¹⁴¹.

1462 2525 1498 2562 9.
1515 2513 1665 2551 Deinde
1695 2524 1784 2550 cum
1805 2511 1914 2550 dicit:
1943 2512 2195 2561 Manifestum
2224 2511 2342 2562 igitur
2359 2523 2410 2549 ex
2428 2511 2483 2549 di·
2527 2507 2535 2541 ἶ

1406 2567 1472 2604 ctis
1501 2574 1584 2613 etc„
1615 2565 1808 2604 concludit
1837 2565 2123 2603 conclusionem
2145 2564 2403 2615 principaliter
2428 2564 2483 2603 in-

1407 2628 1563 2658 tentam.
1594 2620 1644 2657 Et
1672 2619 1760 2657 dicit
1787 2619 2031 2657 manifestum
2060 2631 2143 2657 esse
2173 2630 2219 2656 ex
2247 2618 2354 2656 dictis
2375 2617 2484 2668 quod

1408 2681 1511 2711 extra
1540 2674 1690 2710 caelum
1718 2685 1843 2723 neque
1873 2679 1929 2710 est
1957 2673 2083 2722 aliqua
2111 2673 2235 2710 moles
2265 2671 2482 2710 cuiuscum-

1408 2739 1482 2777 que
1503 2726 1685 2776 corporis,
1706 2737 1832 2777 neque
1853 2725 2034 2775 contingit
2049 2726 2101 2763 ibi
2128 2726 2202 2763 tale
2217 2725 2361 2775 aliquid
2378 2725 2480 2763 fieri:

1407 2780 1497 2831 quia
1524 2788 1626 2818 totus
1652 2779 1821 2817 mundus
1851 2787 1906 2817 est
1934 2791 1979 2817 ex
2007 2787 2087 2817 tota
2109 2779 2268 2817 materia
2296 2791 2366 2816 sua
2392 2790 2484 2828 pro-

1406 2834 1500 2884 pria,
1521 2833 1679 2871 materia
1699 2834 1719 2854 ⁴*
1739 2841 1869 2870 autem
1898 2833 2034 2871 mundi
2063 2840 2118 2870 est
2142 2844 2282 2882 corpus
2310 2832 2480 2870 naturale
2508 2840 2517 2848 ·

1407 2887 1596 2924 sensibile.
1610 2909 1634 2916 -
1650 2887 1734 2924 Nec
1754 2894 1810 2924 est
1828 2886 2114 2936 intelligendum
2125 2892 2145 2914 Ι*
2163 2885 2270 2935 quod
2284 2884 2375 2923 velit
2391 2897 2481 2935 pro-

1407 2941 1498 2978 bare
1526 2941 1672 2978 nullum
1704 2952 1843 2990 corpus
1871 2939 2047 2978 sensibile
2077 2951 2160 2977 esse
2185 2947 2289 2977 extra
2317 2939 2480 2988 caelum,

1459 3080 1483 3115 θ)
1499 3083 1697 3116 transferretur
1710 3084 1793 3107 extra
1806 3089 1883 3107 suum
1898 3081 1984 3107 locum
1999 3081 2038 3106 ad
2050 3081 2133 3107 alium
2149 3081 2244 3107 locum.
2255 3095 2275 3101 -
2287 3081 2484 3116 transferretur

1403 3117 1441 3142 ad
1459 3118 1544 3143 locum
1563 3125 1640 3143 suum
1660 3117 1688 3147 Ρ,
1704 3125 1756 3142 non
1775 3117 1809 3142 ita
1829 3117 1903 3147 bene,
1923 3122 1952 3142 ut
1970 3122 2043 3150 patet
2062 3125 2092 3142 ex
2112 3117 2338 3151 praecedentibus.

1458 3152 1477 3185 ι)
1495 3153 1530 3178 Β
1542 3156 1582 3178 est
1595 3152 1830 3178 considerandum.
1839 3166 1859 3172 -
1869 3152 1906 3177 H
1919 3154 1960 3178 est
1973 3152 2110 3178 sciendum
2126 3152 2155 3177 Ρ.
2165 3166 2185 3172 ·-
2198 3152 2279 3178 Line·
2293 3159 2351 3186 seq.
2361 3157 2388 3178 et
2401 3153 2483 3178 alten

1405 3196 1452 3221 pro
1472 3192 1601 3221 quantum
1619 3189 1671 3218 ad,
1693 3188 1852 3221 inquantum
1870 3188 1909 3213 aa
1927 3188 1958 3213 P.

1457 3223 1483 3258 κ)
1504 3224 1606 3249 nultum
1631 3231 1728 3257 corpus
1746 3223 1873 3256 simplex.
1887 3238 1907 3242 —
1919 3223 2037 3256 simplex
2055 3231 2108 3249 om.
2123 3223 2157 3254 Ρ,
2178 3228 2204 3249 et
2222 3223 2320 3257 pergit:
2339 3226 2380 3248 est
2397 3225 2481 3248 extra

1403 3259 1504 3284 caelum
1520 3262 1633 3291 praeter
1651 3263 1787 3288 naturam,
1802 3259 1866 3292 quia
1885 3259 1928 3285 ille
1947 3260 2019 3285 Iocus
2033 3259 2116 3285 alicui
2129 3258 2239 3292 corpori
2251 3262 2319 3284 aser
2331 3257 2482 3289 naturalis,-

1404 3299 1444 3319 est
1462 3295 1586 3320 correctio
1606 3295 1723 3321 lectionis
1741 3295 1893 3328 BCDEpGl,
1909 3295 1955 3328 qui
1973 3295 2098 3320 omittunt
2116 3294 2313 3320 homoteleuton
2327 3294 2359 3320 Si
2372 3294 2444 3319 enim
2453 3310 2480 3320 ..-

1405 3332 1540 3355 naturam.

1458 3364 1486 3397 λ)
1500 3373 1531 3390 eo
1543 3366 1615 3398 quod
1628 3373 1745 3398 corpora
1756 3366 1889 3398 simplicia
1902 3369 1966 3392 sunt
1979 3366 2005 3391 in
2021 3366 2147 3391 ’,ὠτία-
2158 3372 2227 3399 quae
2239 3365 2295 3390 sint
2308 3365 2334 3390 in
2351 3365 2439 3390 mixto
2450 3365 2479 3397 P,

1405 3401 1476 3433 quod
1495 3401 1595 3426 viderur
1614 3402 1739 3427 correctio
1752 3402 1843 3426 omissi
1863 3402 2033 3427 homoteleuti
2045 3408 2076 3427 eo
2127 3401 2274 3434 simplicia,
2300 3401 2372 3434 quod
2390 3406 2479 3426 tumen

1405 3435 1513 3461 habetur
1532 3436 1557 3461 in
1576 3437 1699 3462 omnibus
1719 3437 1850 3462 codicibus
1870 3445 1939 3471 quos
1952 3437 2022 3471 apud
2035 3444 2083 3462 not
2098 3436 2246 3462 habuimus.
2259 3450 2278 3456 —
2292 3436 2386 3467 Quoad
2403 3444 2477 3470 prae-

1406 3476 1507 3496 sentem
1528 3472 1614 3497 locum
1634 3473 1666 3497 cf.
1682 3473 1739 3498 lect.
1752 3481 1811 3499 xm.
1832 3478 1886 3498 not.
1900 3471 1923 3498 Θ.

1459 3507 1488 3540 μ)
1503 3507 1558 3532 Nec
1572 3511 1611 3532 est
1625 3508 1826 3541 intelligendum
1846 3514 1894 3534 etc.
1906 3523 1926 3528 -
1939 3518 1953 3533 ‹
1966 3507 2031 3534 Dicit
2045 3513 2132 3533 autem
2147 3507 2293 3533 Alexander
2311 3508 2382 3541 quod
2401 3507 2478 3533 huius

1408 3542 1478 3574 quod
1498 3550 1549 3567 non
1568 3543 1601 3568 sit
1620 3543 1725 3576 aliquod
1738 3551 1832 3576 corpus
1845 3544 1968 3570 sensibile
1980 3548 2050 3569 extra
2063 3543 2132 3568 hunc
2145 3544 2282 3574 mundum,
2295 3550 2382 3577 neque
2396 3543 2479 3576 possit

1407 3575 1469 3606 fieri.
1489 3585 1594 3603 causam
1614 3579 1753 3611 assignavit
1771 3579 1833 3608 hoc,
1853 3580 1924 3612 quod
1943 3579 2000 3613 ipse
2019 3584 2059 3604 est
2077 3587 2107 3604 ex
2126 3584 2180 3604 tota
2199 3587 2246 3604 sun
2265 3579 2380 3604 mater-in.
2400 3579 2479 3604 Forte

1409 3617 1494 3637 autem
1514 3614 1671 3638 contrarium
1690 3614 1774 3643 huius.
1790 3615 1887 3640 scilicet
1907 3615 1977 3648 quod
1997 3622 2027 3640 ex
2046 3619 2099 3640 tota
2118 3615 2226 3640 materia
2245 3614 2278 3640 sit
2295 3614 2336 3640 hic
2355 3614 2477 3646 mundus,
