2782 4134
158 526 240 548 Sicu
255 530 277 548 et
291 533 371 554 margo

159 553 213 575 Vat.
228 559 291 581 207²-

155 1107 167 1118 *
182 1109 204 1129 et
217 1114 265 1129 om.
279 1114 301 1129 Β.

151 1212 163 1223 ’
178 1214 231 1234 erat
244 1219 266 1234 Ρ.

398 291 476 327 400

399 370 565 395 amarae.
597 359 646 394 Et
674 358 810 395 eadem
836 370 950 394 causa
976 356 1128 394 videtur
1156 368 1238 393 esse
1260 356 1307 393 de
1327 368 1464 404 sapore

399 411 549 458 urinae,
587 423 684 459 quae
712 418 766 447 est
794 410 1034 460 superfluitas
1064 410 1220 446 collecta
1249 408 1287 445 in
1316 408 1461 445 vesica:

400 464 488 513 quia
502 463 722 501 huiusmodi
743 464 980 512 superfluum
996 463 1039 499 fit
1058 474 1231 499 amarum
1252 469 1289 498 et
1308 461 1462 509 salsum,

400 529 488 553 cum
503 517 706 554 humidum
720 524 894 565 potatum
910 516 955 552 sit
970 515 1091 552 dulce.
1114 514 1154 551 Si
1168 514 1279 562 igitur
1292 514 1312 536 '¹‘
1327 514 1377 551 ita
1393 522 1459 562 est,

399 570 503 619 quod
532 582 632 619 aqua
660 571 781 606 colata
808 582 876 618 per
896 569 1037 605 calcem
1058 568 1101 604 fit
1128 580 1277 614 amara;
1299 575 1335 604 et
1363 567 1463 604 simi-

396 623 479 660 liter
508 623 619 660 etiarn
641 635 729 660 cum
749 622 856 659 urina
877 621 1041 658 defertur
1060 620 1186 669 aliqua
1207 633 1265 658 res
1288 621 1370 658 talis
1389 621 1463 658 vir-

397 676 495 723 tutis,
512 677 617 724 quod
631 676 750 724 possit
768 675 890 723 ipsam
911 675 1048 710 salsam
1069 674 1193 710 facere
1213 676 1319 720 (nam
1339 674 1377 711 in
1395 687 1462 711 va-

397 728 446 766 sis
466 730 504 766 in
524 729 662 778 quibus
677 728 845 765 residens
866 734 1114 764 conservatur
1128 727 1247 774 urina,
1265 727 1461 765 subsidere

396 782 586 819 invenitur
613 781 802 829 quaedam
822 780 1005 817 limositas
1025 781 1122 818 salsa
1150 778 1202 827 ⁰);
1237 789 1273 818 et
1292 781 1462 818 similiter

396 843 451 871 est
469 835 508 871 in
527 835 678 880 sudore,
696 835 800 883 quod
820 834 1000 870 adhaeret
1017 834 1050 870 ei
1065 833 1207 883 aliquid
1223 834 1355 882 simile,
1373 847 1460 871 cum

395 888 513 924 sudor
540 887 739 924 resolvitur
757 899 780 923 a
803 887 990 934 carnibus,
1009 888 1114 936 quod
1142 888 1229 925 facit
1246 888 1371 937 ipsum
1391 889 1461 925 sal-

394 953 479 977 sum
499 947 517 987 ‘‚
534 948 718 988 tanquam
738 940 768 976 si
787 941 862 976 hoc
881 940 1094 987 humidum,
1117 941 1221 990 quod
1242 941 1316 978 exit
1335 953 1357 977 a
1378 953 1459 978 cor-

391 1006 486 1042 pore
504 1006 573 1042 per
601 993 793 1040 sudorem,
815 994 942 1030 abluat
965 1006 988 1030 a
1007 994 1184 1031 carnibus
1203 994 1306 1031 illam
1329 1006 1459 1042 super-

392 1046 574 1083 fluitatem
605 1059 704 1095 quae
727 1046 814 1083 facit
841 1046 1024 1084 sudorem
1053 1048 1212 1085 salsum:
1243 1047 1272 1084 si
1301 1047 1459 1096 inquam

392 1099 441 1136 ita
470 1107 525 1136 est
552 1099 590 1136 in
618 1099 696 1136 istis
724 1099 843 1137 tribus
880 1101 1014 1148 rebus,
1045 1108 1081 1138 et
1103 1101 1124 1123 *
1151 1101 1377 1150 metaphora
1411 1101 1458 1138 de

392 1152 531 1189 sudore
561 1160 616 1189 est
643 1153 743 1190 bene
780 1161 955 1203 accepta,
984 1154 1229 1192 manifestum
1263 1162 1318 1191 est
1353 1155 1458 1204 quod

391 1206 504 1242 etiarn
520 1205 558 1242 in
579 1206 675 1243 mari
696 1206 763 1243 erit
782 1206 802 1228 ’¹‘
822 1219 936 1244 causa
955 1207 1152 1245 salsedinis
1181 1207 1322 1257 aliquid
1342 1215 1455 1245 terre-

390 1266 463 1295 stre
488 1259 699 1296 admixtum
729 1259 848 1308 aquis.
870 1260 975 1308 Quid
1004 1269 1132 1298 autem
1161 1261 1207 1298 sit
1235 1261 1340 1310 quod
1372 1261 1458 1298 facit

390 1312 618 1350 salsedinem
639 1312 677 1349 in
698 1325 858 1362 corpore
873 1314 1057 1361 animalis,
1073 1314 1111 1351 in
1130 1315 1270 1352 sudore
1286 1322 1322 1351 et
1336 1314 1454 1362 urina,

390 1365 629 1413 cognoscitur
654 1372 678 1403 ¹:
709 1366 798 1416 quia
827 1374 882 1404 est
908 1368 1120 1416 hypostasis
1147 1367 1331 1414 alimenti,
1361 1368 1458 1405 idest

388 1419 479 1455 illud
508 1419 611 1468 quod
635 1419 805 1457 subsidet
833 1420 1028 1458 residuum
1058 1422 1106 1458 ab
1136 1433 1181 1458 eo
1211 1421 1317 1470 quod
1345 1429 1455 1459 attra-

387 1472 487 1509 hitur
523 1473 561 1510 in
595 1485 710 1510 usum
748 1473 915 1511 alimenti
942 1474 1079 1511 nutriti.
1110 1475 1160 1511 Et
1194 1475 1270 1511 hoc
1298 1473 1455 1524 quidem

388 1533 442 1562 est
471 1538 585 1563 causa
613 1526 820 1574 salsedinis,
846 1527 935 1576 quia
963 1540 1043 1565 non
1071 1535 1127 1565 est
1156 1527 1355 1576 digestum.
1378 1529 1455 1567 Sed

387 1579 480 1628 quid
508 1580 554 1616 sit
580 1580 671 1617 illud
704 1580 809 1629 quod
837 1581 912 1618 hoc
941 1581 1061 1619 modo
1088 1581 1209 1631 possit
1236 1581 1360 1618 facere
1384 1582 1454 1619 sal-

387 1633 558 1670 sedinem
588 1633 626 1670 in
654 1633 767 1680 mari,
798 1635 923 1671 adhuc
951 1642 1050 1672 esset
1079 1634 1284 1672 dicendum
1313 1635 1454 1684 Empe-

386 1686 497 1733 docli,
519 1699 607 1723 curn
636 1699 715 1724 non
735 1687 782 1724 sit
800 1688 1056 1725 manifestum.
1087 1688 1136 1725 Et
1156 1688 1209 1725 sic
1226 1695 1330 1737 patet
1349 1689 1453 1738 quod

385 1739 423 1776 in
441 1740 516 1776 hoc
534 1740 707 1800 peccavit
726 1741 995 1790 Empedocles,
1023 1741 1130 1790 quod
1149 1753 1228 1778 non
1254 1741 1452 1779 manifeste

386 1793 589 1841 assignavit
618 1807 786 1831 causam.

442 1848 474 1883 5.
492 1848 711 1894 Secundam
733 1847 917 1885 rationem
936 1847 1127 1897 pon1t1b1
1149 1847 1310 1885 Omnino
1325 1853 1450 1885 autem

384 1901 571 1948 quomodo
582 1901 758 1949 possibile
778 1909 859 1938 etc.:
872 1901 1000 1950 quia,
976 1899 988 1922 ²
1018 1900 1206 1938 desiccata
1222 1909 1257 1938 et
1273 1902 1451 1939 calefacta

383 1959 486 1990 tanta
513 1953 752 1991 multitudine
781 1967 916 2004 aquae,
938 1961 1080 2004 quanta
1108 1967 1130 1991 a
1154 1955 1249 1992 mari
1278 1967 1450 2004 segrega-

382 2113 439 2138 Vat.
455 2119 532 2145 2072,
548 2117 655 2146 excepto
674 2113 745 2145 quod
759 2113 782 2137 A
796 2120 844 2145 pro
862 2112 925 2145 quia
943 2112 1022 2138 habet
1039 2113 1119 2145 quod,
1134 2117 1159 2138 et
1177 2120 1226 2146 pro
1244 2113 1450 2142 admixtionem,

382 2148 555 2177 mixn‘onem5
578 2148 616 2173 Pa
640 2149 730 2181 legunt
753 2148 817 2181 quia
835 2148 1022 2180 permixtione
1043 2148 1141 2174 cineris
1156 2149 1241 2182 fiunt.
1258 2163 1277 2168 —
1295 2149 1376 2174 Linea
1394 2156 1451 2182 seq.

382 2184 456 2208 codd.
472 2184 569 2208 addunt
586 2184 667 2209 etiam
687 2188 747 2216 post
765 2183 874 2213 eadem,·
889 2184 926 2208 Pa
945 2191 1007 2213 vero
1026 2192 1080 2210 orn.
1092 2191 1148 2210 esse
1166 2189 1227 2217 post
1245 2184 1360 2210 videtur.

434 2217 458 2251 0)
478 2223 504 2244 et
521 2219 646 2244 similiter
664 2219 745 2244 etiam
764 2225 823 2245 cum
844 2219 958 2245 urina..
977 2219 1108 2245 limositas
1125 2220 1206 2245 salsa.
1220 2233 1239 2239 —
1252 2219 1342 2245 Varias
1363 2220 1451 2245 lectio·

382 2262 428 2280 nes
448 2260 568 2280 notamus
587 2255 718 2280 recitando
738 2254 877 2280 lectionem
891 2255 1053 2287 adoptatam:
1067 2258 1094 2280 et
1109 2255 1234 2280 similiter
1248 2255 1384 2287 (similiter
1396 2263 1450 2280 om.

380 2290 430 2322 Pa)
449 2290 529 2315 etfam
543 2298 602 2316 cum
622 2290 702 2315 urina
720 2287 842 2324 desertu'r
859 2290 997 2324 (differtur
1016 2291 1065 2323 Pa)
1079 2291 1171 2324 aliqua
1189 2298 1232 2316 res
1250 2291 1404 2323 (invenitur
1422 2291 1448 2316 1'n

379 2333 411 2351 ea
429 2326 521 2358 aliqua
539 2333 582 2351 res
600 2327 649 2358 Pa)
668 2326 730 2351 talis
747 2326 864 2355 virtutis,
879 2326 951 2359 quod
968 2326 1048 2359 (quae
1067 2334 1157 2360 margo
1175 2327 1234 2352 Vat.
1254 2334 1330 2359 2072,
1349 2330 1375 2352 et
1393 2326 1448 2359 AB)

378 2361 465 2394 possit
475 2361 581 2394 (potest
598 2362 667 2394 Vm.)
687 2362 771 2394 ipsam
791 2362 888 2394 (Ipsam
907 2370 962 2388 orn.
980 2363 1030 2394 Pa)
1049 2363 1148 2388 salsam
1165 2363 1269 2396 facere,
1289 2370 1350 2388 nam
1371 2363 1408 2395 (et
1425 2363 1449 2388 Α

381 2404 441 2422 cum
459 2397 528 2428 Van,
547 2397 631 2422 omitt.
650 2397 687 2429 B)
708 2397 734 2422 in
755 2397 826 2423 uasis
852 2397 878 2422 in
898 2397 992 2431 quibus
1017 2398 1136 2423 residens
1159 2401 1335 2423 conservatur
1354 2398 1448 2428 urina,

380 2433 516 2458 subsidere
533 2433 663 2463 (residere
675 2434 704 2462 B.
718 2440 771 2458 om.
785 2434 835 2465 Pa)
854 2433 989 2458 invenitur
1002 2433 1134 2466 quaedam
1149 2432 1291 2468 (quaedam
1310 2441 1364 2459 om.
1377 2433 1449 2466 Vnt.)

380 2468 510 2493 limositas
533 2469 614 2494 salsa.
633 2469 684 2494 Pro
702 2469 812 2494 lectione
830 2469 950 2502 adoptata
969 2469 1000 2494 cf.
1020 2473 1127 2494 textum.

434 2504 452 2536 ι)
472 2503 544 2536 quod
566 2504 696 2529 adhaeret
714 2504 773 2530 ei...
787 2505 896 2529 salsum.
914 2517 933 2523 —
952 2504 1023 2536 quod
1042 2504 1172 2530 adhaeret
1194 2504 1219 2530 ei
1236 2504 1339 2537 aliquid
1363 2504 1448 2530 simile

382 2539 489 2571 (aliquis
502 2539 596 2564 similis
614 2540 643 2571 B,
658 2547 711 2564 om.
726 2547 818 2572 margo
831 2540 889 2565 Vnt.
906 2540 996 2572 2072),
1008 2547 1068 2565 cum
1081 2540 1166 2565 sudor
1178 2540 1323 2565 resolvitur
1341 2539 1450 2572 (sudore

381 2574 490 2600 resolvit
498 2575 556 2609 ΑΒ)
568 2582 585 2600 a
594 2575 726 2606 carnibus,
738 2575 809 2608 quod
817 2575 889 2609 facit
901 2575 987 2608 ipsum
999 2575 1100 2601 salsum
1112 2576 1157 2600 AB
1168 2580 1194 2600 et
1203 2583 1294 2608 margo
1306 2576 1364 2601 Vnt.
1371 2582 1448 2608 2072.

1102 276 1690 314 METEOROLOGICORUM
1718 276 1812 312 LIB.
1845 277 1876 312 II

1518 361 1589 402 tur,
1616 361 1745 391 tamen
1773 362 1852 391 tota
1879 367 1980 405 aqua
2007 355 2122 392 maris
2151 355 2250 392 salsa
2277 363 2470 402 remanet3
2498 368 2587 405 pars

1519 414 1648 444 autern
1677 419 1776 456 quae
1805 409 1976 445 elevatur
1995 421 2017 445 a
2037 417 2135 445 terra
2162 421 2232 457 per
2258 408 2585 458 evaporationem,

1519 468 1575 497 est
1611 461 1882 510 submultiplex
1909 461 2006 499 illius
2034 474 2156 510 aquae
2191 474 2290 510 quae
2318 461 2358 499 in
2394 469 2494 499 terra
2529 474 2586 499 re-

1517 513 1697 562 linquitur
1716 514 1866 560 (dicitur
1891 522 2019 552 autem
2047 515 2326 563 submultiplex,
2356 526 2456 563 quae
2480 526 2585 551 com-

1516 574 1672 616 paratur
1699 567 1748 604 ad
1777 567 1879 606 aliud
1907 568 2002 605 sicut
2021 568 2221 605 dimidium
2252 567 2301 605 ad
2331 568 2503 617 duplum,
2522 567 2586 605 vel

1517 620 1613 657 sicut
1640 620 1866 670 subtriplum
1886 622 1935 659 ad
1964 621 2129 670 triplum,
2148 629 2184 658 et
2203 621 2256 658 sic
2275 621 2322 658 de
2343 621 2450 667 aliis).
2471 619 2584 658 Unde

1516 686 1595 711 non
1613 674 1766 711 videtur
1785 675 1890 724 quod
1910 686 2011 723 aqua
2030 675 2157 722 maris,
2179 687 2268 711 cum
2289 674 2335 711 sit
2354 675 2479 711 maior
2496 686 2585 723 pars

1517 739 1634 776 quam
1663 740 1763 776 aqua
1792 729 1940 766 elevata
1958 740 2028 777 per
2048 728 2362 777 evaporationem
2381 734 2416 774 μ,
2447 739 2492 765 ex
2510 727 2586 764 hoc

1514 780 1636 829 possit
1662 781 1746 818 fieri
1773 782 1889 818 salsa:
1909 794 2001 818 nam
2030 783 2148 819 sudor
2168 789 2206 818 et
2223 781 2344 827 urina,
2365 793 2464 828 quae
2487 780 2587 818 fiunt

1516 834 1625 881 salsa,
1647 842 1733 871 sunt
1761 835 1881 871 multo
1902 834 2051 872 minora
2078 847 2196 883 quam
2215 834 2424 872 humiditas
2445 834 2483 871 in
2502 845 2586 871 cor-

1514 899 1609 935 pore
1638 899 1852 925 remanens.

1569 941 1604 977 6.
1635 939 1806 977 Tertiam
1835 940 2022 978 rationem
2049 940 2159 990 ponit
2191 939 2260 978 ibi:
2293 940 2430 978 Adhuc
2457 945 2584 977 autem

1508 999 1666 1041 propter
1684 994 1776 1042 quid
1793 1001 1861 1030 etc.
1883 993 1932 1030 Et
1952 993 2040 1031 dicit
2059 993 2164 1042 quod
2179 993 2444 1044 quaerendum
2464 999 2520 1031 est
2533 993 2583 1030 ab

1515 1046 1753 1095 Empedocle
1777 1058 1896 1095 quare
1915 1059 2018 1084 nunc
2037 1054 2147 1094 terra,
2167 1055 2375 1096 postquam
2394 1046 2584 1084 desiccata

1515 1107 1570 1137 est
1597 1112 1619 1136 a
1648 1100 1727 1136 sole
1756 1099 1795 1136 in
1823 1099 1950 1150 aliqua
1977 1107 2084 1149 parte
2113 1099 2191 1147 sui,
2222 1100 2303 1138 sive
2337 1099 2472 1136 maiori
2500 1099 2583 1137 sive

1513 1153 1664 1200 minori,
1685 1165 1764 1190 non
1792 1153 1914 1201 sudat,
1944 1153 1995 1190 ita
2013 1153 2119 1202 quod
2147 1154 2267 1191 sudor
2294 1152 2374 1190 eius
2402 1158 2584 1202 appareat

1513 1219 1683 1244 amarus:
1714 1206 1744 1244 si
1773 1206 1874 1244 enim
1894 1207 1969 1244 hoc
1993 1206 2061 1243 fuit
2088 1219 2111 1244 a
2128 1206 2328 1256 principio,
2350 1205 2456 1254 quod
2483 1212 2584 1253 terra

1513 1259 1667 1297 sudaret
1684 1260 1890 1298 humorem
1905 1259 1925 1282 ²¹⁶
1939 1272 2130 1307 amarum,
2147 1267 2184 1297 et
2197 1272 2301 1298 nunc
2316 1259 2474 1297 deberet
2486 1256 2582 1302 fieri}

1513 1313 1590 1351 Sed
1623 1314 1699 1350 hoc
1735 1326 1815 1351 non
1846 1313 1997 1351 videtur
2033 1325 2136 1350 nunc
2173 1313 2364 1351 accidere:
2401 1311 2584 1363 videmus

1513 1367 1615 1404 enim
1635 1367 1741 1417 quod
1769 1375 1879 1415 terra,
1901 1379 1990 1404 cum
2012 1374 2067 1404 est
2094 1366 2267 1415 humida,
2287 1366 2419 1404 siccari
2441 1368 2580 1417 potesg'
2631 1376 2633 1379 ⁴
2687 1368 2690 1369 ⁷

1512 1428 1549 1457 et
1574 1428 1781 1470 postquam
1811 1428 1867 1458 est
1895 1420 2015 1468 sicca,
2045 1433 2124 1458 non
2150 1420 2292 1470 patitur
2323 1418 2467 1470 aliquid
2492 1420 2581 1469 tale,

1511 1474 1651 1511 scilicet
1668 1482 1711 1512 ut
1729 1474 1850 1511 sudet.
1871 1475 2010 1524 Neque
2039 1473 2151 1523 igitur
2172 1474 2354 1524 possibile
2380 1473 2448 1511 fuit
2474 1471 2582 1531 quod

1510 1528 1548 1565 in
1575 1528 1701 1577 prima
1733 1527 1977 1576 generatione
2007 1527 2162 1576 mundi
2191 1535 2291 1565 terra
2320 1526 2482 1565 existens
2493 1523 2580 1585 hd-

1510 1581 1626 1629 mida,
1648 1581 1736 1630 quia
1756 1581 1990 1619 circumdata
2018 1581 2148 1629 aquis,
2180 1581 2334 1619 sudaret
2361 1592 2432 1641 pet
2459 1562 2599 1623 exest--

1510 1635 1722 1672 cationem:
1744 1635 1813 1672 sed
1832 1634 1953 1683 magis
1971 1634 2186 1672 verisimilis
2207 1642 2262 1672 est
2277 1633 2408 1684 opinio
2426 1632 2580 1677 illorum

1509 1687 1575 1736 qui
1604 1687 1779 1725 dixerunt
1805 1688 1912 1738 quod
1946 1700 2054 1725 mare
2087 1700 2167 1725 non
2197 1695 2252 1726 est
2288 1687 2407 1725 sudor
2433 1690 2578 1735 terrae,

1508 1742 1576 1779 sed
1605 1754 1707 1790 aqua
1735 1740 1863 1778 relicta
1890 1748 1978 1802 post
1997 1741 2290 1779 exsiccationem
2317 1740 2474 1780 alicuius
2492 1752 2580 1792 par·

1506 1794 1552 1832 tis
1580 1802 1719 1832 terrae:
1749 1794 1856 1844 quod
1885 1794 1988 1832 enirn
2016 1802 2117 1832 terra
2142 1794 2303 1833 humida
2327 1794 2489 1832 existens
2502 1806 2579 1836 su·

1508 1847 1582 1895 det,
1601 1847 1754 1886 videtur
1781 1847 2028 1898 impossibile.
2045 1868 2069 1876 -
2086 1848 2136 1885 Et
2154 1848 2207 1885 sic
2226 1848 2362 1885 ultimo
2387 1843 2580 1902 concludit

1507 1901 1612 1962 quod
1642 1913 1780 1939 causae
1800 1913 1899 1951 quae
1918 1901 2191 1940 adducuntur*
2210 1901 2259 1941 de
2278 1898 2467 1939 salsedine
2487 1894 2577 1967 11111-

1505 1955 1566 2002 ris,
1586 1954 1766 1992 videntur
1794 1954 1962 2003 effugere
1990 1954 2191 1993 rationem.

1504 2113 1543 2138 Pa
1557 2121 1606 2146 pro
1620 2113 1751 2138 adhaeret
1768 2113 1801 2142 εἰ,
1816 2116 1857 2138 est
1875 2113 1901 2138 in
1921 2119 1966 2144 eo,-
1984 2120 2033 2146 pro
2050 2119 2110 2138 cum
2128 2111 2222 2143 sudor,
2234 2114 2263 2138 et
2279 2119 2340 2138 cum
2357 2111 2461 2143 sudum*
2472 2117 2502 2139 et
2517 2106 2578 2139 Ιοοὸ

1503 2149 1576 2182 quod
1587 2149 1661 2184 facit
1678 2149 1764 2181 ipsum
1783 2149 1883 2174 salsum
1903 2148 1992 2181 legunt
2010 2148 2116 2181 quidem
2126 2147 2202 2182 facit
2219 2148 2385 2175 salsum..

1558 2184 1583 2217 κ)
1603 2183 1810 2218 cognoscitur.-
1821 2187 1936 2217 apparet
1949 2184 1970 2209 Β
1983 2188 2008 2208 et
2023 2176 2576 2216 margovm.2072,an1·ma11·sA.-Iidem

1503 2227 1551 2252 pro
1569 2220 1633 2253 quia
1645 2223 1692 2249 est,
1711 2219 1776 2252 quia
1794 2220 1843 2245 hoc
1854 2222 1909 2249 πῂ·
1927 2226 1976 2252 pro
1993 2219 2126 2250 subsidet,
2138 2219 2232 2250 estA5
2249 2226 2299 2252 pro
2317 2219 2345 2244 in
2365 2220 2442 2245 usum
2454 2216 2578 2246 mm

1503 2255 1608 2286 nutriti,
1629 2255 1656 2280 in
1677 2263 1726 2281 usu
1744 2255 1904 2281 nutrimenti
1921 2255 1980 2281 Vnt.
2001 2262 2084 2288 ²0725
2102 2254 2225 2281 alimenti
2241 2262 2296 2280 om.
2314 2255 2370 2281 AB.

1556 2289 1584 2324 λ)
1605 2291 1785 2317 Secundam..
1787 2291 1885 2324 .quia.
1903 2305 1923 2310 -
1940 2290 2003 2323 quia
2021 2298 2076 2316 om.
2094 2290 2130 2322 33
2150 2290 2275 2316 Secunda
2294 2291 2366 2316 ratio
2388 2293 2429 2317 eet
2445 2288 2512 2331 quia
2522 2289 2576 2319 Pa·

1503 2327 1617 2352 Eaedem
1636 2326 1741 2352 inferius
1763 2326 1855 2352 Tertia
1870 2333 1933 2352 vero
1945 2330 1986 2352 est
1997 2326 2108 2359 quod.-
2087 2326 2171 2351 -Pro
2184 2329 2320 2360 quanta...
2333 2329 2461 2357 remanae,
2467 2321 2578 2360 (tiam

1503 2363 1615 2396 (quanto
1633 2363 1665 2395 Β)
1685 2362 1712 2388 ι’ῖι
1733 2362 1804 2388 mari
1817 2365 1976 2397 segregetur
1993 2362 2105 2396 aliquid,
2124 2364 2182 2388 toea
2200 2369 2272 2395 aqua
2291 2362 2375 2388 naris
2395 2361 2576 2390 salum

1503 2401 1566 2424 neat
1583 2398 1637 2423 ΑΒ.
1654 2397 1728 2422 -Iid
1730 2405 1772 2423 em
1791 2405 1839 2430 pro
1853 2405 1923 2430 pars
1940 2401 2038 2428 autem,
2053 2405 2123 2430 pars
2141 2398 2222 2423 enim.

1557 2434 1585 2468 μ)
1609 2440 1669 2459 cum
1687 2433 1748 2459 sit..
1749 2433 2003 2466 .euaporationem.
2020 2447 2040 2452 -
2058 2433 2116 2458 Hoc
2138 2440 2192 2458 om.
2211 2433 2265 2459 ΑΒ.
2282 2446 2303 2453 -
2320 2433 2372 2459 Pto
2389 2431 2574 2468 fiturlffli

1501 2469 1780 2537 sunioszffiuglntur.
1798 2518 1817 2523 -
1835 2504 1963 2530 dicuntur
1981 2505 2035 2530 ΑΒ.
2052 2517 2072 2525 -
2089 2504 2170 2529 Iidem
2186 2511 2234 2537 pro
2247 2503 2373 2538 effugere,
2387 2484 2509 2542 effigere,
2499 2509 2575 2565 ,ια

1502 2540 1609 2570 tionem,
1629 2540 1700 2572 quod
1719 2539 1746 2564 in
1764 2539 1839 2565 codd.
1859 2544 1885 2565 et
1903 2540 1929 2565 in
1948 2539 2024 2565 editis
2043 2539 2216 2570 desideratur.
2234 2546 2295 2565 cum
2313 2538 2440 2572 pastina!
2456 2538 2505 2565 nd

1501 2576 1620 2608 gritatem
1639 2580 1664 2601 et
1682 2575 1892 2608 perspicuitatem
1911 2575 2061 2606 sententiae.
2080 2575 2201 2601 addimus
2220 2582 2251 2600 ex
2268 2574 2327 2609 ipso
2346 2579 2425 2601 textu.
