2690 4062
157 3266 166 3276 ‘·
212 3266 281 3290 non
297 3265 407 3300 potest
423 3267 440 3289 e

1041 211 1154 248 cAP.
1183 212 1287 260 V111,
1318 213 1470 250 LECT.
1499 213 1590 250 Xiv

280 291 387 323 τοῦτο
422 287 563 335 ἐγγύθεν
597 288 658 331 μέν
691 288 765 319 ἐστι
796 286 936 332 θερμὸν,
966 287 1077 333 ὥσπερ
1111 292 1169 321 καὶ
1196 289 1281 322 ὅταν

281 332 452 378 ἀοίζωμεν,
473 333 563 365 ἄλλα
585 327 624 363 δι’
653 330 848 377 ὀλιγότητα
873 332 938 377 οὐχ
963 333 1083 376 ὁμοίως
1105 330 1279 376 ἐπίδηλον,

280 377 445 423 πόρρωθεν
470 372 509 408 δὲ
532 374 656 422 ψυχρᾶν
673 371 734 408 διαὶ
751 378 816 413 τήν
835 376 950 413 αὐτήν
969 377 1086 409 αἰτίαν
1111 383 1183 415 τοῖς
1208 376 1284 411 ἀνέ-

306 434 364 460 οις.
398 419 660 462 Ἐπιλειπούσης
688 419 745 454 οὖν
776 420 821 458 εὶς
847 421 912 457 τήν
936 421 1001 465 γῆν
1027 422 1089 460 τῆς
1115 421 1282 460 τοιαύτης

301 466 468 511 υνέμεως,
485 465 647 496 συνιοῦσα
663 457 700 495 δι’
725 464 905 508 ὑγρότητα
923 466 943 501 r}
965 461 1160 509 ἀτμιδώδης
1180 466 1282 511 ἀπορ-

277 512 340 557 ροή
358 513 450 543 ποιεῖ
473 510 515 541 τὸ
539 507 658 554 ψῦχος,
678 509 712 541 ἐν
733 510 780 546 οἷς
797 509 976 551 συμβαίνει
993 509 1114 547 τόποις
1131 510 1282 555 γίνεσθαι

279 555 388 589 τοῦτο
413 555 455 586 τὸ
481 551 602 591 ποίθος.

281 595 309 632 δ’
333 596 422 632 abed
448 599 560 630 α’ίτιον
585 599 643 630 καὶ
669 597 731 629 τοῦ
753 595 912 634 εἰωθότος
931 597 1039 628 ἐνίοτε
1057 597 1210 643 γίνεσθαι
1225 610 1284 635 ση-

280 646 373 689 μείου
394 643 458 686 πρό
474 643 544 674 τῶν
560 641 724 684 σεισμῶν·
750 640 771 676 ἦ
789 642 852 687 γοὶρ
871 639 943 685 μεθ’
964 639 1107 685 ήμὲραν,
1127 640 1148 678 ἦ
1167 644 1283 686 μικρὸν

278 690 371 733 μετοὶ
394 682 538 730 δυσμάς,
561 684 692 729 αἰθρίας
717 684 831 726 οὔσης,
851 684 998 729 νεφέλιον
1022 687 1154 718 λεπτόν
1171 689 1284 730 φαίνε-

279 744 340 765 ται
364 727 538 763 διατεῖνον
561 732 619 761 καὶ
637 729 778 774 μακρόν,
798 731 867 762 οἷον
889 730 1048 775 γραμμῆς
1066 731 1172 774 μῆκος
1190 729 1284 762 εὐθύ-

279 788 363 814 τητι
386 771 667 818 διηκριβωμένον,
695 774 758 806 τοῦ
784 773 980 817 πνεύματος
1008 774 1286 819 ἀπομαραινομέ-

277 833 335 854 νου
359 816 420 853 δια
435 820 503 856 τήν
519 817 748 863 μετάστασιν.
775 820 821 851 To*
841 814 872 851 δ’
893 817 1010 861 ὅμοιον
1030 819 1208 862 συμβαίνει
1224 822 1282 852 καὶ

279 866 315 898 ἐν
339 865 386 907 τῇ
411 862 577 906 θαλάττῃ
603 864 677 906 περὶ
703 864 783 900 τούς
810 862 1005 910 αἰγιαλούς
1031 863 1119 896 ὅταν
1137 865 1197 907 μέν
1217 865 1282 910 γοὶρ

218 931 226 934 -
271 911 490 954 κυμαίνουσα
506 905 672 949 ἐκβάλλῃ,
690 905 821 951 σφόδρα
839 911 982 952 παχεῖαι
1005 909 1064 939 καὶ
1080 910 1213 941 σκολιαὶ
1233 911 1283 955 γί-

278 964 398 986 νονται
416 955 451 984 αἱ
468 953 641 998 ῥηγμῖνες·
661 949 746 984 ὅταν
764 947 802 984 δέ
819 955 955 999 γαλήνη
975 949 1008 994 ᾖ,
1027 947 1088 984 διαὶ
1103 954 1145 984 τὸ
1162 954 1283 997 μικράν

224 1012 226 1015 ·
262 996 450 1031 ’ποιεῖσθαι
470 997 535 1034 τήν
558 996 700 1040 ἔκκρισιν
716 997 844 1028 λεπταί
863 998 925 1029 εἱσι
941 999 1000 1028 καὶ
1018 995 1157 1029 εὐθεῖαι.
1178 996 1281 1040 Ὅπερ

278 1040 336 1075 οὖν
355 1043 376 1078 ή
393 1040 559 1075 θάλαττα
576 1043 667 1073 ποιεῖ
687 1042 759 1083 περὶ
778 1042 843 1078 τήν
860 1043 939 1087 γῆν,
960 1041 1068 1073 τοῦτο
1085 1042 1127 1074 τό
1146 1043 1282 1086 πνεῦμα

219 1107 223 1110 -
277 1088 352 1131 περὶ
377 1087 442 1123 τήν
468 1085 503 1118 ἐν
521 1086 570 1127 τῷ·
597 1082 636 1118 αἱέ
658 1096 668 1115 ι
695 1084 815 1130 ἀχλῦν,
837 1084 916 1118 ὥσθ’
945 1084 1033 1118 ὅταν
1057 1085 1203 1131 γένηται
1228 1085 1285 1122 νη-

224 1143 235 1162 ’,
277 1132 398 1175 νεμία,
425 1129 574 1174 πάμπαν
598 1130 635 1162 εὖ
658 1133 730 1161 εἴαν
762 1133 819 1162 καὶ
843 1129 977 1166 λεπτήν
1008 1129 1282 1162 καταλείπεσθαι

240 1200 241 1204 ,
261 1173 388 1220 ’ὥσπερ
403 1172 691 1221 ,ῥηγμῖναόὖσαν
717 1172 813 1217 ἀέρος
838 1176 902 1212 τήν
927 1173 1079 1218 νεφέλην.

209 1218 417 1254 mnu
441 1218 480 1251 δὲ
503 1221 561 1251 καὶ
580 1221 653 1263 περὶ
672 1219 736 1255 τοὶς
755 1219 914 1275 ἐκλείψεις
930 1219 1039 1251 ἐνίοτε
1058 1219 1122 1255 τῆς
1138 1216 1281 1255 σελήνης

275 1263 456 1308 συμβαίνει
479 1262 630 1309 γίνεσθαι
654 1263 808 1306 σεισμόν·
835 1264 924 1296 ὁταν
948 1263 1012 1308 γοὶρ
1038 1258 1104 1299 ἤδη
1138 1264 1281 1300 πλησίον

221 1306 307 1352 ιςςτπῆ·
325 1309 346 1344 ‘li
373 1305 583 1352 ἀντίφραξις,
601 1310 659 1340 καὶ
685 1307 788 1352 μήπω
814 1309 874 1353 μὲν
892 1305 915 1350 ᾗ
932 1305 1081 1350 πσίμπαν
1103 1304 1282 1339 ἀπολελοι-

219 1353 340 1391 ωεπὲς
364 1353 407 1384 τό
432 1354 498 1396 φῶς
529 1353 588 1384 καὶ
620 1353 662 1384 *ro*
689 1353 759 1384 ἀπὸ
785 1353 848 1385 τοῦ
882 1353 979 1390 η’λίου
1004 1350 1123 1394 θερμόν
1156 1350 1194 1383 ἐκ
1219 1351 1282 1384 τοῦ

220 1395 396 1442 κν,ιιῶι’ρος,
427 1396 494 1435 ἤδη
519 1391 550 1428 δ’
579 1396 922 1441 ἀπομαραινόμενον,
953 1397 1095 1439 νηνεμία
1125 1397 1280 1440 γίνεται,

222 1439 608 1485 ιε·’»ὦντιμεθισταμένου
641 1441 704 1472 τοῦ
737 1440 934 1484 πνεύματος
967 1440 1013 1477 εἰς
1045 1440 1111 1476 τήν
1140 1440 1231 1486 γῆν,
1265 1441 1283 1472 ὃ

212 602 258 632 Τὸ

114 1508 118 1519 ι
164 1479 187 1492 ³⁸
219 1489 368 1527 ‘mque‘
390 1487 450 1518 τὸν
476 1485 702 1537 σεισμὸνυπρό
727 1486 794 1517 τῶν
821 1484 1018 1529 ἐκλείψεων·
1043 1486 1201 1537 γίνονται
1216 1486 1282 1530 γσὶρ

274 1532 334 1564 καὶ
359 1529 478 1574 ἄνεμοι
503 1531 567 1574 πρὸ
592 1540 661 1561 των
687 1528 864 1574 ἐκλείψεων
889 1527 1074 1570 πολλάκις,
1101 1527 1282 1574 ἀκρονυχοι

275 1575 337 1620 μὲν
363 1575 427 1618 πρό
451 1575 522 1607 τῶν
545 1575 774 1619 μεσονυκτίων
800 1572 992 1617 ἐκλείψεων,
1011 1571 1227 1617 μεσονύκτιοι
1247 1568 1286 1605 δὲ

286 1651 289 1661 2
321 1619 340 1652 d
365 1619 435 1651 τῶν
460 1617 563 1660 ἐφ’ων.
591 1617 774 1662 Συμβαίνει
790 1614 827 1650 δέ
846 1619 954 1650 τοῦτο
970 1613 1031 1650 δια
1047 1619 1088 1650 τὸ
1111 1617 1284 1662 ἀμαυροῦ-

271 1629 422 1696 xvv&
445 1661 566 1707 θερμᾶν
591 1663 632 1694 τὰ
659 1660 729 1695 ἀπὸ
754 1664 818 1700 τῆς
843 1661 1000 1703 σελήνης,
1027 1660 1114 1694 ὅταν
1141 1663 1283 1699 πλησίον

217 1702 343 1745 Ξὲὲιὲῆδη
367 1709 509 1752 γίνηται
533 1707 554 1744 ή
580 1709 667 1751 φορά,
690 1707 724 1739 ἐν
751 1706 774 1748 ᾦ
798 1706 986 1754 γενομένων
1009 1705 1109 1739 ἔσται
1134 1707 1156 1743 ἡ
1181 1706 1284 1738 ἔκλει-

219 1750 341 1797 ευῖῑψις.
370 1751 564 1795 Ἀνιεμένου
591 1749 649 1784 οὖν
674 1751 698 1792 ᾧ
721 1754 908 1797 κατείχετο
935 1752 951 1783 ὁ
979 1749 1043 1795 ἀήρ
1067 1753 1126 1783 καὶ
1152 1750 1281 1796 ἠρέμει,

221 1795 381 1833 ιτίεῑπέλιν
411 1800 559 1829 κινεῖται
586 1797 644 1828 καὶ
674 1797 810 1841 γίνεται
843 1797 978 1840 πνεῦμα
1010 1795 1074 1833 τῆς
1106 1795 1282 1839 ἐκλείψεως

224 1851 268 1871 sm«,
276 1842 460 1886 πρωϊαίτερ
465 1851 513 1872 ον.

222 1586 250 1605 {Il

220 1630 229 1650 ἲ
239 1631 247 1649 ζ·

220 1674 270 1693 *i‘*

450 1926 634 1972 eprobatis
665 1926 879 1971 opinionibus
902 1926 1066 1967 aliorum,
1097 1927 1152 1960 hic
1175 1927 1283 1960 deter-

327 2010 333 2013 ,⁷
455 1972 595 2004 minare
617 1971 758 2005 intendit
786 1971 827 2005 de
852 1979 1050 2005 terraemotu
1079 1980 1114 2004 et
1135 1971 1284 2005 acciden-

288 2019 294 2027 ¹
324 2009 393 2060 κζῑζέ
409 2024 447 2074 ιχ
468 2015 556 2049 tibus
579 2015 650 2050 eius
676 2015 861 2049 secundum
885 2016 1080 2060 opinionem
1104 2017 1283 2060 propriam.

277 2060 295 2086 «’
363 2056 387 2095 ‘P-
446 2060 566 2094 Circa
589 2059 683 2105 quod
705 2059 772 2093 duo
794 2059 887 2093 facit:
912 2061 1022 2105 primo
1038 2059 1183 2093 ostendit
1200 2072 1284 2105 quae

274 2086 396 2118 ,θη-Α

353 2110 400 2118 ⁴-

221 2118 237 2139 ,ι
245 2115 278 2136 ιτ
427 2104 455 2127 N
467 2105 512 2139 sit
520 2115 599 2138 vera
611 2115 710 2137 causa
725 2112 958 2145 terraemotus;
975 2103 1124 2137 secundo
1136 2104 1201 2138 hoc
1213 2115 1285 2137 rna-

209 2147 343 2191 nispsmt
364 2158 424 2192 per
439 2148 602 2193 quaedam
625 2149 652 2181 si
701 2160 719 2182 a
743 2157 776 2182 et
799 2148 1046 2188 similitudines,
1070 2147 1134 2181 ibi:
1158 2149 1285 2193 Propter

208 2193 390 2239 qandflunt
412 2193 634 2237 tranquillitate
684 2201 747 2226 etc.
771 2193 883 2226 Prima
904 2193 1026 2226 iterum
1049 2193 1084 2230 in
1107 2201 1188 2225 tres:
1205 2204 1284 2226 nam

209 2238 321 2283 prino
338 2236 486 2271 ostendit
508 2236 588 2282 quid
611 2237 654 2270 sit
677 2237 770 2281 quasi
788 2236 928 2270 radicale
947 2237 1148 2280 principium
1163 2245 1283 2270 terrae-

209 2290 338 2322 mum
353 2280 502 2315 secundo
548 2280 606 2314 uid
621 2281 664 2314 sit
683 2282 755 2314 eius
777 2280 914 2314 formale
937 2281 1149 2325 principium,
1171 2281 1232 2315 ibi:
1251 2281 1285 2315 Si

209 2325 386 2371 &equalina
408 2326 504 2370 impos
523 2326 530 2332 “
554 2325 588 2359 'le
607 2327 626 2346 *
645 2334 726 2366 etc.;
754 2325 851 2358 tertio
875 2325 1020 2359 ostendit
1043 2325 1124 2369 quid
1147 2325 1190 2358 sit
1212 2327 1282 2359 eius

211 2369 313 2404 male
334 2370 546 2414 principium,
570 2369 632 2402 ibi:
656 2369 730 2403 Non
753 2370 847 2413 igitur
869 2380 953 2415 aqua
975 2381 1068 2413 neque
1083 2369 1098 2386 *
1114 2378 1176 2402 etc.

219 2414 358 2449 -fzanicit
380 2425 460 2458 ergo
483 2415 604 2458 primo,
628 2413 720 2458 quod
739 2414 766 2446 si
781 2425 899 2447 verum
922 2422 972 2447 est
995 2413 1086 2458 quod
1109 2425 1210 2457 supra
1233 2413 1282 2447 di-

209 2459 330 2500 nemis,
353 2457 445 2503 quod
468 2457 631 2492 exhalatio
655 2466 784 2491 constet
806 2469 847 2491 ex
869 2457 1009 2491 humido
1033 2466 1065 2491 et
1084 2458 1183 2498 sicco,
1206 2457 1284 2491 licet

210 2502 320 2548 aliqua
335 2511 474 2536 vocetur
495 2501 659 2546 exhalatio
678 2503 774 2542 sicca,
791 2501 853 2535 alia
868 2513 948 2535 vero
965 2501 1128 2535 exhalatio
1144 2501 1282 2536 humida

209 2546 264 2582 vel
281 2556 412 2592 vapor,
433 2554 462 2580 'a
484 2558 528 2580 ua
551 2555 585 2580 et
607 2555 744 2591 ruptura
766 2554 871 2587 terrae
893 2557 963 2579 non
991 2555 1069 2579 sunt
1097 2557 1194 2579 causa
1217 2555 1282 2579 ter-

209 2600 395 2632 mam,
427 2602 461 2625 se
509 2602 607 2624 causa
629 2599 680 2624 est
702 2591 781 2624 ista:
813 2591 890 2635 quia
913 2599 997 2624 terra
1021 2590 1061 2624 de
1084 2599 1201 2623 natura
1224 2602 1283 2624 sua

211 2635 373 2676 enthea,
388 2635 448 2669 sed
463 2643 600 2679 propter
620 2635 742 2668 imbres
765 2646 866 2679 super
885 2646 958 2668 eam
982 2634 1218 2668 descendentes
1234 2644 1284 2668 est

211 2679 349 2714 humida
367 2688 400 2713 et
417 2679 539 2720 calida,
563 2679 701 2713 humida
724 2679 859 2724 quidem
883 2688 1018 2723 propter
1041 2680 1132 2723 ipsos
1148 2679 1282 2720 imbres,

212 2723 317 2759 calida
334 2732 450 2757 autem
473 2732 524 2757 est
552 2724 750 2757 intrinsecus
778 2735 840 2768 pro
865 2732 914 2757 ter
936 2723 1075 2756 multam
1106 2723 1282 2757 exhalatio-

161 2783 170 2795 ·-
211 2768 427 2803 nemsiccam
449 2777 484 2801 et
502 2767 701 2808 calefactam,
718 2779 802 2819 quae
825 2780 845 2802 a
881 2767 1040 2801 imbribus
1057 2767 1226 2811 repellitur
1241 2768 1282 2801 ad

144 2808 184 2847 ,ζ’
211 2819 330 2852 taram
354 2821 387 2846 et
409 2823 486 2846 cum
513 2813 561 2846 eis
585 2812 775 2854 descend113
799 2821 832 2846 et
855 2813 902 2845 sic
917 2821 1017 2853 terra,
1042 2812 1194 2845 calefacta
1210 2821 1282 2845 tum

211 2856 408 2891 aediditate
427 2856 518 2898 solis,
533 2865 607 2890 tum
622 2858 722 2890 etiam
737 2856 778 2890 ab
794 2857 881 2901 igne,
898 2856 983 2890 idest
999 2856 1170 2896 caliditate,
1188 2858 1282 2901 quasi

211 2902 248 2936 in
269 2913 308 2943 a
330 2902 490 2936 existente
513 2910 551 2935 ut
574 2900 701 2934 dictum
723 2910 784 2942 est,
807 2901 928 2935 emittit
950 2901 1094 2934 multum
1117 2901 1280 2945 spiritum,

211 2944 297 2981 idest
318 2945 459 2979 multam
481 2945 738 2986 exhalationem,
762 2957 832 2979 non
855 2945 965 2979 solum
989 2954 1078 2978 extra
1100 2945 1159 2979 sed
1182 2946 1281 2978 etiam

212 2991 298 3024 imm
310 2999 443 3024 terram.
456 2989 646 3035 Aliquando
659 2991 721 3023 ista
733 2989 895 3023 exhalatio
911 2989 1009 3023 habet
1023 2989 1164 3023 liberum
1177 3001 1283 3034 egres-

212 3045 288 3069 sum
311 3046 352 3068 ex
373 3043 479 3068 terra:
504 3043 537 3068 et
560 3043 639 3068 tunc
662 3034 805 3068 totaliter
828 3035 904 3075 exit,
929 3035 1005 3078 quia
1028 3045 1089 3078 pro
1114 3042 1164 3067 ter
1187 3045 1281 3067 suam

211 3078 380 3113 levitatem
395 3078 586 3112 naturaliter
600 3088 756 3112 movetur
771 3089 918 3118 sursum3
935 3087 967 3111 et
978 3087 1059 3111 tunc
1098 3087 1158 3111 unt
1169 3079 1281 3123 magni

211 3124 302 3157 venti
325 3134 425 3167 supra
450 3131 592 3164 terram,
623 3132 656 3156 et
679 3123 760 3156 aliae
788 3123 1022 3167 impressiones
1051 3131 1224 3166 generatae
1248 3124 1281 3155 in

293 3178 367 3201 ema
381 3168 464 3201 aeris
480 3168 626 3211 regione,
637 3167 676 3201 de
690 3167 810 3212 quibus
822 3168 856 3200 in
868 3168 977 3211 primo
993 3166 1076 3200 libro
1093 3167 1218 3200 dictum
1233 3176 1283 3200 est

290 3213 422 3245 cienter.
446 3211 500 3246 Ali
525 3211 636 3245 uando
660 3221 771 3245 autern
787 3211 930 3245 totaliter
945 3211 1124 3244 includitur
1139 3212 1232 3251 intra,
1250 3220 1283 3244 et

442 3223 544 3300 gredi,
559 3257 638 3301 quia
660 3257 734 3301 pori
758 3265 791 3289 et
813 3257 919 3289 exitus
942 3264 1046 3288 terrae
1070 3264 1206 3299 propter
1220 3256 1282 3288 im-

212 3299 287 3334 bres
309 3300 519 3334 obturantur:
551 3309 584 3335 et
607 3309 687 3334 tunc
709 3300 795 3333 fiunt
822 3300 934 3343 magni
962 3308 1189 3332 terraemotus.
1213 3299 1281 3332 Ali-

213 3345 346 3389 quando
369 3353 482 3378 autem
499 3345 619 3389 partim
635 3345 701 3378 exit
723 3353 756 3378 et
771 3345 890 3388 partim
913 3351 1025 3376 manet
1040 3344 1139 3376 intra:
1157 3351 1189 3376 et
1204 3351 1282 3375 tunc

212 3400 279 3422 una
293 3400 368 3433 pars
383 3398 434 3422 est
447 3389 647 3433 principium
670 3397 857 3428 ventorum,
875 3387 998 3420 scilicet
1018 3398 1102 3431 quae
1121 3387 1197 3427 exit,
1219 3387 1281 3419 alia

212 3222 252 3246 su

130 3427 135 3431 ’
181 3447 190 3451 “
213 3441 324 3466 autem
340 3444 424 3478 quae
441 3442 588 3466 remanet
604 3434 705 3472 intus,
722 3441 770 3466 est
786 3432 986 3476 principium
1003 3439 1228 3464 terraemotus.

265 3487 295 3510 2.
312 3477 442 3511 Deinde
458 3489 535 3511 cum
551 3477 644 3511 dicit:
661 3477 694 3511 si
708 3478 732 3510 it
773 3488 809 3509 ue
823 3476 875 3509 hoc
889 3477 931 3508 im
951 3475 1067 3508 ossibile
1081 3483 1154 3514 etc.‚
1171 3483 1280 3507 osten-

212 3520 259 3554 dit
275 3520 356 3555 illud
372 3521 464 3566 quod
482 3530 532 3555 est
551 3522 646 3573 quasi
661 3532 759 3565 comp
774 3529 865 3554 etum
882 3528 914 3552 et
940 3519 1062 3552 ormale
1078 3519 1280 3569 principium

212 3573 439 3599 terraemotus.
470 3566 512 3599 Et
540 3565 619 3599 d1cit
649 3565 741 3609 quod
763 3575 897 3599 necesse
929 3572 976 3597 est
1008 3562 1098 3607 quod
1129 3562 1210 3596 1llud
1238 3571 1280 3595 s1t

354 3628 423 3661 Opp.
443 3628 473 3653 D.
489 3628 603 3652 Tnonaa
623 3628 654 3651 T.
674 3627 714 3651 111.
733 3628 877 3651 Appssmx.

2298 229 2406 254 LXXIII

1406 299 1503 333 stum,
1520 294 1559 324 de
1574 293 1670 334 longe
1686 300 1794 325 autem
1816 293 1948 334 frigidus
1971 302 2100 336 propter
2123 297 2256 328 eandem
2279 308 2407 329 causam

1405 337 1516 368 ventis.
1537 337 1711 369 Deficiente
1727 344 1834 369 autem
1852 338 1885 368 in
1899 346 1980 370 terra
1994 340 2050 370 tali
2072 341 2197 379 virtute,
2215 343 2405 374 conveniens

1405 389 1536 422 propter
1557 382 1783 414 humiditatem
1805 393 1982 423 vaporosus
2013 384 2156 416 defluxus
2187 386 2261 417 facit
2287 387 2405 427 frigus,

1405 425 1438 455 in
1462 426 1579 467 quibus
1602 426 1714 458 accidit
1735 426 1814 458 locis
1838 427 1919 459 hanc
1945 426 2012 458 fieri
2036 429 2228 468 passionem.

1340 600 1428 631 Idem
1451 609 1558 633 autem
1582 613 1676 634 causa
1699 610 1729 634 et
1756 604 1837 644 signi
1868 605 2012 636 consueti
2035 605 2208 645 aliquando
2238 606 2305 638 fieri
2336 615 2406 639 ante

1406 651 1653 677 terraemotum:
1678 654 1733 678 aut
1751 648 1838 679 enirn
1860 659 1918 690 per
1940 649 2040 688 diem,
2065 656 2120 680 aut
2133 660 2248 690 parum
2263 659 2338 692 post
2352 663 2405 683 oc-

1407 699 1532 728 casum,
1556 691 1720 722 serenitate
1748 692 1913 731 existente,
1937 694 2094 724 nubecula
2124 695 2247 726 subtilis
2277 703 2407 736 apparet

1407 741 1550 773 porrecta
1573 741 1604 765 et
1626 735 1737 776 longa,
1765 737 1853 768 velut
1879 738 1980 768 lineae
2008 738 2176 778 longitudo
2210 741 2407 781 quampluri-

1407 787 1500 808 mum
1530 785 1633 817 recta,
1664 780 1776 819 spiritu
1806 781 1969 812 deficiente
1999 789 2130 822 propter
2157 784 2405 816 translationem.

1406 821 1515 852 Simile
1539 830 1646 853 autem
1676 824 1787 855 accidit
1817 832 1846 856 et
1873 825 1906 856 in
1930 826 2010 856 mari
2033 826 2114 857 circa
2140 827 2250 866 litora;
2274 830 2404 870 quando

1407 866 1538 906 quidem
1561 867 1648 897 enim
1678 867 1833 899 fluctuans
1861 869 2004 901 inciderit
2017 893 2026 908 ,
2056 871 2259 903 vehementer
2280 883 2407 913 grossae

1407 916 1438 941 et
1460 911 1609 942 distortae
1642 911 1723 943 fiunt
1752 913 1952 953 rhegmines3
1976 915 2106 955 quando
2137 923 2245 947 autem
2270 918 2406 957 placatio

1405 954 1521 993 fuerit,
1553 962 1720 996 propterea
1747 958 1836 997 quod
1859 968 1955 998 parva
1982 958 2022 989 sit
2048 960 2221 1000 segregatio
2235 984 2244 999 ,
2275 962 2406 993 subtiles

1406 1005 1481 1030 sunt
1503 1006 1535 1030 et
1556 1007 1667 1031 rectae.
1704 1000 1802 1038 Quod
1833 1003 1964 1042 quidem
1991 1003 2086 1043 igitur
2114 1014 2201 1035 mare
2230 1005 2303 1036 facit
2327 1006 2407 1037 circa

1405 1050 1531 1082 terram,
1547 1044 1610 1075 hoc
1625 1044 1752 1084 spiritus
1769 1045 1849 1076 circa
1873 1056 1953 1084 eam,
1970 1057 2052 1088 quae
2074 1047 2107 1078 in
2128 1058 2208 1088 aere,
2229 1049 2406 1090 caliginem,

1405 1094 1442 1118 ut
1460 1088 1590 1128 quando
1610 1088 1704 1119 fuerit
1723 1089 1804 1120 facta
1817 1090 2036 1131 tranquillitas,
2060 1092 2165 1123 omnis
2183 1099 2266 1124 recta
2285 1101 2316 1125 et
2334 1095 2407 1125 sub-

1405 1131 1467 1162 u'lis
1485 1132 1731 1174 derelinquatur,
1747 1140 1901 1175 tanquam
1914 1135 2071 1166 nubecula
2086 1136 2126 1167 sit
2140 1137 2278 1178 rheginis
2293 1139 2382 1170 aeris.

1338 1220 1471 1260 Propter
1489 1221 1623 1251 eandem
1647 1231 1776 1252 causam
1799 1228 1906 1253 autem
1930 1230 1961 1254 et
1984 1223 2064 1254 circa
2087 1225 2218 1265 eclipses
2233 1226 2405 1267 aliquando

1404 1264 1499 1295 lunae
1515 1265 1628 1296 accidit
1642 1264 1709 1296 fieri
1723 1272 1968 1298 terraemotum:
1982 1269 2111 1308 quando
2128 1269 2214 1300 enim
2229 1270 2294 1301 iam
2305 1281 2406 1312 prope

1405 1308 1500 1340 fuerit
1521 1309 1732 1350 interpositio,
1758 1317 1788 1341 et
1811 1312 1958 1342 nondum
1981 1313 2112 1353 quidem
2136 1314 2270 1345 omnino
2295 1315 2334 1346 sit
2352 1316 2405 1346 de-

1405 1352 1512 1384 ficiens
1528 1354 1639 1384 lumen
1652 1360 1683 1385 et
1699 1355 1788 1395 quod
1802 1365 1820 1385 a
1836 1356 1903 1386 sole
1920 1356 2060 1387 calidum
2075 1367 2112 1388 ex
2127 1368 2208 1397 aere,
2218 1359 2284 1390 iam
2299 1366 2407 1390 autem

1405 1397 1652 1437 marcefactum,
1675 1399 1884 1440 tranquillitas
1919 1400 1972 1439 fit,
2001 1403 2259 1434 contratranslato
2294 1404 2406 1444 spiritu

1406 1441 1440 1472 in
1458 1448 1589 1481 terram,
1614 1442 1670 1483 qui
1703 1442 1777 1474 facit
1799 1450 2026 1475 terraemotum
2052 1452 2123 1476 ante
2151 1447 2300 1487 eclipses:
2324 1447 2407 1479 fiunt

1406 1485 1492 1516 enim
1516 1493 1547 1516 et
1568 1486 1655 1517 venti
1682 1493 1754 1518 ante
1779 1487 1908 1528 eclipses
1943 1499 2056 1529 saepe,
2086 1490 2119 1520 in
2149 1491 2305 1532 principio
2336 1492 2406 1533 qui-

1407 1530 1482 1560 dem
1497 1531 1600 1561 noctis
1616 1539 1688 1561 ante
1705 1531 1835 1571 eclipses
1854 1532 1977 1563 mediae
1992 1533 2106 1572 noctis,
2127 1534 2160 1564 in
2174 1536 2280 1566 media
2298 1543 2406 1567 autem

1407 1581 1502 1605 nocte
1525 1582 1597 1606 ante
1614 1575 1812 1607 diluculares.
1829 1576 1953 1607 Accidit
1976 1584 2084 1608 autern
2098 1578 2160 1609 hoc
2178 1586 2309 1620 propter
2324 1591 2406 1611 mar-

1407 1628 1528 1650 cescere
1553 1619 1692 1650 calidum
1715 1620 1806 1660 quod
1829 1630 1848 1650 a
1869 1620 1957 1660 luna,
1987 1631 2062 1652 curn
2085 1632 2186 1663 prope
2209 1623 2304 1655 fuerit
2316 1625 2405 1664 latio,

1405 1662 1440 1693 in
1462 1673 1527 1704 qua
1550 1663 1632 1694 facta
1655 1663 1713 1694 erit
1736 1664 1870 1705 eclipsis.
1893 1665 2040 1696 Remisso
2065 1666 2159 1706 igitur
2188 1677 2255 1708 quo
2287 1668 2405 1700 define-

1406 1707 1499 1738 batur
1521 1717 1574 1738 aer
1597 1714 1629 1738 et
1651 1708 1848 1748 quiescebat,
1872 1708 1988 1740 iterum
2010 1717 2173 1750 movetur,
2198 1719 2228 1743 et
2250 1712 2286 1743 fit
2319 1713 2406 1753 spiri-

1405 1758 1457 1782 tus
1480 1751 1626 1783 tardioris
1650 1752 1775 1792 eclipsis
1797 1752 1924 1784 tardior.

1339 1927 1402 1960 tale
1418 1927 1619 1971 principium
1642 1936 1870 1969 terraemotuS,
1887 1928 1978 1972 quod
2001 1937 2110 1972 potest
2133 1941 2266 1963 movere
2286 1942 2405 1976 corpus

1339 1983 1454 2015 grave:
1486 1972 1563 2016 quia
1586 1980 1688 2011 terra,
1718 1983 1801 2016 quae
1824 1981 1978 2006 movetur
2001 1985 2059 2016 per
2082 1982 2333 2016 terraemotum,
2357 1985 2406 2010 est

1339 2027 1460 2060 corpus
1473 2027 1586 2059 grave3
1602 2015 1667 2049 hoc
1683 2025 1795 2049 autern
1811 2025 1920 2060 potest
1935 2017 2028 2057 illud,
2042 2018 2132 2062 quod
2145 2027 2194 2051 est
2205 2019 2405 2053 velocissimi

1339 2069 1371 2093 et
1394 2060 1676 2093 vehementissimi
1698 2069 1829 2101 motus,
1857 2069 1890 2094 et
1917 2070 2071 2094 movetur
2097 2061 2138 2095 ad
2161 2062 2402 2108 longinquum;

1339 2103 1397 2137 sed
1420 2103 1475 2137 illa
1499 2103 1662 2137 exhalatio
1687 2116 1771 2148 quae
1794 2114 1906 2138 manet
1928 2106 2030 2146 intra,
2054 2115 2189 2150 propter
2211 2108 2281 2140 eius
2305 2108 2405 2142 subti-

1338 2148 1464 2181 litatem
1487 2147 1625 2181 faciliter
1648 2157 1796 2192 penetrat
1826 2158 1858 2182 et
1889 2151 2063 2193 pertransit
2090 2160 2197 2194 partes
2228 2160 2348 2193 terrae,
2372 2162 2405 2186 et

1338 2201 1492 2225 movetur
1515 2191 1555 2225 ad
1579 2201 1722 2225 remotas
1746 2201 1871 2236 partes:
1896 2203 1928 2226 et
1951 2206 1991 2227 ex
2014 2206 2055 2227 eo
2079 2195 2170 2239 quod
2193 2204 2242 2228 est
2265 2197 2350 2230 sicca
2373 2206 2407 2230 et

1338 2236 1452 2276 calida,
1468 2245 1518 2269 est
1531 2236 1732 2269 velocissimi
1755 2246 1887 2278 motus3
1911 2246 1944 2271 et
1966 2247 2101 2282 propter
2118 2239 2182 2272 hoc
2197 2239 2404 2274 velocissime

1337 2289 1491 2314 movetur
1520 2281 1605 2314 intra
1635 2289 1755 2314 terram
1768 2306 1778 2321 ,
1808 2290 1840 2314 et
1868 2281 2156 2316 vehementissime
2180 2285 2320 2328 percutit
2343 2294 2404 2318 ter-

1337 2336 1417 2365 ram,
1439 2334 1471 2358 et
1495 2334 1608 2358 causat
1625 2333 1870 2359 terraemotum.
1895 2326 1981 2360 Illud
2005 2328 2094 2360 enim
2117 2327 2404 2363 vehementissime

1337 2378 1508 2410 movetur,
1537 2369 1628 2413 quod
1651 2378 1701 2402 est
1723 2369 1923 2403 velocissimi
1946 2379 2069 2412 motus,
2094 2380 2126 2404 et
2149 2371 2229 2406 illud
2252 2382 2406 2407 movetur

1337 2413 1378 2446 ad
1402 2413 1601 2457 plurimum,
1629 2413 1715 2447 idest
1736 2413 1880 2447 multum
1905 2414 2000 2448 durat
2022 2416 2056 2448 in
2079 2425 2191 2456 motu,
2216 2417 2306 2461 quod
2329 2417 2405 2451 faci-

1337 2457 1410 2490 liter
1425 2466 1574 2502 penetrat
1597 2466 1630 2490 et
1669 2467 1756 2491 otest
1775 2459 1821 2491 ire
1836 2458 1968 2503 ubique.
1993 2460 2278 2494 Considerandum
2294 2470 2405 2495 tamen

1337 2510 1397 2542 est,
1421 2501 1512 2546 quod
1535 2513 1606 2535 esse
1643 2502 1766 2535 aciliter
1787 2503 1987 2546 penetrabile
2009 2515 2079 2537 non
2102 2513 2152 2538 est
2174 2505 2284 2538 totalis
2308 2517 2406 2539 causa

1337 2545 1518 2579 durationis
1542 2555 1672 2586 motus,
1704 2546 1761 2580 sed
1785 2547 1973 2591 principalis
1997 2559 2094 2581 causa
2122 2557 2171 2582 est
2193 2549 2349 2583 stabilitas
2373 2559 2406 2583 et

1338 2589 1497 2624 fortitudo
1521 2591 1626 2634 princi
1651 2591 1674 2623 ii
1697 2600 1810 2624 motus
1833 2592 1868 2624 in
1891 2601 2058 2632 movente,
2082 2601 2114 2626 et
2137 2593 2330 2627 secundario
2350 2606 2405 2638 pe-

1337 2634 1536 2668 netrabilitas
1559 2643 1593 2668 et
1638 2636 1789 2678 ispositio
1813 2635 1956 2669 mobilis.
1985 2637 2094 2670 Huius
2118 2646 2228 2670 autem
2252 2639 2404 2682 signum,

1337 2679 1462 2712 scilicet
1485 2678 1576 2723 quod
1599 2678 1760 2712 exhalatio
1785 2680 1870 2713 sicca
1900 2681 1934 2714 in
1965 2682 2058 2714 cuius
2085 2682 2205 2715 virtute
2229 2691 2278 2715 est
2301 2683 2404 2726 ignis,

1336 2723 1625 2757 vehementissime
1649 2732 1832 2765 moveatur,
1857 2733 1906 2757 est
1930 2725 2006 2769 quia
2029 2725 2205 2769 aliquando
2229 2735 2295 2759 tam
2318 2727 2406 2760 velo-

1337 2769 1416 2801 citer
1439 2776 1603 2808 movemr,
1627 2776 1664 2800 ut
1685 2767 1926 2809 inflammetur,
1950 2777 1988 2801 ut
2009 2781 2108 2813 supra
2131 2770 2254 2803 dictum
2278 2780 2336 2804 est.

1395 2823 1423 2855 3.
1448 2811 1579 2845 Deinde
1603 2823 1680 2845 cum
1704 2812 1799 2845 dicit:
1823 2813 1897 2846 Non
1913 2814 2006 2856 igitur
2021 2824 2103 2858 aqua
2117 2825 2210 2858 neque
2229 2823 2301 2854 etc.‚
2327 2826 2404 2848 con-

1337 2856 1440 2889 cludit
1470 2867 1603 2889 causam
1634 2856 1770 2889 totalem
1801 2866 2025 2890 terraemotus.
2062 2858 2104 2891 Et
2134 2857 2213 2891 dicit
2244 2858 2334 2903 quod
2364 2871 2405 2892 ex

1336 2899 1508 2944 praedictis
1526 2909 1625 2945 patet,
1643 2900 1733 2944 quod
1757 2912 1864 2945 neque
1884 2912 1968 2946 aqua
1991 2910 2040 2934 est
2059 2913 2155 2935 causa
2178 2910 2402 2944 terraemotus,

1337 2946 1422 2978 sicut
1445 2944 1525 2978 dixit
1549 2945 1779 2985 Democritus,
1803 2957 1910 2989 neque
1935 2946 2032 2978 etiam
2056 2954 2154 2986 terra,
2178 2946 2236 2979 sed
2259 2948 2402 2990 spiritus,

1336 2989 1420 3022 idest
1436 2989 1598 3022 exhalatio
1615 2989 1710 3029 sicca,
1727 3000 1864 3021 manens
1883 2990 1977 3029 intra,
1995 2998 2028 3022 et
2042 2998 2133 3023 mota
2154 3001 2230 3023 cum
2246 2990 2403 3024 violentia

1336 3042 1373 3066 ut
1395 3033 1517 3066 feratur
1545 3041 1644 3066 extra.
1676 3033 1767 3072 Quia
1790 3042 1827 3065 ut
1850 3033 1975 3066 dictum
1998 3042 2064 3074 est,
2095 3043 2179 3067 terra
2209 3043 2260 3067 est
2282 3046 2402 3079 corpus

1375 3078 1578 3117 avissimum,
1595 3085 1628 3110 et
1650 3088 1719 3109 non
1740 3085 1893 3110 movetur
1910 3078 1975 3110 nisi
1990 3089 2008 3110 a
2025 3089 2161 3121 corpore
2208 3078 2276 3112 uod
2292 3088 2401 3123 potest

1349 3133 1440 3154 acere
1463 3132 1618 3164 magnam
1641 3120 1849 3154 violentiam:
1875 3121 1965 3165 quod
1987 3130 2098 3165 potest
2120 3122 2182 3155 exh
2215 3123 2281 3155 atio
2305 3123 2400 3164 sicca,

1337 3177 1413 3198 cum
1437 3166 1479 3198 sit
1501 3176 1643 3197 maxime
1667 3165 1791 3197 motiva
1817 3174 1855 3198 ut
1878 3165 2053 3209 probatum
2076 3175 2143 3210 est;
2173 3167 2273 3210 igitur
2301 3168 2401 3200 ratio-
2447 3203 2449 3205 ,

1336 3209 1484 3242 nabiliter
1508 3208 1669 3242 exhalatio
1693 3209 1778 3241 sicca
1801 3218 1914 3242 movet
1937 3217 2073 3250 terram,
2097 3219 2129 3243 et
2152 3219 2262 3243 causat
2285 3220 2401 3244 terrae—

1337 3262 1476 3286 motum.

1380 3308 1411 3339 4.
1432 3296 1560 3330 Deinde
1581 3307 1657 3329 cum
1673 3296 1763 3329 dicit:
1783 3297 1908 3341 Propter
1917 3297 1997 3341 quod
2002 3298 2087 3342 fiunt
2098 3298 2317 3342 tranquillitate
2328 3307 2400 3340 etc.‚

1336 3342 1519 3374 manifestat
1541 3340 1741 3384 praedictam
1765 3352 1896 3374 causam
1920 3353 1979 3385 per
2009 3341 2143 3374 effectus
2167 3350 2199 3375 et
2222 3342 2400 3376 accidentia

1337 3385 1496 3429 quaedam
1513 3385 1597 3417 circa
1613 3393 1856 3418 terraemotum.
1870 3385 1912 3418 Et
1928 3386 2011 3418 circa
2026 3385 2092 3419 hoc
2106 3386 2167 3419 tria
2182 3385 2273 3419 facit:
2292 3388 2399 3431 primo

1335 3428 1520 3462 manifestat
1538 3440 1611 3462 earn
1634 3440 1693 3472 per
1708 3429 1801 3472 signa
1815 3429 1868 3462 vel
1892 3429 2070 3463 accidentia
2088 3430 2314 3474 praecedentia
2337 3440 2399 3464 ter-

1335 3482 1539 3513 raemotum3
1563 3472 1709 3505 secundo
1733 3485 1805 3506 eam
1830 3473 2014 3507 manifestat
2037 3485 2096 3517 per
2124 3474 2288 3519 quandam
2312 3476 2399 3508 simi-

1335 3517 1508 3550 litudinem
1532 3517 1566 3549 in
1591 3517 1782 3560 corporibus
1807 3518 1968 3559 animatis,
1984 3518 2046 3551 ibi:
2067 3518 2191 3563 Oportet
2213 3520 2291 3552 enim
2313 3519 2399 3552 intel-

1337 3561 1424 3605 ligere
1446 3561 1462 3578 *
1485 3570 1563 3601 etc.;
1588 3562 1684 3594 tertio
1708 3573 1766 3605 per
1788 3561 1948 3605 quaedam
1971 3561 2034 3595 alia
2049 3563 2142 3606 signa
2166 3563 2398 3607 consequentia

2165 3626 2220 3649 ιο*

2426 3574 2434 3583 ’
2449 3573 2518 3595 Num.
2534 3580 2554 3601 7.
