2690 4062
1061 258 1174 315 cAP.
1202 258 1307 304 vm,
1338 257 1491 294 LECT.
1521 256 1609 293 xx1

244 333 319 368 bile.
332 332 436 373 Quod
452 344 531 366 vero
545 334 587 366 sit
602 342 731 366 tanturn
743 345 849 367 unum
862 335 908 367 sic
921 334 1112 378 probabant.
1125 334 1232 368 Multa
1243 345 1313 367 non

243 385 385 423 possunt
408 388 479 410 esse
495 378 559 410 nisi
574 378 617 410 sit
632 377 757 421 aliquid
772 389 926 422 separans
943 387 975 411 et
994 378 1143 412 dividens
1159 390 1214 419 ea;
1231 378 1313 412 nihil

245 430 356 455 autem
379 429 490 465 potest
505 432 577 454 esse
601 432 776 464 segregans
800 431 833 455 et
856 421 1102 462 dividens,„nisi
1125 434 1268 455 vacuum
1283 422 1313 463 *3

231 465 303 499 .sed
325 475 469 498 vacuum
492 476 562 497 non
585 473 651 505 est;
675 476 756 508 ergo
782 476 851 499 non
874 475 1015 509 possunt
1038 477 1109 499 esse
1132 466 1237 499 multa
1264 478 1313 499 se-

245 517 396 553 gregata:
420 517 452 542 et
475 509 522 541 sic
553 509 665 541 omnia
696 520 802 542 unum
830 518 918 542 sunt.
946 510 989 542 Et
1012 510 1089 554 quia
1112 519 1226 554 posset
1249 509 1313 543 dici

246 553 295 587 eis
317 552 409 598 quod
431 551 536 585 multa
559 561 637 585 sunt
659 564 695 585 se
711 554 889 596 tangentia,
913 554 957 586 ita
973 553 1064 597 quod
1084 554 1169 586 inter
1192 564 1230 587 ea
1245 565 1314 586 non

246 597 289 631 sit
311 607 455 630 vacuum
473 606 666 640 segregans:
684 596 798 630 dicunt
813 596 904 641 quod
920 596 985 630 hoc
1001 597 1083 630 nihil
1099 597 1206 630 differt
1212 610 1221 638 ;
1239 598 1316 641 quia

246 641 444 675 continuum
467 648 500 673 et
523 649 727 684 contangens
757 639 846 674 idem
877 640 1028 674 dicebant
1054 652 1140 674 esse:
1165 652 1242 674 nam
1267 652 1315 674 se-

247 684 395 719 cuudum
417 695 476 717 eos
500 685 650 717 continui
679 693 789 728 partes
819 696 854 717 se
878 684 1128 728 contangebant.
1153 685 1316 718 Dixerunt

247 730 346 763 etiam
370 727 461 773 quod
483 727 566 761 nihil
596 727 704 769 differt
727 727 819 772 quod
841 729 908 761 sint
930 729 1049 770 multa,
1073 737 1105 762 et
1133 728 1224 772 quod
1247 739 1316 761 non

247 774 291 806 sit
306 784 422 813 unum,
439 781 472 805 et
494 771 586 816 quod
602 772 728 806 dicatur
751 784 822 806 esse
838 783 998 806 vacuum:
1023 773 1100 817 quia
1119 773 1316 805 continuum

245 825 282 851 ⁴et
296 817 492 860 contiguum
515 825 594 849 sunt
608 815 696 850 idem
719 816 905 850 secundum
920 818 1017 858 istos,
1041 828 1102 850 nec
1121 816 1224 850 multa
1240 825 1317 849 sunt

248 861 312 895 nisi
335 861 402 903 sint
423 859 528 894 divisa
535 872 545 901 ;
569 868 602 894 et
632 859 724 905 quod
746 872 816 894 non
844 860 1072 895 dividebantur
1095 862 1159 894 nisi
1182 872 1241 905 per
1264 871 1318 893 va-

248 916 360 939 cuum.
377 903 444 938 Sed
465 915 535 937 non
558 913 608 938 est
622 915 788 945 ‚vacuum3
812 916 892 949 ergo
907 916 969 939 nec
991 905 1107 946 multa,
1124 905 1182 939 sed
1205 905 1318 938 omnia

248 948 416 983 continua.
434 948 471 982 Si
486 949 576 982 enim
599 948 726 982 dicatur
741 948 832 993 quod
848 961 906 983 ens
930 949 1050 994 ubique,
1070 949 1155 983 idest
1173 950 1208 982 in
1225 949 1317 982 omni

243 1001 397 1038 puncto,
424 992 466 1025 sit
489 991 669 1034 divisibile,
697 1001 776 1026 tunc
807 1002 918 1037 potest
947 993 1012 1027 dici
1065 994 1134 1028 uod
1163 993 1246 1026 nihil
1276 994 1318 1026 sit

246 1048 373 1078 amum3
396 1035 455 1070 sed
477 1036 658 1071 multitudo
682 1038 895 1082 componitur
923 1049 964 1071 ex
986 1049 1042 1071 mu
1058 1038 1098 1071 tis
1122 1039 1214 1078 unis;
1239 1048 1318 1081 ergo

206 1108 215 1115 ,
249 1092 311 1116 nec
333 1080 514 1114 multitudo
544 1081 622 1122 erit,
646 1092 727 1125 ergo
754 1090 864 1115 totum
887 1083 948 1116 erit
970 1093 1124 1116 vacuum.
1149 1082 1185 1116 Si
1208 1080 1318 1115 autem

247 1122 377 1160 dicatur
399 1133 508 1158 totum
531 1137 590 1159 eus
613 1137 685 1159 esse
709 1126 915 1167 continuum,
932 1133 998 1160 tum
1018 1126 1149 1171 quidem,
1165 1125 1250 1160 idest
1273 1137 1320 1158 se-

243 1167 398 1204 cundum
421 1168 546 1214 aliquid
569 1181 640 1204 esse
664 1169 836 1212 divisibile,
853 1177 918 1204 tum
940 1177 1041 1204 autem
1063 1181 1136 1211 non,
1163 1169 1248 1203 idest
1270 1181 1319 1202 se-

250 1211 398 1253 cundum
406 1248 418 1251 Α,
429 1212 554 1258 aliquid
577 1225 647 1247 esse
678 1213 894 1256 indivisibile,
918 1214 983 1248 hoc
1013 1215 1128 1259 utique
1156 1213 1320 1248 videbitur

215 1270 218 1271 ⁷
251 1260 331 1292 esse
346 1253 521 1299 fictitium,
550 1269 626 1292 cum
649 1270 719 1292 non
754 1259 796 1291 sit
818 1269 872 1291 ma
896 1259 923 1291 is
953 1259 1037 1292 ratio
1062 1269 1162 1303 quare
1193 1259 1227 1291 in
1250 1269 1319 1290 uno

250 1309 377 1347 puncto
401 1301 564 1335 dividatur
583 1313 683 1347 quam
706 1303 741 1335 in
765 1302 839 1336 alio.
858 1270 972 1347 &sque
989 1302 1029 1336 ad
1046 1311 1208 1347 quantum
1229 1302 1320 1335 enim

251 1346 313 1380 erit
334 1345 507 1387 divisibile,
523 1347 567 1380 ita
591 1346 681 1391 quod
697 1346 742 1380 ibi
765 1355 829 1380 stet
852 1346 992 1381 divisio?
1016 1347 1058 1380 Et
1073 1357 1174 1391 quare
1197 1345 1320 1390 aliquid

251 1389 294 1425 de
316 1390 472 1424 universo
496 1391 542 1423 ita
556 1402 591 1423 se
615 1390 723 1432 habet,
739 1390 831 1436 quod
847 1390 1004 1425 dividitur
1026 1399 1058 1424 et
1079 1399 1248 1434 separatur
1263 1401 1322 1434 per

250 1445 407 1475 vacuum,
423 1433 512 1468 aliud
535 1443 646 1468 autem
669 1446 704 1468 se
727 1434 826 1468 habet
849 1434 940 1480 quod
963 1443 1013 1468 est
1035 1434 1171 1479 plenum
1197 1443 1230 1467 et
1253 1445 1321 1467 non

251 1477 419 1520 dividitur,
435 1479 479 1512 ita
496 1478 587 1523 quod
609 1490 715 1512 unum
738 1478 777 1512 ab
794 1478 860 1512 alio
874 1479 891 1496 ⁸
907 1487 1074 1522 separetur
1094 1490 1153 1523 per
1168 1489 1321 1519 vacuum,

251 1534 322 1558 non
344 1522 475 1557 videtur
490 1522 611 1556 horum
634 1534 734 1567 posse
750 1524 833 1556 ratio
848 1523 1017 1567 assignari.
1034 1522 1189 1567 Amplius
1211 1531 1321 1556 autem

252 1567 402 1619 sequitur
429 1579 470 1600 ex
491 1567 683 1600 necessitate
711 1566 802 1612 quod
825 1566 908 1600 nihil
935 1566 1140 1608 movebitur,
1163 1578 1222 1611 per
1244 1567 1321 1600 istas

218 1633 225 1640 -
252 1621 406 1647 tattone&
423 1611 512 1656 Ergo
535 1610 806 1645 transcenderunt
828 1619 861 1645 et
883 1611 1079 1645 dimiserunt
1097 1611 1113 1628 *
1131 1623 1267 1645 sensum
1290 1620 1322 1644 et

252 1667 292 1690 ea
315 1667 399 1702 quae
414 1667 474 1700 per
497 1667 631 1689 sensum
647 1664 816 1700 apparent,
833 1656 1007 1700 opinantes
1031 1655 1121 1701 quod
1145 1656 1250 1699 magis
1267 1655 1321 1689 de-

252 1699 371 1735 bemus
392 1701 487 1745 sequi
502 1700 665 1733 rationem
689 1711 789 1751 quam
805 1711 950 1733 sensum.
968 1719 987 1726 -
1005 1699 1110 1741 Quod
1133 1709 1244 1733 autem
1268 1708 1320 1733 to-

252 1753 326 1779 tum
348 1755 408 1779 ens
431 1745 474 1778 sit
495 1743 662 1778 inlinitum
685 1755 732 1777 slc
759 1744 951 1789 probabant.
978 1745 1013 1779 Si
1036 1756 1094 1778 ens
1117 1744 1241 1785 finitur,
1265 1753 1321 1778 aut

251 1787 364 1823 finitm·
388 1788 429 1823 ad
451 1788 600 1833 plenum,
617 1797 673 1822 aut
695 1788 737 1822 ad
760 1800 912 1822 vacuum.
938 1789 1004 1823 Sed
1028 1788 1068 1823 ad
1091 1788 1228 1833 plenum
1251 1800 1320 1822 non

250 1841 363 1879 potest
383 1833 486 1874 finiri,
511 1833 588 1878 quia
611 1832 749 1877 plenum
771 1842 822 1866 est
844 1845 919 1867 ens:
943 1833 1032 1867 idem
1055 1834 1144 1867 enim
1173 1833 1322 1866 finiretur

251 1877 293 1912 ad
321 1877 487 1922 seipsum;
514 1877 567 1910 vel
595 1876 711 1911 eadem
738 1878 865 1911 ratione
894 1876 975 1911 illud
1003 1877 1140 1922 plenum
1172 1877 1320 1910 finiretur

217 1942 224 1949 ·
251 1921 293 1957 ad
311 1921 400 1956 aliud
416 1921 433 1939 ¹³
447 1921 600 1967 plenum:
624 1930 657 1955 et
679 1922 727 1954 sic
749 1930 836 1955 esset
859 1921 946 1955 abire
970 1922 1004 1955 in
1028 1921 1204 1955 infinitum.
1230 1922 1318 1966 Ergo

252 1974 386 2012 oportet
409 1965 500 2011 quod
523 1965 655 1999 finiatur
671 1965 711 1999 ad
735 1977 893 2007 vacuum3
917 1966 975 2000 sed
998 1978 1141 2000 vacuum
1165 1977 1233 1999 non
1253 1975 1318 2007 est;

251 2021 332 2063 ergo
360 2009 402 2044 ad
428 2009 511 2044 nihil
538 2009 668 2051 finitur;
697 2021 777 2054 ergo
805 2019 938 2055 oportet
966 2010 1056 2055 quod
1084 2022 1142 2044 ens
1173 2010 1215 2044 sit
1247 2010 1318 2044 infi-

251 2063 368 2089 tutum.

297 2099 356 2134 Isti
384 2110 420 2132 er
443 2110 464 2132 ο
499 2107 636 2150 propter
662 2097 742 2132 tales
774 2110 888 2132 causas
918 2099 966 2132 sic
995 2099 1249 2132 enuntiaverunt
1279 2098 1318 2132 de

250 2144 396 2178 veritate.
413 2110 533 2177 {dhuc
559 2154 594 2176 in
615 2154 749 2178 sermone
770 2154 830 2187 per
851 2143 1002 2188 ipsorum
1025 2144 1187 2177 rationem
1210 2142 1320 2187 sophi-

251 2188 368 2223 sticam
390 2186 522 2222 videtur
551 2187 616 2221 hoc
639 2188 733 2232 sequi
757 2187 848 2232 quod
880 2187 1006 2221 dictum
1028 2196 1097 2228 est,
1116 2198 1186 2221 non
1208 2195 1320 2220 tamen

251 2233 288 2267 in
309 2232 358 2266 rei
379 2232 515 2266 veritate
538 2232 709 2276 contingit.
726 2232 760 2264 Si
783 2240 894 2265 autem
912 2243 964 2265 res
987 2232 1076 2276 ipsae
1093 2232 1144 2265 ins
1169 2231 1319 2272 iciantur,

239 2276 437 2311 ‘dementiae
451 2275 581 2310 videtur
599 2287 671 2310 esse
685 2275 792 2309 simile
808 2275 934 2309 dictum
948 2287 1083 2316 eorum;
1102 2287 1147 2310 nu
1173 2286 1213 2308 us
1228 2275 1319 2309 enim

253 2320 390 2356 demens
405 2321 571 2354 intantum
586 2319 752 2364 egreditur
767 2331 786 2352 a
807 2319 930 2354 iudicio
945 2320 1102 2361 veritatis,
1121 2319 1212 2365 quod
1235 2318 1321 2354 dicat

252 2366 366 2410 ignem
387 2373 421 2398 et
442 2364 582 2409 glaciem
605 2376 676 2398 esse
694 2376 815 2398 unum:
840 2363 935 2409 quod.
954 2363 1001 2397 illi
1017 2363 1178 2405 dicebant,
1195 2374 1320 2408 ponen-

253 2418 302 2444 ωε
323 2409 436 2443 omnia
459 2420 530 2442 esse
554 2420 669 2442 unurn.
689 2409 783 2442 Licet
805 2408 923 2453 aliquis
953 2416 1090 2453 propter
1112 2407 1321 2442 consuetudi-

208 2470 213 2478 *
252 2465 331 2488 nem
359 2453 413 2487 vel
443 2462 580 2498 propter
609 2453 834 2498 apparentiam
860 2461 956 2497 putet
985 2452 1071 2486 mala
1105 2453 1140 2486 in
1170 2452 1320 2486 sensibus

252 2509 325 2533 esse
347 2497 449 2532 bona:
473 2497 538 2531 hoc
561 2498 651 2531 enim
674 2497 872 2549 quibusdam
887 2505 1023 2542 propter
1046 2496 1244 2531 dementiam
1268 2508 1320 2530 ac-

253 2542 350 2584 cidit3
372 2541 461 2576 unde
485 2541 663 2587 aliquando
687 2550 772 2575 inter
794 2541 882 2575 bona
911 2550 945 2574 et
967 2541 1053 2575 mala
1079 2540 1205 2575 nullam
1229 2540 1320 2574 diffe-

253 2587 392 2622 rentiam
415 2598 487 2620 esse
510 2595 638 2631 putant.

299 2641 330 2675 5.
353 2630 484 2665 Deinde
507 2642 585 2664 curn
608 2630 700 2664 dicit:
727 2630 894 2675 Leucippus
920 2636 1021 2663 autem
1048 2638 1127 2670 etc.‚
1155 2638 1323 2674 comparat

253 2675 435 2722 praedictas
458 2675 633 2720 opiniones
652 2674 847 2708 adinvicem.
868 2674 909 2708 Et
927 2674 1036 2718 primo
1063 2683 1231 2718 comparat
1255 2685 1275 2707 o
1301 2674 1324 2706 i-

254 2721 392 2754 nionem
407 2719 570 2764 Leucippi
585 2727 618 2752 et
633 2718 816 2753 Democriti
839 2717 880 2752 ad
900 2719 1095 2762 opinionem
1118 2718 1270 2751 Parmeni
1297 2719 1322 2751 ‘s

255 2773 289 2799 et
311 2763 439 2798 Melissi
446 2776 456 2804 ;
479 2762 627 2797 secundo
644 2771 813 2806 comparat
835 2773 908 2795 earn
924 2762 966 2796 ad
989 2763 1183 2806 opinionem
1199 2763 1322 2807 Empe-

256 2807 372 2850 doctis,
387 2808 447 2842 ibi:
472 2807 528 2842 Sed
549 2814 584 2841 ut
605 2806 793 2852 Empedocles
811 2805 827 2823 *
842 2815 902 2839 etc.
909 2818 919 2847 ;
942 2807 1041 2839 tertio
1064 2806 1106 2840 ad
1129 2807 1323 2850 opinionem

256 2852 416 2893 Platonis,
431 2851 493 2886 ibi:
518 2851 662 2886 Similiter
676 2858 777 2884 autem
799 2850 932 2885 aliorum
946 2850 963 2867 ²*
978 2859 1038 2883 etc.
1057 2850 1154 2884 Circa
1177 2851 1322 2894 primurn

256 2897 325 2932 duo
347 2896 440 2931 facit:
465 2897 574 2941 primo
598 2904 766 2940 comparat
786 2895 980 2939 opinionem
1003 2894 1165 2939 Leucippi
1188 2894 1229 2928 ad
1252 2895 1323 2939 opi-

255 2942 392 2976 nionem
421 2940 626 2975 Parmenidis
657 2949 690 2973 et
716 2939 842 2973 Melissi
872 2950 974 2983 penes
997 2938 1013 2955 *
1041 2939 1322 2980 convenientiam;

170 3015 179 3023 .
210 3016 214 3022 .
256 2985 404 3020 secundo
427 2997 529 3030 penes
553 2984 781 3024 differentiam,
796 2983 856 3016 ibi:
882 2982 937 3016 Sed
959 2993 1017 3016 esse
1040 2982 1099 3016 tale
1114 2982 1129 2999 *
1145 2992 1206 3016 etc.

301 3031 393 3065 Dicit
415 3041 495 3074 ergo
519 3030 628 3074 primo
652 3028 743 3080 quod
759 3028 949 3071 Leucippus
996 3027 1102 3060 utavit
1123 3026 1242 3060 habere
1258 3038 1323 3060 ser-

257 3086 375 3109 mones
390 3074 544 3108 meliores
561 3073 642 3114 aliis,
658 3084 693 3107 1n
708 3072 774 3106 hoc
797 3071 887 3116 quod
903 3083 966 3104 con
990 3079 1077 3104 tetur
1092 3080 1130 3104 ea
1146 3083 1230 3116 quae
1245 3079 1324 3104 sunt

257 3118 430 3153 manifesta
453 3118 494 3152 ad
509 3129 653 3151 sensum.
671 3116 770 3151 Unde
788 3127 896 3160 neque
916 3115 1053 3149 destruit
1065 3116 1322 3159 generationem,

257 3174 367 3209 neque
391 3163 650 3207 corruptionem,
668 3172 776 3206 neque
793 3169 934 3200 motum,
950 3171 1058 3204 neque
1076 3159 1323 3193 multitudinem

221 3222 230 3233 ¹
257 3219 380 3249 rerum,
399 3207 457 3241 sed
480 3205 654 3240 confitetur
670 3217 708 3239 ea
731 3217 815 3249 quae
839 3213 917 3237 sunt
937 3203 1091 3237 omnibus
1114 3203 1131 3221 *
1152 3203 1323 3237 manifesta

259 3251 300 3286 ad
322 3263 467 3286 sensum.
488 3252 528 3285 In
551 3250 616 3284 hoc
638 3258 750 3283 tamen
780 3248 861 3282 dixit
883 3247 998 3281 eadem
1029 3259 1104 3281 cum
1129 3247 1323 3281 Parmenide

259 3305 292 3330 et
315 3295 471 3336 Melisso,
494 3294 754 3334 constituentibus,
778 3292 862 3326 idest
885 3291 1078 3333 dicentibus,
1103 3292 1194 3336 quod
1224 3303 1322 3325 omne

260 3340 352 3386 quod
368 3348 427 3380 est,
440 3348 490 3373 est
504 3347 633 3372 tantum
649 3349 754 3371 unum
770 3345 803 3370 et
815 3335 983 3370 immobile
999 3336 1030 3377 β;
1047 3336 1124 3380 quia
1139 3336 1218 3369 dicit
1233 3335 1323 3380 quod

259 3384 343 3418 bene
367 3396 401 3418 se
426 3385 526 3424 uitur,
565 3382 633 3416 uod
656 3393 725 3415 non
742 3381 803 3415 erit
817 3389 930 3414 motus
945 3381 1008 3413 nisi
1032 3380 1075 3413 sit
1088 3391 1240 3413 vacuum.
1259 3379 1324 3413 Sed

260 3429 295 3462 in
318 3429 383 3462 hoc
404 3396 514 3462 differt
536 3439 554 3460 a
599 3427 657 3467 eis,
674 3426 751 3471 quia
772 3424 820 3458 illi
844 3424 1073 3458 destruxerunt
1096 3435 1324 3468 consequens,

2400 269 2435 294 Xl

1367 333 1451 366 idest
1466 343 1610 366 vacuum
1633 344 1715 373 esse,
1733 341 1766 365 et
1790 332 2022 366 concluserunt
2038 334 2231 377 oppositum
2247 335 2439 369 anteceden-

1368 378 1420 418 tis,
1437 376 1561 410 scilicet
1584 385 1715 410 motum
1739 388 1810 410 non
1834 388 1923 417 esse;
1947 377 2005 410 sed
2021 377 2210 422 Leucippus
2234 380 2328 423 ponit
2351 389 2440 413 ante-

1369 420 1488 455 cedens
1514 430 1546 454 et
1570 420 1667 454 infert
1690 432 1912 466 consequens:
1939 421 2062 454 scilicet
2085 431 2231 464 motum,
2255 432 2288 456 et
2311 435 2350 457 ex
2372 423 2437 458 hoc

1370 464 1537 498 concludit
1560 476 1703 498 vacuum
1727 476 1808 498 esse.
1833 465 1988 498 Vacuum
2011 474 2122 498 autem
2151 466 2228 500 dicit
2242 463 2329 500 'esse
2353 469 2440 501 sicut

1369 509 1603 553 privationem;
1625 518 1658 542 et
1681 508 1756 543 ideo
1784 509 1975 554 simpliciter
1998 518 2048 542 est
2077 521 2146 542 non
2169 522 2243 544 ens:
2268 512 2345 555 quia
2367 523 2437 545 non

1370 561 1420 586 est
1442 552 1566 597 aliquid
1597 554 1743 594 entium,
1766 553 1852 586 sicut
1874 565 1936 587 nec
1971 554 2112 598 privatio
2120 566 2130 594 ;
2153 563 2263 588 tamen
2287 565 2336 588 est
2359 567 2436 589 ens:

1370 597 1447 640 quia
1470 606 1520 630 est
1543 598 1638 638 entis,
1658 598 1742 630 sicut
1765 598 1906 642 privatio
1923 597 2064 631 habitus.
2082 598 2179 632 Unde
2203 598 2446 649 plenum‘·dice-'

1370 640 1424 673 bat
1447 641 1670 684 principaliter
1693 652 1761 674 ens.

1415 686 1446 716 6.
1470 684 1599 717 Deinde
1624 696 1700 718 cum
1724 685 1820 719 dicit:
1845 685 1901 719 Sed
1929 696 1988 720 esse
2011 686 2070 720 tale
2092 695 2172 727 etc.‚
2197 685 2365 732 comparat
2388 689 2436 722 di·
2455 672 2461 679 ²

1371 736 1438 760 ctas
1459 729 1634 771 opiniones
1659 729 1743 762 circa
1766 729 1994 770 differentiam,
2011 730 2122 764 dicens
2145 731 2246 776 quod,
2262 731 2339 765 licet
2353 733 2439 777 prin-

1372 770 1519 815 cipaliter
1542 783 1600 804 ens
1617 773 1659 805 sit
1682 773 1830 816 plenum,
1846 782 1957 807 tamen
1971 785 2041 807 non
2065 785 2164 808 omne
2211 776 2279 810 uod
2303 785 2352 809 est
2367 776 2437 820 ple-

1371 826 1453 848 num
1477 824 1526 848 est
1550 827 1666 856 unum,
1692 818 1776 850 sicut
1799 817 1880 851 dixit
1903 818 2114 854 Parmenides
2139 828 2172 853 et
2237 820 2364 862 elissus,
2381 821 2438 854 sed

1372 867 1449 892 sunt
1464 859 1579 900 multa,
1595 868 1627 892 et
1650 860 1786 901 infinita,
1802 870 1834 894 et
1857 862 2030 896 invisibilia
2053 862 2068 879 *
2092 872 2228 908 propter
2245 866 2438 908 parvitatem

1372 914 1450 936 suae
1481 904 1680 948 quantitatis.
1708 905 1799 937 Haec
1829 906 1918 938 enim
1950 915 2028 940 sunt
2062 919 2146 951 quae
2176 908 2239 952 ipsi
2274 909 2440 954 appellant

1371 953 1497 989 atomos,
1519 948 1589 981 sive
1613 959 1752 992 corpora
1775 948 1994 990 indivisibilia,
2021 962 2105 995 quae
2128 961 2305 986 moventur
2327 954 2362 986 in
2384 965 2439 987 va—

1373 1003 1455 1032 cuo;
1487 991 1579 1036 quod
1611 1003 1754 1025 vacuum
1788 993 1858 1036 ipse
1891 994 2080 1038 Leucippus
2114 995 2192 1029 dicit
2225 1008 2311 1030 esse..
2340 998 2439 1038 Quo-

1372 1035 1475 1069 modo
1506 1044 1618 1069 autem
1647 1035 1704 1069 fiat
1732 1046 1900 1080 generatio
1927 1047 1958 1071 et
1989 1040 2176 1083 corruptio,
2204 1049 2236 1074 et
2264 1041 2326 1074 alia
2355 1053 2439 1086 quae

1373 1088 1548 1124 apparent,
1579 1091 1620 1113 ex
1642 1080 1712 1113 istis
1740 1081 1878 1121 atomis,
1909 1081 2094 1126 subiungit,
2126 1083 2237 1118 dicens
2264 1085 2355 1130 quod
2381 1097 2440 1130 per

1372 1124 1522 1167 ipsorum
1533 1125 1824 1168 congregationem
1837 1134 1869 1158 et
1879 1125 2194 1169 conglutinationem
2206 1128 2243 1162 fit
2254 1131 2424 1173 generatio
2429 1142 2439 1171 ;

1374 1179 1450 1201 cum
1474 1177 1585 1201 autem
1609 1168 1809 1210 dividuntur,
1826 1168 1863 1202 fit
1883 1171 2070 1214 corruptio;
2091 1183 2167 1205 cum
2189 1184 2269 1206 vero
2292 1173 2440 1219 undique

1374 1223 1409 1245 se
1433 1213 1641 1256 contingunt,
1656 1211 1780 1246 faciunt
1798 1214 1962 1247 actionem
1990 1224 2023 1248 et
2052 1217 2258 1259 passionem;
2283 1229 2359 1251 cum
2383 1230 2440 1252 au-

1374 1264 1442 1289 tem
1465 1265 1638 1300 penetrant
1660 1268 1695 1290 se
1718 1266 1751 1290 et
1774 1269 1879 1291 unum
1899 1258 2059 1292 subintrat
2074 1261 2108 1293 in
2131 1260 2280 1303 alterum,
2299 1261 2336 1295 fit
2359 1273 2400 1296 au
2427 1282 2439 1288 -

1374 1309 1525 1333 mentum
1533 1313 1543 1341 ;
1567 1312 1643 1334 cum
1666 1303 1924 1345 permutaverint
1947 1303 2098 1337 ordinem
2121 1313 2154 1338 et
2176 1306 2288 1346 situm,
2303 1315 2382 1340 tunc
2402 1274 2440 1339 {t

1375 1343 1533 1378 alteratio.
1560 1345 1751 1379 Secundum
1775 1346 1864 1379 enim
1895 1346 1986 1391 quod
2009 1347 2088 1381 dicit
2111 1358 2143 1382 et
2166 1349 2359 1391 confitetur,
2380 1362 2437 1384 ne-

1376 1399 1465 1422 cesse
1484 1398 1534 1422 est
1556 1400 1680 1433 ponere
1702 1401 1772 1423 non
1791 1401 1861 1423 esse
1881 1402 1986 1424 unum
2002 1391 2122 1433 solum,
2139 1405 2178 1426 ex
2202 1405 2270 1438 quo
2284 1406 2440 1438 generan-

1375 1441 1429 1466 tur
1451 1433 1513 1466 ista
1536 1434 1721 1477 composita
1744 1443 1777 1467 et
1807 1446 1882 1467 corn
1907 1434 2019 1476 licata3
2044 1437 2119 1480 quia
2143 1449 2182 1470 ex
2213 1449 2253 1471 eo
2278 1439 2367 1482 quod
2391 1448 2440 1472 est

1375 1488 1442 1511 vere
1465 1489 1573 1518 unum,
1590 1477 1795 1522 impossibile
1812 1487 1861 1511 est
1905 1480 1950 1512 eri
1974 1479 2087 1521 multa,
2104 1492 2164 1514 nec
2189 1493 2228 1515 ex
2246 1494 2313 1516 vere
2335 1483 2440 1516 multis

1375 1520 1445 1554 fieri
1468 1533 1544 1555 vere
1567 1533 1682 1555 unum.
1700 1523 1829 1556 Dicitur
1848 1532 1958 1556 autem
1980 1535 2047 1558 vere
2070 1537 2178 1566 unum,
2195 1526 2286 1570 quod
2302 1528 2440 1560 omnino

1376 1574 1425 1598 est
1447 1565 1644 1599 indivisibile
1668 1575 1742 1599 actu
1767 1575 1799 1600 et
1822 1567 1986 1610 potentia:
2009 1580 2076 1603 vere
2095 1578 2205 1603 autem
2228 1571 2338 1611 multa,
2356 1583 2440 1615 quae

1375 1610 1514 1643 omnino
1539 1609 1690 1643 distincta
1713 1619 1800 1652 sunt,
1815 1622 1877 1644 nec
1900 1620 1973 1644 actu
1993 1623 2054 1646 nec
2073 1615 2220 1657 potentia
2237 1615 2441 1659 coniungun-

1375 1662 1439 1694 tur,
1458 1655 1543 1687 sicut
1565 1654 1784 1688 indivisibilia.

1420 1708 1450 1741 7.
1466 1698 1596 1732 Deinde
1621 1710 1696 1732 cum
1720 1699 1814 1733 dicit:
1840 1699 1896 1733 Sed
1918 1707 1952 1733 ut
1973 1700 2161 1746 Empedocles
2179 1711 2251 1744 etc.‚
2273 1712 2441 1747 comparat

1375 1743 1570 1786 opinionem
1585 1744 1746 1794 Leucippi
1763 1743 1803 1777 ad
1828 1744 2022 1788 opinionem
2038 1746 2258 1790 Empedoclis.
2276 1747 2317 1780 Et
2331 1748 2440 1791 primo

1374 1797 1476 1831 penes
1493 1788 1767 1828 convenientiam,
1791 1787 1902 1822 dicens
1919 1789 2010 1834 quod
2025 1790 2237 1824 Democritus
2254 1800 2286 1824 et
2300 1791 2440 1836 Leucip-

1374 1842 1438 1875 pus
1451 1830 1574 1872 dicunt‚
1588 1831 1679 1876 quod
1695 1843 1746 1865 res
1758 1833 1879 1877 patitur
1890 1845 1949 1877 per
1985 1845 2073 1874 orOS,
2086 1835 2171 1868 sicut
2188 1834 2268 1868 dixit
2278 1835 2441 1879 Empedo-

1375 1875 1440 1908 cles
1457 1884 1490 1909 et
1505 1875 1640 1920 quidam
1656 1875 1710 1909 alii
1723 1876 1763 1910 de
1780 1877 1922 1921 antiquis
1958 1845 2153 1922 finosophis.
2167 1879 2207 1912 Et
2223 1879 2337 1913 dicunt
2349 1880 2439 1924 quod

1375 1931 1474 1953 omne
1488 1920 1570 1997 {pati
1593 1929 1626 1953 et
1656 1932 1756 1954 omne
1779 1920 1906 1954 alterari
1954 1933 1994 1955 oc
2017 1922 2120 1956 modo
2149 1932 2322 1967 generatur
2350 1933 2382 1957 et
2404 1923 2441 1957 fit

1375 1963 1465 2008 quod
1513 1973 1535 2005 t,
1552 1965 1595 1997 ita
1612 1964 1702 2009 quod
1718 1964 1773 1998 fiat
1789 1965 1835 1998 rei
1855 1965 2029 1999 dissolutio
2045 1978 2104 2011 per
2122 1967 2409 2012 interpositionem
2424 1968 2440 1986 *

1374 2009 1488 2049 vacui;
1512 2009 1589 2053 quia
1618 2020 1761 2042 vacuum
1792 2010 2012 2087 interponitur
2034 2011 2113 2055 ipsis
2143 2011 2258 2052 rebus,
2282 2013 2326 2045 ita
2372 2012 2440 2046 uod

1374 2064 1449 2097 pars
1466 2052 1531 2086 huc
1547 2064 1621 2097 pars
1638 2052 1715 2087 illuc
1727 2053 1857 2087 feratur.
1897 2054 2029 2088 imiliter
2041 2057 2344 2099 augmentationem
2383 2058 2440 2098 eri,

1374 2109 1434 2141 per
1456 2097 1729 2130 subintrationem
1752 2099 1902 2142 ipsorum
1928 2098 2110 2133 solidorum
2139 2109 2328 2133 atomorum
2351 2100 2441 2134 adin-

1373 2141 1491 2174 vicem.
1514 2141 1752 2186 Empedoclem
1775 2151 1886 2175 autem
1909 2142 1974 2176 fere
1997 2155 2130 2177 necesse
2155 2153 2204 2177 est
2227 2144 2333 2178 dicere
2356 2146 2441 2178 sicut

1374 2185 1565 2230 Leucippus
1589 2185 1683 2226 dixit,
1706 2197 1778 2219 esse
1801 2186 1925 2220 scilicet
1948 2187 2156 2221 indivisibilia
2180 2199 2328 2233 corpora.
2351 2189 2442 2222 Dicit

1374 2238 1486 2263 autem
1500 2230 1578 2280 fere,
1603 2230 1680 2274 quia
1703 2230 1921 2281 Empedocles
1951 2242 2021 2264 non
2050 2232 2266 2266 confitebatur
2289 2244 2440 2276 expresse

1374 2285 1446 2308 esse
1469 2273 1579 2325 aliqua
1609 2285 1747 2318 corpora
1771 2274 1996 2316 indivisibilia,
2021 2276 2078 2309 sed
2102 2277 2178 2321 quia
2201 2276 2266 2310 hoc
2293 2278 2442 2321 sequitur

1374 2317 1416 2352 ad
1438 2318 1634 2362 opinionem
1655 2319 1736 2351 eius.
1752 2318 1901 2351 Ponebat
1924 2320 2012 2352 enim
2035 2331 2137 2364 poros
2160 2321 2195 2353 in
2218 2321 2297 2365 ipsis
2321 2332 2441 2365 corpo-

1373 2361 1484 2396 ribus:
1508 2374 1548 2395 ex
1571 2361 1691 2407 quibus
1721 2363 1806 2396 actio
1837 2371 1869 2396 et
1891 2364 2002 2407 passio
2034 2364 2226 2398 causabatur
2255 2365 2440 2398 secundum

1374 2417 1462 2440 eum.
1486 2407 1555 2440 Aut
1577 2417 1657 2450 ergo
1681 2406 1727 2439 illi
1751 2408 1823 2458 pori
1847 2416 1924 2440 sunt
1947 2408 1982 2440 in
2012 2417 2084 2441 toto
2109 2420 2247 2453 corpore
2276 2410 2320 2442 ita
2350 2409 2441 2454 quod

1374 2462 1444 2484 non
1467 2452 1510 2484 sit
1532 2450 1655 2495 aliquid
1678 2450 1826 2484 medium
1848 2451 1933 2484 inter
1956 2463 2031 2493 eos,
2055 2462 2112 2486 aut
2135 2462 2184 2486 est
2213 2453 2347 2497 aliquod
2371 2465 2440 2486 cor-

1374 2507 1438 2540 pus
1461 2495 1606 2529 solidum
1633 2494 1782 2529 dividens
1814 2507 1882 2529 eos.
1910 2496 1945 2529 Si
1968 2505 2046 2530 sunt
2075 2497 2109 2530 in
2133 2506 2204 2530 toto
2236 2508 2374 2541 corpore
2397 2498 2441 2530 ita

1376 2539 1466 2585 quod
1490 2539 1573 2573 nihil
1589 2540 1631 2573 sit
1653 2539 1818 2580 medium,
1841 2548 1920 2573 tunc
1944 2549 2052 2574 totum
2067 2552 2186 2585 corpus
2203 2542 2264 2574 erit
2278 2553 2438 2575 vacuum:

1377 2584 1468 2629 quod
1491 2593 1540 2618 est
1558 2583 1771 2629 impossibile.
1787 2584 1931 2618 Necesse
1948 2593 1998 2618 est
2020 2596 2099 2629 ergo
2119 2596 2190 2618 esse
2214 2585 2348 2630 aliquod
2372 2597 2441 2618 cor-

1376 2640 1440 2673 pus
1464 2628 1608 2662 solidum
1631 2635 1717 2663 extra
1734 2635 1836 2673 poros,
1854 2628 1938 2662 idest
1958 2638 2086 2673 praeter
2108 2641 2220 2673 porOS‚
2238 2629 2328 2674 quod
2351 2630 2442 2674 ipsos

1377 2673 1502 2707 dividat
1524 2682 1557 2706 et
1583 2672 1772 2717 distinguat.
1800 2673 1841 2706 Et
1864 2672 1940 2706 talia
1972 2684 2111 2717 corpora
2141 2685 2274 2707 necesse
2298 2682 2346 2707 est
2370 2685 2442 2707 esse

1377 2717 1568 2758 divisibilia3
1592 2717 1700 2750 media
1723 2726 1834 2750 autem
1856 2717 1996 2750 istorum
2024 2727 2101 2750 sunt
2123 2729 2243 2758 vacua,
2266 2718 2334 2750 sive
2357 2717 2442 2751 fora—

1377 2762 1477 2802 mina,
1494 2773 1577 2806 quae
1601 2761 1724 2795 scilicet
1747 2760 1965 2806 Empedocles
1989 2761 2067 2795 dicit
2090 2773 2202 2806 poros.
2218 2761 2319 2796 Nulla
2342 2763 2442 2803 enim,

1377 2814 1414 2839 ut
1431 2805 1510 2839 dicit
1533 2806 1796 2847 Commentator‚
1816 2814 1866 2838 est
1881 2805 2062 2839 differentia
2078 2806 2163 2839 inter
2185 2814 2358 2849 utramque
2374 2806 2442 2849 opi-

1377 2851 1523 2890 nionem,
1539 2850 1603 2883 nisi
1627 2849 1717 2894 quod
1733 2849 1916 2883 secundum
1939 2849 2148 2893 Leucippum
2171 2850 2254 2883 inter
2274 2849 2355 2882 haec
2374 2861 2443 2883 cor-

1377 2905 1459 2938 pora
1474 2902 1524 2927 est
1546 2905 1705 2934 vacuum,
1729 2902 1762 2927 et
1780 2893 1868 2938 apud
1892 2894 1972 2926 istos
1996 2894 2056 2926 ista
2071 2893 2231 2927 foramina
2254 2902 2331 2926 sunt
2346 2893 2443 2937 plena

1378 2937 1571 2982 corporibus
1595 2937 1779 2971 subtilibus.
1800 2937 2013 2972 Conveniunt
2036 2938 2136 2981 igitur
2157 2938 2192 2971 in
2217 2937 2358 2978 duobus,
2384 2938 2443 2970 sci-

1377 2980 1454 3016 licet
1475 2983 1510 3015 in
1533 2982 1699 3026 positione
1722 2982 1904 3022 vacuitatis,
1919 2990 1952 3014 et
1974 2982 2140 3025 positione
2156 2993 2196 3015 co
2238 2982 2304 3014 oris
2328 2981 2443 3014 indivi-

1378 3026 1498 3067 sibilis;
1521 3035 1554 3060 et
1576 3026 1652 3060 ideo
1675 3025 1741 3059 fere
1757 3027 1801 3059 ita
1824 3025 1902 3059 dicit
1924 3025 2114 3069 Leucippus
2135 3025 2175 3059 de
2212 3037 2302 3058 acere
2326 3034 2359 3058 et
2374 3026 2442 3069 pati

1377 3072 1463 3104 sicut
1495 3069 1723 3115 Empedocles.
1746 3070 1787 3103 Et
1809 3069 1884 3103 ideo
1909 3068 2004 3111 dicit,
2029 3069 2120 3114 quod
2150 3069 2241 3103 modi
2269 3068 2386 3112 agendi
2410 3081 2428 3102 e

1378 3114 1523 3159 patiendi
1547 3113 1730 3147 secundum
1753 3122 1911 3158 utrosque
1935 3112 2001 3146 fere
2030 3122 2107 3146 sunt
2129 3113 2227 3147 idern.
2254 3113 2344 3146 Dicit
2358 3113 2441 3157 fere,

1378 3167 1512 3204 propter
1535 3157 1735 3202 praedictam
1758 3169 1899 3190 causam.

1423 3203 1453 3236 8.
1474 3201 1626 3235 Secundo
1643 3213 1718 3234 cum
1742 3201 1834 3235 dicit:
1858 3202 1899 3234 Et
1913 3201 1948 3234 de
1971 3201 2016 3234 his
2037 3200 2156 3245 quidem
2177 3209 2249 3242 etc.‚
2266 3201 2360 3244 ponit
2383 3200 2442 3234 dif-

1377 3246 1547 3280 ferentiam
1559 3247 1644 3279 inter
1659 3254 1831 3290 utramque
1848 3256 1868 3278 o
1894 3246 2052 3285 inionem,
2070 3244 2180 3278 dicens
2197 3244 2287 3289 quod
2302 3245 2443 3278 istorum

1379 3290 1560 3324 differentia
1585 3289 1624 3324 de
1640 3289 1749 3322 modis
1773 3301 1856 3333 agen
1881 3290 1891 3322 i
1914 3288 2086 3322 manifesta
2104 3289 2164 3322 erit
2187 3300 2227 3322 ex
2243 3300 2360 3322 eorum
2408 3300 2443 3322 o-

1379 3334 1552 3368 sitionibus
1569 3333 1790 3378 sequentibus.
1807 3333 1895 3367 Nam
1911 3333 2100 3377 Leucippus
2119 3333 2224 3376 magis
2240 3341 2351 3377 potest
2390 3344 2443 3366 are

1378 3391 1418 3412 ex
1441 3390 1500 3411 sua
1516 3378 1674 3422 opinione
1698 3388 1830 3411 causam
1846 3389 1963 3410 eorum
1987 3389 2070 3422 quae
2089 3376 2260 3410 manifeste
2275 3376 2443 3418 videntur3

1378 3421 1596 3467 Empedocles
1632 3430 1742 3455 autem
1765 3422 1891 3454 minus:
1917 3422 1993 3466 quia
2023 3421 2207 3455 secundum
2231 3421 2301 3454 eius
2330 3420 2443 3455 funda-

317 3618 343 3654 β)
363 3617 614 3644 constituentibus...
634 3619 660 3642 et
679 3615 819 3641 immobile.
836 3629 855 3634 -
873 3614 1086 3640 construentibus
1110 3613 1179 3639 idest
1198 3613 1329 3638 immobile
1347 3613 1388 3637 ed.
1406 3619 1424 3637 a
1442 3617 1468 3637 et
1485 3612 1585 3637 omisso
1603 3611 1672 3636 idest
1690 3612 1718 3636 C.

2466 870 2474 878 ·
2490 869 2645 892 indivisibilia
2656 876 2678 891 Ρ.

2466 1972 2476 1983 “
2484 1971 2635 1993 intentionem
2642 1976 2671 1993 ca
2677 1987 2683 1992 .
