2782 4134
1101 255 1214 292 CAP.
1243 255 1312 304 v1,
1344 255 1496 294 LECT.
1526 257 1596 294 ΧΠ
2402 257 2454 303 45

942 488 1246 545 LECTIO
1284 490 1768 547 DUODECIMA

567 651 664 682 TUM
687 649 883 681 RATIONE
907 650 1084 681 SUMPTA
1107 650 1165 681 EX
1188 650 1332 681 PARTE
1357 651 1590 691 LOCORUM,
1614 653 1710 683 TUM
1734 651 1929 683 RATIONE
1953 651 2129 683 SUMPTA

247 709 307 741 EX
328 709 472 740 PARTE
494 707 757 741 GRAVITATIS
776 707 835 738 ET
854 707 1098 746 LEVITATIS,
1122 707 1405 739 OSTENDITUR
1421 708 1515 739 NON
1534 709 1635 740 ESSE
1656 710 1883 741 INFINITUM
1903 709 2072 741 CORPUS
2093 707 2216 746 QUOD
2236 707 2454 739 MOVETUR

726 765 855 817 MOTD
879 764 1045 805 RECTO,
1070 765 1155 796 VEL
1178 767 1210 796 A
1231 765 1371 797 MEDIO
1396 765 1594 797 SCILICET
1618 767 1703 798 VEL
1726 767 1785 798 AD
1809 768 1983 799 MEDIUM

240 905 352 941 ’Δλλοὶ
374 906 441 951 μὴν
468 900 548 938 οὐδὲ
568 904 610 938 τὰ
627 905 684 938 ἐπὶ
702 905 745 937 τὸ
762 904 864 949 μέσον
888 899 1025 938 οὐδὲτὸ
1047 905 1118 938 ἀπὸ
1137 905 1202 937 τοῦ
1220 904 1324 949 μέσου
1378 906 1396 925 *
1411 906 1475 937 Sed
1497 906 1603 938 adhuc
1625 916 1729 948 neque
1745 908 1835 948 quod
1851 909 1890 938 ad
1910 908 2056 939 medium
2079 917 2185 949 neque
2205 907 2294 948 quod
2311 918 2330 938 a
2346 906 2454 937 medio
2483 914 2492 923 ·
2542 919 2565 941 p.
2579 919 2612 935 v1.
2627 913 2698 936 Text.

315 950 496 997 φερόμενον
525 950 662 993 ἄπειρον
688 950 807 982 ἔσται·

245 995 405 1030 ἔναντίαι
428 996 495 1040 γάρ
521 997 557 1028 αἱ
581 997 682 1039 φοραὶ
707 996 728 1031 ἡ
756 995 824 1027 ἀνω
849 996 908 1027 καὶ
934 995 955 1031 ἡ
980 993 1092 1036 κάτω,
1120 996 1156 1026 αἱ
1176 988 1205 1025 δ’
1231 994 1327 1026 ἐναν-

317 1042 391 1074 τίαι
415 1042 462 1079 εἰς
486 1041 662 1077 ἐναντίους
688 1039 828 1077 τόπους.
867 1040 939 1070 Τῶν
964 1034 992 1070 δ’
1023 1040 1187 1072 ἐναντίων
1212 1039 1242 1071 εἰ
1266 1038 1325 1071 θά-

316 1097 414 1131 τερον
439 1085 595 1140 ὡρισται,
616 1086 675 1117 καὶ
700 1083 844 1129 θάτερον
869 1083 1051 1127 ὡρισμένον
1077 1084 1189 1116 ἔσται.
1223 1084 1269 1115 'td
1287 1079 1326 1116 δὲ

316 1129 420 1176 μέσον
443 1141 606 1174 ωρισται·
632 1131 660 1162 εὶ
685 1128 750 1183 γάρ
778 1127 961 1162 ὁποθενοῦν
995 1128 1131 1174 φέροιτο
1159 1127 1258 1160 κάτω
1284 1128 1325 1161 τὸ

318 1175 342 1220 25,
363 1174 562 1221 ιστάμενσν,
582 1174 642 1207 οὐκ.
668 1169 849 1221 ἑνδεχεται
873 1173 1074 1219 πορρωτέρω
1094 1169 1237 1205 διελθεῖν
1263 1173 1326 1205 τοῦ

244 1218 434 1265 ’νΝἷιισοω
469 1220 664 1264 Ὠρισμένου
691 1217 748 1252 οὖν
767 1219 831 1252 τοῦ
848 1218 952 1264 μέσου
971 1220 1031 1251 καὶ
1049 1218 1110 1251 τὸν
1131 1217 1198 1250 ἄνω
1216 1216 1325 1250 τόπον

319 1263 453 1311 ἀνάγκη
486 1263 638 1310 ὡρίσθαι.
674 1265 713 1296 Ei.
737 1259 766 1295 δ’
796 1266 827 1296 οἱ
852 1263 957 1296 τόποι
985 1262 1162 1308 ὡρισμένοι
1184 1263 1244 1294 καὶ
1270 1274 1327 1294 πε-

319 1308 539 1355 περασμένοι,
565 1312 622 1342 καὶ
649 1309 698 1342 ταὶ
721 1308 870 1353 σώματα
897 1309 997 1341 ἔσται
1022 1306 1280 1352 πεπερασμένα.

241 1393 324 1428 Ἔτι
338 1394 369 1427 εἰ
384 1394 427 1428 τό
446 1394 514 1427 ἀνω
533 1397 592 1428 καὶ
609 1394 708 1428 κάτω
725 1394 885 1438 ὥρισται,
902 1395 962 1426 καὶ
980 1394 1022 1426 τὸ
1039 1391 1174 1439 μεταξύ
1194 1391 1327 1439 ἀνάγκη

284 1457 286 1460 v
318 1438 470 1485 ὡρίσθαι.
504 1440 544 1471 Εἰ
560 1439 625 1485 γὰρ
641 1439 689 1484 μή
714 1437 856 1484 ὥρισται
892 1439 1029 1484 ἄπειρος
1049 1438 1089 1471 ἂν
1106 1439 1156 1475 εἴη
1181 1439 1327 1475 κίνησις·

319 1485 428 1517 τοῦτο
453 1479 482 1516 δ’
512 1482 568 1516 ὅτι
598 1478 795 1525 ἀδύνατον,
820 1479 859 1517 δέ
884 1495 1000 1516 εικται
1031 1482 1210 1528 πρότερον.
1239 1481 1332 1525 ‘'Opt-

317 1539 402 1561 σται
428 1528 494 1573 ἄρα
519 1528 562 1560 τὸ
586 1528 703 1572 μέσον,
723 1527 812 1562 ὥστε
836 1531 895 1562 καὶ
921 1529 963 1562 τό
990 1529 1023 1561 ἒν
1049 1527 1163 1568 τούτῳ
1188 1527 1288 1571 σῶμα
1307 1525 1328 1563 ἦ

308 1571 357 1606 πὸν
381 1571 404 1610 ἦ
428 1571 586 1619 γενέσθαι
609 1568 775 1607 δυνατόν.

139 1675 150 1686 1
182 1667 188 1671 “
239 1656 356 1692 ‘fild
379 1656 447 1702 μήν
472 1656 515 1690 τὸ
542 1657 611 1690 ἀνω
641 1660 701 1691 καὶ
725 1657 824 1692 κάτω
847 1657 1029 1714 φερόμενον
1054 1660 1153 1702 σῶμα
1177 1651 1328 1689 δύναται

320 1701 358 1741 ἂν
381 1700 495 1744 τούτῳ
519 1700 696 1749 γενέσθαι·
723 1702 851 1747 πέφυκε
867 1716 934 1760 γαρ
951 1715 994 1736 το
1015 1703 1075 1749 μὲν
1099 1702 1169 1736 ἀπὸ
1187 1702 1251 1734 τοῦ
1272 1701 1329 1744 με’-

318 1757 378 1779 σου
401 1745 580 1790 κινεῖσθαι,
609 1747 652 1780 τὸ
675 1744 708 1780 δ’
730 1747 788 1782 ἐπὶ
813 1748 855 1781 τὸ
879 1760 999 1793 μέσον.
1027 1748 1090 1780 Ἐκ
1114 1760 1153 1781 τε
1178 1742 1223 1784 δή
1248 1746 1329 1778 τού-

318 1802 388 1824 των
413 1792 556 1836 φανερόν
582 1791 637 1826 ὅτι
663 1791 724 1825 οὐκ
748 1789 930 1839 ἐνδέχεται
946 1794 1047 1839 σῶμα
1063 1790 1151 1825 εἶναι
1170 1791 1327 1834 ἄπειρον,

242 1837 312 1869 ,καὶ
337 1836 418 1892 πρΙός
448 1837 588 1876 τούτοις
613 1838 642 1869 εἰ
667 1837 768 1884 βάρος
801 1841 848 1884 μη
881 1837 975 1871 ἐστιν
1009 1838 1167 1881 ἄπειρον,
1195 1832 1267 1869 οὐδ’
1291 1835 1330 1868 ἂν

319 1892 456 1915 τουτων
487 1883 556 1915 τῶν
591 1882 763 1928 σωμάτων
797 1882 894 1917 οὐθὲν
925 1885 976 1921 ε’ίη
1010 1883 1166 1928 ἄπειρον·
1195 1881 1329 1927 ἀνάγκη

319 1925 386 1972 γάρ
411 1926 475 1960 τοῦ
502 1927 642 1972 ἀπείρου
667 1927 828 1974 σώματος
855 1929 994 1974 ἄπειρον
1019 1925 1106 1960 εἶναι
1130 1928 1189 1960 καὶ
1207 1925 1248 1960 τό
1268 1926 1331 1968 βά-

320 1981 388 2014 ρος.
423 1972 460 2003 '0
483 1965 513 2003 δ’
542 1972 650 2012 αὐτὸς
674 1973 776 2020 λόγος
801 1974 903 2007 ἔσται
933 1974 994 2005 καὶ
1014 1973 1070 2006 ἐπὶ
1095 1973 1159 2006 τοῦ
1182 1971 1327 2017 κούφου·

320 2015 349 2047 ni.
373 2013 440 2062 γάρ
465 2016 559 2049 ἐστιν
586 2017 724 2063 ἄπειρος
757 2018 931 2065 βαρύτης,
959 2018 1034 2051 ἔστι
1063 2019 1123 2050 καὶ
1146 2016 1330 2062 κουφότης,

323 2057 364 2092 ἂν
390 2060 530 2107 ἄπειρον
555 2060 577 2105 ᾗ
602 2063 644 2096 τό
670 2063 896 2108 ἐπιπολάζον.

242 2104 364 2142 ’.Δῆλον
388 2101 419 2136 δ’
448 2105 485 2138 ἐκ
510 2102 630 2142 τῶνδε.
661 2109 776 2142 Ἔστω
801 2110 867 2156 γάρ
899 2106 1179 2153 πεπερασμένον,
1204 2107 1264 2139 καὶ
1289 2107 1332 2138 εἱ-

318 2148 437 2195 λῆφθω
470 2150 512 2183 τὰ
543 2151 604 2195 μὲν
639 2152 777 2197 ἄπειρον
807 2154 906 2197 σῶμα
939 2150 987 2196 ἐφ’
1017 2152 1041 2194 ᾦ
1066 2152 1108 2186 τὸ
1133 2152 1205 2193 AB,
1227 2150 1270 2184 τὸ
1293 2146 1332 2184 δὲ

322 2192 425 2236 βάρος
451 2195 562 2228 αὐτοῦ
588 2197 636 2240 ἐφ’
666 2198 690 2240 ᾧ
716 2197 757 2232 vd
781 2199 817 2231 Γ.
852 2195 1054 2250 Ἀφῃρήσθω
1084 2194 1141 2230 οὖν
1174 2195 1243 2229 ἀπὸ
1269 2197 1332 2228 τοῦ

325 2236 465 2284 ἀπείρου
491 2242 750 2297 πεπερασμένον
802 2240 916 2290 έγεθος
942 2242 990 2286 εφ’
1013 2241 1037 2283 ᾤ
1062 2242 1104 2275 τὸ
1123 2241 1188 2272 ΒΔ.
1213 2242 1272 2272 καὶ
1290 2240 1332 2274 τὰ

324 2283 426 2328 βάρος
448 2285 559 2318 αὐτοῦ
581 2298 670 2320 εστω
696 2287 745 2332 ἐφ’
766 2301 790 2329 ῳ
808 2287 850 2321 τὸ
865 2287 903 2318 Ε.
937 2286 984 2318 Τὸ
1004 2281 1047 2323 δή
1070 2287 1093 2318 Ε
1111 2286 1174 2319 τοῦ
1191 2286 1213 2316 Γ
1232 2284 1332 2318 ἔλατ-

323 2339 384 2361 τον
417 2328 536 2363 ἔσται·
564 2331 606 2363 τὰ
630 2331 696 2378 γάρ
722 2334 786 2365 τοῦ
821 2330 1009 2369 ἐλάττονος
1036 2331 1137 2376 βάρος
1167 2330 1330 2363 ἔλαττον.

320 2374 596 2419 Καταμετρείτω
620 2376 666 2413 δή
691 2378 734 2409 τὸ
759 2377 908 2411 ἔλαττον
936 2376 1181 2416 ὁποσακισοῧν,
1205 2376 1266 2407 καὶ
1290 2376 1332 2413 ὡς

270 2441 274 2443 μ
323 2417 366 2450 τὸ
391 2419 494 2464 βάρος
523 2420 724 2454 τοῦλαττον
757 2421 840 2467 προς
869 2419 912 2455 τὸ
935 2421 1072 2465 μεῖζον,
1104 2419 1147 2453 τό
1171 2420 1223 2451 ΒΔ
1249 2420 1331 2463 προς

323 2461 365 2495 τὸ
380 2464 431 2495 ΒΖ
455 2464 669 2511 γεγενῆσθω·
697 2461 879 2512 ἐνδέχεται
929 2466 968 2509 <ip
996 2466 1128 2511 ἀφελεῖν
1154 2466 1218 2498 τοῦ
1237 2465 1333 2497 ἀπεί-

321 2518 379 2551 ρου
405 2510 605 2542 ὁποσονοῦν.
643 2511 681 2542 Εἰ
707 2513 819 2544 τοίνυν
847 2512 1018 2558 ἀναλογον
1043 2510 1092 2543 τά
1115 2508 1241 2557 μεγέθη
1260 2513 1332 2547 τοῖς

323 2551 456 2630 belgam,
475 2554 518 2587 τὸ
542 2554 572 2587 δ’
596 2554 746 2595 ἔλαττον
769 2555 872 2601 βάρος
896 2556 959 2590 τοῦ
977 2553 1166 2592 ἐλάττονός
1185 2555 1259 2587 ἐστι
1276 2565 1332 2598 με-

322 2597 364 2674 γέ
389 2609 456 2641 ους,
480 2600 540 2632 καὶ
564 2599 606 2634 τό
631 2600 745 2645 μεῖζον
765 2600 804 2633 ἂν
821 2603 872 2639 εἴη
891 2602 955 2635 τοῦ
970 2601 1136 2646 μείζονος.
1154 2599 1247 2631 Ἰσον
1267 2599 1333 2644 ἄρα

342 2654 425 2676 σται
441 2643 484 2677 τὸ
495 2645 560 2676 τοῦ
573 2645 834 2691 πεπερασμένου
848 2649 907 2679 καὶ
923 2645 966 2680 τὸ
979 2647 1044 2678 τοῦ
1059 2645 1199 2688 ἀπείρου
1215 2643 1331 2689 βάρος.

235 2684 328 2718 *En
353 2688 382 2720 εἰ
406 2689 470 2721 τοῦ
493 2689 646 2733 μείζονος
671 2690 833 2736 σώματος
857 2692 971 2736 μεῖζον
997 2690 1039 2723 τὸ
1065 2689 1182 2734 βάρος,
1202 2688 1244 2721 τὸ
1269 2689 1333 2722 τοῦ

322 2733 380 2764 ΗΒ
403 2733 516 2778 μεῖζον
542 2734 644 2767 ἔσται
668 2735 771 2781 βάρος
793 2735 814 2773 ἦ
840 2737 883 2769 τὸ
909 2736 973 2769 τοῦ
997 2737 1061 2776 ΖΒ,
1087 2734 1178 2767 ὥστε
1202 2733 1245 2766 τὸ
1270 2734 1334 2766 τοῦ

324 2777 585 2824 πεπερασμένου
610 2778 714 2827 βάρος
769 2781 856 2824 εἴζον
883 2779 905 2818 ἦ
931 2781 973 2814 τὸ
999 2781 1064 2812 τοῦ
1090 2781 1243 2823 ἀπείρου.

253 2819 322 2852 Καὶ
346 2823 414 2855 τῶν
442 2823 564 2857 ἀνίσων
588 2819 627 2856 δὲ
651 2837 733 2872 μεγε
757 2826 800 2857 ὧν
827 2824 960 2858 ταῦτόν
987 2823 1089 2870 βάρος
1115 2825 1238 2857 ἔσται·
1266 2823 1335 2855 ἀνι-

289 2905 298 2917 ,
323 2877 382 2899 σον
433 2868 456 2902 ἀ
498 2869 547 2910 τῷ
573 2881 660 2903 πεπε
683 2868 816 2912 ἀσμένῳ
842 2871 884 2903 τὸ
911 2870 1062 2914 ἄπειρον.

239 2907 358 2944 Ὀυθὲν
383 2907 402 2944 δ
469 2912 599 2958 ιαφέρει
624 2928 646 2948 τ
695 2911 783 2960 βάρη
809 2915 990 2960 σύμμετρα
1022 2911 1110 2946 εἶναι
1136 2911 1157 2950 ἦ
1185 2910 1336 2957 ἀσύμμε-

323 2967 404 3032 τρα·
421 2960 480 2991 καὶ
497 2959 564 3015 γάρ
583 2958 807 3004 ἀσυμμέτρων
827 2960 933 2993 ὄντων
953 2961 970 2992 ὁ
989 2958 1094 2997 αὐτὸς
1117 2957 1216 2991 ἔσται
1231 2957 1333 3003 λόγος

323 3012 340 3032 ο
358 3012 393 3033 ον
418 3004 447 3034 εἰ
472 3015 514 3036 το
531 3005 557 3035 Ε
574 3007 691 3048 τρίτον
717 3005 924 3048 ὑπερβάλλει
941 3005 1087 3049 μετροῦν
1110 3002 1152 3036 τὸ
1169 3004 1191 3033 Γ
1209 3001 1312 3047 βάρος
1324 3015 1331 3022 ·

324 3045 392 3078 τῶν
415 3048 482 3093 γάρ
505 3050 558 3080 ΒΔ
581 3047 730 3096 μεγεθῶν
755 3051 855 3094 τριῶν
889 3049 974 3082 ὅλων
998 3047 1194 3094 ληφθέντων
1220 3047 1334 3090 μεῖζον

325 3089 425 3166 ξσὲτριι
449 3091 493 3124 τό
519 3092 621 3138 βάρος
646 3093 668 3130 ἦ
693 3093 735 3126 τὸ
753 3094 800 3139 ἐφ’
823 3095 847 3137 ᾦ
864 3096 900 3128 Γ.
933 3094 1037 3127 Ὥστε
1063 3093 1106 3126 τὸ
1125 3091 1214 3125 αὖτό
1232 3092 1334 3124 ἔσται

326 3146 349 3167 α
374 3146 516 3169 υνατον.

234 3173 326 3210 Ἐτι
351 3178 390 3212 δὲ
420 3183 480 3213 καὶ
505 3182 650 3257 ὲγέιωρεϊ
671 3181 852 3268 σύμμετὲα
874 3183 1014 3223 λαβεῖν·
1041 3181 1139 3216 οὐθὲν
1163 3181 1240 3235 γάρ,
1258 3176 1335 3214 δία-

323 3224 413 3270 φέρει
440 3226 546 3272 ἄρχεσ
569 3238 605 3258 αι
629 3225 781 3259 ἀπὸτοῦ
827 3226 926 3272 άρους
943 3226 965 3265 ἦ
985 3227 1055 3260 ἀπό
1076 3227 1140 3260 τοῦ
1157 3225 1331 3283 μεγεθους,

324 3270 393 3302 οἷον
421 3269 460 3303 ἂν
484 3270 597 3316 ληφθῇ
618 3269 811 3316 σύμμετρον
831 3270 932 3315 βάρος
951 3273 999 3313 τῷ
1017 3273 1040 3303 Γ
1057 3271 1100 3304 τὰ
1119 3272 1157 3315 ἐφ
1188 3285 1211 3313 ῳ
1234 3271 1276 3304 τὰ
1292 3273 1330 3312 Ε,

322 3317 382 3348 καὶ
417 3315 486 3348 ἀπὸ
520 3317 583 3349 τοῦ
616 3316 756 3360 ἀπείρου
789 3315 956 3361 ἀφαιρεθῇ
981 3316 1023 3350 τὸ
1049 3317 1127 3361 ἔχον
1160 3316 1202 3349 τὰ
1236 3313 1283 3360 ἐφ’
1309 3316 1332 3357 ᾧ

325 3360 367 3392 το
391 3361 416 3392 Ε
442 3360 558 3406 βάρος,
578 3362 646 3394 οἷον
673 3359 715 3392 τὸ
739 3362 803 3402 ΒΔ,
823 3357 901 3394 εἶτα
926 3362 969 3400 ὡς
994 3360 1036 3394 τὸ
1062 3359 1164 3404 βάρος
1190 3360 1271 3405 πρὸς
1290 3361 1332 3392 τό

323 3403 440 3450 βάρος,
468 3406 511 3438 τὸ
525 3408 577 3438 ΒΔ
594 3405 675 3449 πρὸς
703 3405 786 3437 ἄλλο
811 3405 958 3451 γένηται
982 3403 1137 3452 μέγεθος,
1165 3405 1232 3437 οἷον
1251 3405 1331 3448 πρὸς

323 3449 365 3481 τὸ
389 3451 458 3481 ΒΖ·
483 3446 663 3497 ἐνδέχεται
687 3450 753 3495 γάρ
780 3450 920 3494 ἀπείρου
954 3449 1052 3487 ὄντος
1078 3451 1142 3482 τοῦ
1170 3447 1330 3496 μεγέθους

324 3494 512 3528 ὁποσονοῦν
537 3495 780 3541 ἀφαιρεθῆναι·
799 3494 935 3527 τούτων
953 3494 1019 3542 γάρ
1038 3492 1234 3537 ληφθέντων
1251 3492 1333 3538 σύμ-

325 3550 437 3584 μετρα
462 3541 564 3574 ἔσται
587 3542 647 3573 καὶ
672 3540 722 3574 τά
745 3552 784 3585 με
812 3538 869 3577 έθη
894 3542 952 3572 καὶ
979 3539 1027 3572 τά
1043 3538 1130 3583 βάρη
1155 3537 1328 3576 ἀλληλοις.

241 3578 343 3616 Ὀὐδὲ
371 3580 415 3622 δὴ
446 3585 488 3619 τὸ
518 3585 658 3632 μέγεθος
693 3552 893 3630 ὀμοιοβαρές
925 3581 1013 3616 εἶναι
1038 3582 1059 3620 ἧ
1087 3582 1330 3627 ἀνομοιοβαρὲς

325 3625 422 3662 οὐδὲν
447 3625 566 3663 διοίσει
591 3630 672 3676 πρὸς
699 3630 763 3668 την
784 3625 957 3671 ἀπόδειξιν
971 3642 978 3649 ·
1002 3629 1053 3661 ἀεὶ
1070 3628 1135 3675 γάρ
1155 3628 1331 3660 ἕσταιλα-

1448 950 1557 990 fertur‚
1581 950 1744 982 infinitum
1767 952 1833 983 erit.

1381 995 1567 1027 Contrariae
1590 995 1678 1026 enim
1699 996 1834 1027 lationes
1862 1007 1943 1037 quae
1967 1007 2095 1028 sursum
2119 1003 2150 1027 et
2180 1006 2262 1037 quae
2286 996 2455 1027 deorsum:

1449 1039 1622 1071 contrariae
1638 1047 1747 1071 autem
1759 1041 1798 1071 ad
1814 1041 1970 1072 contraria
1983 1042 2064 1072 loca.
2085 1041 2330 1072 Contrariorum
2348 1047 2457 1071 autem

1448 1084 1476 1115 si
1497 1085 1634 1115 alterum
1657 1085 1903 1116 determinatum
1927 1093 1982 1124 est,
2007 1093 2038 1117 et
2060 1085 2196 1116 alterum
2211 1085 2456 1116 determinatum

1450 1128 1518 1160 erit.
1541 1128 1686 1160 Medium
1710 1137 1817 1161 autem
1841 1130 2086 1161 determinatum
2109 1136 2172 1161 est:
2197 1129 2223 1160 si
2248 1129 2334 1160 enim
2356 1130 2455 1160 unde-

1450 1183 1590 1214 cumque
1614 1173 1731 1205 feratur
1761 1174 1913 1205 deorsum
1936 1175 2024 1216 quod
2049 1175 2189 1213 substat,
2214 1184 2280 1204 non
2304 1173 2458 1214 contingit

1449 1217 1637 1258 pertransire
1656 1218 1784 1259 longius
1801 1219 1907 1250 medio
1931 1219 2014 1251 loco.
2035 1218 2254 1250 Determinato
2277 1218 2374 1259 igitur
2389 1227 2456 1248 me—

1451 1261 1505 1292 dio
1529 1262 1614 1301 loco,
1632 1269 1663 1294 et
1685 1273 1761 1294 eum
1784 1264 1840 1304 qui
1864 1274 1991 1295 sursum
2018 1264 2129 1294 locum
2145 1273 2272 1294 necesse
2288 1269 2335 1294 est
2358 1263 2458 1294 deter-

1451 1306 1611 1337 minatum
1635 1317 1713 1338 esse.
1737 1308 1771 1339 Si
1786 1315 1895 1339 autem
1917 1308 1988 1339 loca
2003 1308 2209 1339 determinata
2222 1314 2303 1338 sunt
2312 1314 2345 1338 et
2358 1306 2458 1346 finita,

1451 1358 1483 1382 et
1506 1361 1642 1392 corpora
1664 1359 1757 1384 erunt
1778 1352 1878 1384 finita.

1384 1395 1403 1430 *,
1416 1395 1544 1434 Adhuc,
1567 1396 1594 1427 si
1617 1407 1746 1428 sursum
1760 1404 1791 1428 et
1814 1398 1966 1428 deorsum
1982 1397 2188 1428 determinata
2210 1403 2295 1435 sunt,
2320 1402 2351 1426 et
2364 1395 2459 1426 inter-

1451 1440 1596 1471 medium
1620 1451 1747 1472 necesse
1770 1448 1817 1473 est
1840 1442 2086 1472 determinatum
2113 1451 2190 1472 esse.
2216 1441 2249 1472 Si
2274 1440 2361 1471 enim
2391 1450 2458 1470 non

1451 1492 1499 1516 est
1531 1485 1795 1525 determinatum,
1825 1485 1968 1517 infinitus
2002 1486 2115 1527 utique
2145 1485 2203 1516 erit
2239 1491 2365 1516 motus:
2397 1484 2459 1515 hoc

1452 1536 1560 1560 autem
1584 1531 1674 1570 quod
1696 1531 1905 1571 impossibile,
1929 1537 2095 1561 ostensum
2112 1537 2158 1561 est
2181 1529 2279 1570 prius.
2305 1528 2460 1560 Determi-

1451 1581 1566 1605 natum
1589 1581 1636 1606 est
1658 1575 1753 1615 igitur
1776 1575 1930 1606 medium.
1956 1576 2063 1613 Quare
2085 1581 2116 1605 et
2138 1574 2228 1616 quod
2251 1573 2285 1604 in
2308 1573 2370 1604 hoc
2394 1582 2461 1603 cor-

1451 1629 1514 1660 pus
1538 1626 1593 1650 aut
1616 1619 1761 1658 existens,
1786 1626 1841 1650 aut
1863 1618 1930 1650 fieri
1954 1618 2115 1660 possibile.

1384 1663 1447 1694 Sed
1470 1670 1502 1695 et
1533 1664 1654 1703 adhuc,
1686 1664 1776 1706 quod
1805 1674 1933 1695 sursum
1963 1670 1994 1695 et
2024 1664 2175 1694 deorsum
2203 1662 2301 1694 fertur
2323 1671 2460 1702 corpus,

1451 1715 1558 1749 potest
1581 1708 1612 1739 in
1630 1709 1691 1740 hoc
1716 1708 1836 1740 factum
1853 1715 1935 1740 esse:
1952 1715 2065 1739 natum
2084 1714 2131 1739 est
2147 1707 2234 1738 enim
2249 1707 2311 1738 hoc
2327 1706 2460 1747 quidem

1452 1763 1471 1783 a
1489 1753 1597 1784 medio
1613 1753 1747 1791 moveri,
1761 1754 1824 1784 hoc
1839 1760 1947 1784 autem
1964 1753 2003 1784 ad
2020 1753 2174 1784 medium.
2190 1752 2207 1771 *
2219 1751 2267 1782 Ex
2282 1751 2330 1782 his
2354 1750 2460 1791 itaque

1452 1797 1658 1829 manifestum
1671 1805 1717 1829 est
1727 1799 1817 1839 quod
1829 1808 1895 1829 non
1912 1797 2068 1838 contingit
2079 1807 2196 1837 corpus
2206 1806 2274 1827 esse
2287 1794 2459 1827 infinitum.

1385 1842 1425 1874 Et
1444 1843 1559 1882 adhuc,
1577 1843 1603 1874 si
1619 1843 1753 1884 gravitas
1776 1853 1843 1874 non
1867 1850 1914 1874 est
1939 1842 2073 1881 infinita,
2089 1851 2194 1882 neque
2217 1841 2328 1881 utique
2344 1839 2462 1870 horum

1453 1898 1628 1928 corporum
1656 1888 1762 1919 ullum
1784 1888 1842 1919 erit
1868 1886 2047 1918 infinitum:
2072 1896 2200 1918 necesse
2231 1885 2318 1916 enirn
2346 1883 2462 1915 infiniti

1452 1933 1597 1973 corporis
1627 1932 1786 1964 infinitam
1814 1943 1882 1963 esse
1913 1939 1943 1963 et
1975 1931 2170 1973 gravitatem.
2200 1930 2324 1961 Eadem
2354 1936 2462 1960 autem

1453 1977 1534 2009 ratio
1550 1977 1609 2008 erit
1623 1984 1654 2008 et
1677 1977 1710 2008 in
1733 1977 1813 2008 levi:
1839 1977 1864 2007 si
1881 1977 1967 2008 enim
1990 1983 2038 2008 est
2060 1975 2182 2007 infinita
2202 1973 2346 2015 gravitas,
2363 1979 2410 2004 est
2433 1979 2463 2004 et

1453 2022 1574 2062 levitas,
1599 2022 1626 2052 si
1649 2021 1811 2053 infinitum
1835 2021 1874 2052 sit
1896 2021 1928 2052 id
1952 2021 2042 2063 quod
2065 2019 2270 2061 superfertur.

1385 2109 1401 2127 ¹*
1418 2111 1527 2143 Palam
1550 2118 1658 2143 autem
1673 2121 1711 2142 ex
1726 2111 1785 2143 his.
1804 2111 1850 2143 Sit
1870 2111 1956 2142 enim
1978 2110 2077 2150 finita,
2094 2117 2125 2142 et
2140 2116 2284 2142 sumatur
2301 2109 2463 2141 infinitum

1454 2156 1586 2198 quidem
1610 2167 1727 2197 corpus
1750 2156 1783 2188 in
1816 2166 1883 2198 quo
1907 2157 1981 2195 AB,
2004 2155 2140 2196 gravitas
2172 2162 2280 2186 autem
2307 2154 2408 2195 ipsius
2429 2154 2463 2185 in

1453 2211 1522 2242 quo
1546 2201 1585 2232 G.
1602 2201 1774 2232 Auferatur
1796 2200 1891 2241 igitur
1914 2202 1953 2231 ab
1977 2199 2102 2232 infinito
2123 2199 2212 2231 finita
2227 2198 2414 2240 magnitudo
2429 2199 2463 2230 in

1454 2256 1519 2286 qua
1541 2245 1619 2284 BD,
1644 2252 1675 2276 et
1697 2245 1831 2286 gravitas
1855 2245 1923 2277 eius
1954 2245 1993 2276 sit
2015 2245 2049 2276 in
2073 2255 2139 2286 quo
2169 2251 2216 2275 est
2238 2244 2276 2275 E.
2301 2244 2412 2284 Itaque
2434 2243 2461 2274 E

1455 2300 1494 2321 co
1519 2291 1609 2331 quod
1633 2289 1662 2321 G
1685 2290 1793 2321 minus
1817 2290 1891 2321 erit:
1916 2289 2049 2321 minoris
2073 2289 2160 2320 enim
2187 2288 2320 2329 gravitas
2344 2287 2460 2318 minor.

1454 2335 1618 2365 Mensuret
1640 2341 1749 2366 autem
1772 2334 1880 2365 minus
1909 2334 2192 2375 quotiescumque,
2217 2339 2248 2364 et
2271 2339 2307 2363 ut
2329 2332 2462 2373 gravitas

1454 2379 1562 2409 minor
1584 2379 1625 2409 ad
1652 2379 1826 2418 maiorem,
1849 2379 1904 2410 BD
1935 2379 1975 2409 ad
2005 2379 2056 2410 BZ
2087 2378 2159 2409 fiat:
2194 2377 2348 2417 contingit
2376 2377 2463 2407 enim

1456 2423 1572 2455 auferri
1588 2424 1627 2454 ab
1645 2423 1771 2454 infinito
1791 2430 2099 2465 quantumcumque.
2121 2422 2153 2453 Si
2167 2422 2264 2463 igitur
2281 2421 2462 2462 proportio-

1457 2468 1568 2499 naliter
1583 2468 1818 2509 magnitudines
1841 2467 2055 2508 gravitatibus,
2075 2467 2181 2498 minor
2204 2473 2311 2497 autem
2327 2463 2461 2506 gravitas

1457 2513 1591 2544 minoris
1615 2518 1662 2543 est
1676 2512 1914 2553 magnitudinis,
1939 2519 1970 2544 et
1993 2512 2096 2543 maior
2114 2511 2243 2542 maioris
2266 2510 2378 2552 utique
2395 2509 2461 2541 erit.

1454 2557 1607 2599 Aequalis
1629 2557 1726 2598 igitur
1749 2557 1807 2588 erit
1828 2556 1910 2588 finiti
1933 2563 1964 2588 et
1986 2556 2099 2588 infiniti
2123 2555 2267 2598 gravitas.

1389 2693 1504 2725 Adhuc
1523 2700 1643 2732 autem,
1659 2693 1686 2724 si
1701 2692 1831 2724 maioris
1849 2691 1993 2732 corporis
2009 2690 2112 2722 maior
2125 2690 2270 2731 gravitas,
2291 2690 2358 2721 eius
2375 2690 2464 2733 quod

1457 2745 1504 2770 est
1527 2739 1566 2769 113
1590 2738 1693 2769 maior
1715 2738 1774 2769 erit
1795 2737 1930 2778 gravitas
1953 2746 2053 2777 quam
2074 2735 2137 2767 ZB.
2162 2736 2269 2773 Quare
2292 2734 2372 2766 finiti
2395 2744 2463 2775 gra-

1456 2783 1536 2815 vitas
1561 2783 1619 2814 erit
1641 2782 1745 2813 maior
1767 2792 1866 2823 quam
1889 2780 2014 2811 infiniti.
2413 2814 2419 2820 ·

1389 2828 1432 2859 Et
1453 2827 1673 2869 inaequalium
1695 2826 1955 2868 magnitudinum
1979 2825 2091 2856 eadem
2113 2824 2247 2865 gravitas
2271 2824 2347 2855 erit:
2378 2823 2462 2854 inae-

1457 2872 1552 2914 quale
1576 2872 1662 2903 enim
1684 2863 1775 2903 finito
1798 2870 1970 2901 infinitum.

1389 2917 1407 2937 *
1428 2917 1517 2948 Nihil
1543 2923 1652 2947 autern
1681 2915 1783 2947 differt
1812 2915 1977 2956 gravitates
2010 2919 2281 2944 commensuratas
2310 2922 2377 2943 esse
2407 2917 2463 2942 aut

1455 2960 1773 2993 incommensuratas.
1798 2959 1927 2991 Etenim
1947 2968 2015 2989 non
2038 2957 2301 2988 commensuratis
2329 2955 2460 2987 existen-

1457 3007 1560 3045 tibus,
1590 3006 1702 3036 eadem
1733 3005 1790 3036 erit
1813 3004 1912 3042 ratio,
1943 3009 2022 3043 puta
2044 3002 2070 3032 si
2093 3002 2120 3032 E
2151 3001 2242 3032 tertio
2275 3010 2461 3031 mensurans

1457 3051 1578 3082 excedit
1601 3050 1631 3081 G
1653 3049 1848 3090 gravitatem.
1872 3046 2144 3087 Magnitudinibus
2172 3045 2259 3076 enim
2281 3045 2336 3076 BD
2361 3044 2460 3075 tn‘bus

1455 3096 1531 3127 totis
1547 3095 1695 3135 sumptis,
1712 3093 1815 3124 maior
1838 3092 1895 3123 erit
1917 3090 2050 3131 gravitas
2075 3100 2175 3131 quam
2191 3099 2273 3130 quae
2287 3089 2321 3119 in
2337 3098 2404 3130 quo
2419 3088 2459 3120 G.

1457 3141 1564 3178 Quare
1587 3140 1674 3170 idern
1697 3138 1754 3169 erit
1776 3135 1980 3178 impossibile.

1388 3185 1406 3204 *
1419 3185 1536 3216 Adhuc
1559 3191 1667 3215 autem
1683 3182 1778 3213 etiam
1794 3179 1948 3220 contingit
1963 3185 2234 3210 commensuratas
2250 3187 2386 3209 sumere.
2402 3177 2460 3208 Ni-

1455 3229 1498 3260 hi]
1525 3228 1612 3259 enim
1635 3227 1736 3258 differt
1758 3225 1896 3266 incipere
1913 3234 1931 3254 a
1949 3223 2099 3264 gravitate
2121 3229 2178 3254 aut
2192 3233 2211 3253 a
2225 3222 2460 3263 magnitudine;

1456 3280 1534 3314 puta
1558 3273 1583 3303 si
1607 3278 1751 3303 sumatur
1767 3275 2023 3300 commensurata
2037 3267 2171 3308 gravitas
2195 3267 2223 3298 ei
2244 3267 2334 3308 quod
2357 3273 2403 3298 est
2419 3265 2458 3306 G,

1456 3327 1539 3359 quae
1561 3317 1595 3347 in
1619 3326 1685 3357 quo
1709 3315 1752 3353 E,
1777 3320 1808 3344 et
1830 3314 1869 3344 ab
1891 3312 2016 3344 infinito
2037 3312 2197 3343 auferatur
2219 3311 2338 3342 habens
2361 3311 2460 3352 gravi-

1455 3369 1554 3393 tatem
1576 3361 1610 3391 in
1633 3370 1700 3401 quo
1716 3359 1755 3398 E,
1779 3365 1857 3399 puta
1878 3357 1954 3396 BD;
1978 3357 2103 3395 deinde,
2120 3363 2156 3387 ut
2178 3356 2313 3396 gravitas
2329 3356 2370 3386 ad
2388 3366 2457 3397 gra-

1455 3406 1597 3443 vitatem,
1620 3405 1677 3435 BD
1702 3403 1742 3434 ad
1764 3402 1860 3433 aliam
1874 3401 1929 3433 fiat
1951 3401 2216 3442 magnitudinem,
2233 3407 2311 3441 puta
2334 3400 2374 3430 ad
2389 3400 2458 3438 BZ;

1455 3449 1610 3489 contingit
1626 3448 1724 3486 enim,
1735 3447 1859 3478 infinita
1874 3446 2024 3478 existente
2040 3445 2271 3486 magnitudine,
2288 3451 2459 3485 quantum-

1455 3503 1594 3534 cumque
1613 3493 1755 3524 ablatum
1770 3501 1848 3523 esse.
1864 3491 1923 3522 His
1947 3491 2034 3522 enim
2053 3490 2204 3531 sumptis,
2222 3498 2459 3520 commensura-

1454 3546 1504 3570 tae
1528 3543 1620 3569 erunt
1642 3536 1877 3577 magnitudines
1901 3542 1932 3567 et
1954 3535 2119 3577 gravitates
2142 3534 2288 3565 invicem.

1386 3584 1404 3603 *
1421 3584 1489 3614 Nec
1511 3582 1622 3624 utique
1645 3580 1899 3622 magnitudinem
1921 3580 2187 3611 homoeomeram
2215 3589 2282 3609 esse
2305 3584 2361 3609 aut
2383 3587 2458 3607 ano-

1454 3636 1675 3658 moeomeram
1702 3625 1781 3656 nihil
1804 3624 1905 3656 differt
1928 3625 1967 3655 ad
1990 3623 2302 3655 demonstrationem.
2328 3622 2459 3662 Semper

2482 946 2514 966 44

2486 1402 2496 1411 '¹
2510 1401 2578 1423 Text.
2592 1407 2629 1430 45.

2487 1753 2497 1762 *
2512 1751 2580 1774 Text.
2595 1751 2635 1779 46.

2490 2919 2499 2929 ·
2513 2918 2581 2941 Text.
2598 2919 2638 2946 48.

2487 3185 2497 3195 '
2512 3184 2582 3207 Text.
2595 3191 2635 3213 49.

2486 3584 2495 3592 '
2511 3581 2578 3604 Text.
2592 3589 2629 3611 50.
