2782 4134
129 1471 138 1479 ‘
152 1469 187 1491 Cf.
199 1470 251 1491 1661.
262 1475 339 1497 praec.

128 1503 153 1518 n.
168 1497 189 1517 8.

126 1682 135 1690 '
146 1681 170 1702 in
184 1681 340 1708 generatione

127 1714 235 1756 eP'Num.
250 1740 298 1761 seq.

126 1787 137 1798 ⁸
153 1787 224 1809 Num.
240 1787 263 1808 6.

227 1889 243 1905 α

127 2532 137 2542 '
153 2531 196 2553 sed
209 2537 256 2553 om.
271 2538 308 2553 AB.

135 3268 143 3277 ·
158 3267 213 3294 quia
228 3273 277 3288 cum
292 3274 329 3289 111.

380 295 454 341 370

377 371 507 409 superius
522 372 726 409 congeletur.—
740 372 764 399 5.
777 371 945 399 Excluditur
959 371 1030 398 haec
1045 370 1160 398 solutio.
1177 370 1336 398 Particulae
1351 378 1444 405 aquae

377 412 551 449 congelatae,
567 418 667 448 utpote
683 411 822 446 duriores,
838 417 986 447 nequeunt
1001 410 1075 438 uniri
1097 411 1134 437 ad
1155 409 1318 451 faciendum
1334 408 1443 445 aliquid

377 461 524 489 magnum,
540 451 613 479 sicut
627 458 669 479 est
683 452 810 488 grando.
832 452 910 478 unde
931 456 1079 486 oporteret
1101 450 1180 485 quod
1195 455 1274 476 tanta
1289 447 1366 484 aqua
1380 457 1443 476 ma—

376 498 457 519 neret
477 501 591 519 sursum
619 491 648 519 in
676 500 757 526 aere,
780 497 889 527 quanta
916 496 958 517 est
985 489 1154 525 magnitudo
1176 487 1339 525 grandinis;
1362 489 1443 533 quod

376 531 489 559 videtur
510 530 698 567 impossibile.
715 547 733 551 -
747 531 774 558 6
790 529 954 558 Subdivisio
976 535 1108 556 textus.-
1125 528 1220 555 Causa
1239 527 1443 566 generationis

375 571 532 610 grandinis
553 571 710 598 secundum
733 570 895 607 opinionem
917 569 1052 596 aliorum.
1075 568 1150 595 Cum
1172 568 1264 595 nubes
1279 576 1312 595 ex
1334 577 1442 604 magno

376 611 471 639 calore
492 610 576 638 fuerit
596 610 720 646 impulsa
744 610 830 646 longe
851 618 868 636 a
888 615 963 636 terra
985 607 1014 635 in
1035 607 1215 643 superiorem
1240 607 1338 635 locum
1359 608 1442 636 valde

375 650 526 687 frigidum,
549 659 624 686 aqua
646 649 684 677 ibi
706 658 838 685 expressa
865 657 898 675 ex
929 648 1005 674 nube
1032 647 1201 684 congelatur
1226 654 1345 684 propter
1364 647 1442 684 frigi-

376 690 494 718 ditatem
516 690 579 724 loci,
595 696 622 717 et
643 689 674 716 fit
695 689 814 725 grando.
829 704 848 708 -
863 689 902 715 Ita
918 687 1004 715 etiam
1019 687 1160 723 explicant
1181 696 1271 723 quare
1290 687 1320 715 in
1335 694 1442 715 aestate

376 736 404 758 et
425 730 454 757 in
475 729 640 766 regionibus
661 728 758 756 calidis
780 727 934 764 grandines
956 726 1037 754 fiunt.
1058 743 1079 747 —
1100 736 1127 763 7.
1145 728 1332 764 Impugnatur
1349 727 1442 755 tribus

375 769 545 797 rationibus.
567 771 595 804 a)
617 769 764 801 Videmus,
781 773 881 794 contra
902 766 1079 803 praedictam
1101 766 1282 803 opinionem,
1303 767 1333 794 in
1355 777 1440 795 mon-

374 809 450 836 tibus
471 809 534 837 altis
555 818 615 836 non
637 807 696 835 fieri
717 806 880 844 grandines.
901 823 922 827 »-
943 807 970 834 8.
994 807 1022 842 b)
1044 807 1136 843 Saepe
1162 806 1239 835 visae
1261 813 1328 835 sunt
1349 808 1440 835 nubes

375 858 465 885 prope
480 855 584 876 terram
607 847 681 881 ferri,
704 853 731 874 et
752 846 838 874 simul
858 846 933 874 facta
954 852 996 874 est
1017 847 1108 874 multa
1128 847 1249 884 grando,
1265 846 1440 875 incredibilis

374 887 579 925 magnitudinis
601 894 628 914 et
656 887 763 923 figurae
784 895 845 914 non
873 887 1030 914 rotundae:
1058 887 1114 914 hoc
1135 893 1233 915 autem
1255 893 1298 914 est
1324 886 1439 923 signum

374 929 454 965 quod
476 926 636 964 congelatio
657 925 803 963 grandinis
824 926 898 954 facta
919 932 962 954 est
982 935 1074 962 prope
1094 932 1211 954 terram.
1234 943 1253 947 -
1274 935 1302 962 9.
1321 928 1348 962 c)
1363 927 1439 954 Cum

373 968 483 1004 grando
505 976 565 994 non
586 967 711 994 rotunda
732 965 768 993 sit
789 965 907 994 maioris
929 965 1111 1003 quantitatis,
1134 966 1205 994 haec
1226 966 1364 1002 supponit
1381 966 1438 994 for-

372 1007 475 1035 tiorem
497 1015 613 1034 causam
628 1005 846 1042 coagulationis.
869 1006 927 1033 Sed
947 1006 1028 1043 quod
1050 1006 1161 1043 grando
1178 1005 1214 1034 sit
1227 1015 1288 1033 non
1303 1007 1437 1040 rotunda,

372 1054 414 1075 est
435 1047 548 1083 signum
570 1046 649 1082 quod
676 1055 768 1082 prope
796 1052 902 1073 terram
930 1045 966 1074 sit
992 1046 1156 1083 congelata:
1180 1055 1262 1073 secus
1284 1045 1362 1073 enim
1384 1045 1438 1073 cir-

370 1095 554 1123 cumquaque
575 1092 649 1113 esset
670 1084 780 1120 attrita,
802 1092 921 1122 propter
942 1091 1055 1114 motum
1078 1095 1095 1114 a
1115 1085 1293 1122 longinquo,
1316 1091 1344 1113 et
1364 1092 1439 1113 esset

370 1126 455 1154 etiam
478 1125 675 1162 magnitudine
697 1125 802 1154 minor.
824 1126 902 1162 Ergo
921 1125 1084 1162 coagulatio
1105 1125 1252 1162 grandinis
1273 1134 1334 1153 non
1356 1125 1387 1153 fit
1408 1125 1438 1153 in

369 1167 436 1194 loco
456 1165 561 1202 frigido
590 1165 712 1193 multum
740 1171 855 1193 remoto
883 1175 901 1194 a
927 1171 1011 1193 terra.
1033 1182 1053 1186 —
1079 1174 1122 1193 10.
1144 1165 1323 1203 Assignatur
1350 1173 1438 1193 causa

368 1205 568 1245 generationis
587 1205 762 1244 grandinis:
784 1210 812 1233 et
832 1205 920 1233 simul
941 1205 1140 1233 excluduntur
1157 1205 1347 1243 difficultates
1363 1214 1436 1242 pro-

501 1326 553 1335 ,
633 1304 811 1345 ostquam
827 1296 1086 1344 Philosophus
1106 1295 1374 1333 determinavit
1389 1295 1436 1332 de

438 1369 445 1377 .
488 1343 518 1390 'xl'
541 1346 547 1351 Κ
587 1350 610 1394 Τ
633 1349 877 1398 generatione
895 1349 1062 1398 pluviae,
1085 1349 1180 1385 roris
1207 1356 1244 1385 et
1262 1348 1435 1397 pruinae,

578 1404 585 1418 ²
606 1404 618 1449 ἔ
632 1403 693 1440 1116
714 1402 843 1452 incipit
858 1402 1111 1440 determinare
1128 1402 1176 1439 de
1191 1401 1436 1450 generatione

519 1484 525 1496 2
577 1451 614 1483 δ”
633 1455 824 1505 grandinis
851 1455 883 1493 ²⁸.
919 1456 969 1492 Et
997 1455 1096 1492 circa
1123 1455 1199 1492 hoc
1227 1454 1296 1491 tria
1325 1454 1432 1491 facit:

367 1511 493 1560 primo
523 1509 689 1547 ostendit
715 1510 844 1546 locum
864 1508 1118 1556 generationis
1146 1507 1357 1556 grandinis;
1379 1520 1436 1544 se-

369 1564 495 1601 cundo
526 1571 725 1600 enumerat
753 1563 945 1611 quaedam
966 1562 1175 1599 accidentia
1200 1561 1298 1598 circa
1326 1573 1435 1609 gran-

369 1617 511 1663 dinem,
532 1629 630 1666 quae
651 1616 792 1652 faciunt
816 1615 1077 1652 difficultatem
1099 1615 1197 1652 circa
1225 1614 1436 1663 generatio-

367 1670 493 1707 nem*
511 1670 640 1718 ipsius,
665 1669 734 1706 ibi:
770 1669 922 1717 Oportet
947 1674 1073 1705 autem
1097 1667 1322 1716 accipere*
1346 1675 1435 1714 etc.;

366 1724 475 1761 tertio
504 1723 669 1771 assignat
697 1734 852 1759 causam
875 1721 1129 1770 generationis
1158 1722 1251 1769 eius,
1271 1721 1340 1758 ibi:
1361 1722 1437 1758 His

367 1778 516 1826 quidem
546 1777 663 1826 igitur
685 1775 705 1797 ’¹‘
735 1783 804 1812 etc.

419 1830 519 1867 Dicit
539 1842 627 1877 ergo
647 1829 773 1878 primo
789 1828 906 1887 quod,
923 1828 1009 1865 licet
1021 1840 1146 1877 vapor
1165 1827 1406 1876 congeletur'
1398 1839 1436 1864 1n

366 1885 441 1921 hoc
460 1883 627 1920 inferiori
646 1889 766 1919 3616οι
785 1881 912 1919 vicino
933 1888 1066 1928 terrae,
1087 1889 1217 1918 tamen
1237 1893 1337 1930 aqua
1357 1893 1436 1917 non

367 1937 586 1985 coagulatur
613 1935 673 1972 hic
702 1935 751 1972 ad
787 1934 1073 1983 generationem
1102 1934 1311 1983 grandinis,
1342 1933 1437 1971 sicut

368 1991 587 2038 coagulatur
606 1989 643 2026 in
662 1989 748 2025 loco
773 1988 946 2025 nubium.
977 1989 1035 2025 Ex
1058 1987 1120 2024 illo
1143 1988 1244 2025 enim
1265 1988 1351 2024 1060
1369 1999 1436 2024 ve-

368 2043 475 2080 niunt
502 2043 572 2079 tria
601 2054 763 2090 corpora
790 2041 990 2090 inspissata
1007 2048 1165 2090 propter
1193 2041 1436 2089 infrigidatio-

367 2109 469 2143 nem,
500 2095 639 2132 scilicet
666 2107 766 2144 aqua
785 2094 939 2143 pluviae
968 2102 1005 2131 et
1032 2094 1094 2131 nix
1115 2102 1151 2131 et
1169 2095 1327 2143 grando.
1359 2093 1436 2131 Sed

367 2150 518 2187 duobus
547 2150 686 2185 horum
715 2146 732 2176 Ρ
761 2160 968 2196 corporum
1003 2147 1193 2196 quaedam
1222 2147 1437 2197 proportio-

367 2203 466 2240 nalia
485 2202 582 2239 fiunt
609 2202 648 2238 in
677 2202 762 2238 loco
782 2200 950 2237 inferiori
968 2200 1096 2238 vicino
1117 2208 1248 2248 terrae,
1270 2213 1370 2250 quae
1391 2213 1435 2237 ex

368 2256 511 2294 eisdem
541 2254 663 2292 causis
691 2261 931 2302 generantur,
944 2253 1022 2305 'sed
1052 2253 1231 2291 differunt
1258 2266 1281 2291 a
1306 2253 1436 2303 pluvia

367 2317 404 2346 et
422 2309 510 2346 nive
540 2307 753 2345 secundum
783 2307 903 2355 magis
932 2315 968 2344 et
995 2306 1134 2354 minus,
1155 2315 1269 2356 prout
1296 2307 1437 2344 scilicet

367 2362 473 2399 citius
491 2362 554 2399 vel
573 2361 716 2398 tardius
735 2361 777 2398 fit
795 2361 1002 2409 generatio,
1023 2367 1060 2397 et
1078 2361 1290 2398 secundum
1310 2360 1436 2397 multi-

367 2416 538 2453 tudinem
567 2423 603 2452 et
630 2413 873 2464 paucitatem.
903 2413 980 2451 Nix
1000 2413 1101 2450 enim
1132 2421 1168 2450 et
1194 2413 1329 2462 pruina
1348 2426 1435 2462 pro-

366 2468 629 2518 portionaliter
648 2475 734 2505 sunt
762 2466 878 2514 idem,
900 2474 937 2504 et
956 2466 1125 2503 similiter
1143 2466 1275 2516 pluvia
1295 2474 1331 2503 et
1351 2479 1433 2504 ros:

368 2523 435 2559 sed
449 2522 469 2544 '¹‘
485 2521 662 2559 differunt
676 2521 887 2558 seeundum
902 2521 1066 2557 multum
1087 2527 1123 2556 et
1137 2532 1317 2569 paucum.
1335 2521 1436 2567 Quia

367 2575 498 2624 pluvia
517 2575 560 2611 fit
587 2587 633 2611 ex
662 2575 782 2611 multo
802 2585 950 2622 vapore
978 2572 1208 2620 infrigidato:
1237 2572 1350 2610 huius
1370 2586 1436 2610 au-

367 2636 446 2665 tem
480 2627 729 2664 multitudinis
767 2639 882 2664 causa
911 2633 966 2663 est
995 2634 1031 2662 et
1058 2626 1165 2662 locus
1202 2638 1365 2674 magnus
1401 2634 1437 2663 et

369 2681 567 2730 spatiosus,
593 2687 629 2717 et
656 2681 820 2717 multum
848 2687 1000 2728 tempus
1029 2678 1067 2715 in
1095 2691 1173 2727 quo
1191 2691 1317 2728 vapor
1344 2679 1436 2716 adu-

369 2742 479 2771 natur
499 2741 535 2770 et
554 2733 749 2781 colligitur,
772 2741 809 2770 et
827 2733 970 2769 multus
990 2732 1104 2769 etiam
1124 2733 1231 2769 locus
1250 2738 1264 2760 ⁷
1293 2745 1338 2769 ex
1359 2745 1435 2782 quo

370 2787 574 2835 colligitur;
604 2787 692 2836 quia
714 2786 816 2824 enim
845 2786 884 2823 in
912 2786 987 2822 alto
1016 2792 1244 2833 generantur
1270 2785 1435 2835 pluviae,

370 2853 414 2878 ex
434 2840 560 2877 multis
588 2839 757 2888 partibus
785 2839 871 2876 illuc
901 2846 1131 2876 concurrunt
1148 2851 1326 2888 vapores.
1357 2840 1437 2876 Ros

369 2901 498 2931 autem
526 2894 642 2930 habet
669 2905 837 2942 paucum
867 2892 914 2930 de
939 2904 1098 2941 vapore,
1119 2892 1208 2940 quia
1227 2899 1379 2941 tempus
1400 2892 1438 2929 in

369 2960 446 2996 quo
468 2946 651 2994 colligitur
670 2954 725 2983 est
743 2957 912 2995 paucum
933 2945 1196 2992 (consistentia
1216 2945 1319 2982 enim
1339 2945 1436 2982 illius

368 3000 524 3049 vaporis
554 3007 608 3037 est
627 3001 856 3048 ephemeros,
886 2999 982 3036 idest
1009 2998 1121 3035 unius
1151 2998 1252 3045 diei),
1275 3006 1311 3035 et
1330 2999 1437 3036 locus

370 3054 409 3090 in
428 3066 504 3103 quo
535 3061 784 3101 congregatur
811 3065 954 3102 parvus
984 3059 1050 3098 est,
1072 3051 1159 3102 quia
1189 3060 1439 3100 congregatur

370 3106 407 3143 in
435 3107 652 3156 propinquo
687 3114 828 3143 terrae:
860 3113 896 3143 et
922 3106 997 3143 1106
1026 3105 1271 3142 manifestum
1301 3105 1343 3142 fit
1371 3118 1440 3154 per

369 3160 443 3196 hoc
472 3160 576 3209 quod
605 3159 797 3208 generatio
827 3159 923 3196 roris
952 3167 1008 3196 est
1025 3159 1150 3206 velox,
1178 3166 1215 3195 et
1234 3158 1437 3196 multitudo

372 3213 451 3250 eius
467 3221 522 3250 est
540 3226 670 3262 parva.
693 3214 741 3250 Et
757 3213 851 3250 sicut
871 3225 910 3249 se
930 3213 1047 3249 habet
1066 3212 1113 3249 de
1134 3224 1219 3248 rore
1241 3220 1278 3249 et
1295 3212 1439 3260 pluvia,

371 3265 419 3302 ita
448 3279 487 3303 se
515 3267 631 3303 habet
659 3267 706 3304 de
736 3266 824 3303 nive
854 3274 890 3303 et
922 3266 1079 3314 pruina:
1110 3265 1265 3313 quando
1301 3265 1401 3302 enim
1420 3265 1440 3287 '¹‘

425 3397 452 3429 α)
473 3397 498 3421 in
519 3397 566 3422 hoc
591 3397 713 3430 inferiori
735 3404 806 3422 aere.
823 3411 843 3417 -
862 3397 887 3422 in
907 3397 956 3422 hoc
974 3404 1037 3422 aere
1055 3397 1102 3422 Pa.
1121 3410 1140 3417 —-
1158 3397 1272 3422 Eaedem
1298 3405 1346 3430 pro
1370 3397 1439 3422 sicut

371 3432 537 3464 coagulatur,
557 3432 624 3457 sicut
642 3433 829 3465 coagulantur.

426 3465 451 3499 β)
472 3467 572 3491 duobus
591 3467 694 3492 horum.
712 3481 731 3487 —
750 3467 802 3492 duo
824 3468 919 3492 horum
939 3468 992 3493 ΑΒ.
1010 3482 1029 3487 -
1048 3467 1128 3492 Iidem
1148 3473 1209 3501 post
1227 3475 1306 3492 unam
1332 3467 1376 3492 lin.
1391 3475 1438 3501 pro

371 3505 544 3535 generantur,
563 3505 702 3535 generant.

425 3537 452 3570 γ)
472 3537 497 3561 in
518 3544 569 3569 quo
588 3544 672 3569 vapor
690 3538 828 3562 adunatur
846 3541 872 3563 et
890 3538 1042 3571 colligitur,
1062 3541 1088 3563 et
1108 3539 1206 3563 multus
1225 3538 1306 3563 etiam
1326 3539 1406 3564 locus.
1419 3552 1439 3558 -

373 3572 399 3597 in
419 3579 471 3604 quo
485 3572 622 3596 adunatur
635 3573 778 3605 colligitur,
794 3576 820 3597 et
834 3573 925 3603 (etiam
940 3574 970 3606 B)
986 3574 1084 3598 multus
1099 3574 1171 3599 locus
1185 3574 1239 3599 ΑΒ.
1251 3587 1270 3592 -
1284 3573 1363 3599 lidem
1378 3579 1439 3607 post

372 3615 452 3632 unam
472 3607 580 3638 lineam,
606 3615 653 3640 pro
678 3608 767 3632 multis
787 3608 911 3639 partibus
934 3608 1030 3633 habent
1055 3609 1168 3634 diversis
1186 3609 1328 3641 partibus‚·
1347 3614 1372 3634 et
1390 3616 1438 3642 pro

374 3643 428 3668 Ros
447 3646 543 3672 autem,
564 3643 619 3667 Sed
637 3650 690 3667 ros.

1089 289 1679 329 METEOROLOGICORUM
1707 290 1801 326 LIB.
1833 291 1846 326 I

1494 368 1608 405 positae
1631 377 1678 396 nn.
1695 375 1712 395 2
1727 373 1755 396 et
1772 366 1806 396 3.
1830 368 1962 396 Calidum
1986 375 2013 396 et
2034 367 2170 405 frigidum
2191 378 2243 397 sua
2264 369 2465 398 contrarietate
2480 378 2510 398 se
2525 369 2570 398 in-

1498 407 1590 435 vicem
1611 407 1799 436 circumstant
1812 414 1840 436 et
1853 415 2019 445 aggregant,
2035 415 2063 436 et
2084 408 2187 437 exinde
2200 409 2303 437 fortius
2321 417 2488 446 operantur.
2504 411 2570 438 Hoc
2620 446 2622 448 ι

1498 453 1605 482 autem,
1621 448 1702 484 quod
1723 454 1765 476 est
1786 448 1971 476 manifestum
1993 448 2024 476 in
2045 454 2128 483 terra,
2150 449 2313 485 putandum
2335 455 2378 478 est
2398 449 2459 477 fieri
2480 449 2568 478 etiam

1498 486 1527 515 in
1551 487 1695 524 superiori
1715 487 1791 516 loco.
1814 489 1881 516 Non
1902 497 1981 525 ergo,
2003 488 2076 516 sicut
2096 489 2284 526 Anaxagoras
2305 488 2375 517 dixit
2396 489 2448 524 (cf.
2470 498 2499 517 n.
2515 490 2568 525 6),

1497 527 1568 555 dum
1589 536 1680 564 vapor
1700 527 1830 556 ascendit
1858 527 1889 555 in
1917 537 2014 556 aerem
2035 528 2118 556 valde
2141 527 2292 565 frigidum3
2315 529 2367 556 sed
2387 537 2404 556 e
2425 537 2567 557 converso

1497 567 1616 604 quando
1632 567 1661 595 in
1676 576 1772 595 aerem
1796 567 1921 596 calidum
1943 568 2099 602 descendit,
2122 574 2191 596 tunc
2206 577 2239 596 ex
2254 568 2348 596 calido
2364 568 2568 597 circumstante

1497 613 1525 635 et
1546 613 1739 644 congregante
1767 607 1921 644 frigidum,
1944 614 1972 636 et
1993 608 2066 636 fiunt
2087 617 2209 645 magnae
2237 614 2334 645 guttae
2355 608 2518 644 pluviarum
2540 615 2568 636 et

1496 646 1655 682 violentae,
1678 654 1706 675 et
1732 647 1866 682 ulterius,
1890 657 1924 676 ex
1945 647 2154 675 vehementiori
2181 647 2285 675 virtute
2312 647 2426 685 frigoris
2453 647 2567 683 inclusi,

1495 687 1664 724 congelatur
1684 695 1761 724 aqua
1782 693 1811 715 et
1831 687 1863 716 fit
1883 688 2005 724 grando.
2028 689 2064 715 Et
2085 687 2126 715 sic
2144 693 2223 724 patet
2237 687 2344 716 solutio
2358 687 2469 724 primae
2489 686 2567 716 diffi-

1495 727 1617 755 cultatis.
1631 743 1652 748 —
1669 736 1713 755 11.
1736 727 1863 755 Solvitur
1883 728 2011 755 secunda
2033 725 2196 762 difficultas,
2218 727 2325 755 scilicet
2347 728 2427 764 quod
2442 736 2503 755 non
2525 734 2568 756 est

1495 767 1564 795 dare
1585 773 1700 803 tempus
1721 766 1751 794 in
1772 776 1832 804 quo
1854 776 1931 804 aqua
1958 768 2126 804 congeletur
2147 767 2177 795 in
2197 767 2380 804 grandinem.
2410 767 2566 795 Generatio

1493 806 1642 844 grandinis
1663 806 1774 842 accidit,
1797 807 1916 843 quando
1937 807 2100 844 congelatio
2119 816 2220 844 aquae,
2236 813 2356 844 propter
2369 806 2503 835 virtutem
2518 807 2567 835 fn·-

1494 846 1572 891 goris
1593 846 1781 881 vehementis,
1795 846 1827 874 fit
1840 846 1870 874 in
1885 846 1991 875 minori
2012 854 2145 884 tempore
2166 856 2255 884 quam
2278 853 2375 875 motus
2393 855 2488 884 aquae
2501 847 2566 883 plu-

1494 886 1557 914 viae
1578 887 1725 914 deorsum.
1749 886 1919 914 Ostenditur
1940 887 2021 923 quod
2042 887 2099 915 hoc
2117 887 2152 915 sit
2166 886 2312 924 possibile.
2326 903 2346 908 —
2364 894 2408 916 12.
2425 887 2472 915 De
2494 891 2566 915 tem-

1490 935 1566 963 pore
1590 925 1793 970 generationis
1818 926 1986 964 grandinis.
2014 926 2111 954 Minus
2133 927 2208 955 cadit
2232 926 2263 954 in
2289 933 2396 954 aestate
2424 935 2514 963 quam
2535 926 2566 954 in

1493 974 1559 993 vere
1581 971 1608 993 et
1622 965 1652 992 in
1666 972 1819 1000 autumno,
1842 965 1911 1002 quia
1931 965 1962 994 in
1982 973 2089 995 aestate
2110 976 2172 995 non
2193 972 2236 995 est
2249 973 2330 995 tanta
2351 966 2436 1003 copia
2449 965 2567 1003 vaporis

1494 1004 1615 1039 humidi,
1637 1005 1702 1033 licet
1716 1005 1752 1033 sit
1767 1004 1861 1033 maior
1881 1005 1970 1033 calor.
1991 1007 2034 1034 Ex
2048 1005 2184 1043 opposita
2198 1013 2296 1035 autem
2310 1015 2407 1041 631153,
2429 1006 2521 1043 magis
2535 1005 2566 1034 in

1492 1051 1600 1072 aestate
1622 1044 1698 1073 cadit
1719 1053 1807 1081 quam
1828 1044 1859 1072 in
1879 1044 1984 1073 hieme.
1999 1062 2020 1067 -
2038 1046 2081 1073 13.
2104 1045 2191 1074 Aliud
2212 1046 2364 1074 conferens
2377 1046 2416 1074 ad
2437 1046 2567 1075 celerita-

1492 1091 1551 1112 tem
1565 1084 1760 1121 generationis
1778 1084 1935 1121 grandinis.
1958 1086 2043 1122 Aqua
2057 1094 2133 1122 quae
2155 1085 2344 1123 congeletur'
2337 1095 2367 1113 m
2381 1085 2566 1123 grandinem,

1492 1124 1571 1161 prius
1592 1124 1645 1153 fuit
1660 1124 1795 1152 calefacta
1815 1133 1850 1152 ex
1870 1124 2014 1153 caliditate
2028 1124 2169 1161 temporis
2187 1131 2215 1153 et
2235 1134 2270 1153 ex
2291 1125 2387 1153 calore
2408 1125 2496 1154 etiam
2515 1135 2566 1155 va-

1492 1174 1612 1201 porum:
1634 1173 1740 1201 aquam
1767 1170 1865 1192 autem
1886 1164 2124 1201 praecalefactam
2146 1164 2230 1193 citius
2255 1164 2430 1202 infrigidari,
2453 1171 2567 1195 constat

1492 1204 1605 1232 ratione
1626 1210 1655 1232 et
1676 1203 1860 1240 experientia.

1491 1302 1570 1332 tota
1589 1296 1711 1332 nubes
1731 1296 1963 1343 congelatur,
1985 1296 2028 1332 fit
2046 1295 2127 1343 nix;
2149 1296 2304 1345 quando
2319 1309 2415 1334 vero
2430 1295 2566 1346 aliquis

1490 1361 1634 1397 parvus
1667 1361 1792 1398 vapor
1830 1349 1929 1386 circa
1956 1357 2096 1386 terram
2126 1350 2364 1398 congelatur,
2394 1357 2486 1388 tunc
2521 1350 2565 1388 fit

1489 1402 1637 1451 pruina.
1663 1403 1713 1439 Et
1731 1402 1819 1439 ideo
1838 1410 2046 1451 utrumque
2067 1414 2205 1440 eorum
2224 1410 2280 1440 est
2298 1403 2450 1451 signum
2466 1410 2565 1441 tem-

1490 1455 1594 1504 poris
1618 1462 1683 1492 aut
1702 1455 1864 1503 regionis
1894 1455 2067 1504 frigidae:
2095 1455 2185 1505 quia
2204 1468 2294 1494 cum
2322 1456 2360 1494 in
2379 1456 2400 1478 *
2417 1468 2564 1506 vapore
2591 1468 2601 1478 ·

1491 1516 1528 1545 et
1555 1509 1659 1545 nube
1687 1509 1813 1546 adhuc
1841 1508 1888 1546 sit
1915 1509 2056 1557 aliquid
2077 1509 2124 1546 de
2154 1509 2352 1557 caliditate,
2373 1521 2454 1548 non
2472 1521 2563 1554 oon-

1490 1562 1678 1610 gelaretur
1705 1562 1776 1599 nisi
1805 1570 1904 1599 esset
1931 1574 2116 1610 magnum
2145 1562 2261 1610 frigus
2289 1563 2564 1612 supervineens

1491 1614 1721 1652 caliditatem
1749 1615 1873 1664 ipsam
1894 1613 1925 1660 ὃ;
1955 1615 2045 1663 quia
2064 1615 2103 1653 in
2122 1617 2224 1653 nube
2244 1616 2370 1653 adhuc
2398 1617 2563 1655 multum

1492 1668 1688 1705 residuum
1718 1676 1774 1705 est
1801 1668 1849 1705 de
1878 1669 2004 1706 calore
2045 1669 2110 1718 qui
2138 1669 2225 1706 fecit
2253 1681 2466 1719 evaporare
2491 1670 2564 1708 hue

1491 1722 1640 1759 midum
1666 1734 1834 1770 aqueum
1864 1734 1886 1758 a
1913 1729 2024 1767 terra,
2045 1721 2083 1759 in
2102 1734 2249 1771 vapore
2277 1730 2407 1760 autem
2436 1722 2564 1764 adhuc

1491 1775 1623 1824 magis.
1647 1774 1709 1812 Sic
1731 1787 1832 1823 ergo,
1853 1774 1949 1812 sicut
1967 1774 2099 1824 pluvia
2118 1783 2155 1812 et
2174 1775 2235 1812 nix
2255 1775 2353 1813 fiunt
2371 1775 2561 1825 superius,

1490 1828 1540 1865 ita
1560 1841 1622 1865 ros
1642 1836 1679 1865 et
1693 1827 1830 1876 pruina
1849 1827 2016 1865 inferius.
2039 1828 2117 1865 Sed
2131 1835 2273 1875 tamen,
2290 1828 2377 1866 licet
2395 1828 2563 1877 grando'

1490 1882 1558 1918 fiat
1585 1881 1772 1930 superius,
1793 1893 1872 1918 non
1893 1881 2074 1918 convenit
2102 1881 2135 1918 ei
2163 1881 2451 1931 proportionale
2469 1881 2563 1920 infe-

1491 1935 1585 1972 rius:
1617 1943 1652 1972 et
1670 1934 1783 1972 huius
1812 1946 1927 1972 causa
1956 1934 2025 1971 erit
2047 1934 2260 1982 manifesta,
2282 1947 2372 1972 cum
2393 1935 2564 1985 exposita

1491 1988 1601 2025 fuerit
1629 1999 1743 2025 causa
1771 1987 2026 2036 generationis
2054 1987 2258 2036 grandinis.

1546 2053 1581 2079 2.
1594 2041 1744 2078 Deinde
1761 2053 1850 2078 cum
1865 2040 1968 2078 dicit:
1990 2041 2144 2089 Oportet
2155 2046 2281 2078 autem
2295 2041 2469 2090 accipere
2477 2049 2562 2090 etc„

1490 2095 1671 2144 proponit
1698 2094 1890 2144 quaedam
1910 2094 2120 2132 accidentia
2148 2106 2246 2144 quae
2265 2094 2444 2133 accidunt
2462 2093 2562 2135 eirca

1490 2148 1727 2197 grandinem,
1755 2155 1792 2184 et
1820 2147 1960 2184 faciunt
1988 2147 2250 2185 difficultatem
2280 2147 2379 2185 circa
2406 2159 2563 2196 genera-

1490 2202 1635 2238 tionem
1655 2201 1784 2250 ipsius.
1815 2201 1863 2238 Et
1887 2201 2069 2250 proponit
2088 2201 2184 2238 duas
2204 2201 2443 2239 difficultates
2460 2200 2562 2239 circa

1490 2254 1777 2304 generationem
1810 2253 2004 2302 grandinis
2031 2254 2072 2291 *ε
2106 2254 2317 2292 secundam
2353 2253 2462 2304 ponit
2488 2252 2562 2292 ibix
2588 2262 2600 2275 ⁸

1490 2308 1764 2346 Inconveniens
1792 2313 1918 2345 autem
1938 2306 1958 2329 *
1982 2315 2051 2344 616.

1542 2361 1643 2399 Dicit
1680 2373 1770 2409 ergo
1807 2360 1934 2410 primo
1972 2360 2078 2410 quod
2115 2367 2267 2410 oportet
2307 2360 2480 2410 accipere
2517 2372 2565 2400 ea

1490 2427 1590 2464 quae
1618 2414 1795 2452 accidunt
1815 2414 1914 2451 circa
1931 2413 2215 2462 generationem
2234 2413 2438 2462 grandinis,
2462 2425 2563 2464 quae

1490 2475 1671 2517 putantur
1699 2479 1782 2504 esse
1811 2467 2062 2514 rationabilia,
2093 2474 2130 2504 et
2157 2479 2235 2504 non
2264 2474 2352 2504 sunt
2379 2467 2491 2508 falsa.
2514 2467 2564 2504 Et

1490 2520 1616 2570 primo
1635 2519 1817 2569 proponit
1845 2519 1951 2568 quod
1979 2519 2126 2568 grando
2155 2527 2211 2556 est
2239 2519 2334 2556 sicut
2361 2519 2563 2570 crystallus

1490 2573 1660 2623 quidam,
1677 2573 1773 2611 idest
1797 2585 1897 2622 aqua
1915 2573 2167 2610 vehementer
2186 2573 2399 2621 congelata:
2420 2580 2458 2611 61
2473 2585 2563 2624 pro—

1490 2626 1598 2676 ponit
1625 2626 1761 2663 iterum
1797 2625 1903 2675 quod
1931 2638 2031 2675 aqua
2060 2625 2228 2663 maxime
2266 2626 2487 2674 congelatur
2523 2625 2564 2664 in

1490 2680 1642 2717 hieme:
1679 2692 1724 2716 ex
1762 2679 1902 2727 quibus
1938 2679 2090 2716 videtur
2127 2679 2235 2728 sequi
2273 2679 2378 2728 quod
2415 2678 2562 2728 grando

1491 2733 1656 2770 maxime
1685 2733 1752 2769 fiat
1770 2732 1790 2754 '¹‘
1817 2732 1856 2769 in
1884 2732 2023 2769 hieme.
2056 2732 2134 2770 Sed
2158 2733 2389 2770 contrarium
2412 2732 2565 2771 videtur
2588 2743 2600 2756 ·

1492 2786 1680 2823 accidere:
1710 2785 1799 2834 quia
1824 2786 2028 2834 grandines
2047 2785 2213 2823 maxime
2242 2785 2340 2823 fiunt
2358 2785 2398 2823 in
2414 2797 2507 2823 vere
2526 2794 2564 2824 et
2612 2806 2619 2813 ·

1491 2839 1529 2877 in
1558 2847 1766 2885 autumno;
1797 2847 1834 2876 et
1861 2845 1948 2888 post
1975 2839 2051 2876 hoc
2074 2838 2103 2886 ζ,
2133 2845 2309 2888 tempore
2347 2839 2562 2889 fructuum,

1492 2892 1588 2930 idest
1615 2892 1654 2930 in
1682 2899 1823 2929 aestate
1845 2899 1881 2929 et
1901 2891 1998 2929 circa
2017 2891 2247 2942 principium
2276 2891 2465 2939 autumni3
2493 2891 2564 2930 mi-

1492 2959 1564 2983 nus
1579 2954 1709 2983 autem
1724 2945 1763 2982 in
1782 2945 1923 2993 hieme,
1941 2953 1977 2982 et
1995 2953 2085 2983 tunc
2103 2945 2261 2994 quando
2282 2945 2391 2983 fuerit
2406 2945 2564 2984 minus*
2590 2957 2600 2967 ·

1493 2999 1607 3047 frigus
1627 2998 1775 3036 hiemis.
1806 3000 1854 3036 Et
1881 2998 2145 3036 universaliter
2172 2998 2375 3047 grandines
2402 2998 2500 3036 fiunt
2524 2998 2564 3036 in

1493 3052 1585 3089 locis
1614 3052 1735 3100 magis
1763 3052 2006 3101 temperatis:
2036 3052 2143 3089 nives
2171 3060 2301 3090 autem
2330 3051 2369 3090 in
2402 3051 2565 3101 frigidio-

1494 3106 1597 3143 ribus
1612 3105 1632 3127 *
1651 3105 1743 3143 locis
1764 3113 1799 3142 61
1818 3105 2068 3155 temporibus.
2097 3104 2213 3145 Unde
2234 3113 2270 3143 et
2289 3104 2505 3156 grandines,
2524 3105 2566 3144 in
2590 3114 2603 3127 ⁸

1494 3159 1632 3208 quibus
1661 3166 1819 3208 apparet
1838 3159 1962 3196 maior
1990 3158 2215 3207 congelatio,
2236 3158 2357 3207 magis
2382 3158 2566 3199 deberent

1495 3212 1577 3249 fieri
1606 3212 1698 3249 locis
1728 3220 1765 3249 et
1791 3212 2030 3261 temporibus
2059 3212 2211 3260 frigidis.

1551 3267 1585 3303 3.
1607 3265 1757 3303 Deinde
1787 3278 1874 3302 curn
1897 3265 2005 3303 dicit:
2034 3265 2308 3303 Inconveniens
2327 3270 2453 3303 autem
2474 3272 2564 3312 616.,

1547 3395 1572 3428 δ)
1586 3397 1775 3428 supervincens
1788 3396 1953 3422 caIiditatem
1968 3396 2094 3428 ipsam.-
2106 3396 2294 3429 superueniens
2308 3396 2474 3422 caliditatem
2482 3403 2566 3430 prae-

1494 3432 1593 3457 dictam
1608 3432 1661 3457 AB.
1674 3445 1694 3451 -
1712 3432 1750 3456 Pa
1769 3439 1822 3457 om.
1841 3432 1946 3461 adhuc,·
1965 3436 1990 3456 et
2005 3439 2053 3465 pro
2072 3431 2119 3464 qui
2131 3431 2200 3466 fecit
2220 3432 2310 3465 legunt
2327 3431 2374 3464 qui
2386 3432 2468 3467 facit.

1548 3467 1570 3499 ε)
1591 3467 1646 3492 Sed
1664 3470 1767 3497 tamen,
1787 3467 1849 3492 licet
1866 3467 1984 3500 grando.
2001 3480 2021 3487 -
2039 3467 2095 3492 Sed
2111 3467 2220 3502 grando
2238 3467 2297 3499 AB,
2318 3468 2373 3492 sine
2392 3471 2529 3493 structura.
2549 3480 2564 3487 -

1494 3503 1573 3527 Iidem
1594 3503 1617 3527 in
1633 3501 1676 3527 fin.
1692 3510 1765 3527 num.
1779 3510 1833 3527 om.
1847 3502 2032 3536 grandinisoe
2013 3502 2117 3527 -Initio
2135 3510 2208 3528 num.
2222 3503 2356 3536 sequentis
2370 3502 2496 3528 editiones
2509 3508 2565 3528 om.

1495 3538 1599 3563 Deinde
1617 3545 1676 3563 cum
1701 3538 1779 3567 dicit,
1799 3543 1825 3563 et
1843 3545 1903 3563 cum
1922 3538 2008 3563 verbis
2027 3538 2159 3570 proponit
2175 3539 2308 3571 quaedam
2327 3538 2453 3572 incipiunt
2476 3537 2566 3563 lectio-

1494 3581 1555 3598 nem
1573 3573 1747 3604 xv;cf.1ect.
1761 3581 1847 3606 praec.
1866 3578 1919 3599 not.
1934 3573 1980 3598 ult.

1546 3608 1571 3640 ζ)
1591 3612 1617 3634 et
1630 3612 1695 3641 post
1713 3609 1770 3634 hoc.
1788 3623 1807 3627 —
1825 3611 1851 3634 et
1865 3608 1957 3640 primo
1975 3608 2024 3634 hoc
2041 3608 2086 3633 AB
2106 3608 2155 3640 (po
2173 3616 2221 3641 pro
2234 3609 2294 3642 p9),
2313 3611 2340 3634 et
2355 3607 2445 3641 primo
2464 3607 2491 3634 in
2511 3607 2564 3637 Pa,-

1493 3644 1524 3669 cf.
1543 3649 1650 3669 textum.
1668 3658 1687 3663 -
1707 3644 1768 3670 Post
1786 3651 1866 3669 unam
1885 3644 1930 3669 lin.
1949 3644 1969 3668 B
1989 3651 2043 3668 om.
2061 3646 2088 3669 et
2107 3646 2179 3670 tunc.
