2782 4134
56 480 67 490 ·
78 476 219 507 principium
232 482 253 497 ι».

56 532 66 542 ·
80 531 119 554 ef.
133 531 186 553 lect.
202 535 267 556 xxvi,

56 564 80 581 n.
89 564 110 580 2.

20 986 27 995 ρ
59 955 72 966 ·
85 954 165 977 euadit
176 960 198 977 Ρ.

10 2803 36 2850 ς-
77 2816 140 2872 :¹25-
154 2817 207 2840 lect.
223 2823 287 2844 xxvr,

0 3567 14 3767 ..tvm-'wamma‘
0 3516 11 3558 --π-»ς
0 3478 3 3483 ’
7 3468 11 3472 .
0 3446 12 3461 :2
0 3362 18 3401 κζ)
0 3335 13 3355 tp.
6 3322 9 3326 -
2 3301 12 3313 iv

25 1321 36 1322 ⁷
87 1271 236 1303 ‘mam
262 1332 277 1352 -;
305 1318 527 1356 Aristoteles
546 1318 586 1355 in
605 1319 655 1355 III
683 1317 832 1366 Pizysic.
854 1317 874 1337 *
903 1316 1095 1365 improbat
1119 1316 1219 1352 hanc
1243 1314 1376 1352 defini-

1101 278 1213 315 CAP.
1243 278 1333 324 XII,
1364 276 1517 314 LECT.
1547 276 1675 313 XXIX

295 361 428 398 deatur
456 359 616 408 qualiter
644 360 739 396 haec
772 357 911 408 positio
944 357 1183 406 improbetur
1210 367 1279 405 per
1307 368 1363 393 ra-

293 414 417 451 tiones
445 413 668 450 Aristotelis.

352 468 386 504 3.
408 466 585 504 Resumit
613 473 742 503 autem
769 476 891 501 unum
915 462 1191 512 principiorum
1210 463 1230 484 '¹‘
1259 462 1365 499 dato-

295 533 383 558 rum
399 521 431 567 *,
453 532 499 557 ex
519 520 624 557 cuius
645 516 906 567 suppositione
926 516 1261 564 argumentabatur
1276 513 1289 536 δ
1318 515 1366 552 ad

295 573 536 624 propositum
575 570 875 610 ostendendum:
912 577 949 606 et
977 569 1065 606 dicit
1094 569 1199 617 quod
1237 568 1367 606 omnia

297 626 477 664 habentia
495 626 663 675 aliquam
677 624 872 670 virtutem,
882 630 1044 672 possunt
1062 622 1186 659 facere
1199 622 1263 659 vel
1277 621 1366 670 pati,

297 681 362 718 vel
382 692 465 718 esse
482 680 546 717 vel
565 691 644 716 non
664 690 745 725 esse
766 689 812 714 ea
827 688 993 725 quorum
1013 675 1158 713 habent
1175 675 1367 721 virtutem,

297 735 361 771 vel
388 733 427 770 in
453 739 628 781 tempore
655 730 804 768 infinito
833 730 896 767 vel
924 729 963 766 in
995 730 1166 778 quodam
1194 735 1369 776 tempore

300 786 572 824 determinatae
602 783 842 833 quantitatis,
872 782 978 832 quod
1007 782 1053 819 sit
1080 781 1299 831 simpliciter
1326 781 1369 817 fi-

300 840 423 877 nitum
442 845 464 876 ⁸.
481 859 506 866 -
521 839 571 875 Et
598 837 687 886 quia
715 849 830 885 supra
858 848 938 873 non
965 836 1104 873 fecerat
1132 834 1370 872 mentionem

300 893 407 941 quod
441 892 561 929 virtus
598 890 787 928 diceretur
820 890 892 927 nisi
929 897 1104 938 respectu
1133 887 1372 926 determinati

300 945 496 994 temporis,
517 943 710 992 subiungit
728 944 747 964 '¹‘
775 944 881 992 quod
907 950 1064 992 propter
1091 943 1166 980 hoc
1194 941 1373 979 habentia

300 998 482 1036 virtutem
509 1005 671 1047 possunt
699 997 826 1045 aliqua
851 997 976 1033 facere
994 997 1058 1033 vel
1087 1008 1170 1033 esse
1197 1003 1371 1044 tempore

302 1052 470 1099 infinito,
499 1050 589 1100 quia
617 1050 732 1087 etiam
760 1050 888 1099 ipsum
916 1057 1068 1098 tempus
1096 1048 1287 1086 infinitum
1317 1055 1372 1084 est

303 1105 512 1154 aliqualiter
549 1103 866 1151 determinatum,
895 1103 1037 1140 scilicet
1074 1103 1287 1140 secundum
1316 1113 1372 1138 ra-

302 1158 471 1205 tionem,
499 1165 542 1195 ut
569 1170 649 1195 non
675 1157 796 1206 possit
823 1156 937 1194 ineo
967 1156 1165 1193 diversitas
1192 1154 1373 1193 inveniri:

304 1211 554 1261 quia-scilicet
580 1210 769 1248 infinitum
790 1218 847 1247 est
864 1210 970 1247 cuius
998 1222 1073 1246 non
1093 1215 1148 1246 est
1158 1209 1258 1257 plus,
1278 1207 1375 1245 idest

305 1277 382 1315 quo
412 1277 492 1302 non
519 1272 646 1314 potest
665 1265 685 1285 ³¹²
714 1263 838 1301 maius
862 1263 994 1312 accipi.
1022 1263 1108 1300 Nec
1127 1263 1252 1299 obstat
1269 1260 1376 1309 quod

306 1372 451 1409 tionem
471 1371 618 1419 infiniti,
640 1370 770 1408 dicens
790 1382 877 1407 eam
895 1369 1016 1417 magis
1036 1369 1056 1389 *
1086 1381 1168 1406 esse
1189 1367 1376 1406 definitio-

307 1437 398 1463 nem
425 1425 582 1474 perfecti
610 1431 647 1462 et
673 1423 809 1470 totius,
839 1435 928 1460 curn
955 1429 1085 1460 tamen
1112 1421 1304 1458 infinitum
1333 1421 1379 1458 sit

308 1479 577 1528 imperfectum
615 1485 652 1514 et
682 1477 722 1514 in
755 1476 918 1514 modum
955 1474 1072 1524 partis
1099 1474 1113 1501 t
1141 1487 1182 1512 se
1210 1475 1376 1511 habens:

308 1532 399 1581 quia
426 1531 683 1580 Philosophus
716 1529 769 1567 ibi
795 1529 964 1578 loquitur
991 1528 1040 1566 de
1066 1527 1215 1565 infinito
1244 1540 1378 1565 secun-

309 1586 404 1623 dum
422 1584 462 1622 id
481 1584 589 1633 quod
617 1583 664 1621 de
685 1595 732 1620 eo
754 1590 811 1620 est
828 1582 868 1620 in
887 1589 986 1629 actu,
1007 1581 1068 1618 cui
1083 1593 1237 1630 semper
1254 1588 1380 1630 potest

309 1637 452 1676 additio
471 1637 572 1683 fieri3
592 1636 654 1674 hic
674 1644 803 1673 autem
822 1635 989 1685 loquitur
1008 1634 1054 1672 de
1075 1634 1224 1672 infinito
1244 1647 1378 1672 secun-

309 1691 404 1729 dum
431 1698 555 1728 totum
583 1689 688 1739 quod
715 1696 772 1726 est
799 1689 847 1727 de
876 1701 923 1726 eo
952 1688 991 1726 in
1018 1688 1199 1737 potentia,
1221 1687 1281 1724 cui
1300 1700 1380 1725 non

307 1751 435 1794 potest
461 1743 604 1782 additio
633 1742 728 1780 fieri.
766 1743 816 1780 Et
843 1742 926 1780 talis
955 1742 1070 1779 etiam
1099 1749 1155 1779 est
1183 1741 1379 1791 dispositio

275 1810 278 1814 ·
308 1797 505 1847 temporis,
523 1797 571 1835 de
590 1809 668 1846 quo
688 1808 792 1834 nunc
810 1796 991 1845 loquitur:
1022 1794 1111 1844 quia
1130 1802 1282 1844 tempus
1301 1807 1380 1832 non

309 1859 366 1889 est
379 1858 503 1889 totum
519 1850 644 1897 simul,
661 1849 729 1888 sed
749 1857 806 1886 est
823 1849 1128 1886 successivum-
1142 1848 1236 1886 Illud
1251 1855 1380 1885 autem

309 1912 462 1954 tempus
490 1904 595 1953 quod
625 1910 681 1940 est
707 1902 900 1940 infinitum
928 1914 1014 1951 qu0,
1044 1902 1140 1940 idest
1168 1901 1380 1939 secundum

309 1957 463 2007 aliquid,
485 1957 624 1995 scilicet
641 1958 660 1978 ²⁸
680 1956 894 1994 secundum
917 1955 1146 2005 principium
1165 1956 1227 1992 vel
1248 1968 1381 1992 secun-

311 2011 405 2049 dum
431 2011 563 2058 finem,
583 2022 709 2058 neque
739 2017 794 2047 est
821 2009 1012 2047 infinitum
1041 2008 1271 2058 simpliciter,
1293 2008 1382 2058 quia

308 2071 435 2115 potest
463 2076 510 2102 eo
538 2063 680 2113 aliquid
701 2076 785 2100 esse
803 2063 901 2112 plus,
922 2075 1048 2112 neque
1077 2062 1297 2111 simpliciter
1316 2062 1380 2099 de-

310 2117 567 2164 terminatum,
580 2117 670 2165 quia
689 2129 768 2155 non
785 2117 903 2154 habet
922 2116 1089 2165 aliquam
1105 2123 1248 2153 certam
1263 2128 1382 2165 quan-

310 2171 467 2208 titatem.
484 2171 534 2208 Et
551 2170 652 2217 ideo,
668 2169 882 2207 secundum
901 2169 1136 2218 praedictam
1156 2169 1384 2218 suppositio-

311 2236 416 2271 nem,
427 2236 507 2261 non
521 2230 647 2273 potest
666 2235 748 2260 esse
769 2222 876 2271 quod
895 2222 1036 2271 aliquid
1050 2223 1190 2260 habeat
1203 2222 1383 2260 virtutem

311 2277 475 2315 faciendi
489 2277 551 2314 vel
570 2276 750 2326 patiendi,
768 2276 850 2313 sive
869 2275 1019 2313 essendi
1038 2276 1100 2313 vel
1119 2288 1199 2312 non
1219 2275 1381 2323 essendi,

313 2331 441 2380 aliquo
461 2338 635 2379 tempore
664 2329 770 2378 quod
799 2329 845 2366 sit
871 2329 1023 2366 finitum
1051 2341 1097 2372 ex
1119 2341 1196 2366 una
1215 2336 1322 2377 parte
1348 2336 1384 2376 et

312 2384 504 2421 infinitum
533 2395 578 2420 ex
602 2383 684 2420 alia.
716 2382 960 2431 Quicumque
989 2389 1118 2419 autem
1141 2382 1250 2431 ponit
1277 2381 1384 2430 quod

313 2437 456 2486 aliquid
475 2444 532 2474 est
551 2436 762 2485 ingenitum
792 2443 827 2472 et
856 2435 1111 2484 corruptibile,
1131 2436 1194 2473 vel
1214 2435 1382 2483 genitum

314 2498 350 2528 et
377 2489 679 2539 incorruptibile,
706 2489 815 2539 ponit
843 2489 949 2538 quod
977 2488 1120 2538 aliquid
1147 2488 1288 2525 habeat
1313 2502 1382 2538 po-

312 2543 471 2582 tentiam
499 2543 650 2581 essendi
668 2543 730 2580 vel
758 2555 838 2580 non
867 2542 1018 2580 essendi
1046 2549 1222 2591 tempore
1251 2554 1385 2579 secun-

314 2597 409 2635 dum
437 2597 529 2646 quid
556 2596 704 2634 infinito
725 2603 762 2634 et
789 2596 1003 2634 secundum
1028 2595 1120 2644 quid
1140 2595 1266 2632 finito:
1293 2608 1383 2644 ergo

315 2650 472 2688 destruit
497 2650 736 2699 praedictum
765 2649 993 2699 principium
1023 2649 1276 2698 suppositum.

368 2715 405 2751 4.
431 2703 581 2741 Deinde
610 2716 699 2740 cum
728 2703 838 2741 dicit:
866 2703 1002 2740 Adhuc
1029 2703 1121 2751 quid
1145 2703 1271 2752 magis
1301 2710 1383 2750 etc.‚

299 2756 481 2795 -ostendit
494 2757 600 2805 quod
617 2756 812 2805 praedicta
830 2756 970 2805 positio
986 2755 1144 2794 destruit
1163 2756 1266 2793 aliud
1283 2755 1385 2805 prin—

316 2810 459 2859 cipium
479 2810 719 2859 suppositum
737 2811 769 2857 ²²,
791 2810 930 2847 scilicet
949 2809 1054 2858 quod
1074 2809 1310 2858 impossibile
1331 2817 1387 2846 est

317 2863 422 2900 idem
451 2875 533 2900 esse
562 2871 599 2900 et
626 2876 706 2900 non
735 2876 829 2900 esse.
860 2864 909 2900 Et
937 2863 1036 2900 cirea
1063 2863 1138 2900 hoc
1173 2862 1250 2900 duo
1279 2862 1386 2900 facit:

319 2915 444 2962 primo
463 2917 628 2954 ostendit
645 2916 888 2966 propositum
903 2919 950 2953 eit
969 2923 1075 2965 parte
1093 2916 1286 2964 potentiae
1307 2916 1386 2953 eius

321 2967 427 3014 quod
453 2969 605 3016 ponitur
624 2970 884 3018 generari,vel
908 2969 1120 3018 corrumpi;
1150 2969 1320 3007 secundo
1342 2981 1387 3006 ex

321 3026 427 3067 parte
442 3032 579 3058 causae
593 3023 722 3071 ipsius,
733 3023 800 3060 ibi:
816 3025 885 3060 Est
893 3029 1018 3061 autem
1034 3028 1070 3059 et
1081 3023 1135 3060 sic
1148 3023 1275 3060 videre
1285 3024 1304 3044 *
1316 3030 1384 3060 etc.

376 3211 401 3244 δ)
414 3212 663 3245 argumentabatur.
672 3227 692 3231 —
701 3215 933 3246 argumentabitur
947 3216 975 3246 P,
985 3223 1037 3240 non
1051 3215 1118 3240 bene
1123 3224 1131 3247 3
1147 3224 1207 3240 nam
1222 3223 1252 3240 ex
1262 3216 1387 3249 principio

323 3249 395 3281 quod
413 3247 454 3272 hic
472 3248 625 3272 Aristoteles
644 3248 765 3278 resumit,
784 3255 978 3280 argumentatus
995 3256 1036 3276 est
1048 3251 1153 3283 quidem
1173 3259 1263 3284 supra,
1282 3252 1329 3276 sed
1347 3251 1388 3275 hic

324 3291 356 3308 eo
379 3291 432 3307 non
451 3283 562 3315 amplius
586 3282 619 3307 ad
642 3284 874 3315 argumentandum
897 3285 988 3316 utitur;
1014 3286 1181 3311 solummodo
1205 3287 1274 3311 enim
1297 3287 1390 3319 probat

323 3319 478 3352 principium
497 3323 661 3350 resumptum
681 3318 785 3348 destrui,
800 3319 822 3343 si
837 3319 895 3351 quis
910 3321 1018 3345 adstruit
1037 3321 1098 3345 nihil
1117 3321 1254 3353 prohibere
1271 3323 1388 3354 genitum

323 3354 516 3387 incorruptibile
535 3361 603 3384 esse,
621 3354 663 3378 vel
683 3353 826 3386 ingenitum
845 3362 904 3379 esse
923 3355 1097 3388 corruptibile.

377 3390 399 3425 e)
418 3390 490 3422 quod
513 3389 548 3414 sit
570 3389 726 3421 simpliciter
744 3387 863 3422 finitum}
876 3403 895 3408 —
907 3390 978 3422 quod
997 3397 1048 3415 non
1067 3391 1103 3415 sit
1121 3391 1276 3423 simpliciter
1301 3393 1389 3425 infini-

324 3429 380 3450 tum
400 3425 434 3456 P;
454 3425 487 3449 cf.
501 3429 607 3455 textum,
627 3429 653 3449 et
671 3432 701 3449 ea
720 3432 787 3456 quae
805 3425 831 3448 in
849 3424 898 3449 hoc
916 3432 1026 3449 numero
1045 3431 1197 3458 sequuntur.

375 3460 401 3493 ζ)
421 3464 447 3485 et
466 3461 492 3485 in
512 3460 620 3485 modum
634 3460 734 3492 partis.
746 3474 765 3478 -
777 3463 803 3484 et
820 3460 859 3485 sic
872 3467 924 3492 per
943 3460 1050 3485 modum
1065 3461 1156 3492 partis
1175 3462 1204 3492 P,
1222 3465 1249 3486 et
1262 3469 1314 3494 per
1333 3470 1389 3487 mo-

324 3497 387 3521 dum
402 3496 493 3528 partis
511 3496 530 3520 1.
541 3510 562 3515 —-
574 3496 593 3520 P
613 3496 657 3520 lin.
672 3503 727 3528 seq.
742 3503 789 3527 pro
808 3495 841 3520 de
859 3495 963 3528 infinito
982 3496 1044 3528 legit
1056 3496 1089 3521 de
1102 3496 1229 3529 definitio,
1249 3505 1336 3522 errore
1349 3503 1389 3530 ty-

323 3531 495 3565 pographico;
515 3532 555 3556 ed.
573 3530 639 3555 1516
658 3531 736 3555 habet
754 3531 787 3555 de
806 3531 918 3563 infinito.

376 3567 404 3600 η)
415 3567 506 3599 primo
519 3567 642 3592 ostendit.
655 3581 676 3585 —
687 3567 744 3591 Hoc
763 3574 817 3590 om.
830 3566 974 3599 BCpDEG;
994 3567 1118 3591 mendum
1138 3567 1295 3600 corrigentes
1308 3568 1339 3592 Pl
1353 3568 1390 3593 le-

323 3608 388 3636 gunt
406 3603 469 3635 quia
482 3603 574 3635 primo
593 3602 717 3627 ostendit.

377 3637 401 3671 θ)
422 3638 490 3663 idest
507 3638 531 3663 si
550 3638 622 3663 nulla
640 3638 727 3664 maior
746 3638 826 3663 ratio.
838 3651 856 3656 -
871 3638 890 3662 P
909 3637 1003 3662 omittit
1018 3637 1086 3663 idest
1104 3639 1134 3663 si.
1147 3652 1166 3657 —
1180 3639 1302 3671 Sequenti
1321 3639 1387 3664 linea

2417 276 2485 312 115

1422 355 1533 393 Circa
1561 355 1731 404 primum
1761 355 1839 392 duo
1869 354 1976 391 facit:
2005 354 2131 402 primo
2161 353 2324 390 ostendit
2342 359 2356 376 ⁷⁷
2384 353 2489 401 quod

1419 409 1651 459 ponentibus
1680 408 1835 458 aliquod
1862 407 2071 455 ingenitum
2102 406 2307 455 corrumpi,
2336 407 2398 443 vel
2427 406 2490 442 ali-

1421 463 1526 512 quod
1554 462 1724 511 genitum
1753 460 2057 509 incorruptibile,
2087 459 2255 508 sequitur
2283 460 2389 507 quod
2425 459 2489 495 ali-

1422 517 1512 566 quid
1532 516 1652 565 possit
1671 515 1783 552 simul
1806 527 1890 551 esse
1906 521 1942 551 et
1961 526 2040 550 non
2060 525 2158 559 esse;
2180 512 2349 549 secundo
2366 519 2490 549 osten-

1423 570 1475 607 dit
1504 570 1610 618 quod
1638 569 1742 606 idem
1770 567 2045 605 inconveniens
2065 566 2235 614 sequitur
2260 565 2492 614 ponentibus
2520 572 2522 574 ’

1423 623 1565 672 aliquid
1594 635 1677 659 esse
1703 621 1944 671 corruptibile
1965 620 2071 669 quod
2089 632 2168 656 non
2189 618 2444 668 corrumpitur
2459 621 2490 666 ⁴⁵,

1423 677 1490 713 ibi:
1520 676 1770 724 Manifestum
1798 681 1924 712 autem
1952 680 1989 711 et
2013 673 2122 711 aliter
2150 675 2168 692 ἦ
2200 680 2268 710 etc.

1479 729 1589 766 Circa
1608 729 1775 777 primum
1791 728 1900 777 ponit
1913 735 1988 764 tres
2008 727 2184 764 rationes.
2203 726 2314 762 Circa
2328 737 2493 774 quarum

1424 782 1590 831 primam
1620 782 1723 818 dicit:
1754 782 1784 818 si
1811 793 2004 830 ponamus
2042 779 2147 829 quod
2176 778 2319 828 aliquid
2351 779 2493 827 ingeni—

1425 843 1507 873 tum
1536 835 1641 884 prius
1670 847 1823 883 semper
1851 834 1929 881 fuit,
1951 842 1988 871 et
2009 841 2143 883 postea
2172 839 2438 881 corrumpatur
2455 832 2495 868 in

1426 889 1552 938 aliquo
1580 889 1690 938 signo
1727 888 1931 936 temporis,
1961 887 2058 924 idest
2094 887 2133 924 in
2167 886 2294 935 aliquo
2322 885 2494 933 instanti,

1426 941 1655 980 nulla*ratio
1693 948 1818 990 potest
1854 940 2032 989 assignari
2069 952 2187 989 quare
2220 939 2341 988 magis
2377 938 2497 988 possit

1428 994 1623 1043 corrumpi
1650 994 1690 1031 in
1718 994 1788 1030 isto
1817 993 1967 1031 instanti
2000 1007 2117 1042 quarn
2149 993 2189 1031 in
2217 993 2344 1042 aliquo
2372 992 2495 1029 infini-

1427 1056 1554 1086 torum
1582 1046 1905 1097 praecedentium.
1936 1049 1985 1084 Et
2013 1047 2182 1084 similiter
2210 1046 2241 1084 si
2273 1046 2414 1094 aliquid
2451 1046 2497 1083 sit

1427 1102 1598 1151 genitum
1617 1100 1723 1149 quod
1741 1100 1847 1149 prius
1866 1113 1946 1137 non
1966 1108 2043 1138 erat
2061 1108 2236 1149 tempore
2255 1099 2415 1152 infinito,
2433 1100 2497 1136 et*

1428 1162 1562 1205 postea
1590 1154 1732 1191 factum
1763 1161 1818 1190 est
1845 1153 1884 1190 in
1912 1154 2038 1202 aliquo
2067 1154 2238 1201 instanti,
2268 1153 2370 1190 nulla
2403 1152 2497 1190 ratio

1429 1216 1555 1258 potest
1583 1207 1764 1255 assignari
1792 1219 1910 1255 quare
1930 1201 2051 1255 magis
2071 1207 2191 1256 possit
2219 1219 2301 1244 esse
2324 1207 2387 1244 vel
2414 1205 2498 1243 fieri

1430 1262 1469 1299 in
1496 1262 1572 1298 hoc
1599 1260 1750 1298 instanti
1778 1272 1896 1308 quam
1929 1260 1968 1297 in
1996 1260 2122 1309 aliquo
2143 1261 2163 1281 '³‘
2185 1259 2498 1309 praecedentium

1431 1314 1678 1352 infinitorum.
1700 1315 1835 1351 Posset
1863 1320 1992 1351 autem
2021 1314 2115 1350 ratio
2139 1313 2319 1362 assignari
2346 1313 2377 1350 si
2404 1320 2499 1350 tem-

1430 1381 1503 1417 pus
1535 1367 1770 1417 praecedens
1806 1375 2013 1416 poneretur
2049 1367 2216 1415 finitum,
2246 1367 2335 1417 quia
2370 1374 2501 1416 posset

1433 1421 1505 1459 dici
1534 1421 1641 1470 quod
1664 1421 1823 1458 haberet
1840 1420 2018 1458 virtutem
2048 1420 2098 1457 ad
2118 1433 2199 1458 esse
2227 1421 2289 1458 vel
2318 1432 2398 1457 non
2417 1432 2500 1457 esse

1431 1475 1471 1512 in
1498 1483 1603 1512 tanto
1632 1482 1828 1523 tempore,
1859 1481 1895 1510 et
1922 1486 2001 1511 non
2029 1474 2068 1511 in
2099 1474 2214 1522 pluri:
2244 1474 2312 1511 sed
2349 1485 2394 1510 ex
2422 1485 2500 1522 quo

1431 1528 1587 1578 ponitur
1624 1528 1738 1565 fuisse
1774 1527 1837 1564 vel
1865 1539 1944 1564 non
1972 1527 2087 1564 fuisse
2123 1535 2298 1575 tempore
2326 1526 2473 1563 infinito
2490 1556 2499 1574 ,

1432 1581 1625 1632 praedicta
1644 1581 1739 1618 ratio
1760 1588 1892 1617 cessat.
1913 1581 1962 1617 Et
1989 1580 2077 1617 ideo
2097 1592 2254 1617 necesse
2274 1587 2329 1617 est
2355 1592 2501 1628 ponere

1433 1635 1538 1684 quod
1567 1634 1776 1682 ingenitum
1800 1633 1966 1682 potuerit
1984 1646 2063 1670 non
2083 1646 2164 1670 esse
2185 1633 2223 1670 in
2252 1632 2421 1682 quolibet
2448 1632 2502 1669 in-

1434 1688 1614 1726 stantium
1643 1686 1905 1737 praecedentis
1924 1686 2124 1736 temporis;
2156 1694 2191 1724 et
2210 1686 2379 1724 similiter
2398 1685 2503 1735 quod

1434 1742 1603 1791 genitum
1622 1741 1788 1790 potuerit
1807 1753 1889 1778 esse
1909 1739 1947 1777 in
1967 1740 2136 1789 quolibet
2155 1740 2375 1777 instantium
2393 1751 2502 1788 prae-

1435 1795 1602 1833 cedentis
1630 1794 1826 1844 temporis.
1857 1794 1899 1831 Si
1925 1794 2024 1830 enim
2054 1793 2146 1830 nihil
2176 1794 2318 1843 magis,
2349 1793 2445 1830 idest
2473 1792 2503 1829 si

1435 1850 1537 1886 nulla
1560 1848 1684 1885 maior
1712 1848 1805 1884 ratio
1821 1845 1833 1867 ⁰
1853 1855 1908 1884 est
1935 1859 2054 1895 quare
2082 1847 2204 1896 possit
2228 1847 2392 1896 incipere
2422 1858 2504 1882 esse

1435 1903 1497 1940 vel
1533 1915 1613 1939 non
1651 1914 1733 1938 esse
1771 1901 1810 1938 in
1846 1901 1917 1937 isto
1955 1900 2106 1937 instanti
2144 1912 2261 1949 quam
2299 1900 2339 1937 in
2377 1899 2503 1947 aliquo

1435 1955 1767 2005 praecedentium,
1795 1966 1883 1991 cum
1912 1954 2056 2002 infinita
2083 1954 2208 2003 signa,
2237 1953 2334 1991 idest
2360 1953 2507 1990 infinita

1436 2008 1631 2055 instantia,
1661 2007 1947 2057 praecesserint,
1978 2006 2222 2044 manifestum
2252 2014 2307 2043 est
2335 2007 2440 2055 quod
2468 2005 2507 2042 in

1436 2063 1499 2100 illo
1529 2062 1676 2099 infinito
1695 2069 1870 2110 ternpore
1899 2060 1967 2097 erit
1984 2061 2004 2081 '¹‘
2032 2060 2172 2109 aliquid
2201 2059 2428 2108 generabile,
2457 2059 2508 2096 ita

1438 2116 1543 2165 quod
1581 2115 1620 2152 in
1648 2114 1818 2163 quolibet
1845 2114 1995 2151 instanti
2028 2113 2124 2150 illius
2151 2113 2335 2163 temporis
2372 2112 2507 2150 infiniti

1437 2169 1603 2219 potuerit
1621 2168 1805 2216 generari.
1835 2169 1884 2205 Et
1903 2167 2072 2204 similiter
2093 2174 2147 2204 est
2175 2166 2383 2204 dicendum
2402 2166 2508 2215 quod

1438 2223 1477 2260 in
1505 2222 1675 2271 quolibet
1702 2221 1850 2258 instanti
1881 2220 1977 2258 illius
2005 2220 2189 2269 temporis
2219 2228 2298 2257 erat
2325 2219 2507 2268 corrupti-

1438 2276 1512 2313 bile
1532 2283 1539 2296 ¹
1558 2275 1651 2312 illud
1670 2275 1775 2323 quod
1795 2274 1949 2324 ponitur
1976 2274 2184 2321 ingenitum
2204 2282 2241 2310 et
2263 2281 2398 2322 postea
2427 2285 2508 2310 cor-

1439 2337 1605 2379 ruptum.
1628 2328 1691 2365 Sic
1719 2328 1829 2376 igitur
1847 2335 1951 2376 patet
1977 2327 2083 2375 quod
2111 2327 2204 2364 illud
2232 2327 2337 2376 quod
2355 2326 2509 2375 ponitur

1438 2382 1696 2432 praeextitisse
1729 2389 1903 2430 tempore
1931 2380 2102 2428 infinito,
2130 2380 2254 2429 potuit
2288 2380 2402 2417 etiam
2430 2392 2509 2416 non

1440 2449 1522 2474 esse
1536 2443 1617 2473 toto
1631 2435 1695 2472 illo
1711 2442 1886 2483 tempore
1901 2433 2061 2471 infinito.
2075 2434 2264 2483 Sequetur
2278 2434 2389 2482 igitur
2403 2433 2509 2481 quod

1440 2489 1583 2538 aliquid
1597 2488 1753 2526 habebit
1766 2488 1947 2525 virtutem
1965 2487 2088 2533 simul,
2104 2487 2201 2524 idest
2220 2495 2394 2536 respectu
2414 2486 2510 2523 eius-

1441 2543 1531 2580 dem
1559 2541 1762 2590 temporis,
1794 2541 1873 2578 eius
1902 2541 2007 2590 quod
2036 2548 2092 2577 est
2120 2553 2203 2578 esse
2233 2548 2268 2577 et
2296 2540 2376 2577 eius
2405 2540 2510 2588 quod

1441 2604 1497 2634 est
1525 2608 1604 2633 non
1633 2607 1732 2632 esse:
1753 2595 1804 2632 ita
1831 2602 1961 2632 tamen
1989 2594 2095 2642 quod
2115 2607 2160 2631 ex
2178 2602 2284 2643 parte
2306 2593 2385 2631 eius
2405 2593 2511 2641 quod

1442 2657 1497 2687 est
1515 2648 1725 2697 ingenitum
1746 2656 1783 2685 et
1806 2647 2061 2697 corruptibile,
2082 2647 2287 2696 accipiatur
2307 2660 2388 2684 esse
2407 2646 2511 2696 prius

1441 2715 1559 2752 quam
1587 2715 1666 2740 non
1687 2714 1787 2747 esse;
1818 2714 1864 2738 ex
1882 2709 1989 2751 parte
2009 2708 2139 2738 autem
2163 2700 2277 2749 geniti
2294 2702 2313 2722 ’¹‘
2335 2708 2371 2737 et
2389 2700 2511 2737 incor-

1442 2755 1626 2806 ruptibilis
1663 2755 1870 2804 accipiatur
1898 2768 1981 2792 esse
2008 2756 2028 2775 ’²‘
2057 2754 2246 2804 posterius
2284 2767 2403 2804 quam
2433 2766 2512 2791 non

1443 2823 1537 2847 esse.
1574 2809 1678 2857 Nihil
1707 2816 1835 2846 autem
1867 2808 2045 2857 prohibet
2072 2820 2217 2857 ponere
2255 2807 2294 2844 id
2322 2807 2428 2856 quod
2456 2816 2512 2844 est

1442 2862 1633 2912 possibile.
1665 2862 1705 2899 Si
1735 2874 1824 2911 ergo
1849 2874 2042 2911 ponamus
2069 2861 2174 2911 quod
2203 2861 2294 2898 illud
2323 2860 2428 2909 quod
2456 2868 2513 2897 est

1442 2916 1664 2965 ingenitum,
1682 2928 1751 2965 pro
1777 2915 1840 2952 illo
1860 2923 2034 2964 tempore
2054 2915 2093 2951 in
2113 2927 2191 2962 quo
2212 2921 2291 2951 erat
2310 2922 2346 2950 et
2364 2921 2512 2963 poterat

1444 2982 1523 3007 non
1551 2982 1634 3006 esse
1654 2976 1678 3015 κ,
1709 2969 1813 3018 quod
1833 2976 1922 3006 tunc
1950 2981 2028 3006 non
2051 2968 2171 3013 fuerit,
2193 2975 2371 3016 sequetur
2390 2979 2510 3015 oppo-

1444 3023 1513 3060 sita
1551 3023 1662 3060 simul
1692 3034 1796 3070 esse,
1826 3022 1965 3059 scilicet
2002 3021 2107 3069 quod
2135 3020 2225 3057 illud
2260 3020 2372 3057 simul
2401 3020 2447 3057 sit
2475 3027 2511 3057 et

1442 3224 1489 3248 pro
1509 3216 1568 3245 isto,
1589 3215 1691 3240 codices
1711 3215 1807 3239 habent
1826 3215 1897 3246 ipso;
1916 3219 1941 3238 et
1963 3213 2041 3245 paulo
2060 3212 2124 3237 infra
2143 3221 2190 3246 pro
2205 3214 2415 3245 praecesserint,
2430 3221 2512 3246 prae-

1442 3254 1586 3276 cesserunt.

1498 3286 1516 3318 ι)
1536 3285 1716 3318 corruptibile.
1729 3298 1748 3305 —-
1760 3286 1795 3310 Ita
1814 3285 1874 3309 sEG
1894 3289 1919 3308 et
1944 3284 2010 3308 bene
2017 3291 2024 3314 ;
2048 3291 2110 3308 nam
2133 3285 2258 3309 decursus
2283 3286 2512 3317 argumentationis

1443 3322 1512 3346 hunc
1531 3329 1638 3346 sensum
1657 3320 1772 3353 requirit,
1791 3327 1900 3352 nempe:
1920 3319 1986 3344 sicut
2005 3320 2075 3351 quod
2093 3320 2198 3351 ponitur
2220 3328 2280 3345 esse
2299 3321 2414 3353 genitum
2439 3326 2511 3354 post—

1444 3365 1523 3389 quam
1543 3355 1640 3380 infinito
1659 3361 1778 3388 tempore
1796 3363 1849 3379 non
1868 3360 1930 3385 erat,
1950 3359 2004 3379 erat
2022 3355 2169 3387 generabile
2187 3360 2242 3380 toto
2260 3361 2378 3388 tempore
2394 3364 2447 3389 quo
2460 3365 2512 3382 non

1444 3397 1506 3422 erat,
1525 3391 1641 3416 similiter
1660 3391 1802 3423 ingenitum
1821 3391 1893 3423 quod
1910 3390 2014 3423 ponitur
2032 3390 2170 3423 aliquando
2189 3392 2333 3423 corrumpi,
2353 3397 2407 3417 erat
2425 3400 2512 3417 corru-

1443 3427 1532 3460 ptibile
1549 3431 1603 3451 toto
1621 3431 1739 3458 tempore
1758 3434 1811 3458 quo
1830 3431 1892 3450 erat.
1906 3426 1972 3458 ApG
1990 3425 2086 3451 habent
2104 3426 2307 3459 incorruptibile
2320 3427 2362 3452 vel
2379 3429 2501 3460 corrupti

1444 3463 1501 3491 bile,
1522 3467 1569 3486 cet.
1589 3461 1789 3493 incorruptibile
1808 3461 1848 3486 vel
1866 3461 1946 3486 etiam
1965 3461 2151 3494 corruptibile;
2170 3462 2261 3487 ambae
2279 3462 2403 3488 lectiones
2427 3471 2512 3488 corre-

1444 3499 1555 3523 ctionem
1568 3497 1749 3529 interpolatam
1762 3497 1874 3529 sapiunt‚
1887 3501 1913 3521 et
1926 3497 2002 3521 nobis
2017 3497 2123 3530 quidem
2132 3498 2233 3523 videtur
2246 3498 2326 3523 etiam
2341 3499 2512 3530 corruptibile

1445 3541 1505 3558 esse
1523 3540 1612 3557 veram
1637 3532 1790 3562 lectionem,
1816 3533 1876 3565 quia
1900 3532 2022 3557 facillime
2045 3541 2092 3565 per
2111 3533 2249 3566 scriptores
2268 3534 2294 3558 in
2313 3534 2512 3566 incorruptibile

1445 3573 1565 3593 mutatur.
1583 3568 1603 3592 P
1622 3567 1699 3592 habet
1717 3568 1888 3600 corruptibile
1906 3569 1948 3593 vel
1966 3569 2173 3600 incorruptibile.

1499 3604 1524 3635 κ)
1544 3603 1570 3627 in
1590 3610 1641 3635 quo
1660 3607 1720 3628 erat
1732 3607 1759 3628 et
1769 3607 1880 3636 poterat
1894 3611 1945 3629 non
1960 3611 2023 3629 esse.
2036 3618 2055 3623 -
2069 3604 2095 3629 in
2111 3612 2162 3637 quo
2175 3609 2247 3635 erat,
2262 3608 2373 3638 poterat
2386 3612 2440 3630 esse
2455 3605 2484 3629 P.
2493 3618 2511 3623 —

1445 3639 1496 3663 Pro
1514 3639 1614 3664 scilicet
1631 3639 1703 3671 quod
1721 3639 1794 3670 illud,
1814 3639 1913 3665 scilicet
1931 3640 2003 3672 quod
2022 3640 2091 3665 idem
2111 3641 2201 3666 eadem
2220 3642 2248 3666 P.

2521 630 2529 637 '
2541 630 2564 659 et
2573 634 2620 650 non
2627 633 2733 650 corrum-

2517 661 2543 682 pi
2554 661 2576 676 ε.

2522 685 2528 691 ·
2545 681 2616 703 Num.
2631 682 2652 704 8.

2526 1110 2534 1118 ”
2549 1111 2573 1130 et
2587 1115 2634 1131 om.
2649 1115 2671 1130 Ρ,

2527 1270 2537 1280 “
2546 1269 2595 1292 alio
2606 1275 2683 1296 acori,
2691 1274 2741 1291 om.

2525 1302 2565 1323 pc.

2536 2067 2543 2075 '¹
2560 2067 2614 2087 erat
2625 2071 2647 2086 Α.

2542 2707 2704 2738 'generabilis
2714 2713 2756 2729 co-

2543 2735 2614 2756 dicer».

2542 2762 2553 2772 ⁸
2563 2767 2615 2783 esse
2624 2767 2673 2783 om.
2684 2761 2753 2783 codd.

2542 2794 2592 2810 exc.
2608 2794 2659 2809 nst.
