2690 4062
1078 239 1190 275 CAP.
1219 239 1273 285 x,
1304 237 1455 274 LECT.
1485 237 1613 274 xxlv

249 324 327 349 sunt
340 316 445 360 magis
461 316 561 348 mixta
579 327 678 360 quarn
695 316 797 360 prius,
817 315 875 349 sed
894 315 1107 348 consimiliter
1130 327 1164 348 se
1181 314 1317 355 habent;

250 361 277 394 si
293 369 404 393 autem
420 360 559 393 alterum
574 369 813 404 corrumpatur,
830 371 890 392 nec
907 361 1005 392 etiam
1022 369 1100 392 tunc
1115 360 1176 392 erit
1191 360 1317 399 mixtio,

250 404 308 438 sed
321 405 489 448 corruptio
503 405 601 436 unius
616 413 649 437 et
665 405 871 437 conservatio
885 403 1017 437 alterius
1029 414 1098 436 non
1113 404 1258 447 corrupti
1264 416 1273 444 ;
1290 404 1318 436 si

250 457 361 482 autem
392 447 489 481 ambo
513 448 655 481 invicem
672 456 940 492 corrumpuntur,
964 457 1041 481 tunc
1058 448 1157 481 etiam
1172 459 1241 481 non
1258 448 1319 480 erit

250 493 382 527 mixtio:
411 493 487 536 quia
509 503 578 525 non
607 501 748 536 possunt
771 504 842 525 esse
866 493 966 525 mixta
991 504 1074 536 quae
1098 491 1191 525 nullo
1215 491 1317 525 modo

251 546 329 570 sunt
352 545 448 569 entia.

297 592 327 624 3.
345 580 473 614 Deinde
494 591 571 613 cum
594 580 689 614 dicit:
714 581 776 614 Hic
791 580 909 624 quidem
924 580 1043 614 videtur
1064 591 1159 614 sermo
1176 589 1248 620 etc„
1265 579 1319 613 de-

252 626 405 659 terminat
427 625 632 668 propositam
656 625 894 669 quaestionem.
924 625 966 658 Et
989 625 1066 668 quia
1089 625 1172 657 ratio
1195 635 1319 667 negan-

253 670 337 703 tium
367 669 563 702 mixtionem
595 680 667 702 esse
698 669 824 713 quaerit
858 668 1056 702 differentias
1089 669 1258 701 mixtionis
1289 676 1321 701 et

217 739 221 742 ⁴
251 714 484 758 generationis,
500 721 533 746 et
545 712 714 746 miscibilis
730 722 764 746 et
777 713 982 757 generabilis,
999 712 1075 746 ideo
1096 711 1320 756 Philosophus

252 759 361 802 primo
385 756 529 791 ostendit
545 756 762 790 differentiam
785 769 902 790 eorum
921 757 1117 798 adinvicem,
1141 765 1173 790 et
1188 757 1320 789 mixtio-

253 803 304 836 nis
328 801 369 835 ad
392 801 473 835 alios
496 810 626 842 motus;
650 801 797 835 secundo
821 801 920 835 solvit
943 800 1126 835 secundum
1153 801 1321 845 propriam

254 847 460 891 opinionem,
483 845 542 879 ibi:
571 845 727 888 Quoniam
749 853 850 879 autem
882 853 954 879 sunt
983 846 1052 879 haec
1074 846 1193 890 quidem
1218 851 1321 890 poten-

254 891 297 924 tia
307 890 322 907 *
335 898 395 924 etc.
413 890 509 924 Circa
521 890 666 934 primurn
683 890 751 924 duo
763 890 856 924 facit:
874 891 983 935 primo
996 891 1091 935 ponit
1103 890 1321 924 differentiam

253 935 423 968 mixtionis
447 942 480 967 et
497 935 736 978 generationis;
752 934 900 968 secundo
923 936 1092 968 mixtionis
1108 934 1149 968 ad
1165 945 1321 978 augmen—

253 987 327 1058 21'1'1‘1
341 987 386 1043 *et
409 978 636 1012 alterationem
649 1005 658 1020 ,
686 979 744 1013 ibi:
774 980 941 1013 Secundum
968 986 1069 1013 autem
1102 979 1227 1015 modum
1251 990 1321 1012 eun-

383 1031 445 1056 etc.

305 1067 396 1101 Dicit
430 1078 509 1111 ergo
543 1067 652 1111 primo
686 1067 776 1112 quod
812 1079 921 1102 sermo
957 1080 1072 1102 eorum
1106 1068 1163 1112 qui
1201 1075 1323 1111 negant

254 1110 450 1146 mixtionem
473 1111 559 1152 fieri,
582 1111 712 1145 videtur
735 1124 889 1156 quaerere
913 1112 1131 1146 differentiam
1154 1112 1322 1144 mixtionis

255 1165 288 1190 et
309 1156 559 1200 generationis,
577 1157 704 1201 quaerit
726 1157 825 1190 etiam
841 1157 875 1190 in
899 1169 967 1201 quo
991 1156 1099 1190 differt
1122 1155 1281 1189 miscibile
1305 1167 1323 1188 a

254 1199 491 1251 generabilia
515 1200 729 1245 corruptibili.
759 1201 971 1235 Manifestum
996 1201 1086 1237 enim
1109 1209 1158 1234 est
1181 1199 1272 1244 quod
1296 1200 1323 1232 si

165 1274 171 1282 .
220 1267 222 1270 >
255 1253 306 1279 est
327 1245 462 1285 mixtio,
488 1253 620 1288 oportet
642 1256 716 1278 eam
739 1245 866 1279 differre
890 1245 929 1279 ab
960 1245 1151 1279 alteratione
1179 1253 1212 1277 et
1242 1255 1323 1287 aug·

254 1297 370 1324 mento
385 1298 419 1322 et
433 1290 656 1333 generatione,
680 1301 764 1334 quae
788 1299 866 1323 sunt
888 1290 1089 1323 mutationes
1105 1289 1146 1322 ad
1165 1288 1322 1329 formam;

254 1342 288 1369 et
315 1332 449 1385 quando
474 1334 535 1366 ista
561 1333 743 1368 differentia
769 1335 830 1368 erit
860 1333 1048 1374 manifesta,
1074 1342 1153 1366 tunc
1179 1331 1325 1366 solvetur

255 1386 416 1423 quaestio.

299 1432 332 1465 4.
359 1421 460 1456 Ponit
489 1433 569 1466 ergo
599 1421 816 1456 differentiam
847 1422 1015 1456 mixtionis
1045 1431 1077 1455 et
1103 1422 1324 1465 generationis

218 1477 223 1482 ·
256 1477 334 1501 cum
358 1465 452 1500 dicit:
476 1467 522 1500 At
543 1478 612 1500 vero
628 1478 721 1511 neque
736 1467 896 1501 materiam
919 1475 991 1507 etc„
1008 1465 1120 1500 dicens
1145 1465 1236 1510 quod
1259 1477 1327 1498 ma-

256 1510 337 1545 teria
359 1522 429 1544 non
444 1510 563 1544 dicitur
584 1511 714 1544 misceri
729 1510 918 1555 generabili,
934 1510 992 1544 sed
1007 1511 1118 1555 potius
1142 1509 1227 1544 effici
1250 1518 1324 1543 actu

257 1566 316 1600 per
338 1553 496 1588 formam:
521 1554 604 1588 nihil
634 1555 723 1588 enim
747 1554 836 1588 aliud
859 1555 900 1589 ad
923 1555 1170 1599 generationem
1193 1555 1327 1599 requiri-

256 1607 310 1635 tur
339 1598 524 1633 secundum
553 1599 767 1633 Aristotelem
794 1600 828 1632 in
852 1600 884 1633 V
907 1599 1077 1645 Metaphys.
1091 1626 1102 1641 ,
1131 1599 1195 1632 nisi
1225 1610 1325 1643 agens

256 1642 416 1678 reducens
431 1643 602 1676 materiam
621 1645 893 1688 praeexistentem
912 1645 946 1677 in
970 1645 1119 1688 potentia
1141 1643 1183 1677 ad
1203 1652 1324 1677 actum.

257 1686 357 1731 Unde
379 1688 414 1721 in
444 1687 529 1721 VIII
555 1687 726 1739 Metaphys.
750 1688 838 1729 dicit,
859 1688 951 1732 quod
974 1700 1043 1722 non
1067 1697 1116 1722 est
1143 1687 1205 1722 alia
1229 1699 1326 1721 causa

257 1743 358 1777 quare
386 1740 494 1776 partes
522 1731 723 1765 definitionis
754 1742 831 1766 sunt
860 1744 937 1766 vere
972 1744 1099 1773 unum,
1127 1733 1190 1765 nisi
1225 1743 1325 1776 agens

257 1775 350 1828 quod
363 1776 494 1810 reduxit
508 1775 548 1809 ad
568 1785 679 1810 actum
696 1777 787 1821 quod
805 1777 896 1821 prius
916 1786 984 1811 erat
1000 1778 1034 1810 in
1050 1777 1206 1822 potentia.
1225 1777 1327 1810 Mate-

256 1832 305 1856 na
319 1821 410 1855 enim
425 1821 460 1854 in
484 1832 549 1865 qua
563 1830 738 1864 generatur
755 1822 852 1865 ignis,
868 1833 937 1855 non
961 1821 1080 1855 dicitur
1099 1822 1229 1855 misceri
1246 1821 1324 1865 igni,

256 1876 319 1900 nec
349 1865 448 1898 etiam
471 1864 596 1898 formae
628 1866 743 1910 ipsius.
770 1865 926 1900 Similiter
948 1878 1018 1900 non
1048 1866 1189 1900 dicimus
1212 1866 1324 1909 ignem

257 1908 388 1945 misceri
417 1908 515 1953 lignis
550 1920 626 1943 cum
657 1909 747 1944 ardet
782 1922 819 1944 ea
826 1923 836 1951 ;
863 1922 924 1944 nec
948 1911 1045 1944 etiam
1071 1910 1210 1944 dicimus
1234 1909 1325 1954 quod

256 1954 393 1990 materia
415 1954 501 1998 ignis
524 1954 701 1988 misceatur
719 1954 885 1999 particulis
908 1955 1005 1999 ignis,
1021 1966 1129 1999 neque
1153 1955 1215 1998 ipsi
1238 1955 1325 1998 igni,

258 1998 344 2041 sicut
372 1997 513 2032 dicimus
537 1998 628 2075 quod
658 2010 764 2032 unum
787 1999 946 2035 miscibile
977 2000 1135 2032 miscetur
1157 1998 1325 2043 particulis

257 2041 390 2077 alterius
419 2041 546 2076 miscibi
560 2043 587 2076 is
617 2051 651 2076 et
679 2043 743 2087 ipsi
773 2043 936 2077 miscibili.
965 2043 1031 2077 Sed
1059 2043 1200 2078 dicimus
1223 2052 1325 2076 mate—

257 2087 341 2123 riam
363 2087 459 2131 igniS,
475 2086 560 2120 sicut
582 2086 672 2131 ligna
687 2087 740 2121 vel
763 2087 863 2128 aliud,
885 2088 1064 2132 corrumpi,
1079 2089 1192 2132 ignem
1215 2096 1326 2121 autem

256 2132 415 2176 generari.
433 2131 482 2165 Ex
497 2143 565 2176 quo
588 2131 759 2166 manifeste
778 2141 889 2176 potest
912 2132 1075 2173 concludi,
1095 2131 1186 2177 quod
1209 2133 1325 2165 mixtio

257 2187 328 2211 non
351 2184 402 2210 est
423 2176 591 2220 generatio
615 2187 723 2221 neque
747 2178 927 2221 corruptio.

270 2235 275 2253 ·.
304 2229 335 2264 5.
347 2217 478 2254 Deinde
491 2231 568 2254 cum
581 2219 675 2254 dicit:
689 2221 855 2255 Secundum
867 2227 968 2254 autem
979 2221 1102 2255 modum
1114 2221 1239 2254 eundem
1251 2229 1325 2261 etc.‚

258 2265 355 2310 ponit
377 2263 594 2298 differentiam
610 2265 779 2298 mixtionis
802 2264 844 2299 ad
859 2265 941 2299 alios
964 2274 1088 2306 motus,
1104 2274 1136 2298 et
1159 2266 1268 2309 primo
1284 2264 1325 2298 ad

258 2317 493 2361 augmentum3
510 2308 622 2342 dicens
639 2309 730 2354 quod
746 2309 931 2343 secundum
946 2309 1089 2343 eundem
1100 2309 1240 2343 modum
1255 2321 1325 2342 non

258 2352 400 2388 dicimus
424 2352 535 2386 cibum
550 2354 681 2387 misceri
701 2354 833 2398 corpori
853 2353 974 2387 cibato:
1022 2355 1076 2387 uia
1095 2353 1187 2387 cibus
1210 2354 1326 2387 transit

257 2399 294 2433 in
312 2397 488 2432 dominans
507 2409 639 2442 corpuS,
656 2398 746 2443 quod
763 2407 874 2432 manet
890 2409 992 2432 secun
1015 2410 1074 2431 um
1088 2397 1247 2439 formam,
1267 2398 1325 2432 sed

257 2451 414 2476 neutrum
448 2441 661 2475 miscibilium
693 2443 737 2475 ita
760 2451 871 2476 manet
901 2443 986 2476 sicut
1014 2454 1135 2487 corpus
1159 2442 1324 2483 cibatum,

258 2485 382 2522 scilicet
403 2485 583 2520 indivisum
600 2495 632 2520 et
655 2498 670 2519 s
695 2487 764 2520 ecie
779 2486 873 2520 nullo
889 2487 992 2520 modo
1012 2486 1192 2523 alteratum.
1218 2487 1260 2520 Et
1278 2487 1325 2520 sic

258 2540 349 2577 patet
387 2530 455 2565 uod
478 2531 594 2564 mixtio
619 2498 727 2564 difliert
745 2531 784 2564 ab
808 2540 999 2576 augmento.

302 2576 347 2611 Di
373 2576 422 2609 ert
444 2576 543 2609 etiam
559 2575 598 2608 ab
615 2575 824 2617 alteratione3
841 2577 926 2609 sicut
947 2577 1057 2620 primo
1083 2584 1172 2620 patet
1194 2576 1229 2608 in
1252 2577 1326 2609 arti-

258 2619 331 2655 bus.
343 2620 424 2655 Non
439 2620 529 2653 enim
545 2619 686 2654 dicimus
697 2619 838 2664 figuram
852 2621 983 2654 misceri
996 2632 1098 2661 cerae,
1110 2632 1172 2654 nec
1185 2620 1326 2664 figuram

258 2665 389 2699 misceri
405 2664 578 2710 quantitati
601 2665 670 2697 sive
694 2673 833 2698 tumori:
859 2665 936 2709 quia
956 2674 1133 2710 utrumque
1150 2674 1261 2698 manet
1276 2666 1326 2698 in-

259 2708 402 2744 divisum
416 2717 449 2742 et
465 2709 573 2753 specie
589 2708 683 2742 nullo
698 2709 802 2743 modo
819 2708 1000 2742 alteratum.
1019 2709 1112 2743 Idem
1131 2709 1276 2742 ostendit
1291 2711 1325 2743 in

258 2752 504 2787 alterationibus
519 2750 731 2786 naturalibus.
744 2753 824 2788 Non
840 2755 930 2786 enim
945 2753 1086 2787 dicimus
1103 2753 1194 2798 quod
1209 2753 1325 2787 albedo

258 2798 435 2832 misceatur
451 2798 582 2842 corpori
598 2797 732 2842 quando
752 2809 872 2842 corpus
888 2797 926 2830 fit
941 2797 1069 2839 album;
1087 2807 1119 2831 et
1136 2797 1325 2831 universali-

258 2851 308 2877 ter
322 2841 412 2876 nulla
426 2843 537 2886 passio
557 2850 590 2875 et
604 2841 716 2875 nullus
731 2841 862 2875 habitus
877 2842 1034 2875 miscetur
1049 2842 1120 2875 aliis
1142 2841 1252 2883 rebus,
1268 2842 1326 2876 sed

258 2895 336 2921 sunt
358 2887 393 2920 in
417 2887 463 2920 eis
486 2887 571 2920 sicut
602 2886 638 2919 in
661 2886 820 2920 subiecto.
849 2886 891 2920 Et
913 2887 996 2920 ratio
1024 2886 1123 2920 huius
1153 2895 1224 2926 est,
1249 2887 1326 2931 quia

258 2931 376 2972 ambo,
400 2930 524 2964 scilicet
546 2939 614 2964 tam
637 2930 788 2964 accidens
820 2942 920 2975 quam
949 2930 1149 2971 subiectum,
1171 2931 1326 2965 videntur

211 2997 217 3004 ·
258 2987 330 3010 esse
346 2975 479 3016 salvata,
494 2984 527 3009 et
541 2987 611 3008 non
627 2975 726 3008 altera
738 2975 763 3008 *.
782 2975 937 3009 Similiter
953 2975 1082 3009 nullum
1098 2975 1249 3009 accidens
1265 2977 1326 3008 mi-

258 3029 367 3054 scetur
389 3020 444 3053 alii
467 3019 638 3053 accidenti.
666 3020 708 3053 Et
731 3019 957 3053 universaliter
986 3019 1116 3053 nullum
1141 3019 1231 3064 quod
1255 3031 1324 3053 non

258 3065 420 3108 contingit
435 3065 577 3109 separari
601 3072 633 3097 et
655 3076 714 3108 per
738 3076 772 3097 se
792 3065 938 3104 existere,
954 3073 1065 3109 potest
1080 3065 1227 3097 misceri:
1248 3065 1325 3109 quia

258 3109 370 3143 omnia
385 3108 557 3142 miscibilia
573 3109 682 3153 primo
706 3117 783 3141 sunt
802 3117 959 3152 separata,
976 3117 1008 3142 et
1030 3117 1107 3152 post
1130 3109 1324 3142 mixtionem

257 3154 399 3198 separari
422 3162 573 3198 possunt.
594 3153 636 3186 Et
658 3161 793 3197 propter
815 3153 880 3186 hoc
903 3165 973 3186 non
989 3152 1072 3186 bene
1089 3152 1250 3194 dixerunt,
1268 3152 1323 3185 ali-

258 3197 391 3243 quando
416 3198 528 3231 omnia
562 3197 663 3231 fuisse
686 3196 808 3238 simul,
835 3198 921 3230 sicut
944 3197 1062 3242 dicitur
1090 3198 1125 3230 in
1149 3198 1165 3231 Ι
1187 3197 1324 3242 Physic.;

257 3253 326 3276 non
349 3243 438 3276 enim
461 3253 561 3275 omne
586 3241 719 3275 cuilibet
734 3242 899 3282 miscetur,
916 3241 974 3275 sed
998 3249 1129 3285 oportet
1151 3241 1324 3274 miscibilia

257 3298 329 3320 esse
352 3286 429 3320 talia
455 3297 598 3331 quorum
622 3294 800 3330 utrumque
829 3286 935 3329 possit
957 3286 1108 3329 separari.
1134 3285 1248 3318 Passio
1268 3297 1323 3318 au-

258 3340 325 3365 tem
348 3330 439 3363 nulla
462 3339 512 3363 est
534 3329 738 3374 separabilis:
764 3338 797 3362 et
819 3329 895 3363 ideo
919 3341 980 3362 nec
1003 3328 1181 3362 miscibilis.

302 3377 332 3408 6.
350 3374 480 3408 Deinde
505 3385 581 3407 cum
605 3373 699 3407 dicit:
720 3374 876 3416 Quoniam
898 3379 998 3415 aufem
1020 3379 1091 3406 sunt
1113 3373 1182 3406 haec
1204 3373 1323 3417 quidem

252 3420 387 3465 potantia
409 3427 482 3459 etc.‚
498 3418 597 3451 solvit
616 3418 815 3462 praedictam
831 3418 1075 3462 quaestionem,
1100 3417 1212 3450 dicens
1232 3417 1322 3461 quod

2380 252 2440 276 XlX

1373 315 1499 347 entium
1524 314 1685 359 quaedam
1709 323 1786 347 sunt
1810 315 1896 347 entia
1920 315 1954 348 in
1978 316 2135 359 potentia,
2160 325 2191 349 et
2222 316 2382 360 quaedam
2406 317 2440 349 in

1373 368 1467 399 actu;
1491 358 1579 392 unde
1603 359 1721 399 mixta,
1745 367 1923 403 postquam
1952 361 2053 392 mixta
2077 369 2173 400 sunt,
2190 361 2360 404 ¹contingit
2384 360 2440 393 ali-

1396 402 1511 436 ualiter
1530 415 1601 436 esse
1630 412 1663 436 et
1681 403 1863 448 aliqualiter
1879 415 1948 436 non
1969 415 2039 437 esse
2063 405 2097 437 in
2117 405 2234 437 mixto:
2253 414 2329 437 sunt
2352 406 2440 438 enim

1373 449 1383 480 i
1408 449 1417 480 i
1433 449 1467 480 in
1484 448 1642 492 potentia,
1658 447 1780 481 salvata
1796 457 1907 481 tamen
1923 449 2043 481 virtute
2061 460 2188 488 eorum,
2205 448 2262 482 sed
2278 460 2347 482 non
2364 458 2442 482 sunt

1374 491 1418 524 ibi
1442 501 1526 525 actu.
1545 493 1659 536 Ipsum
1688 493 1777 525 enim
1805 501 1998 536 generatum
2027 501 2076 526 est
2100 492 2188 526 aliud
2212 492 2250 526 ab
2275 494 2354 537 ipsis
2379 494 2440 526 mi-

1374 535 1540 569 scibilibus
1564 537 1632 570 sive
1656 537 1783 577 mixtis,
1807 545 1840 569 et
1863 546 1913 570 est
1935 537 1970 570 in
1993 538 2141 581 potentia
2164 538 2236 581 ipsa
2258 537 2441 578 miscibilia,

1374 591 1458 624 quae
1482 589 1556 613 ante
1586 582 1781 614 mixtionem
1805 590 1884 617 sunt
1913 590 2077 625 separata;
2102 582 2147 614 ita
2180 582 2342 625 contingit
2365 590 2442 625 post

1374 625 1568 658 mixtionem
1592 626 1751 669 separari,
1777 624 1853 658 licet
1876 626 1911 658 in
1933 627 2037 659 mixto
2068 637 2136 659 non
2160 626 2226 658 sint
2258 625 2441 660 abinvicem

1375 669 1488 702 divisa.
1513 669 1554 701 Et
1577 668 1642 701 hoc
1666 678 1715 702 est
1738 669 1829 714 quod
1851 681 1946 704 sermo
1967 670 2108 710 habitus,
2124 670 2193 703 sive
2217 671 2299 703 ratio
2324 681 2443 714 negan-

1374 713 1459 745 tium
1493 713 1706 754 mixtionem,
1731 715 1910 758 quaesivit,
1931 713 2056 748 scilicet
2086 714 2257 759 quomodo
2282 714 2442 748 elementa

1375 765 1545 790 manerent
1565 757 1605 807 in·
1622 758 1735 790 mixto.
1753 758 1914 791 Videmus
1931 759 2019 792 enim
2036 758 2127 803 quod
2143 770 2180 792 ea
2198 770 2281 803 quae
2305 759 2442 791 miscen-

1375 810 1442 841 tur,
1467 810 1669 834 conveniunt
1692 813 1732 834 ex
1754 803 1845 879 prius
1869 804 2041 847 separatis,
2061 811 2094 836 et
2116 811 2295 847 postquam
2323 814 2443 836 conve-

1375 846 1471 878 niunt
1494 857 1607 878 rursus
1638 857 1751 889 separa
1776 855 1890 880 untur:
1917 848 1992 891 quia
2015 847 2100 880 levia
2130 847 2308 892 aliquando
2332 858 2443 880 ascen-

1377 889 1465 930 dent,
1479 898 1512 922 et
1530 890 1641 933 gravia
1658 889 1865 924 descendent.
1881 891 1969 925 Cum
1981 892 2070 924 enim
2087 891 2250 925 elementa
2265 903 2348 936 quae
2365 900 2443 924 sunt

1376 935 1410 967 in
1434 934 1537 967 mixto
1558 935 1624 967 sint
1646 933 1691 967 ibi
1715 943 1842 978 praeter
1865 944 2024 976 naturam,
2052 936 2129 980 quia
2152 945 2230 969 sunt
2253 945 2342 969 extra
2365 947 2443 980 pro-

1376 979 1482 1023 priam
1504 978 1674 1022 regionem
1704 987 1741 1011 ut
1764 978 1882 1012 dicitur
1906 980 1938 1013 ΙΙ
1961 980 1996 1013 de
2021 980 2127 1021 Caelo,
2153 980 2244 1024 quod
2267 989 2378 1013 autem
2394 988 2444 1013 est

1376 1032 1504 1067 praeter
1533 1031 1684 1056 naturam
1715 1034 1783 1055 non
1807 1032 1916 1067 potest
1939 1035 2009 1057 esse
2037 1036 2107 1057 sem
2133 1025 2290 1065 iternum,
2310 1036 2444 1058 necesse

1377 1077 1426 1101 est
1449 1068 1520 1111 ipsa
1545 1067 1696 1118 separari.
1720 1067 1800 1100 Non
1833 1079 1911 1111 ergo
1939 1077 2074 1101 manent
2097 1080 2114 1101 e
2128 1077 2259 1102 ementa
2281 1070 2316 1101 in
2339 1069 2443 1102 mixto

1377 1121 1451 1145 actu
1468 1112 1538 1144 sine
1554 1111 1663 1156 aliqua
1679 1110 1879 1152 alteratione,
1892 1113 1976 1145 sicut
1993 1124 2112 1156 corpus
2129 1112 2255 1154 album;
2269 1125 2329 1146 nec
2345 1112 2443 1146 ambo

1377 1167 1438 1189 nec
1462 1155 1600 1189 alterum
1625 1164 1883 1200 corrumpuntur
1899 1157 2047 1197 omnino,
2067 1158 2152 1190 sicut
2174 1158 2209 1190 in
2232 1158 2443 1201 generatione

1378 1209 1410 1233 et
1433 1200 1664 1243 corruptione:
1689 1199 1831 1233 salvatur
1854 1201 1942 1233 enim
1965 1201 2068 1234 virtus
2093 1213 2219 1234 eorum.

1423 1255 1453 1287 7.
1467 1244 1520 1277 Ad
1532 1243 1730 1277 evidentiam
1742 1253 1853 1277 autem
1865 1244 1964 1278 huius
1978 1246 2179 1290 quaestionis
2192 1245 2260 1279 duo
2273 1254 2350 1278 sunt
2365 1256 2444 1278 con-

1378 1288 1560 1329 sideranda,
1576 1299 1675 1332 super
1699 1300 1782 1333 quae
1806 1289 1867 1322 ista
1891 1290 2039 1333 quaestio
2063 1298 2112 1322 est
2134 1289 2277 1323 fundata.
2295 1291 2445 1323 Primum

1378 1342 1438 1374 est,
1457 1332 1597 1377 qualiter
1620 1332 1781 1366 elementa
1804 1334 1937 1366 veniant
1961 1333 2001 1367 ad
2025 1334 2228 1368 mixtionem.
2254 1333 2444 1367 Secundum

1379 1386 1438 1418 est,
1455 1376 1627 1422 quomodo
1651 1376 1813 1410 elementa
1836 1386 1914 1410 sunt
1936 1378 1971 1410 in
1994 1378 2108 1411 mixto.

1425 1422 1520 1456 Circa
1532 1422 1678 1465 primum
1690 1421 1861 1455 sciendum
1880 1430 1940 1463 est,
1980 1421 2048 1455 uod
2071 1422 2253 1455 secundum
2272 1422 2358 1455 dicta
2376 1422 2446 1466 phi-

1379 1465 1599 1510 losophorum
1625 1466 1770 1509 primum
1790 1477 1928 1498 movens
1952 1434 2114 1499 elementa
2129 1466 2170 1499 ad
2187 1467 2380 1499 mixtionem
2397 1475 2446 1499 est

1380 1509 1604 1551 immiscibile3
1624 1518 1657 1543 et
1680 1509 1744 1542 hoc
1767 1518 1817 1542 est
1840 1511 1951 1554 ipsum
1975 1510 2102 1543 caelum
2125 1511 2193 1543 sive
2217 1519 2301 1543 astra
2324 1510 2388 1544 lata
2411 1511 2445 1543 in

1379 1555 1465 1599 ipso,
1478 1554 1569 1599 quod
1581 1563 1631 1587 est
1646 1553 1812 1587 diversum
1825 1565 1843 1586 a
1859 1563 1974 1587 natura
1987 1563 2129 1598 quatuor
2141 1554 2392 1596 elementorum,
2408 1563 2445 1587 ut

1380 1598 1556 1643 probatum
1579 1607 1629 1631 est
1645 1599 1678 1631 in
1695 1599 1710 1632 1
1730 1598 1765 1631 de
1782 1598 1873 1632 Caelo
1897 1604 1923 1631 et
1937 1598 2067 1632 Mundo.
2084 1599 2172 1632 Nam
2196 1600 2280 1632 sicut
2303 1598 2447 1632 ostendit

1380 1642 1604 1687 Philosophus
1627 1643 1662 1676 in
1687 1643 1702 1676 Ι
1725 1642 1946 1683 Meteororum,
1966 1643 2027 1676 iste
2051 1643 2195 1676 mundus
2220 1652 2361 1688 quatuor
2381 1643 2446 1676 ele-

1379 1696 1569 1721 mentorum
1592 1695 1642 1720 est
1657 1686 1697 1720 de
1717 1687 1908 1720 necessitate
1927 1687 1943 1704 *
1962 1687 2130 1728 continuus,
2147 1687 2231 1720 idest
2252 1688 2445 1731 contiguus,

1380 1744 1419 1766 su
1445 1731 1605 1766 erioribus
1629 1730 1786 1771 motibus,
1801 1739 1838 1764 ut
1861 1732 1970 1764 omnis
1994 1732 2097 1775 ipsius
2121 1732 2224 1765 virtus
2247 1732 2448 1775 gubernetur

1381 1744 1474 1818 indm
1487 1775 1657 1821 quiaillud
1671 1784 1802 1819 oportet
1813 1784 1927 1819 putare
1940 1776 2081 1820 primam
2090 1787 2233 1817 causam,
2244 1776 2334 1820 quod
2343 1777 2448 1809 omni-

1381 1821 1442 1854 bus
1457 1829 1506 1854 est
1524 1821 1725 1865 principium
1744 1828 1874 1852 motus:
1899 1820 1962 1853 tale
1979 1829 2090 1853 autem
2113 1829 2162 1853 est
2178 1821 2288 1864 ipsum
2309 1820 2446 1853 caelum.

1382 1866 1424 1900 Et
1446 1865 1522 1899 ideo
1546 1864 1668 1898 ibidem
1692 1863 1817 1905 subdit,
1858 1864 1925 1897 uod
1945 1876 2042 1897 causa
2058 1876 2174 1898 eorum
2194 1876 2277 1909 quae
2297 1864 2448 1898 accidunt

1382 1911 1466 1943 circa
1489 1910 1611 1953 ignem,
1635 1917 1753 1942 terram
1777 1917 1809 1941 et
1832 1909 1894 1942 aia
1917 1908 2094 1949 elementa,
2118 1918 2168 1942 est
2194 1909 2298 1941 virtus
2330 1920 2446 1942 eorum

1383 1966 1465 1999 quae
1478 1965 1609 1998 semper
1623 1961 1810 1986 moventur.
1822 1952 1918 1986 Unde
1931 1953 1965 1986 in
1978 1953 2096 1986 eodem
2113 1953 2192 1986 dicit
2207 1952 2297 1997 quod
2310 1952 2447 1997 sphaera

1381 1999 1467 2043 ignis
1492 2006 1645 2031 movetur
1668 1997 1882 2038 circulariter,
1910 2006 1942 2030 et
1964 1998 2062 2030 etiam
2086 1997 2223 2041 sphaera
2246 1998 2349 2038 aeris,
2373 1997 2449 2030 licet

1382 2055 1451 2076 non
1467 2051 1547 2082 tota,
1563 2053 1622 2087 per
1640 2050 1771 2119 rahptum
1786 2041 1993 2075 firmamenti.
2011 2041 2142 2075 Habent
2158 2042 2256 2074 etiam
2273 2041 2353 2075 aliae
2370 2041 2447 2075 stel-

1381 2087 1432 2121 lae
1448 2099 1463 2120 s
1489 2087 1623 2121 ecialem
1640 2098 1658 2119 e
1684 2094 1794 2119 ectum
1806 2087 1840 2119 in
1857 2085 1898 2119 ali
1922 2086 2019 2119 uibus
2032 2086 2218 2119 elementis:
2235 2086 2320 2119 sicut
2335 2085 2449 2130 sphae-

1382 2143 1417 2165 ra
1433 2143 1470 2165 so
1485 2132 1512 2164 is
1528 2132 1563 2164 in
1579 2142 1643 2175 qua
1660 2139 1708 2163 est
1725 2129 1862 2163 effectus
1875 2142 1911 2163 ca
1926 2131 2002 2171 oris,
2019 2139 2068 2163 est
2080 2139 2155 2163 nata
2170 2141 2304 2163 movere
2320 2131 2329 2162 i
2378 2142 2446 2170 em,

1382 2185 1415 2209 et
1438 2175 1576 2220 sphaera
1598 2174 1696 2208 lunae
1720 2183 1770 2207 est
1792 2183 1868 2207 nata
1890 2186 2024 2208 movere
2049 2186 2179 2219 aquam,
2200 2175 2285 2207 sicut
2308 2185 2325 2206 a
2371 2186 2446 2207 sen-

1382 2231 1457 2253 sum
1485 2228 1583 2264 patet.
1608 2218 1700 2252 Aliae
1731 2227 1842 2252 autem
1878 2219 2033 2263 sphaerae
2065 2219 2211 2263 quinque
2241 2218 2446 2262 planetarum

1381 2273 1475 2298 natae
1499 2272 1576 2297 sunt
1599 2274 1734 2296 movere
1757 2274 1883 2296 aerem:
1908 2272 1941 2296 et
1963 2263 2038 2296 ideo
2062 2274 2116 2296 aer
2139 2272 2189 2296 tot
2213 2262 2348 2296 diversis
2371 2274 2446 2296 mo-

1380 2308 1467 2342 tibus
1491 2316 1654 2341 movetur.
1674 2310 1733 2340 Est
1755 2308 1844 2340 enim
1866 2308 1902 2340 in
1920 2318 1994 2340 aere
2013 2307 2115 2351 frigus
2140 2306 2384 2351 congelativum
2408 2319 2447 2340 ex

1381 2353 1518 2398 sphaera
1535 2352 1677 2392 Satumi‚
1694 2360 1726 2385 et
1742 2360 1850 2385 aestus
1870 2364 1909 2384 ex
1925 2351 2062 2396 sphaera
2080 2352 2205 2392 Martis,
2222 2360 2254 2384 et
2273 2360 2338 2384 tem
2365 2352 2447 2384 eries

1381 2399 1415 2431 in
1450 2396 1556 2430 calido
1580 2409 1620 2430 ex
1642 2396 1779 2440 sphaera
1802 2397 1914 2437 Iovis,
1938 2405 1971 2429 et
1994 2396 2168 2440 temperies
2197 2396 2231 2428 in
2260 2395 2333 2440 frigi
2359 2407 2379 2429 o
2408 2407 2447 2439 ex

1381 2441 1518 2486 sphaera
1534 2441 1683 2482 Veneris,
1700 2440 1978 2474 commiscibilitas
1988 2439 2030 2474 et
2044 2439 2238 2485 passibilitas
2254 2439 2356 2473 facilis
2377 2450 2394 2465 α
2408 2452 2447 2473 ex

1381 2486 1518 2531 sphaera
1534 2486 1700 2519 Mercurii.
1718 2485 1863 2529 Sphaera
1887 2493 1997 2518 autern
2018 2484 2186 2518 stellarum
2208 2484 2346 2518 fixarum
2363 2496 2446 2528 quae

1381 2540 1431 2564 est
1453 2539 1569 2564 octava
1583 2530 1609 2571 *,
1625 2531 1659 2563 in
1676 2541 1740 2574 qua
1756 2538 1834 2563 sunt
1856 2529 1979 2563 multae
1995 2530 2154 2573 imagines
2174 2538 2207 2562 et
2221 2528 2356 2572 figurae,
2376 2540 2447 2562 mo-

1380 2584 1436 2609 vet
1458 2583 1594 2615 terram;
1616 2574 1704 2608 unde
1728 2583 1761 2607 et
1783 2574 1818 2607 in
1841 2574 1912 2618 ipsa
1934 2573 2117 2617 figurantur
2140 2574 2299 2617 imagines
2323 2572 2447 2606 multae

1381 2621 1416 2653 in
1435 2620 1606 2663 generatiS.
1631 2619 1723 2652 Licet
1746 2630 1825 2663 ergo
1849 2618 2011 2652 elementa
2041 2618 2125 2651 levia
2155 2629 2224 2651 non
2248 2617 2447 2651 descendant

1381 2676 1422 2698 ex
1444 2675 1490 2704 se,
1506 2675 1567 2697 nec
1589 2663 1701 2707 gravia
1724 2663 1901 2696 ascendant
1928 2675 1967 2696 ex
1990 2674 2042 2704 se,
2066 2671 2176 2695 tamen
2200 2674 2239 2695 ex
2261 2661 2446 2695 motoribus

1381 2707 1620 2742 universalibus
1641 2707 1867 2741 ordinantibus
1891 2716 2023 2740 motum
2046 2705 2222 2752 aliquando
2246 2706 2448 2740 descendunt

1381 2753 1465 2786 levia
1488 2761 1521 2786 et
1543 2751 1725 2786 ascendunt
1747 2752 1868 2796 gravia.
1890 2751 2093 2785 Huiusmodi
2112 2760 2223 2784 autem
2247 2752 2446 2784 conveniens

1381 2796 1570 2841 exemplum
1594 2805 1644 2829 est
1659 2797 1694 2829 in
1717 2795 1927 2841 qualitatibus
1944 2796 2057 2829 activis
2081 2804 2114 2828 et
2136 2795 2274 2839 passivis
2299 2796 2446 2838 corporis

1380 2842 1526 2875 animati.
1543 2842 1623 2875 Non
1646 2841 1736 2874 enim
1759 2841 1793 2873 in
1817 2840 1949 2873 animali
1973 2851 2103 2884 semper
2129 2848 2282 2872 movetur
2306 2838 2446 2872 calidum

1380 2885 1565 2919 secundum
1588 2894 1738 2918 naturam
1762 2886 1858 2928 ignis,
1874 2896 1935 2917 nec
1959 2885 2026 2928 agit
2049 2893 2158 2917 actum
2181 2884 2266 2927 ignis
2291 2884 2445 2923 omnino,

1380 2930 1438 2964 sed
1461 2931 1573 2975 potius
1596 2938 1750 2962 movetur
1775 2930 1810 2962 in
1833 2929 1867 2962 id
1890 2928 1930 2962 ad
1963 2927 2053 2973 quod
2077 2928 2227 2972 dirigitur
2250 2927 2289 2960 ab
2314 2928 2444 2967 anima,

1381 2983 1414 3008 et
1429 2975 1497 3018 agit
1516 2974 1556 3008 ad
1573 2975 1752 3007 terminum
1771 2973 1786 2990 *
1803 2982 1835 3006 et
1850 2972 1951 3006 finem
1968 2974 2130 3005 intentum
2146 2972 2185 3005 ab
2202 2983 2250 3012 ea,
2267 2972 2351 3004 sicut
2367 2971 2445 3004 Phi-

1379 3019 1542 3063 losophus
1567 3018 1645 3052 dicit
1665 3027 1777 3051 contra
1793 3016 2030 3061 Empedoclem
2051 3017 2085 3049 in
2107 3017 2140 3050 II
2156 3016 2190 3049 de
2211 3016 2338 3049 Anima.
2357 3016 2446 3049 Cum

1380 3072 1492 3096 autem
1515 3071 1626 3095 motus
1651 3062 1731 3095 caeli
1754 3070 1786 3094 et
1810 3073 1894 3105 opus
1918 3059 2052 3094 naturae
2085 3061 2127 3093 sit
2150 3071 2236 3104 opus
2259 3059 2444 3103 intelligen-

1380 3109 1443 3140 tiae
1473 3116 1510 3140 ut
1541 3106 1620 3140 dicit
1642 3105 1881 3149 Philosophus,
1909 3117 1977 3138 non
2008 3116 2138 3149 semper
2166 3113 2349 3148 sequuntur
2379 3103 2444 3137 ele-

1379 3160 1490 3185 menta
1513 3151 1685 3195 proprium
1704 3151 1867 3193 impetum
1891 3150 1942 3182 sui
1958 3158 2080 3189 motus,
2105 3148 2162 3181 sed
2179 3148 2354 3192 aliquando
2371 3159 2444 3181 mo-

1378 3196 1543 3229 vebuntur
1571 3196 1606 3227 in
1630 3194 1663 3227 id
1694 3193 1734 3227 ad
1765 3193 1856 3237 quod
1880 3205 1938 3237 per
1971 3193 2178 3226 voluntatem
2210 3192 2444 3236 intelligentiae

1379 3239 1570 3283 dirigentur,
1590 3239 1658 3271 sive
1681 3249 1741 3314 per
1763 3238 1918 3270 virtutem
1942 3237 2124 3277 stellarum,
2141 3237 2169 3269 si
2193 3236 2232 3270 de
2255 3236 2444 3287 propinquo

1378 3285 1446 3317 sive
1463 3283 1704 3316 instrumentai
1728 3290 1857 3314 motore
1873 3281 2058 3325 loquamur.
2077 3282 2151 3314 Hoc
2175 3289 2285 3314 autem
2308 3280 2444 3314 manife-

1379 3337 1467 3360 stum
1503 3335 1551 3360 est
1574 3338 1633 3371 per
1656 3326 1845 3370 exemplum
1881 3325 1921 3358 de
1944 3337 2066 3370 vapore
2102 3325 2244 3358 terrestri
2275 3324 2402 3358 elevato
2426 3337 2444 3358 a

1378 3381 1472 3412 terra,
1489 3372 1574 3404 sicut
1598 3371 1716 3404 dicitur
1739 3371 1773 3402 in
1793 3370 2036 3411 IMeteororum,
2055 3370 2112 3414 qui
2134 3380 2193 3413 per
2215 3370 2369 3402 virtutem
2392 3380 2446 3402 so-

1377 3416 1416 3448 lis
1448 3414 1593 3448 ascendit
1624 3414 1664 3447 ad
1696 3413 1834 3448 calidam
1864 3414 2034 3457 regionem
2065 3414 2169 3454 aeris,
2193 3422 2226 3447 et
2249 3413 2288 3447 de
2321 3424 2444 3457 vapore

312 3603 340 3636 οι)
360 3606 386 3629 et
399 3601 566 3635 passibilitas
579 3601 680 3636 facilis.
698 3614 717 3620 —·
727 3600 836 3634 fuderis
856 3600 897 3624 ed.
915 3606 950 3629 a,
970 3599 1041 3632 quod
1061 3599 1081 3623 C
1100 3599 1193 3623 omittit
1200 3606 1207 3629 ;
1227 3598 1262 3623 Pb
1282 3598 1372 3631 legunt
1390 3605 1450 3622 cum
1468 3598 1499 3623 Β.
1518 3597 1634 3622 Alberto.

2474 1693 2483 1701 '¹
2498 1691 2527 1712 de
2541 1691 2690 1713 necessitate

2473 1724 2521 1739 om.
2538 1724 2576 1739 ca.
2628 1733 2632 1738 .

2474 2535 2483 2544 '¹
2498 2533 2602 2555 secunda
2619 2534 2671 2555 cab.

2474 2978 2482 2985 ·
2498 2978 2588 2997 terram
2603 2982 2641 2998 ca.
