2690 4062
332 274 450 299 LXXXII

1040 255 1626 296 METEOROLOGICORUM
1655 255 1749 292 LIB.
1781 256 1812 292 II

913 475 1208 538 LECTIO
1245 478 1928 535 DECIMASEPTIMA

646 636 872 670 OPINIONES
894 635 1092 666 ALIORUM
1115 634 1172 664 DE
1197 632 1535 664 CORUSCATIONE
1558 632 1617 663 ET
1641 632 1872 664 TONITRUO
1896 634 2196 666 REFUTANTUR

327 782 449 812 Καίτοι
474 778 560 815 τινὲς
585 775 736 822 λέγουσιν
762 776 803 812 ὠς
822 774 854 805 ἐν
873 776 944 810 τοῖς
961 771 1090 826 νέφεσιν
1112 770 1284 827 ἐγγίνεται
1303 770 1366 812 πῦρ
1379 780 1386 788 ·
1442 772 1459 792 *
1475 773 1631 810 Quamvis
1653 773 1787 814 quidam
1808 774 1914 806 dicant
1932 776 2022 816 quod
2040 775 2073 806 in
2089 777 2228 807 nubibus
2248 776 2304 808 fiat
2320 777 2413 818 ignis,
2432 778 2520 810 hunc
2545 786 2560 799 ⁵
2583 790 2586 793 ·

395 824 499 856 τοῦτο
517 818 547 853 δ’
568 815 787 865 Εμπεδοκλῆς
812 817 872 862 μέν
890 828 986 860 φησιν
1004 827 1091 848 ειναι
1117 828 1158 848 το
1184 816 1389 859 εμπεριλαμ-

392 866 575 911 βαινόμενον
601 865 668 896 τῶν
694 864 755 896 τοῦ
781 864 876 899 ήλίου
904 859 1062 902 ἀκτίνων,
1088 858 1324 905 Ἀναξαγόρας
1349 858 1387 893 δὲ

392 912 453 945 τοῦ
480 909 602 943 ἄνωθεν
629 907 780 952 αἰθέρος,
808 907 824 938 ὃ
849 902 892 942 δή
918 906 1040 942 ἐκεῖνος
1072 906 1173 936 καλεῖ·
1195 907 1259 950 πῦρ
1283 917 1388 938 κατε-

390 954 502 1000 νεχθέν
531 952 653 986 ἄνωθεν
678 951 786 984 κάτω.
814 950 882 987 Τήν
903 949 962 993 μὲν
982 947 1039 981 οὖν
1056 944 1240 994 διάλαμψιν
1261 950 1388 994 ἀστρα-

390 1001 457 1036 πήν
475 996 560 1031 εἶναι
577 997 703 1030 τούτου
721 996 784 1028 τοῦ
803 994 917 1039 πυρὰς,
934 994 993 1026 τὸν
1011 989 1048 1026 δὲ
1065 993 1168 1037 ψόφον
1183 994 1387 1035 ἑναποσβεν-

388 1043 525 1088 νυμένου
550 1043 608 1073 καὶ
627 1041 690 1077 τήν
707 1039 791 1080 σίξιν
809 1039 967 1083 βροντήν,
986 1039 1027 1076 ὠς
1052 1036 1208 1080 καθάπερ
1227 1041 1387 1082 φαίνεται

387 1090 446 1120 καὶ
476 1086 669 1134 γινόμενον,
697 1084 786 1117 οὕτω
817 1085 875 1115 καὶ
908 1082 1071 1127 πρότερον
1105 1082 1169 1118 τήν
1203 1081 1385 1127 ἀστραπήν

391 1131 492 1165 οὖσαν
516 1132 578 1168 τῆς
604 1130 760 1174 βροντῆς.
788 1128 928 1174 Ἀλογος
946 1122 984 1159 δὲ
1008 1129 1066 1158 καὶ
1084 1127 1104 1164 ἡ
1125 1127 1187 1159 τοῦ
1213 1128 1313 1171 πυρός
1331 1129 1387 1171 ἑμ-

365 1175 571 1222 “περίλ·ηψις,
593 1172 786 1219 ἀμφοτέρως
811 1172 884 1216 μὲν,
911 1172 1041 1214 μᾶλλον
1066 1166 1097 1202 δ’
1119 1172 1139 1207 ’ἡ
1164 1172 1386 1210 κατάσπασις

390 1223 452 1254 τοῦ
479 1219 602 1253 ἄνωθεν
629 1217 772 1262 αἰθέρος·
799 1217 862 1250 τοῦ
889 1228 927 1248 τε
952 1216 1016 1272 γάρ
1041 1215 1138 1247 κάτω
1163 1215 1319 1261 φέρεσθαι
1344 1217 1386 1250 τδ

389 1264 532 1308 πεφυκὸς
559 1264 625 1296 ἅνω
657 1259 711 1294 δεῖ
732 1260 892 1307 λέγεσθαι
922 1273 987 1298 την
1017 1260 1134 1292 αἰτίαν
1150 1284 1159 1302 ,
1185 1263 1242 1292 καὶ
1267 1256 1328 1294 διαὶ
1352 1263 1385 1294 τί

387 1321 472 1343 ποτε
498 1309 604 1342 τοῦτο
628 1310 762 1353 γίνεται
786 1305 882 1338 καταῖ
906 1305 966 1337 τὸν
996 1304 1138 1350 οὐρανὸν
1166 1303 1251 1338 ὅταν
1277 1305 1388 1338 ἐπινέ-

386 1356 483 1398 φελον
509 1351 530 1393 ἦ
554 1351 674 1397 μόνον,
703 1351 774 1383 ἀλλ’
803 1351 841 1382 οὐ
867 1350 1012 1396 συνεχῶς
1041 1347 1167 1387 οὕτως·
1196 1349 1326 1394 αἰθρίας
1351 1345 1383 1382 δ’

386 1398 487 1436 οὔσης
511 1386 549 1430 οὗ
573 1399 724 1443 γίνεται·
751 1395 859 1427 τοῦτο
876 1394 941 1440 γάρ
959 1392 1184 1426 παντάπασιν
1211 1394 1317 1426 ἔοικεν
1342 1395 1386 1426 εἱ-

385 1442 506 1488 ρῆσθαι
531 1454 555 1474 π
578 1443 724 1495 οχείρως.
759 1440 898 1483 Ὁμοίως
922 1438 960 1470 δὲ
983 1439 1042 1470 καὶ
1070 1437 1110 1469 τὸ
1135 1439 1199 1475 τήν
1227 1439 1296 1471 ἀπὸ
1315 1440 1383 1472 τῶν

387 1485 530 1520 ἀκτίνων
555 1453 752 1530 θερμοτητα
776 1483 880 1528 φάναι
905 1483 970 1520 τήν
991 1481 1324 1528 ἀπολαμβανομένην
1350 1484 1384 1516 ὲν

384 1536 457 1569 τοῖς
486 1531 615 1575 νέφεσιν
646 1526 732 1562 εἶναι
756 1527 890 1560 τούτων
917 1528 1032 1560 αἰτίαν
1065 1526 1104 1558 οὐ
1137 1527 1299 1560 πιθανόν·
1325 1530 1384 1560 καὶ

384 1576 449 1623 γάρ
476 1575 573 1613 οὗτος
597 1575 613 1607 ὁ
641 1573 741 1620 λόγος
768 1571 991 1618 ἀπραγμόνως
1017 1573 1150 1612 εἴρηται
1173 1573 1270 1605 λίαν·
1299 1573 1384 1605 ἀπο-

384 1619 574 1665 κεκριμένον
600 1630 638 1650 τε
662 1618 726 1665 γάρ
747 1618 935 1662 ἀναγκαῖον
953 1613 1039 1648 εἶναι
1056 1615 1097 1647 τὸ
1116 1618 1228 1649 αἴτιον
1248 1615 1301 1650 ἀεὶ
1324 1620 1382 1649 καὶ

384 1664 563 1709 ὡρισμένον
589 1663 652 1700 τῆς
685 1674 723 1695 τε
753 1662 895 1706 βροντῆς
927 1663 986 1693 καὶ
1017 1660 1081 1697 τῆς
1113 1658 1294 1706 ἀστραπῆς
1325 1664 1383 1694 καὶ

385 1710 452 1742 τῶν
472 1709 581 1741 ἄλλων
601 1708 668 1739 τῶν
693 1704 874 1747 τοιούτων,
892 1708 949 1737 καὶ
971 1704 1062 1738 οὕτω
1079 1706 1243 1750 γίνεσθαι.
1270 1707 1382 1739 Τοῦτο

382 1749 422 1785 δὲ
445 1749 593 1798 διαφέρει
619 1752 800 1783 πλεῖστον·
828 1749 942 1794 ὅμοιον
967 1750 1030 1796 γάρ
1055 1749 1119 1781 κᾶν
1144 1752 1174 1782 εῑ
1198 1762 1249 1789 τις
1275 1753 1382 1784 οἴοιτο

384 1797 426 1830 τὸ
452 1795 536 1842 ὕδωρ
568 1798 627 1828 καὶ
652 1795 716 1832 τήν
741 1793 842 1840 χιόνα
872 1797 930 1827 καὶ
957 1794 1022 1830 τήν
1053 1793 1214 1840 χάλαζαν
1241 1795 1383 1840 ἐνυπάρ-

384 1854 495 1887 χοντα
512 1840 672 1886 πρότερον
692 1839 831 1893 ὕστερον
849 1838 1053 1883 ἐκκρίνεσθαι
1072 1841 1131 1871 καὶ
1150 1839 1197 1883 μὴ
1214 1839 1380 1887 γίνεσθαι,

383 1888 452 1919 οἷον
474 1886 541 1918 ὐπὸ
563 1890 660 1931 χεῖρα
679 1895 838 1921 ποιουσης
857 1884 909 1916 ἀεὶ
928 1883 991 1921 τῆς
1008 1885 1209 1929 συγκρίσεως
1235 1884 1381 1918 ἕκαστον

384 1931 516 1964 αὐτῶν·
535 1930 698 1966 ὡσαύτως
715 1930 780 1975 γσίρ
798 1926 911 1961 ἐκεῖνοί
930 1939 967 1960 τε
985 1931 1168 1974 συγκρίσεις
1185 1931 1244 1961 καὶ
1262 1930 1382 1963 ταῦτα

385 1970 565 2020 διακρίσεις
583 1971 800 2011 ὑποληπτέον
818 1969 917 2013 εἶναι,
939 1972 1019 2004 ὥστ’
1044 1973 1072 2004 εὶ
1089 1972 1220 2015 θάτερα
1246 1973 1381 2006 τούτων

382 2019 430 2064 μή
455 2022 602 2066 γίνεται,
630 2018 701 2051 ἀλλ’
722 2017 810 2057 ἔστι,
837 2019 909 2061 περὶ
936 2017 958 2049 ἀ
985 2016 1133 2061 φοτέρων
1159 2018 1174 2049 ὀ
1202 2019 1308 2056 αὐτὸς
1327 2020 1385 2064 αἱρ-

383 2063 477 2108 μόσει
501 2063 613 2110 λόγος.
647 2061 715 2098 Τήν
741 2060 772 2095 τ’
801 2060 950 2099 ἐναπόλη
979 2073 1007 2092 ιν
1033 2062 1066 2094 τί
1094 2060 1132 2094 ἂν
1164 2059 1381 2108 ἀλλοιότερον

381 2108 476 2155 λέγοι
502 2120 552 2146 τις
577 2107 598 2144 ἧ
622 2106 776 2151 καθάπερ
808 2106 842 2138 ἐν
868 2110 940 2144 τοῖς
965 2105 1200 2151 πυκνοτέροις;
1226 2110 1284 2140 καὶ
1315 2110 1381 2154 γεὶρ

383 2155 425 2185 τὸ
450 2148 534 2196 ὕδωρ
562 2150 628 2184 ond
653 2152 715 2184 τοῦ
741 2152 837 2187 ἡλίου
861 2151 919 2182 καὶ
944 2151 1006 2183 τοῦ
1032 2150 1132 2194 πυρὸς
1170 2155 1291 2184 ’ίνεται
1311 2153 1382 2198 θερ-

383 2199 467 2242 μὸν,
495 2195 567 2230 ἀλλ’
595 2194 683 2240 ὅμως
709 2194 792 2228 ὅταν
823 2194 925 2227 πάλιν
951 2196 1045 2237 συνίῃ
1076 2197 1134 2227 καὶ
1185 2196 1314 2242 ύχηται
1340 2199 1380 2230 τὸ

385 2237 469 2285 ὕδωρ
497 2240 722 2287 πηγνύμενον,
745 2235 906 2283 οὐδεμίαν
932 2239 1108 2282 συμβαίνει
1132 2241 1285 2286 γίνεσθαι
1310 2253 1382 2275 τοι·

384 2285 494 2323 αύτην
525 2285 694 2317 ἔκπτωσιν
726 2283 799 2317 οἷαν
833 2284 952 2316 ἐκεῖνον.
983 2283 1152 2330 λέγουσιν.
1190 2287 1314 2319 Καίτοι
1345 2286 1377 2334 γ’

383 2328 483 2375 ἑχρῆν
508 2329 603 2363 κατά
625 2328 727 2374 λόγον
755 2329 816 2360 τοῦ
835 2328 992 2374 μεγέθους
1011 2327 1076 2364 τήν
1100 2330 1190 2372 ζέσιν
1213 2335 1319 2363 ποιεῖν
1339 2332 1380 2364 τό

384 2373 596 2421 ἐγγινόμενον
618 2374 750 2416 πνεῦμα
777 2373 840 2405 ὐπὸ
862 2374 923 2405 τοῦ
943 2374 1055 2418 πυρός,
1076 2373 1115 2409 ἦν
1135 2374 1215 2407 οὗτε
1233 2370 1380 2408 δυνατὸν

384 2418 581 2464 ἐνυπάρχειν
608 2416 790 2462 πρότερον,
817 2415 892 2450 οὔτ’
921 2418 1040 2450 ἐκεῖνοι
1068 2418 1126 2450 τὸν
1153 2417 1257 2464 ψόφον
1289 2419 1380 2462 ζέσιν

383 2466 548 2503 ποιοῦσιν,
566 2462 654 2495 ἀλλά
671 2462 753 2502 σίξιν
765 2473 772 2480 ·
795 2461 868 2495 ἔστι
885 2456 923 2494 δὲ
939 2465 997 2494 καὶ
1016 2463 1037 2499 ἡ
1055 2461 1138 2503 σίξις
1155 2465 1257 2508 μικροὶ
1273 2463 1378 2507 ζέσις·

385 2507 492 2554 ᾐγαῖρ
525 2509 566 2539 ‘ro‘
597 2510 813 2548 προσπῖπτον
845 2511 982 2550 κρατεῖ,
1015 2506 1236 2552 σβεννύμενον
1263 2508 1380 2553 ταύτῃ

383 2551 459 2594 ζέον
485 2555 574 2583 ποιεῖ·
597 2552 656 2583 τὸν
682 2549 798 2594 ψόφον.

318 2595 390 2627 Εἰσὶ
414 2592 452 2627 δέ
476 2607 562 2633 τινες
587 2597 616 2626 οἳ
641 2594 705 2631 τήν
733 2595 932 2637 ἀστραπήν,
958 2594 1067 2640 ὥσπερ
1097 2596 1155 2628 καὶ
1179 2592 1379 2642 Κλείδημος,

385 2640 445 2672 οὐκ
469 2637 553 2671 εἶναί
578 2650 691 2682 φασιν,
719 2639 808 2671 ἀλλά
832 2638 1020 2683 φαίνεσθαι,
1047 2640 1313 2685 παρεικάζοντες
1339 2643 1381 2680 ὠς

385 2683 425 2717 τὰ
456 2683 562 2721 πάθος
597 2681 710 2726 ὅμοιον
745 2681 780 2715 ὂν
810 2685 869 2714 καὶ
901 2682 986 2716 όταν
1020 2685 1085 2720 τήν
1117 2683 1300 2718 θάλαττάν
1331 2698 1381 2724 τις

384 2722 494 2774 ῥάβδῳ
527 2727 663 2770 τύπτῃ·
689 2730 848 2771 φαίνεται
880 2729 944 2773 γοὶρ
975 2728 1016 2761 τὸ
1049 2723 1134 2774 ὕδωρ
1170 2727 1381 2771 ἀποστίλβον

385 2773 447 2810 τῆς
472 2772 610 2809 νυκτός·
639 2770 744 2810 οὕτως
777 2771 810 2804 ὲν
843 2774 887 2814 τῇ
913 2771 1031 2816 νεφέλῃ
1060 2773 1293 2828 ραπιζομένου
1318 2775 1381 2808 τοῦ

386 2817 485 2863 ὑγροῦ
516 2817 580 2852 τήν
611 2818 802 2859 φαντασίαν
835 2818 898 2855 τῆς
929 2819 1176 2861 λαμπροτητος
1205 2816 1291 2852 εἶναι
1316 2821 1381 2856 τήν

386 2859 579 2903 ἀστραπήν.
606 2860 709 2893 Οὗτοι
734 2860 792 2905 μὲν
819 2859 874 2893 οὖν
901 2861 993 2893 οὔπω
1019 2862 1171 2901 συνήθεις
1196 2861 1285 2901 ἦσαν
1302 2868 1380 2902 ταῖς

385 2907 457 2950 περὶ
483 2905 545 2942 τῆς
572 2904 788 2942 ἀνακλάσεως
812 2900 940 2947 δόξαις,
961 2904 1041 2950 ὅπερ
1067 2909 1178 2941 αἴτιον
1203 2903 1299 2941 δοκεῖ
1317 2909 1380 2941 τοῦ

385 2948 544 2983 τοιούτου
570 2948 696 2986 πάθους
720 2945 823 2980 εἶναι·
850 2952 1009 2994 φαίνεται
1026 2952 1092 2996 γάρ
1118 2953 1159 2984 τό
1178 2947 1263 2998 ὕδωρ
1289 2955 1382 2986 στίλ·

386 2994 452 3034 βειν
472 2992 695 3038 τυπτόμενον,
717 2994 954 3038 ἀνακλωμένης
981 2996 1036 3027 ὐπ’
1059 2995 1170 3028 αὐτοῦ
1196 2998 1259 3035 τῆς
1277 2996 1381 3041 ὅψεως

386 3037 467 3092 πρός
488 3049 522 3069 τι
539 3038 606 3070 τῶν
622 3036 802 3082 λαμπρῶν·
829 3034 882 3071 διό
899 3042 956 3071 καὶ
974 3041 1108 3085 γίνεται
1127 3041 1234 3073 τοῦτο
1252 3043 1380 3084 μᾶλλον

384 3093 531 3126 νυκτωρ·
558 3082 621 3119 τῆς
645 3083 709 3128 γάρ
735 3081 861 3126 ἡμέρας
887 3084 924 3115 οὗ
949 3085 1109 3127 φαίνεται
1134 3080 1194 3117 διά
1218 3085 1259 3118 τὸ
1278 3085 1380 3118 πλέον

387 3125 430 3158 ὂν
447 3127 487 3158 τὸ
512 3124 634 3172 φέγγος
659 3128 699 3159 τὸ
725 3127 786 3164 τῆς
813 3127 939 3172 ἡμέρας
968 3128 1152 3172 ἀφανίζειν.
1179 3131 1230 3162 'roe
1247 3131 1306 3175 μὲν
1325 3129 1381 3163 οὖν

383 3169 550 3216 λεγόμενα
576 3173 648 3214 περὶ
674 3171 815 3215 βροντῆς
839 3174 896 3204 καὶ
917 3173 1098 3217 ἀστραπῆς
1117 3175 1212 3217 παραὶ
1237 3175 1304 3206 τῶν
1325 3175 1382 3206 ἄλ-

383 3216 449 3244 λων
474 3214 574 3246 ταῦτ’
598 3214 683 3255 ἐστὶ,
703 3215 770 3246 τῶν
794 3217 853 3260 μὲν
878 3215 933 3248 ὅτι
960 3218 1145 3255 ἀνάκλασις
1163 3219 1184 3255 ν’)
1203 3218 1381 3263 ἀστραπή,

387 3258 452 3289 τῶν
477 3253 505 3288 δ’
535 3257 588 3291 ὅτι
614 3260 712 3299 πυρός
739 3259 797 3302 μὲν
823 3260 843 3296 ’ἦ
871 3261 1033 3306 ἀστραπή
1068 3261 1271 3307 διάλαμψις,
1299 3264 1319 3299 ἦ
1345 3262 1382 3296 δὲ

387 3301 512 3345 βροντή
537 3301 661 3343 σβέσις,
682 3302 740 3334 οὐκ
766 3304 980 3350 ἐγγινομένου
1006 3307 1083 3350 παρ’
1107 3307 1253 3339 ἕκαστον
1275 3306 1382 3346 πάθος

388 3346 450 3377 τοῦ
476 3346 588 3388 πυρᾶς,
609 3347 680 3380 ἀλλ’
703 3347 972 3393 ἐνυπάρχοντος·
999 3351 1094 3394 ἡμεῖς
1120 3346 1158 3383 δέ
1182 3362 1288 3395 φαμεν
1317 3353 1381 3388 τήν

389 3386 497 3425 αὐτὴν
523 3386 607 3421 εἶναι
638 3390 732 3433 φύσιν
759 3392 814 3423 ἐπὶ
839 3394 899 3435 μὲν
933 3394 994 3431 τῆς
1019 3394 1082 3440 γῆς
1114 3395 1259 3439 ἄνεμον,
1287 3396 1319 3428 ὲν
1344 3391 1382 3428 δὲ

389 3433 433 3474 τῇ
457 3433 501 3478 γῇ
527 3436 682 3478 σεισμόν,
710 3435 742 3467 ἐν
767 3430 804 3467 δέ
831 3441 902 3474 τοῖς
932 3437 1041 3482 νέφεσι
1072 3438 1234 3482 βροντήν·
1262 3439 1381 3473 πάντα

413 3477 452 3519 ἀρ
476 3473 562 3508 εἶναι
587 3479 703 3510 ταῦτα
730 3481 792 3515 τήν
826 3481 943 3512 οὐσίαν
977 3480 1129 3524 ταύτὸν,
1158 3482 1381 3528 ἀναθυμίασιν

387 3487 503 3563 ξηράν,
523 3521 544 3557 ἦ
569 3522 690 3565 ῥέουσα
714 3523 773 3566 μέν
800 3536 869 3562 πως
897 3525 1015 3569 ἄνεμός
1035 3526 1141 3567 ἐστιν,
1161 3523 1221 3559 ὡδὶ
1239 3524 1275 3560 δέ
1295 3532 1385 3561 ποιεῖ

389 3565 468 3601 τους
493 3566 659 3609 σεισμούς,
687 3564 719 3598 ἐν
744 3563 780 3598 δέ
807 3573 876 3605 τοῖς
902 3568 1010 3613 νέφεσι
1036 3571 1304 3614 μεταβάλλουσα
1330 3572 1384 3604 έκ-

386 3607 581 3652 κρινομένη,
608 3609 787 3642 συνιόντων
819 3614 875 3643 καὶ
905 3614 1169 3659 συγκρινομένων
1196 3616 1310 3649 αὐτῶν
1336 3617 1381 3653 εἱς

1509 824 1618 848 autem
1633 817 1847 857 Empedocles
1861 819 1994 860 quidem
2010 820 2053 851 ait
2067 820 2280 862 interceptum
2303 831 2371 853 esse
2386 823 2426 854 de
2441 823 2520 854 solis

1509 861 1619 900 radiis,
1643 864 1847 902 Anaxagoras
1870 870 1980 894 autem
2003 862 2043 896 de
2066 874 2106 896 eo
2129 865 2186 906 qui
2209 866 2347 907 desuper
2373 867 2518 907 aethere,

1509 906 1599 946 quod
1623 905 1720 936 etiam
1741 906 1795 937 ille
1817 914 1912 938 vocat
1933 908 2041 948 ignem
2060 909 2203 940 delatum
2225 920 2244 941 a
2266 911 2404 952 desuper
2427 912 2519 943 deor-

1509 960 1592 980 sum.
1617 950 1823 981 Micationem
1851 951 1982 995 quidem
2011 953 2118 994 igitur*
2135 954 2232 985 huius
2263 955 2344 995 ignis
2367 965 2436 987 esse
2462 962 2518 988 co-

1508 993 1734 1034 ruscationem,
1758 1004 1877 1026 sonum
1900 1002 2008 1027 autem
2035 997 2122 1028 intus
2144 998 2271 1030 extincti
2298 1006 2330 1031 et
2353 999 2445 1031 sixim
2467 1007 2518 1032 to-

1509 1038 1670 1076 nitruum,
1693 1046 1848 1080 tanquam
1871 1040 1952 1072 sicut
1984 1041 2110 1072 videtur
2141 1041 2277 1081 factum,
2301 1044 2346 1075 sic
2367 1050 2400 1075 et
2428 1044 2518 1086 prius

1510 1083 1688 1114 coruscatio
1716 1083 1752 1114 fit
1781 1084 1935 1116 tonitruo.
1970 1085 2195 1117 irrationabilis
2225 1087 2359 1128 quidem
2380 1094 2414 1120 et
2432 1089 2517 1130 ἱρὴ
2548 1119 2549 1122 ,

1508 1127 1707 1168 interceptio,
1732 1134 1871 1170 utroque
1892 1130 1993 1160 modo
2009 1129 2153 1171 quidem,
2169 1131 2271 1171 magis
2293 1138 2402 1164 autem
2417 1132 2519 1165 duo-

1509 1171 1572 1202 ctio
1588 1171 1657 1203 eius
1671 1171 1728 1213 qui
1746 1173 1884 1213 desuper
1898 1171 2043 1205 aetheris.
2067 1174 2176 1212 Quare
2191 1175 2279 1206 enim
2292 1172 2415 1208 feratur*
2425 1177 2517 1213 deoru

1509 1225 1583 1246 sum
1606 1223 1718 1247 natum
1741 1226 1889 1256 sursum,
1918 1225 2046 1259 oportet
2069 1219 2131 1250 dici
2161 1227 2308 1259 causam,
2332 1227 2365 1252 et
2386 1221 2518 1269 propter
2556 1220 2558 1222 ’
2601 1214 2611 1219 ”
2639 1218 2642 1219 ’

1504 1260 1584 1301 quid
1605 1260 1779 1302 aliquando
1802 1261 1866 1293 hoc
1883 1261 1920 1293 fit
1935 1262 2016 1294 circa
2031 1263 2156 1294 caelum
2173 1262 2305 1306 quando
2327 1274 2350 1296 n

1508 1304 1605 1336 fuerit
1627 1311 1763 1344 tantum,
1787 1306 1843 1336 sed
1866 1315 1933 1336 non
1956 1306 2109 1338 continue
2131 1307 2192 1339 sic:
2218 1309 2384 1341 serenitate
2402 1315 2516 1342 aum

1509 1349 1660 1380 existente
1674 1359 1743 1380 non
1765 1349 1815 1381 fit:
1839 1350 1903 1382 hoc
1917 1351 2004 1381 enim
2020 1351 2156 1383 omnino
2164 1352 2296 1384 videtur
2308 1350 2432 1386 dicum
2444 1361 2516 1391 'esse

1507 1393 1632 1425 festine.
1663 1393 1814 1425 Similiter
1836 1401 1944 1426 autem
1968 1402 1999 1426 et
2021 1395 2125 1427 dicere
2147 1405 2237 1436 eam,
2261 1406 2345 1439 quae
2367 1407 2386 1429 a
2407 1392 2515 1439 radiis,

1507 1438 1716 1479 interceptam
1739 1438 1930 1470 caliditatem
1945 1439 1979 1470 in
1995 1440 2135 1472 nubibus
2155 1451 2223 1472 esse
2238 1441 2359 1473 horum
2373 1438 2516 1484 eausam,
2560 1447 2563 1451 ’

1509 1493 1576 1513 non
1593 1480 1772 1524 probabile:
1797 1483 1915 1515 etenim
1935 1483 1993 1515 iste
2009 1493 2115 1516 sermo
2135 1484 2516 1531 irrationabiliter*de
2562 1514 2572 1521 .

1508 1533 1555 1565 est
1577 1527 1678 1559 valde.
1710 1527 1912 1568 Segregatam
1942 1528 2029 1559 enim
2059 1529 2273 1561 necessarium
2295 1534 2517 1564 essemus-m

1507 1581 1634 1612 semper
1655 1577 1687 1602 et
1709 1571 1961 1611 determinatam,
1978 1579 2114 1614 et‘quae
2137 1571 2282 1613 tonitrui,
2305 1581 2337 1606 et
2351 1571 2517 1617 9112431-

1506 1615 1707 1654 ῐυεειῐὶοῐιίε,
1731 1622 1763 1647 et
1780 1615 1918 1648 aliorum
1940 1617 2064 1656 talium,
2088 1624 2120 1649 et
2141 1618 2187 1649 sic
2208 1618 2286 1650 fieri.
2310 1616 2516 1652 Hostum

1507 1659 1610 1691 differt
1631 1660 1829 1700 plurimum
1852 1660 1955 1692 simile
1978 1661 2066 1692 enim
2082 1662 2208 1704 utique,
2227 1670 2259 1703 et
2280 1662 2307 1694 si
2329 1662 2404 1705 911
2412 1659 2517 1706 ’φάη

1507 1714 1625 1746 aquam
1649 1711 1680 1736 et
1702 1704 1810 1735 nivem
1833 1711 1865 1736 et
1886 1705 2074 1746 grandinem
2095 1705 2317 1738 inexistentem
2330 1704 2433 1749 prins,
2448 1716 2515 1750 :poa

1469 1781 1472 1784 ,
1505 1749 1620 1780 sterius
1643 1748 1798 1789 segregari
1821 1755 1853 1780 et
1875 1759 1943 1780 non
1965 1749 2052 1789 fieri,
2074 1750 2164 1790 velut
2185 1748 2515 1793 hypotheofideoe

1506 1803 1633 1834 semper
1662 1793 1882 1832 concretione,
1915 1794 2176 1836 unumquodque
2202 1794 2515 1836 ipsorumzvno'dem

1505 1837 1593 1869 enim
1607 1837 1708 1869 modo
1731 1843 1764 1868 et
1785 1837 1839 1869 illa
1861 1838 2090 1878 concretiones,
2113 1845 2146 1870 et
2165 1839 2258 1871 haec>
2290 1839 2304 1847 “’
2422 1840 2433 1849 ⁴

1505 1881 1751 1914 existimandum
1775 1892 1855 1921 esse,
1871 1892 1969 1924 quare
1995 1882 2023 1914 si
2047 1883 2146 1915 altera
2169 1884 2290 1915 horum
2306 1883 2514 1927 nonan-e,

1505 1927 1561 1958 sed
1584 1933 1676 1965 sunt,
1700 1926 1741 1957 de
1763 1927 1922 1958 ambobus
1945 1927 2058 1959 eadem
2081 1935 2236 1969 congruet
2263 1929 2360 1961 ratio·-
2383 1925 2516 1962 husie-s

1505 1971 1716 2013 ptionemque
1745 1970 1877 2012 aliquid.
1896 1971 2015 2013 utique'
2031 1971 2133 2014 magis
2164 1973 2302 2004 alterum
2323 1972 2414 2006 ‘dicet
2427 1973 2514 2016 ὲᾳίι

1505 2025 1605 2057 quam
1631 2015 1911 2057 quemadmodum
1936 2016 1971 2047 in
1993 2014 2216 2058 spissioribus?
2237 2015 2515 2061 Etenimmqurs

1505 2060 1573 2092 sole
1589 2066 1621 2091 et
1635 2060 1675 2091 ab
1694 2059 1768 2100 igne
1781 2059 1818 2091 fit
1833 2059 1950 2099 calida;
1969 2061 2026 2092 sed
2039 2067 2147 2093 tamen
2165 2071 2241 2093 cum
2258 2061 2529 2096 itemmcm·
2558 2093 2561 2099 ,

1504 2111 1537 2136 et
1550 2103 1750 2145 inffigidetur
1771 2114 1855 2146 aqua
1869 2105 2048 2146 coagulata,
2064 2105 2188 2137 nullam
2205 2105 2320 2139 accidit
2328 2105 2401 2139 'fleri
2410 2102 2515 2140 tsi-it

1505 2147 1762 2187 excandentiam',
1785 2149 1916 2190 qualem
1944 2149 1990 2181 illi
2013 2149 2132 2182 dicunt.
2165 2150 2323 2188 Quamvis
2374 2149 2378 2154 ’
2420 2148 2425 2155 ’

1506 2193 1685 2225 secundum
1703 2193 1861 2224 rationem
1883 2193 2112 2234 magnitudinis
2135 2194 2411 2228 fervorem-faeere
2425 2194 2514 2240 spis*

1505 2245 1577 2269 tum
1593 2238 1680 2269 intus
1695 2237 1816 2270 factum
1829 2238 1869 2269 ab
1885 2237 1968 2279 igne,
1985 2248 2084 2280 quem
2099 2249 2167 2271 non
2182 2239 2514 2280 possibileinnisten

1504 2282 1607 2323 prius:
1632 2292 1738 2324 neque
1760 2282 1806 2313 illi
1830 2292 1949 2313 sonum
1973 2281 2132 2315 fervorem
2162 2283 2300 2324 faciunt,
2328 2284 2384 2316 sed
2406 2283 2511 2317 sitim.

1504 2327 1561 2358 Est
1584 2333 1691 2358 autem
1716 2325 1789 2357 sixis
1813 2337 1909 2368 parva
1937 2326 2082 2366 bullitio;
2106 2338 2171 2370 qua
2194 2327 2281 2359 enim
2302 2328 2394 2371 quod
2416 2329 2516 2362 extin-

1503 2371 1612 2412 guitur
1633 2371 1775 2403 incidens
1799 2371 1972 2403 obtinuerit
1994 2371 2054 2404 hac
2076 2372 2213 2404 bulliens
2237 2372 2312 2405 facit
2336 2382 2466 2406 sonum.

1437 2600 1519 2632 Sunt
1534 2606 1642 2631 autem
1662 2598 1794 2640 quidam
1817 2598 1874 2640 qui
1898 2599 2163 2638 coruscationem,
2187 2599 2269 2632 sicut
2286 2606 2318 2632 et
2331 2599 2510 2642 Clidemus,

1504 2654 1571 2675 non
1594 2653 1662 2675 esse
1685 2643 1786 2682 aiunt,
1810 2643 1866 2674 sed
1888 2643 2002 2682 videri,
2026 2643 2235 2675 assimilantes
2257 2650 2413 2687 tanquam
2434 2654 2511 2686 pas-

1504 2689 1552 2719 sio
1577 2688 1617 2719 sit
1639 2685 1751 2719 similis
1775 2694 1806 2719 et
1829 2687 1960 2729 quando
1984 2697 2071 2719 mare
2094 2688 2166 2730 quis
2188 2688 2276 2730 virga
2302 2689 2514 2731 percusserit:v

1503 2733 1630 2764 videtur
1658 2731 1745 2763 enim
1773 2742 1856 2774 aqua
1887 2731 2040 2773 effulgens
2069 2739 2181 2764 nocte:
2213 2732 2256 2764 sic
2286 2739 2318 2766 et
2342 2733 2376 2765 in
2406 2734 2509 2775 nube,

1504 2777 1619 2818 raptim
1647 2783 1739 2807 moto
1767 2775 1920 2815 humido,
1949 2777 2168 2818 apparentiam
2196 2776 2328 2819 fulgoris
2358 2787 2426 2810 esse
2455 2786 2510 2811 co-

1479 2859 1484 2862 ·
1503 2821 1727 2853 ruscationem.
1752 2820 1805 2852 Isti
1824 2820 1956 2863 quidem
1972 2821 2069 2863 igitur
2091 2821 2240 2853 nondum
2258 2821 2403 2854 consueti
2421 2829 2511 2856 eram

1504 2866 1570 2905 his,
1599 2875 1682 2908 quae
1710 2865 1749 2896 de
1777 2865 1980 2905 refractione,
2009 2865 2232 2907 opinionibus,
2259 2866 2351 2908 quod
2375 2866 2509 2909 quidem

1502 2911 1628 2942 videtur
1655 2919 1750 2942 causa
1776 2909 1846 2941 talis
1873 2909 2030 2950 passionis
2057 2919 2134 2942 esse.
2158 2909 2293 2942 Videtur
2315 2909 2402 2942 enim
2425 2920 2509 2988 sh-
2560 2946 2563 2948 ,

2467 2920 2509 2944 u·

1504 2955 1624 2995 fulgere
1646 2964 1806 2995 percussa,
1830 2953 1963 2986 refracto
1986 2955 2026 2986 ab
2049 2954 2118 2995 ipsa
2139 2954 2209 2986 visu
2233 2955 2274 2986 ad
2292 2954 2427 2997 aliquod

1503 3000 1673 3040 gidorum;
1703 3005 1833 3040 propter
1859 2999 1949 3040 quod
1977 3005 2009 3030 et
2034 2997 2071 3030 fit
2098 2999 2160 3030 hoc
2189 2999 2290 3040 magis
2317 3006 2428 3032 nocte:
2457 2999 2510 3032 dl·

1503 3044 1590 3075 enim
1613 3053 1679 3074 non
1703 3043 1838 3081 videtur,
1862 3043 1938 3084 quia
1961 3043 2100 3084 amplius
2122 3043 2233 3075 lumen
2249 3043 2396 3084 existens,
2417 3044 2510 3087 quod

1504 3088 1565 3119 diei
1590 3087 1784 3119 exterminat.
1813 3087 1904 3126 Quae
1928 3087 2060 3129 quidem
2082 3087 2179 3129 igitur
2205 3088 2356 3121 dicuntur
2376 3089 2417 3120 ab
2439 3087 2509 3121 aliis

1504 3139 1535 3164 et
1558 3132 1596 3163 de
1620 3132 1763 3164 tonitruo
1787 3138 1819 3163 et
1841 3132 1881 3163 de
1904 3132 2134 3171 coruscatione,
2157 3132 2236 3164 haec
2254 3139 2347 3173 sunt;
2369 3133 2419 3165 his
2436 3132 2509 3176 qui-
2556 3160 2558 3162 .
2611 3126 2617 3154 3]

1504 3177 1595 3215 dem,
1624 3176 1699 3218 quia
1722 3176 1867 3208 rest-actio
1891 3176 2084 3217 coruscatio,
2108 3177 2157 3208 his
2184 3183 2293 3208 autem
2322 3176 2399 3220 quia
2426 3176 2509 3219 ignis

1504 3221 1636 3263 quidem
1659 3220 1859 3262 perlustratio
1875 3221 2064 3259 coruscatio,
2088 3221 2268 3253 tonitruum
2285 3228 2395 3254 autem
2409 3221 2508 3267 extist-

1505 3265 1588 3305 ctio;
1617 3275 1683 3296 non
1711 3265 1797 3296 intus
1825 3265 1908 3296 facto
1937 3265 2116 3296 secundum
2146 3275 2410 3308 unamquamque
2437 3274 2508 3308 pos-

1504 3310 1629 3340 sionem
1658 3309 1745 3350 igne,
1767 3309 1823 3340 sed
1846 3309 2041 3341 inexistente.
2065 3310 2133 3341 Nos
2157 3317 2265 3342 autem
2280 3310 2415 3342 dicimus
2434 3319 2508 3343 ean·

1505 3354 1578 3384 dem
1602 3363 1669 3384 esse
1697 3360 1842 3385 naturam
1871 3363 1967 3395 super
1993 3358 2108 3385 terram
2135 3354 2268 3396 quidem
2296 3361 2447 3395 ventum,
2473 3353 2508 3386 in

1504 3405 1585 3429 terra
1600 3404 1708 3429 autem
1722 3404 1964 3436 terraemotum,
1980 3397 2013 3429 in
2033 3398 2171 3430 nubibus
2187 3405 2294 3430 autem
2311 3399 2506 3431 tonitruum:

1505 3442 1614 3472 omnia
1643 3442 1727 3473 enim
1758 3452 1825 3473 esse
1854 3441 1932 3474 haec
1960 3442 2136 3474 secundum
2166 3443 2374 3475 substantiam
2401 3443 2506 3483 idem,

1505 3486 1736 3517 exhalationem
1749 3486 1876 3525 siccam,
1887 3496 1969 3530 quae
1986 3486 2088 3518 fluens
2103 3487 2235 3529 quidem
2247 3487 2382 3529 qualiter
2392 3493 2506 3519 ventus

1506 3537 1569 3569 est,
1598 3530 1641 3561 sic
1669 3538 1776 3562 autern
1805 3530 1878 3562 facit
1908 3538 2136 3571 terraemotus,
2165 3531 2198 3562 in
2229 3532 2368 3563 nubibus
2398 3537 2506 3563 autem

1505 3574 1689 3615 disgregata,
1707 3574 1967 3606 convenientibus
1980 3582 2011 3607 et
2022 3575 2218 3616 congregatis
2234 3575 2310 3617 ipsis
2326 3576 2359 3607 in
2376 3584 2505 3618 aquam,

1505 3618 1645 3649 tonitrua
1669 3625 1699 3650 et
1721 3619 1956 3651 coruscationes
1980 3626 2011 3651 et
2033 3629 2108 3651 cum
2130 3619 2180 3651 his
2199 3619 2259 3651 alia
2275 3626 2405 3652 naturae
2423 3619 2507 3651 eius-
