2782 4134
1060 279 1172 316 CAP.
1202 279 1307 326 XIV,
1338 278 1490 315 LECT.
1519 277 1645 314 XXVI
2372 291 2447 327 217

839 493 1140 551 LECTIO
1178 495 1868 552 VIGESIMASEXTA

675 663 800 702 QUOD
824 663 972 694 TERRA
995 663 1062 693 SIT
1087 663 1129 693 IN
1153 663 1292 694 MEDIO
1315 664 1455 695 MUNDI
1480 666 1735 704 QUIESCENS,
1759 666 1994 698 PROBATUR
2009 683 2027 690 -

816 721 935 752 VERA
957 720 1096 750 ETIAM
1121 719 1263 751 CAUSA
1287 720 1382 751 EIUS
1408 721 1580 758 QUIETIS
1605 722 1886 754 OSTENDITUR

247 863 364 907 “Ημεῖς
389 855 427 893 δὲ
442 858 594 906 λέγωμεν
613 859 745 902 πρῶτον
764 856 909 902 πότερον
933 856 1003 902 ἔχει
1027 860 1154 894 κίνησιν
1173 857 1193 894 ἦ
1213 856 1322 900 μένει·

252 949 408 994 καθάπερ
440 949 505 995 γοίρ
538 950 698 992 εἴπομεν,
730 949 759 979 οἱ
788 947 848 992 μὲν
881 946 992 982 αὐτήν
1027 946 1060 978 ἓν
1092 946 1158 978 τῶν
1193 946 1324 990 ἄστρων

321 994 494 1034 ποιοῦσιν,
521 995 551 1025 οἰ
576 988 605 1024 δ’
635 993 691 1024 ἐπὶ
718 993 780 1023 τοῦ
810 990 914 1036 μέσου
939 990 1053 1029 θέντες
1082 990 1237 1023 ἴλλεσθαι
1265 991 1324 1022 καὶ

319 1037 483 1072 κινεῖσθαί
508 1049 590 1082 φασι
615 1038 690 1081 περὶ
714 1037 775 1069 τὸν
802 1035 908 1069 πόλον
934 1034 1048 1080 μέσον.

246 1084 323 1119 Ὀτι
347 1079 376 1115 δ’
400 1084 491 1115 ἐστὶν
519 1078 708 1123 ἀδύνατον,
727 1077 832 1118 δῆλον
855 1081 1021 1120 λαβοῦσιν
1048 1079 1156 1125 ἀρχὴν
1174 1081 1215 1118 ὠς
1234 1081 1325 1123 εἴπερ

320 1127 460 1174 φέρεται
484 1125 546 1160 εἴτ’
569 1127 668 1164 ἐκτὸς
696 1124 780 1158 οὖσα
806 1126 868 1159 τοῦ
893 1124 996 1168 μέσου
1023 1126 1084 1158 εἴτ’
1109 1125 1163 1157 ἐπὶ
1189 1125 1252 1158 τοῦ
1269 1123 1326 1167 μέ-

321 1185 395 1214 σου,
415 1172 603 1228 οἱναγκαῖον
630 1170 742 1207 αὐτήν
769 1171 826 1212 βία
850 1169 1016 1202 κινεῖσθαι
1034 1169 1169 1207 ταύτην
1187 1169 1252 1206 τήν
1277 1170 1325 1199 κί-

295 1228 499 1258 „ww-rou
523 1217 589 1272 γάρ
615 1216 726 1254 αὐτῆς
750 1228 789 1262 γε
814 1216 878 1254 τῆς
903 1215 966 1272 γῆς
989 1213 1098 1248 ἐστίν·
1125 1216 1184 1246 καὶ
1201 1214 1266 1260 γσὶρ
1285 1211 1325 1245 ἆὶν

268 1262 271 1263 ’
321 1264 388 1296 τῶν
415 1264 536 1307 μορίων
562 1262 709 1294 ἕκαστον
735 1259 872 1298 ταύτην
891 1272 960 1304 ειχε
983 1260 1048 1297 τήν
1066 1259 1189 1304 φοράν·
1215 1260 1271 1290 νῦν
1292 1253 1322 1288 δ’

321 1308 373 1341 ἐπ’
403 1305 533 1344 εὐθείας
559 1305 679 1338 πάντα
708 1305 849 1349 φέρεται
881 1307 961 1360 πρὸς
988 1305 1029 1338 τὸ
1053 1303 1167 1347 μέσον.
1205 1303 1325 1349 Διόπερ

324 1353 388 1398 οὐχ
413 1350 517 1384 οἱόντ’
548 1346 656 1384 ἀίδιον
685 1347 792 1391 εἶναι,
819 1351 929 1390 βίαιον
954 1351 985 1397 γ’
1014 1347 1118 1381 οὖσαν
1147 1350 1205 1380 καὶ
1231 1349 1328 1392 παραὶ

321 1397 436 1443 φύσιν·
463 1397 484 1434 ’ἡ
510 1390 548 1428 δέ
571 1408 610 1442 γε
635 1396 699 1428 τοῦ
723 1394 852 1439 κόσμου
878 1394 975 1436 τοίξις
1003 1391 1110 1432 ἀίδιός
1137 1391 1244 1426 ἐστιν.

246 1486 326 1520 Ἔτι
351 1484 470 1519 πάντα
495 1484 543 1518 τοὶ
566 1483 734 1529 φερόμενα
759 1483 824 1520 τήν
845 1483 948 1528 φοροὶν
967 1483 1031 1520 τήν
1050 1481 1225 1528 ἐγκύκλιον
1245 1484 1327 1515 ὐπο-

319 1529 510 1574 λειπόμενα
534 1531 694 1573 φαίνεται
717 1529 777 1560 καὶ
801 1529 983 1571 κινούμενα
1010 1529 1143 1565 πλείους
1169 1529 1247 1572 μιᾶς
1271 1539 1327 1571 φο-

322 1575 381 1619 ρᾶς
411 1574 475 1616 ἔξω
509 1575 572 1612 τῆς
605 1571 740 1618 πρώτης
765 1575 931 1627 σςραίρας,
961 1571 1051 1605 ὥστε
1083 1575 1141 1604 καὶ
1174 1572 1238 1609 τήν
1262 1573 1326 1619 γῆν

324 1618 536 1665 ἀναγκαῖον,
563 1620 632 1650 εἴτε
663 1619 738 1659 περὶ
762 1629 804 1650 το
833 1617 936 1662 μέσον
961 1618 1022 1650 εἴτ’
1053 1618 1109 1649 ἐπὶ
1134 1619 1197 1649 τοῦ
1223 1617 1326 1661 μέσου

321 1663 458 1708 κειμένη
491 1663 651 1708 φέρεται,
684 1657 747 1694 δύο
778 1661 943 1695 κινεῖσθαι
975 1661 1091 1707 φοράς.
1127 1661 1260 1694 Τούτου
1290 1657 1328 1694 δὲ

321 1721 361 1742 συ
390 1708 568 1748 βαίνοντος
589 1707 777 1753 ἀναγκαῖον
795 1706 970 1753 γίγνεσθαι
988 1702 1158 1752 παρόδους
1177 1708 1236 1739 καὶ
1254 1719 1329 1752 τρο-

323 1719 390 1791 weit
415 1755 483 1786 τῶν
504 1748 726 1795 ἐνδεδεμένων
750 1752 896 1797 ἄστρων.
930 1753 1042 1785 Τοῦτο
1060 1747 1092 1783 δ’
1114 1753 1151 1784 οὐ
1169 1755 1328 1796 φαίνεται

321 1797 534 1846 γιγνόμενον,
555 1797 632 1830 ἀλλ’
655 1797 707 1829 ἀεὶ
732 1797 852 1830 ταῦτοὶ
874 1796 972 1830 κατοὶ
996 1797 1076 1834 τούς
1100 1797 1229 1835 αὐτους
1249 1798 1331 1830 ἀνα-

321 1842 436 1877 τέλλει
461 1855 500 1875 τε
524 1844 584 1874 καὶ
608 1838 732 1875 δύεται
756 1841 884 1879 τόπους
911 1841 1035 1880 αὐτῆς.

195 1919 200 1923 ,
246 1887 327 1921 Ἔτι
343 1883 373 1920 δ’
394 1888 415 1924 ἧ
436 1887 523 1942 <popei
543 1888 610 1919 τῶν
627 1888 748 1940 μωορίων
772 1888 831 1919 καὶ
853 1885 932 1924 ὅλης
951 1887 1060 1924 αὐτῆς
1079 1887 1099 1924 ἡ
1117 1886 1213 1919 κατα
1233 1885 1328 1930 φύσιν

323 1930 380 1965 ἐπὶ
405 1931 446 1965 τὸ
471 1943 573 1975 μέσον
599 1944 662 1965 του
687 1930 819 1969 παντός
844 1932 956 1964 ἐστιν·

255 1972 316 2010 διαὶ
339 1977 448 2011 τοῦτο
473 1976 538 2023 γάρ
570 1978 630 2009 καὶ
656 1975 821 2021 τυγχάνει
845 1976 979 2021 κειμένη
1006 1977 1063 2008 νῦν
1089 1974 1144 2008 ἐπὶ
1170 1976 1232 2008 τοῦ
1256 1974 1330 2008 κέν-

323 2033 422 2065 τρου·
448 2017 667 2065 διαπορήσειε
691 2016 720 2053 δ’
752 2021 791 2053 ἄν
817 2033 888 2062 τις,
916 2021 989 2054 ἐπεὶ
1022 2019 1154 2054 ταύτόν
1181 2021 1330 2064 ἀμφοτέ-

340 2078 384 2099 ων
411 2064 486 2099 ἐστὶ
511 2066 553 2099 τὸ
578 2065 693 2110 μέσον,
714 2065 795 2108 πρὸς
820 2065 966 2110 πότερον
991 2065 1130 2111 φέρεται
1155 2066 1203 2098 τοὶ
1227 2065 1328 2108 βάρος

341 2123 453 2157 χοντα
476 2111 536 2142 καὶ
561 2110 609 2144 τοὶ
632 2109 735 2155 μόρια
759 2109 822 2147 τῆς
847 2111 910 2156 γῆς
935 2111 1032 2143 κατοὶ
1048 2110 1162 2156 φύσιν·
1182 2109 1328 2156 πότερον

324 2155 380 2189 ὅτι
405 2156 468 2188 τοῦ
494 2154 627 2193 παντός
652 2155 726 2188 ἐστι
750 2153 867 2199 μέσον,
894 2154 915 2192 ἦ
940 2151 1032 2188 διότι
1057 2156 1120 2193 τῆς
1144 2156 1221 2201 γῆς.

249 2199 401 2247 Ἀνάγκη
433 2195 478 2237 δή
511 2200 594 2244 πρός
623 2199 666 2232 τὸ
691 2200 754 2233 τοῦ
785 2199 935 2238 παντός·
961 2202 1020 2233 καὶ
1044 2201 1109 2246 γοίρ
1141 2200 1188 2232 τοὶ
1219 2201 1329 2244 κοῦφα

322 2246 381 2276 καὶ
415 2244 456 2278 τὸ
490 2245 554 2289 πῦρ
586 2245 631 2282 εἰς
666 2242 870 2276 τούναντίον
904 2244 1071 2289 φερόμενα
1109 2248 1180 2282 τοῖς
1210 2244 1329 2289 βάρεσι

324 2287 406 2334 πρὸς
431 2288 472 2322 τό
499 2288 649 2334 ἔσχατον
674 2288 813 2344 φέρεται
840 2290 902 2320 τοῦ
922 2290 1141 2346 περιέχοντος
1160 2288 1270 2322 τόπου
1289 2289 1330 2322 τὸ

323 2332 440 2379 μέσον.
466 2334 662 2378 Συμβέβηκε
687 2329 725 2366 δε
749 2333 863 2366 ταύτό
880 2333 982 2378 μέσον
999 2346 1085 2366 ειναι
1103 2334 1166 2371 τῆς
1184 2335 1246 2381 γῆς
1271 2336 1330 2366 καὶ

324 2379 389 2411 τοῦ
415 2378 563 2416 παντός·
590 2378 630 2421 φέ
653 2390 731 2411 εται
747 2378 814 2423 γάρ
835 2381 893 2410 καὶ
912 2379 967 2411 ἐπὶ
990 2381 1031 2412 τὸ
1052 2379 1115 2417 τῆς
1132 2379 1195 2424 γῆς
1214 2379 1330 2424 μέσον,

325 2423 418 2456 ἀλλά.
439 2424 537 2456 κατα
561 2435 626 2467 συμ
652 2423 786 2465 εβηκός,
807 2422 828 2466 ᾗ
846 2422 888 2456 τὸ
912 2423 1015 2468 μέσον
1042 2423 1113 2470 ἔχει
1138 2426 1171 2457 ἐν
1197 2426 1245 2467 τῷ
1268 2426 1331 2456 τοῦ

320 2467 456 2510 ,παντός
481 2467 583 2511 μέσῳ.
1093 2501 1098 2505 ,

248 2510 328 2546 Ὀτι
351 2507 390 2544 δέ
414 2513 554 2558 φέρεται
585 2514 643 2544 καὶ
677 2513 757 2557 πρός
784 2511 826 2544 τό
853 2513 916 2550 τῆς
947 2513 1011 2559 γῆς
1042 2512 1165 2557 μέσον,
1192 2518 1330 2557 σημεῖον

325 2555 379 2590 ὅτι
403 2557 453 2590 τοὶ
475 2557 641 2602 φερόμενα
667 2557 753 2600 βοίρη
781 2556 836 2590 ἐπὶ
862 2556 998 2595 ταύτην
1026 2558 1063 2589 οὗ
1089 2557 1168 2601 παρ’
1197 2558 1331 2596 ἄλληλα

323 2600 464 2646 φέρεται
490 2602 581 2635 ἀλλοὶ
604 2602 685 2646 πρὸς
711 2602 829 2646 ὁμοίας
855 2605 992 2648 γωνίας,
1012 2602 1102 2635 ὥστε
1128 2603 1208 2648 πρὸς
1227 2604 1260 2635 ἓν
1288 2605 1330 2637 τό

323 2647 426 2689 μέσον
451 2646 610 2692 φέρεται,
634 2648 694 2679 καὶ
719 2646 760 2680 τὸ
786 2647 849 2684 τῆς
874 2648 950 2692 γῆς.

255 2690 406 2734 Φανερὸν
439 2694 551 2723 τοίνυν
585 2690 639 2724 ὅτι
673 2691 804 2737 ἀνάγκη
838 2692 894 2724 ἐπὶ
927 2693 990 2723 τοῦ
1019 2690 1122 2736 μέσου
1153 2689 1240 2724 εἶναι
1265 2693 1330 2730 τήν

324 2736 388 2781 γῆν
412 2737 472 2768 καὶ
499 2736 673 2777 ἀκίνητον,
698 2731 758 2769 διαί
782 2749 820 2770 τε
845 2737 908 2775 τοὶς
933 2737 1109 2780 εἰρημένας
1136 2737 1269 2779 αἰτίας,

257 2780 316 2811 καὶ
341 2775 432 2813 διότι
457 2780 506 2813 τοὶ
530 2780 588 2822 βίᾳ
612 2780 824 2826 ῥιπτούμενα
851 2781 919 2813 ἄνω
945 2780 1030 2823 βοίρη
1057 2781 1155 2814 κατοί
1173 2781 1330 2826 στάθμην

326 2824 430 2857 πάλιν
454 2824 594 2870 φέρεται
619 2826 663 2863 εἰς
689 2825 818 2867 ταύτό,
836 2825 900 2858 κᾶν
925 2826 969 2863 εἰς
994 2826 1132 2869 ἄπειρον
1150 2827 1171 2863 ἡ
1189 2822 1330 2871 δύναμις

325 2870 484 2914 ἑκριπτῇ.

250 2910 329 2945 ’Ότι
346 2914 406 2959 μὲν
425 2913 482 2946 οὖν
505 2913 586 2947 οὔτε
605 2918 754 2947 κινεῖται
777 2914 849 2948 οὔτ’
870 2914 969 2952 ἐκτὸς
991 2918 1107 2947 κεῖται
1131 2916 1194 2948 τοῦ
1211 2915 1329 2959 μέσου,

330 2959 472 3003 φανερόν
498 2957 535 2991 ἐκ
559 2959 712 2992 τούτων·

259 3003 340 3050 πρὸς
365 2999 403 3035 δὲ
428 2997 564 3041 τούτοις
590 2999 695 3040 δῆλον
721 3003 757 3035 ἐκ
782 3004 849 3036 τῶν
874 3003 1054 3048 εἰρημένων
1076 3004 1118 3036 τό
1137 3005 1248 3037 αἴτιον
1267 3006 1331 3044 τῆς

325 3048 442 3092 μονῆς.
458 3049 506 3079 -Εἰ
529 3047 594 3094 γάρ
620 3047 715 3093 φύσει
733 3047 859 3092 πέφυκε
880 3047 1036 3093 φέρεσθαι
1055 3048 1226 3082 παίντοθεν
1248 3051 1328 3093 πρός

325 3092 368 3125 τό
393 3091 510 3136 μέσον,
528 3092 639 3136 ὥσπερ
663 3095 837 3137 φαίνεται,
863 3096 920 3125 καὶ
948 3094 988 3126 τὸ
1014 3094 1078 3138 πῦρ
1107 3094 1176 3126 ἀπὸ
1193 3095 1256 3127 τοῦ
1272 3094 1331 3139 μέ-

325 3148 384 3169 σου
410 3136 513 3169 ποίλιν
547 3137 628 3181 πρὸς
662 3137 702 3170 τό
735 3137 908 3182 ἔσχατον,
945 3134 1118 3170 ἀδύνατον
1151 3138 1331 3184 ἐνεχθῆναι

327 3181 440 3214 ὁτιοῦν
466 3180 580 3225 μόριον
607 3178 718 3219 αὐτῆς
737 3179 806 3214 ἀπὸ
823 3183 886 3216 τοῦ
903 3181 1006 3227 μέσου
1023 3183 1071 3226 μή
1090 3182 1245 3223 βιασθέν·
1267 3186 1329 3227 μία

323 3226 388 3272 γσίρ
413 3225 500 3270 φοραὶ
524 3227 586 3259 τοῦ
612 3226 683 3264 ἑνός
707 3229 766 3258 καὶ
794 3228 888 3264 οἱπλῆ
916 3228 979 3260 τοῦ
1007 3229 1133 3269 ἁπλοῦ,
1162 3226 1236 3260 ἀλλ’
1265 3226 1329 3273 οὐχ

325 3273 360 3303 αἱ
384 3271 559 3303 ἐναντίαι·
586 3271 606 3307 ἡ
632 3267 661 3303 δ’
691 3271 760 3303 ἀπὸ
785 3272 849 3304 τοῦ
878 3271 981 3314 μέσου
1008 3273 1054 3315 τῇ
1080 3273 1135 3305 ἐπὶ
1161 3272 1202 3305 τὸ
1254 3271 1328 3304 έσον

324 3315 480 3348 ἐναντία.
500 3315 536 3346 Εἰ
555 3318 666 3348 τοίνυν
685 3316 800 3348 ὁτιοῦν
817 3315 931 3360 μόριον
951 3313 1124 3350 ἀδύνατον
1147 3284 1327 3362 ἐνεχθῆναι

325 3359 394 3392 ἀπό
420 3360 484 3392 τοῦ
508 3359 626 3404 μέσου,
653 3360 793 3406 φανερόν
820 3360 874 3392 ὅτι
898 3364 956 3393 καὶ
983 3361 1047 3398 τήν
1075 3361 1154 3398 ὅλην
1180 3361 1231 3394 ’έτι
1251 3356 1327 3393 ἀδυ-

322 3402 534 3448 νατώτερον·
560 3405 604 3442 εἰς
638 3405 654 3437 ὃ
679 3405 744 3450 γοὶρ
774 3405 816 3438 τὸ
847 3405 960 3448 μόριον
991 3405 1118 3448 πέφυκε
1151 3404 1325 3448 φέρεσθαι,

321 3450 380 3480 καὶ
406 3448 447 3481 τὰ
466 3448 543 3480 ὅλον
561 3449 714 3482 ἐνταῦθα
740 3449 904 3494 πέφυκεν·
931 3449 1011 3482 ὥστ’
1040 3452 1131 3493 εἴπερ
1151 3444 1325 3481 ἀδύνατον

320 3491 499 3529 κινηθῆναι
523 3494 571 3538 μή
597 3494 663 3526 ὑπὸ
687 3497 882 3538 κρείττονος
907 3493 1036 3539 ἰσχύος,
1070 3494 1258 3539 ἀναγκαῖον
1286 3492 1324 3524 ἂν

322 3539 372 3574 εἴη
390 3536 500 3581 μένειν
519 3538 630 3575 αὐτήν
657 3539 713 3571 ἐπὶ
739 3539 801 3572 τοῦ
828 3538 943 3583 μέσου.

254 3582 428 3626 Μαρτυρεῖ
451 3578 488 3614 δὲ
514 3582 653 3621 τούτοις
685 3585 743 3615 καὶ
771 3583 818 3616 τοὶ
849 3582 945 3626 παραὶ
977 3582 1042 3613 τῶν
1075 3579 1324 3624 μαθηματικῶν

320 3626 490 3673 λεγόμενα
516 3629 591 3669 περὶ
616 3628 682 3664 τήν
710 3627 958 3673 ἀστρολογίαν·
985 3625 1033 3657 τοὶ
1055 3625 1119 3670 γοὶρ
1137 3623 1325 3668 φαινόμενα

398 3689 469 3723 Opp.
487 3690 519 3715 D.
533 3690 648 3715 'raone
667 3690 699 3714 T.
719 3691 759 3716 111.

1382 859 1399 877 *
1418 859 1485 889 Nos
1509 866 1616 889 autem
1640 860 1781 892 dicamus
1806 863 1947 903 primum
1971 871 2080 894 utrum
2102 865 2216 896 habeat
2237 872 2366 896 motum
2396 872 2451 896 aut

1450 910 1585 934 maneat.

1384 948 1670 985 Quemadmodum
1697 949 1782 980 enim
1806 951 1962 990 diximus,
1994 952 2027 982 hi
2058 953 2188 994 quidem
2220 954 2324 994 ipsam
2347 964 2451 984 unum

1450 998 1609 1022 astrorum
1633 1002 1700 1023 esse
1723 993 1861 1033 faciunt;
1885 996 1917 1026 hi
1941 1004 2065 1035 autem,
2090 998 2122 1028 in
2146 998 2254 1028 medio
2277 1006 2449 1039 ponentes,

1450 1046 1521 1066 eam
1537 1037 1656 1067 revolvi
1681 1044 1711 1067 et
1731 1039 1852 1069 moveri
1877 1040 1986 1071 dicunt
2009 1041 2088 1072 circa
2111 1043 2226 1082 polum
2249 1043 2403 1073 medium.

1383 1080 1483 1117 Quod
1499 1088 1607 1111 autem
1623 1089 1669 1112 est
1684 1082 1891 1122 impossibile,
1916 1086 2021 1124 palam
2043 1087 2241 1118 sumentibus
2257 1087 2451 1128 principium

1450 1125 1550 1166 quod,
1575 1126 1599 1155 si
1624 1126 1755 1167 quidem
1779 1127 2006 1168 circumfertur,
2023 1123 2086 1161 siv'e
2115 1138 2199 1162 extra
2221 1132 2363 1162 medium
2388 1132 2450 1162 exi-

1450 1177 1534 1200 stens
1558 1170 1622 1200 sive
1646 1170 1678 1200 in
1702 1171 1821 1210 medio,
1846 1174 2054 1204 necessarium
2081 1182 2126 1206 est
2148 1175 2252 1216 ipsam
2274 1177 2305 1206 vi
2328 1176 2451 1206 moveri

1449 1213 1511 1244 hoc
1535 1221 1638 1245 motu.
1662 1216 1737 1245 Non
1762 1216 1848 1246 enirn
1871 1217 1970 1257 ipsius
1993 1225 2091 1250 terrae
2115 1228 2160 1251 est
2182 1227 2308 1251 motus:
2334 1220 2451 1251 etenim

1450 1258 1561 1299 utique
1578 1259 1804 1299 particularum
1821 1271 2030 1303 unaquaeque
2046 1264 2126 1294 hanc
2142 1265 2268 1296 haberet
2282 1265 2450 1302 lationem;

1450 1313 1536 1334 nunc
1561 1311 1668 1334 autem
1698 1304 1731 1334 in
1762 1313 1883 1336 rectum
1914 1307 2022 1337 omnia
2051 1308 2193 1339 feruntur
2222 1311 2262 1340 ad
2292 1310 2448 1340 medium.

1449 1348 1583 1388 Propter
1601 1349 1691 1389 quod
1710 1359 1776 1379 non
1796 1357 1842 1380 est
1865 1351 2013 1391 possibile
2037 1354 2266 1393 sempiternum
2289 1365 2366 1393 esse,
2383 1354 2450 1384 vio-

1450 1392 1573 1423 lentum
1597 1393 1782 1424 existentem
1811 1402 1841 1425 et
1870 1403 1991 1435 praeter
2021 1404 2175 1429 naturam.
2207 1399 2320 1429 Mundi
2343 1406 2451 1430 autem

1451 1437 1531 1468 ordo
1556 1438 1777 1478 sempiternus.

1382 1481 1400 1500 *
1415 1481 1542 1520 Adhuc,
1559 1482 1669 1512 omnia
1684 1483 1747 1513 lata
1762 1483 1880 1514 latione
1893 1484 2034 1515 circulari
2051 1485 2234 1518 haesitantia
2254 1487 2400 1519 videntur
2421 1495 2452 1519 et
2479 1495 2487 1503 ·

1452 1533 1540 1557 mota
1564 1527 1708 1567 pluribus
1732 1538 1795 1558 una
1818 1528 1947 1567 latione,
1971 1537 2091 1569 praeter
2114 1531 2261 1570 primam.
2293 1533 2398 1569 Quare
2422 1539 2453 1563 et

1452 1577 1567 1601 terram
1591 1572 1819 1610 necessarium,
1844 1573 1908 1603 sive
1933 1573 2012 1604 circa
2035 1575 2179 1605 medium
2202 1576 2266 1606 sive
2288 1577 2320 1607 in
2345 1577 2452 1608 medio

1451 1616 1557 1656 posita
1574 1615 1701 1654 feratur,
1719 1617 1842 1647 duabus
1866 1618 1988 1648 moveri
2010 1619 2192 1651 lationibus.
2218 1621 2249 1651 Si
2270 1628 2376 1652 autem
2392 1622 2453 1652 hoc

1452 1660 1613 1699 acciderit,
1638 1662 1851 1692 necessarium
1875 1661 1942 1692 fieri
1966 1664 2158 1694 mutationes
2182 1672 2213 1695 et
2235 1666 2394 1696 versiones
2418 1665 2453 1696 fi-

1451 1715 1567 1736 xorum
1590 1713 1765 1737 astrorum:
1790 1706 1852 1737 hoc
1876 1714 1984 1737 autern
2010 1718 2076 1738 non
2099 1709 2223 1739 videtur
2246 1710 2374 1748 facturn,
2399 1711 2454 1741 sed

1453 1759 1579 1790 semper
1610 1750 1688 1782 haec
1718 1752 1896 1782 secundum
1929 1752 2041 1782 eadem
2072 1753 2216 1784 oriuntur
2246 1762 2276 1785 et
2306 1755 2454 1786 occidunt

1453 1795 1525 1825 loca
1547 1794 1658 1835 ipsiuS.

1385 1889 1400 1905 *
1416 1891 1531 1922 Adhuc
1555 1898 1662 1922 autem
1691 1891 1768 1922 latio
1800 1891 1940 1932 partium
1973 1899 2003 1923 et
2026 1893 2123 1924 totius
2150 1894 2250 1934 ipsius
2279 1895 2454 1926 secundum

1452 1943 1599 1967 naturam
1623 1937 1663 1966 ad
1686 1937 1830 1967 medium
1854 1937 1952 1967 totius
1977 1944 2031 1968 est.

1385 1981 1458 2011 Hoc
1482 1981 1568 2011 enirn
1593 1981 1720 2022 utique,
1745 1981 1770 2011 si
1796 1981 1904 2012 existat
1928 1982 2031 2022 posita
2055 1993 2140 2013 nunc
2163 1983 2196 2013 in
2220 1990 2345 2022 centro,
2364 1983 2381 2003 *
2398 1984 2454 2014 du—

1452 2025 1563 2056 bitabit
1587 2025 1698 2067 utique
1722 2026 1848 2066 aliquiS,
1873 2026 2028 2066 quoniam
2051 2027 2136 2057 idem
2161 2028 2300 2058 duorum
2325 2035 2370 2059 est
2390 2039 2454 2059 me-

1452 2070 1554 2109 dium,
1579 2070 1619 2100 ad
1643 2077 1751 2101 utrum
1767 2070 1912 2101 feruntur
1934 2071 2118 2111 gravitatem
2139 2072 2285 2103 habentia
2308 2080 2338 2103 et
2354 2081 2455 2113 partes

1453 2122 1551 2146 terrae
1575 2116 1753 2146 secundum
1777 2122 1943 2154 naturam,
1968 2123 2077 2147 utrum
2101 2117 2175 2158 quia
2198 2117 2296 2148 totius
2320 2125 2366 2148 est
2388 2128 2455 2149 me-

1453 2160 1555 2198 dium,
1579 2167 1634 2190 aut
1657 2160 1732 2200 quia
1755 2167 1863 2191 terrae.

1385 2205 1520 2235 Necesse
1543 2204 1651 2247 itaque
1675 2205 1715 2234 ad
1738 2203 1770 2234 id
1794 2205 1884 2245 quod
1908 2205 2023 2235 totius:
2052 2205 2168 2236 etenim
2191 2206 2272 2237 levia
2303 2214 2333 2237 et
2355 2207 2454 2247 ignis,

1453 2249 1486 2279 in
1511 2248 1705 2279 contrarium
1728 2249 1790 2279 lata
1817 2249 1982 2289 gravibus,
2007 2250 2046 2280 ad
2071 2258 2246 2281 extremum
2269 2251 2331 2281 loci
2355 2252 2456 2282 conti-

1454 2293 1557 2324 nentis
1581 2293 1735 2324 medium.
1752 2293 1769 2312 *
1784 2293 1907 2324 Accidit
1930 2301 2038 2324 autern
2061 2295 2147 2325 idem
2170 2295 2313 2326 medium
2337 2306 2402 2326 esse
2426 2303 2456 2327 et

1453 2345 1551 2369 terrae
1581 2345 1611 2369 et
1639 2338 1753 2369 totius:
1783 2338 1882 2369 fertur
1913 2339 1999 2368 enirn
2023 2346 2053 2370 et
2076 2340 2115 2369 ad
2138 2339 2170 2370 id
2194 2341 2282 2380 quod
2313 2341 2455 2371 medium

1453 2390 1573 2421 terrae,
1602 2383 1658 2413 sed
1681 2383 1859 2413 secundum
1882 2383 2045 2422 accidens,
2077 2385 2254 2415 secundum
2278 2386 2367 2426 quod
2389 2396 2454 2416 me-

1455 2427 1546 2458 dium
1568 2427 1663 2458 habet
1685 2427 1719 2457 in
1742 2427 1841 2458 totius
1865 2428 1983 2459 medio.

2476 871 2555 925 ἐξεφ.
2563 876 2611 892 xxv.
2621 870 2689 893 Text.

2503 1493 2571 1515 Text.
2586 1499 2624 1521 97.

2481 1903 2490 1911 ·
2505 1900 2573 1922 Text.
2588 1901 2626 1928 98.

2482 1992 2491 1999 “
2506 1989 2573 2011 Text.
2582 1971 2626 2017 ¹99.

2483 2303 2492 2312 ·
2506 2302 2575 2323 Text.
2593 2308 2642 2323 100.

1387 2516 1553 2554 Quoniam
1575 2523 1683 2547 autern
1699 2515 1798 2547 fertur
1821 2523 1852 2547 et
1874 2516 1914 2546 ad
1933 2523 2031 2547 terrae
2047 2517 2200 2556 medium,
2225 2518 2362 2557 signum,
2380 2519 2455 2559 quia
2501 2526 2507 2527 ’

1452 2561 1515 2592 lata
1538 2561 1644 2601 gravia
1671 2561 1711 2591 ad
1734 2561 1816 2591 hanc
1844 2571 1911 2591 non
1938 2562 2024 2592 iuxta
2047 2561 2182 2592 invicem
2207 2562 2368 2601 feruntur,
2399 2564 2454 2593 sed

1454 2606 1494 2636 ad
1516 2605 1635 2636 similes
1658 2605 1804 2645 angulos.
1829 2606 1935 2643 Quare
1959 2607 1999 2636 ad
2023 2616 2125 2636 unum
2148 2607 2292 2637 medium
2311 2607 2454 2638 feruntur

1454 2658 1486 2681 et
1507 2651 1598 2691 quod
1621 2657 1729 2681 terrae.

1386 2693 1402 2710 *
1418 2695 1624 2726 Manifestum
1647 2695 1742 2735 igitur
1764 2695 1839 2736 quia
1862 2705 1988 2726 necesse
2006 2702 2052 2726 est
2074 2695 2107 2725 in
2126 2696 2233 2726 medio
2254 2706 2320 2726 esse
2339 2703 2453 2727 terram

1454 2747 1485 2771 et
1507 2738 1718 2777 immobilem,
1743 2746 1873 2780 propter
1896 2740 1994 2770 dictas
2018 2750 2137 2770 causas.

1386 2785 1428 2815 Et
1451 2784 1526 2825 quia
1556 2784 1587 2814 vi
1611 2783 1751 2824 proiecta
1785 2795 1912 2815 sursum
1945 2784 2050 2824 gravia
2083 2784 2258 2814 secundum
2291 2785 2452 2824 regulam,

1453 2829 1570 2859 iterum
1600 2828 1745 2859 feruntur
1767 2828 1800 2859 in
1825 2829 1964 2859 eundem
1993 2829 2123 2867 locum,
2153 2829 2209 2859 etsi
2236 2829 2268 2858 in
2292 2828 2452 2859 infinitum

1453 2874 1552 2904 virtus
1575 2873 1728 2913 proiiciat.

1387 2918 1486 2956 Quod
1509 2914 1641 2958 quidem
1663 2917 1759 2957 igitur
1781 2928 1885 2958 neque
1909 2924 2066 2955 movetur,
2090 2926 2194 2957 neque
2210 2924 2293 2947 extra
2308 2916 2452 2946 medium

1453 2963 1595 3003 ponitur,
1613 2961 1817 2992 manifestum
1835 2972 1871 2992 ex
1887 2962 1944 2992 his.

1384 3007 1402 3026 *
1418 3007 1531 3038 Adhuc
1551 3013 1657 3037 autem
1674 3007 1779 3046 palam
1797 3016 1833 3036 ex
1850 3006 1938 3036 dictis
1955 3012 2000 3035 est
2017 3014 2110 3035 causa
2125 3004 2308 3035 mansionis.
2323 3004 2355 3034 Si
2366 3004 2450 3034 enim

1452 3058 1563 3081 natura
1588 3057 1660 3081 nata
1679 3058 1725 3081 est
1745 3050 1815 3080 ferri
1839 3061 1875 3080 ex
1899 3049 1987 3079 omni
2010 3055 2096 3088 parte
2113 3049 2152 3078 ad
2169 3049 2323 3086 medium,
2339 3058 2449 3088 quem-

1452 3096 1630 3126 admodum
1653 3095 1777 3125 videtur
1800 3092 1850 3136 (et
1873 3094 1952 3133 ignis
1976 3103 1993 3123 a
2019 3093 2126 3122 medio
2150 3093 2265 3122 iterum
2288 3093 2327 3122 ad
2352 3100 2447 3123 extre-

1452 3138 1569 3182 mum),
1594 3139 1790 3179 impossibile
1805 3139 1902 3168 latam
1917 3147 1983 3167 esse
2003 3147 2239 3177 quamcumque
2263 3137 2449 3176 particulam

1450 3184 1551 3224 ipsius
1567 3194 1586 3214 a
1601 3183 1708 3213 medio
1733 3193 1799 3212 non
1815 3182 1880 3212 vim
1897 3188 2037 3221 passam:
2063 3191 2126 3211 una
2150 3181 2235 3211 enim
2250 3181 2325 3211 latio
2342 3181 2447 3220 unius,

1452 3236 1482 3259 et
1505 3228 1638 3268 simplex
1662 3226 1826 3266 simplicis,
1856 3226 1910 3255 sed
1935 3235 1999 3255 non
2024 3225 2211 3262 contrariae;
2236 3235 2318 3265 quae
2341 3233 2449 3256 autem

1450 3283 1467 3302 a
1487 3272 1610 3309 medio,
1627 3271 1655 3301 ei
1672 3281 1753 3311 quae
1769 3271 1808 3300 ad
1824 3270 1967 3299 medium
1984 3269 2147 3300 contraria.
2173 3269 2205 3300 Si
2220 3269 2315 3309 igitur
2336 3280 2448 3310 quarn-

1450 3326 1588 3356 cumque
1619 3321 1740 3354 partem
1770 3313 1965 3353 impossibile
1994 3320 2040 3343 est
2066 3313 2162 3343 latam
2194 3323 2259 3343 esse
2283 3324 2300 3343 a
2324 3314 2448 3351 medio,

1449 3360 1654 3390 manifestum
1670 3358 1744 3398 quia
1761 3365 1791 3388 et
1806 3365 1906 3388 totam
1922 3357 2025 3388 adhuc
2040 3357 2284 3397 impossibilius:
2302 3358 2340 3388 ad
2357 3359 2447 3399 quod

1448 3404 1533 3434 enim
1565 3413 1635 3442 pars
1667 3409 1739 3432 nata
1769 3409 1815 3432 est
1846 3401 1935 3439 ferri,
1960 3409 1990 3432 et
2013 3408 2119 3432 totum
2141 3402 2216 3432 illuc
2248 3410 2360 3433 natum
2391 3410 2446 3434 est.

1449 3448 1568 3488 Itaque,
1593 3446 1750 3486 siquidem
1773 3445 1970 3486 impossibile
1994 3446 2127 3485 moveri,
2151 3447 2363 3477 necessarium
2386 3447 2448 3478 uti-

1448 3502 1510 3532 que
1535 3491 1591 3521 erit
1613 3491 1716 3530 ipsam
1739 3500 1866 3520 manere
1890 3490 1923 3520 in
1946 3490 2063 3521 medio.

1379 3580 1396 3599 *
1419 3578 1642 3611 Testificantur
1673 3585 1780 3609 autern
1812 3578 1860 3608 his
1890 3586 1920 3609 et
1946 3589 1964 3608 a
1993 3578 2222 3610 mathematicis
2255 3580 2336 3610 dicta
2367 3580 2447 3610 circa

1447 3623 1668 3663 astrologiam:
1688 3623 1871 3663 apparentia
1890 3623 1974 3653 enim
1995 3623 2151 3662 accidunt,
2168 3624 2322 3655 translatis
2338 3624 2446 3664 figuris

2236 3685 2268 3710 28

2481 2702 2490 2710 ·
2505 2700 2572 2721 Text.
2588 2706 2629 2722 ποι.

2478 3014 2487 3023 ·
2502 3012 2569 3034 Text.
2585 3019 2630 3035 102.

2474 3587 2482 3596 *
2497 3586 2564 3607 Text.
2579 3592 2624 3614 103.
