2782 4134
93 474 106 485 ³
115 473 185 495 etiam
196 477 243 493 om.
253 476 304 493 roz.

97 629 106 637 ·
121 627 145 648 in
157 627 207 655 tjvso
218 632 266 647 om.
281 632 306 651 1²3

93 655 138 675 etc.
152 653 205 675 add.
219 659 241 675 P.

192 786 208 802 α

95 1133 104 1142 ·
115 1131 151 1153 cf.
161 1131 201 1153 lib.
211 1131 240 1158 11,
255 1131 307 1152 lect.

95 1164 112 1180 ιι
127 1164 162 1186 sq.

95 1365 106 1376 ⁸
117 1370 163 1392 per
177 1370 223 1386 om.
239 1363 307 1385 codd.

95 1395 117 1427 εἰ
129 1391 171 1438 1532
184 1390 256 1438 ¹315..
286 1420 307 1438 ει

97 1444 173 1465 Oxon.

97 1477 106 1485 '¹
117 1475 219 1502 primum
229 1481 276 1496 om.
285 1481 307 1496 Α.

95 1793 105 1801 ·
120 1793 197 1813 autem
216 1798 240 1819 r,
261 1797 308 1813 om.

99 1824 142 1840 rso
157 1822 179 1839 et
193 1818 243 1840 Par.

97 1952 106 1961 '¹
121 1950 179 1972 lbid.
195 1951 247 1972 lect.
261 1957 285 1972 x.

98 2004 110 2015 ⁹
123 2004 183 2025 lbid.
198 2004 250 2025 lect.
265 2010 312 2029 xvi,

100 2037 158 2052 xvin
169 2030 205 2056 (cf.
217 2031 268 2052 lect.
276 2036 311 2057 ιιι,

102 2063 126 2078 n.
136 2063 147 2078 2
163 2060 206 2084 sq.)

98 2110 111 2121 ⁴⁸
131 2109 190 2131 lbid.
212 2109 263 2130 lect.
288 2115 310 2134 ις

103 2135 134 2157 cf.
145 2136 195 2157 lect.
211 2142 233 2159 x.
250 2141 272 2157 n.
282 2142 302 2164 3.

99 2163 123 2210 ἔ
133 2162 243 2190 quoniam
250 2168 279 2183 m
290 2165 311 2183 et

119 2195 150 2210 ar.

99 2221 108 2229 '¹
125 2220 175 2241 Lib.
185 2220 208 2244 1.
223 2220 275 2242 lect.
286 2225 309 2245 ιι,

98 2252 161 2267 num.
174 2252 194 2271 ις
210 2246 240 2268 cf.
254 2246 310 2267 ibid.

97 2273 213 2299 Prooem.,
222 2279 266 2299 n.4
274 2278 309 2300 sq.

196 2331 212 2357 Υ

98 2798 112 2809 ’
125 2797 196 2819 Num.
211 2798 234 2820 6.

330 276 405 313 230

330 353 436 404 quod
455 360 511 390 est
537 352 706 402 primum
725 351 967 401 perfectione,
989 358 1026 387 et
1051 357 1176 398 partes
1197 349 1275 385 eius
1300 347 1394 385 acci-

331 420 422 457 pere
457 418 618 455 corpora
651 416 748 454 quae
781 412 985 441 moventur
1017 409 1125 439 motu
1160 401 1328 438 circulari
1362 408 1397 436 et

332 468 441 497 motu
461 467 579 505 rect03
600 466 642 494 ut
661 458 714 494 sic
731 457 906 494 videatur
924 456 985 492 hic
1005 464 1156 502 tangere
1178 454 1291 490 etiam
1311 454 1331 473 '¹‘
1352 465 1397 489 ea

333 525 430 562 quae
459 512 497 549 in
524 512 647 560 primo
673 511 768 546 libro
802 509 1048 546 determinata
1077 514 1173 543 sunt.
1205 506 1282 542 Sed
1310 505 1397 542 huic

335 564 557 614 expositioni
575 564 726 600 videtur
745 562 925 599 obsistere
945 560 1050 609 quod
1069 559 1254 607 subditur,
1274 559 1398 595 adhuc

334 625 458 656 autem
478 618 523 654 de
541 617 650 653 astris
668 616 751 652 latis
771 615 807 651 in
828 616 906 662 ipso
930 615 968 649 ²⁸.-
997 625 1076 649 non
1095 620 1223 649 autem
1242 611 1396 660 proprie

336 672 510 709 dicuntur
529 669 614 706 ferri
635 676 733 705 astra
752 667 789 703 in
809 675 887 703 toto
915 666 1110 712 universo,
1132 665 1200 702 sed
1220 666 1257 701 in
1278 666 1396 711 caelo,

335 724 440 772 quod
473 722 696 759 circulariter
723 721 847 756 fertur.
883 720 932 755 Et
958 719 1045 755 ideo
1077 719 1228 756 videtur
1261 717 1397 754 melius

335 778 438 826 quod
459 775 547 812 dicit
566 775 613 812 de
631 774 755 822 primo
777 773 893 818 caelo,
916 784 997 808 esse
1017 771 1300 820 intelligendum
1316 777 1333 792 α
1349 771 1397 807 de

335 841 495 878 corpore
510 828 615 876 quod
632 825 855 863 circulariter
869 825 994 862 fertur.
1012 846 1035 852 -
1053 825 1131 862 Sed
1146 825 1235 873 quia
1249 836 1328 861 non
1345 823 1398 860 di-

335 883 382 919 cit
402 881 618 930 simpliciter
636 880 681 915 de
700 879 815 924 caelo,
837 878 905 915 sed
924 879 969 914 de
986 878 1114 927 primo
1138 877 1254 923 caelo,
1274 884 1399 926 potest

333 936 408 972 hoc
428 934 554 971 referri
582 932 629 969 ad
657 932 822 980 primam
842 932 1058 980 sphaeram,
1079 944 1178 979 quae
1204 938 1259 967 est
1278 931 1398 967 stella-

334 1000 419 1024 rum
438 988 620 1024 fixarum:
650 985 755 1034 quod
776 992 904 1021 autem
925 985 1014 1021 dicit
1033 990 1069 1021 et
1079 985 1264 1033 partibus,
1286 984 1398 1020 refer-

334 1048 394 1077 tur
426 1040 475 1076 ad
503 1039 675 1076 dextrum
715 1045 750 1074 et
784 1037 975 1074 sinistrum
1010 1045 1046 1074 et
1074 1037 1164 1074 alias
1200 1037 1399 1086 positionis

335 1092 574 1138 differentias,
597 1103 691 1139 quas
706 1091 744 1127 in
760 1091 865 1127 caelo
887 1103 969 1127 esse
984 1089 1001 1119 β
1017 1091 1180 1127 ostendit
1190 1092 1220 1127 ³².
1244 1090 1322 1127 Sed
1341 1103 1398 1126 se-

335 1146 502 1183 cundum
521 1146 596 1182 hoc
623 1156 703 1181 non
731 1151 830 1181 esset
851 1143 1042 1181 sufficiens
1068 1143 1399 1190 commemoratio,

334 1211 404 1236 nec
420 1210 553 1235 eorum
574 1209 672 1246 quae
693 1196 792 1234 dicta
806 1204 893 1234 sunt
908 1196 946 1233 in
960 1205 1039 1234 toto
1059 1197 1184 1246 primo
1204 1197 1313 1244 libro,
1330 1209 1401 1233 nec

336 1252 448 1288 etiam
468 1250 642 1287 omniurn
663 1262 797 1286 eorum
818 1261 915 1298 quae
937 1250 1034 1287 dicta
1054 1258 1141 1287 sunt
1159 1250 1197 1286 in
1216 1250 1400 1297 secund0‚

334 1305 372 1341 in
392 1305 468 1353 quo
489 1303 661 1340 habitum
683 1311 738 1339 est
758 1303 870 1339 etiarn
891 1304 938 1340 de
959 1303 1128 1351 sphaeris
1147 1304 1400 1352 planetarum.

335 1359 383 1394 Et
402 1358 488 1394 ideo
510 1356 645 1393 melius
670 1356 820 1393 videtur
847 1356 1053 1393 dicendum
1080 1356 1185 1405 quod
1203 1369 1271 1406 per
1289 1358 1309 1377 ³²
1327 1356 1402 1405 pri-

336 1423 442 1447 murn
473 1411 620 1450 caelum
644 1409 857 1457 intelligitur
874 1409 935 1446 hic
950 1410 970 1430 '¹‘
983 1417 1108 1446 totum
1133 1422 1272 1458 corpus
1297 1410 1402 1457 quod

336 1462 563 1501 circulariter
581 1463 713 1508 fertur3
734 1463 840 1511 quod
865 1462 1020 1511 quidem
1047 1462 1182 1500 dicitur
1200 1463 1370 1512 primum
1385 1464 1404 1485 *

334 1517 372 1554 in
402 1515 687 1565 comparatione
720 1516 769 1552 acl
805 1527 966 1564 corpora
1003 1515 1199 1563 inferiora,
1229 1524 1404 1565 respectu

335 1582 500 1619 quorum
530 1576 585 1606 est
611 1568 779 1617 primum
811 1575 847 1605 et
874 1568 1008 1605 ordine
1037 1569 1138 1616 situs,
1160 1577 1196 1605 et
1214 1570 1404 1618 perpetui-

335 1630 409 1660 tate
430 1621 650 1668 durationis,
668 1629 703 1658 et
720 1621 858 1659 virtute
879 1621 1116 1659 causalitatis.
1138 1622 1255 1670 Quod
1275 1631 1403 1660 autem

336 1676 462 1713 subdit
496 1681 530 1712 et
557 1675 749 1724 partibus,
780 1675 1021 1712 referendum
1057 1683 1112 1712 est
1149 1676 1198 1713 ad
1236 1675 1405 1713 diversas

337 1730 529 1778 sphaeras,
550 1740 649 1777 quae
665 1736 752 1765 sunt
765 1736 890 1776 partes
905 1728 1020 1765 totius
1036 1729 1205 1765 caelestis
1221 1730 1403 1778 corporis.

337 1803 361 1810 -
377 1782 531 1819 Dictum
551 1790 609 1818 est
628 1781 741 1818 etiam
763 1784 780 1800 ²*
803 1781 849 1818 de
870 1782 983 1818 stellis
1011 1794 1110 1830 quae
1138 1790 1344 1819 moventur
1367 1783 1404 1820 in

337 1842 416 1872 toto
438 1835 555 1880 caelo,
579 1842 615 1871 et
629 1842 815 1882 quantum
836 1834 884 1871 ad
904 1835 1027 1871 stellas
1047 1835 1142 1871 fixas
1164 1843 1200 1871 et
1219 1843 1403 1883 quantum

338 1888 388 1925 ad
406 1889 588 1936 planetas.
610 1889 669 1925 De
689 1887 827 1936 quibus
853 1887 995 1924 dictum
1017 1895 1072 1924 est
1091 1900 1137 1925 ex
1156 1888 1295 1937 quibus
1316 1902 1405 1926 con-

339 1949 455 1978 stant:
486 1948 683 1978 ostensum
713 1941 804 1977 est*
833 1940 935 1977 enim
957 1941 1062 1989 quod
1082 1950 1168 1978 sunt
1196 1942 1244 1979 de
1273 1950 1406 1979 natura

341 1994 508 2031 caelestis
529 1993 710 2043 corporis.
741 1993 896 2030 Dictum
918 2002 972 2031 est
992 1993 1012 2014 *
1042 1994 1156 2032 etiam
1190 1995 1315 2045 qualia
1334 1996 1407 2033 sint

339 2047 550 2084 secundum
572 2055 768 2084 naturam:
799 2047 889 2095 quia
917 2055 1004 2084 sunt
1023 2048 1191 2085 animata
1216 2056 1253 2084 et
1271 2050 1407 2098 sphae-

340 2100 427 2137 rica.
445 2100 599 2137 Dictum
620 2100 707 2136 est*
727 2100 839 2136 etiam
857 2102 961 2148 quod
978 2101 1019 2122 ²¹⁵*
1037 2113 1115 2137 non
1135 2109 1222 2138 sunt
1237 2102 1406 2139 subiecta

338 2153 569 2202 generationi
590 2160 627 2189 et
646 2152 888 2202 corruptioni.
906 2174 929 2181 -
945 2154 993 2190 Et
1012 2153 1042 2190 si
1057 2154 1212 2203 quidem
1228 2154 1266 2191 in
1281 2155 1405 2204 primo

338 2207 433 2244 libro
463 2206 728 2243 determinavit
757 2206 804 2243 de
824 2214 903 2243 toto
923 2206 1120 2254 universo,
1141 2207 1237 2244 sicut
1256 2221 1370 2257 supra
1386 2209 1406 2230 *⁸

338 2259 500 2298 diximus
519 2259 731 2296 secundum
752 2259 974 2308 opinionem
994 2261 1210 2307 Alexandri,
1231 2261 1285 2299 sic
1304 2275 1406 2299 reca-

336 2313 506 2362 pitulatio
522 2318 537 2340 ⁷
555 2325 596 2349 se
619 2312 784 2350 extendit
802 2313 927 2350 solum
950 2314 997 2350 ad
1018 2314 1231 2351 secundum
1252 2315 1404 2352 librum.

338 2366 378 2403 Si
396 2379 490 2403 vero
520 2366 632 2402 etiam
653 2366 690 2402 in
709 2366 834 2414 primo
856 2366 951 2402 libro
975 2365 1135 2404 intendit
1153 2368 1406 2406 determinare

338 2419 385 2456 de
406 2421 510 2456 caelo
536 2419 801 2468 principaliter,
830 2427 872 2455 ut
897 2420 1115 2468 Simplicius
1144 2421 1242 2467 dicit,
1273 2421 1326 2458 sic
1350 2434 1406 2458 re-

339 2472 552 2522 capitulatio
582 2484 622 2508 se
652 2472 818 2509 extendit
846 2472 959 2509 etiam
980 2473 1029 2510 ad
1056 2473 1225 2521 primum
1254 2474 1405 2512 librum.

393 2527 427 2563 3.
440 2525 588 2562 Deinde
605 2537 692 2562 cum
705 2525 1013 2567 dicit:.Quoniam
1029 2532 1154 2563 autem
1165 2539 1296 2563 eorum
1310 2539 1408 2575 quae

339 2584 476 2615 natura
506 2586 587 2623 etc.,
618 2577 782 2614 ostendit
810 2578 857 2614 de
878 2578 1016 2626 quibus
1045 2586 1158 2615 restat
1187 2579 1404 2617 dicendum.

339 2632 389 2668 Et
406 2631 530 2680 primo
557 2630 772 2667 manifestat
798 2630 836 2667 in
865 2643 942 2679 quo
973 2631 1151 2668 consistat
1178 2639 1256 2669 tota
1286 2633 1407 2670 consi-

341 2683 484 2720 deratio
518 2683 695 2720 naturalis
727 2682 1014 2732 philosophiae;
1049 2685 1218 2722 secundo
1253 2698 1298 2722 ex
1332 2686 1407 2723 hoc

341 2736 530 2774 concludit
558 2737 649 2785 quid
677 2745 763 2785 post
799 2737 1009 2785 praemissa
1038 2745 1151 2774 restat
1184 2738 1404 2786 dicendum,

340 2789 409 2826 ibi:
430 2791 489 2826 De
501 2790 629 2838 primo
650 2790 797 2839 quidem
815 2791 834 2810 ³⁸
851 2798 918 2826 etc.
936 2810 960 2817 -
978 2790 1086 2827 Circa
1105 2791 1274 2840 primum
1291 2792 1407 2830 utitur

340 2842 402 2879 tali
423 2843 578 2880 ratione.
601 2843 749 2880 Omnes
770 2843 1000 2880 substantiae
1017 2845 1206 2881 naturales
1222 2853 1308 2882 sunt
1324 2858 1404 2882 cor-

339 2908 450 2944 pora;
469 2896 535 2932 sed
550 2903 629 2932 tota
645 2896 895 2933 consideratio
912 2897 1089 2933 naturalis
1105 2905 1160 2934 est
1176 2899 1222 2935 de
1233 2899 1406 2936 substan-

339 2948 397 2985 tiis
426 2948 658 2986 naturalibus
687 2957 723 2986 et
752 2961 882 2986 earum
912 2950 1186 2996 accidentibus;
1217 2963 1306 2999 ergo
1328 2960 1405 2989 tota

340 3002 591 3039 consideratio
616 3002 793 3039 scientiae
813 3003 990 3040 naturalis
1011 3011 1066 3040 est
1085 3004 1182 3040 circa
1203 3017 1375 3053 corpora.

392 3067 429 3102 4.
446 3055 575 3092 Primo
590 3055 701 3103 igitur
713 3056 918 3105 praemittit
937 3057 1141 3102 minorem,
1153 3057 1283 3094 dicens
1299 3059 1404 3107 quod

392 3195 420 3230 α)
442 3197 477 3221 Et
496 3196 588 3221 ideo...
604 3196 813 3229 intelligendum.
827 3210 846 3216 -
860 3197 894 3221 Et
912 3205 964 3221 om.
980 3198 1016 3226 Α;
1037 3205 1084 3230 pro
1110 3197 1229 3225 videtur,
1250 3198 1357 3225 dicitur,
1378 3203 1403 3223 et

340 3239 387 3264 pro
406 3239 467 3261 esse,
483 3235 522 3256 est
535 3231 581 3256 EG
596 3237 621 3256 et
636 3232 803 3261 Parisiensis;
815 3232 900 3257 Oxou.
914 3232 973 3263 hab.
986 3233 1041 3262 lac.;
1055 3233 1074 3257 Ρ
1090 3233 1164 3266 legit:
1180 3233 1216 3258 Et
1229 3233 1287 3258 ideo
1303 3234 1404 3258 dicitur

340 3267 431 3292 melius
450 3267 498 3292 hoc
517 3267 588 3299 quod
602 3267 667 3292 dicit
686 3267 718 3291 de
733 3267 823 3299 primo
841 3268 914 3292 caelo
933 3272 972 3293 est
992 3268 1201 3301 intelligendum.
1215 3282 1234 3288 -
1248 3269 1310 3293 Post
1324 3277 1402 3294 unam

339 3302 383 3326 lin.
396 3303 443 3327 sed
461 3302 493 3327 de
508 3302 598 3334 primo
616 3303 689 3327 caelo
707 3310 761 3327 om.
775 3303 830 3328 FG.
842 3317 862 3322 -
874 3303 912 3327 De
931 3304 1006 3328 codd.
1023 3303 1080 3328 Par.
1095 3309 1119 3328 et
1135 3307 1218 3328 oxon.
1234 3305 1284 3329 vid.
1300 3305 1383 3329 Praef-

393 3336 418 3371 β)
440 3338 464 3362 in
484 3338 556 3363 caelo
575 3345 637 3362 esse.
654 3351 674 3356 -
693 3338 718 3362 in
739 3339 824 3363 medio
848 3346 902 3364 esse
920 3339 939 3363 F
960 3345 984 3363 et
1004 3339 1097 3367 Oxon.:
1116 3346 1171 3364 esse
1190 3347 1243 3364 om.
1263 3340 1290 3364 P.
1304 3353 1323 3360 —-
1342 3340 1403 3364 Post

341 3380 419 3396 unam
439 3373 481 3397 lin.
497 3380 543 3405 pro
563 3373 588 3397 in
609 3376 664 3397 toto
680 3373 770 3405 primo
789 3374 863 3402 libro,
885 3374 910 3398 in
929 3374 1016 3406 primo
1031 3375 1098 3399 libro
1114 3375 1144 3404 G,
1161 3375 1186 3399 in
1203 3378 1258 3400 toto
1272 3375 1340 3400 libro
1355 3381 1402 3400 cet.

394 3409 419 3441 γ)
433 3408 470 3432 sit:
488 3408 681 3439 recapitulatio.
695 3422 713 3427 -
726 3409 774 3433 Pro
788 3409 832 3438 sic,
848 3412 874 3434 et
890 3410 967 3439 ABG,
982 3410 1025 3435 hic
1038 3411 1058 3434 Β
1078 3416 1103 3435 et
1122 3410 1215 3439 Oxou..
1230 3411 1294 3436 haec
1306 3411 1334 3440 F,
1349 3419 1402 3436 om.

342 3443 398 3467 Par.
417 3443 479 3467 Item
506 3443 530 3467 in
550 3442 599 3468 fine
625 3452 696 3469 num.
715 3452 762 3476 pro
781 3444 830 3472 sic,
851 3445 888 3470 sic
907 3449 932 3469 et
951 3445 1032 3475 AEG,
1051 3446 1089 3470 sic
1107 3446 1172 3471 haec
1191 3446 1246 3475 BF.
1265 3447 1303 3471 sic
1322 3447 1401 3471 etiam

342 3478 425 3502 Oxon.
438 3492 456 3497 -
475 3479 524 3502 Pro
543 3482 571 3502 ut
591 3478 742 3510 Simplicius
763 3479 834 3506 dicit,
855 3481 873 3503 Α
896 3480 955 3511 legit
975 3481 1028 3510 dm5
1048 3481 1113 3506 dicit
1131 3489 1184 3506 om.
1199 3481 1229 3506 F.

394 3511 419 3544 δ)
438 3513 553 3538 causatis
571 3514 733 3546 corporibus.
747 3528 765 3533 -
778 3515 901 3541 causatis.
916 3516 985 3547 quod
1005 3517 1111 3541 resultat
1126 3525 1155 3541 ex
1169 3522 1297 3547 contextu,
1310 3518 1330 3541 Α
1347 3525 1403 3542 cor-

341 3549 436 3580 rumpit
455 3549 480 3572 in
499 3549 608 3578 creatis,
628 3549 647 3573 Ρ
667 3550 691 3573 in
710 3550 801 3574 tantis.
819 3563 838 3568 -
856 3551 905 3574 Pro
924 3558 961 3576 ex
979 3551 1086 3583 quibus,
1110 3552 1143 3577 de
1162 3552 1254 3584 quibus
1274 3553 1302 3578 P.
1320 3566 1339 3572 -
1353 3553 1403 3577 Pro

342 3590 438 3615 opera,
458 3584 624 3615 operationes
644 3584 675 3614 Ρ;
695 3585 726 3609 cf.
740 3591 836 3609 textum
856 3591 880 3610 et
900 3594 971 3610 num.
986 3594 1010 3619 7.

395 3619 416 3651 ε)
437 3619 507 3651 quod
521 3619 667 3650 plurimum
688 3620 845 3645 historiae...
860 3624 899 3645 est
917 3621 989 3646 circa
1013 3629 1135 3654 corpora.
1148 3635 1167 3642 —
1180 3623 1324 3648 secundum
1339 3623 1401 3655 plu-

1015 272 1087 309 DE
1117 270 1292 307 CAELO
1322 270 1392 307 ET
1422 267 1617 306 MUNDO
1647 268 1742 304 LIB.
1773 268 1823 304 III

1451 359 1587 383 eorum
1618 358 1716 395 quae
1754 346 1931 384 dicuntur
1963 358 2046 383 esse
2082 345 2295 383 secundum
2324 354 2520 394 naturam,

1451 399 1642 447 quaedam
1662 407 1749 437 sunt
1777 399 2008 436 substantiae
2027 400 2228 447 naturales,
2245 400 2435 448 quaedam
2455 412 2523 437 au-

1450 460 1528 489 tem
1557 459 1646 489 sunt
1674 453 1916 501 operationes
1945 460 1982 489 et
2007 452 2205 501 passiones
2225 453 2522 490 substantiarum

1451 505 1691 542 naturalium.
1722 506 1771 542 Et
1795 506 1844 542 ad
1863 507 1939 543 hoc
1959 506 2291 552 manifestandum,
2312 506 2438 554 primo
2459 518 2522 542 ex-

1449 558 1559 607 ponit
1587 570 1686 607 quae
1715 566 1802 595 sunt
1829 559 2059 595 substantiae
2080 559 2281 595 naturales.
2308 560 2408 596 Inter
2427 571 2522 607 quas

1450 611 1575 660 primo
1614 619 1815 648 enumerat
1849 624 2011 661 corpora
2044 612 2240 661 simplicia.
2271 613 2320 648 Et
2352 612 2449 648 inter
2478 623 2523 648 ea

1450 665 1576 713 primo
1607 664 1862 713 exemplificat
1891 666 1937 702 de
1972 665 2058 713 igne
2088 673 2124 702 et
2151 673 2270 712 terra,
2302 672 2338 701 et
2367 665 2414 702 de
2443 664 2524 701 aliis

1452 730 1551 766 quae
1589 725 1675 754 sunt
1709 717 1820 754 simul
1858 719 2048 755 elementa
2075 729 2292 768 *corporum
2328 730 2418 754 cum
2448 717 2522 764 eis,

1452 771 1547 808 sicut
1575 778 1662 807 sunt
1682 771 1701 791 ³¹*
1721 783 1787 807 aer
1815 778 1851 807 et
1879 784 1999 820 aqua:
2035 779 2071 808 et
2099 772 2150 808 ad
2177 772 2319 808 horum
2348 779 2524 808 naturam

1451 824 1640 873 pertinent
1667 836 1830 872 corpora
1858 825 1975 861 mixta
2004 837 2102 874 quae
2131 837 2177 862 ex
2206 825 2259 862 eis
2284 836 2523 873 componun-

1451 885 1522 924 tur,
1544 878 1640 914 sicut
1658 877 1802 926 lapides
1819 878 1838 898 *
1854 885 1890 914 et
1909 879 2072 915 metalla.
2102 878 2253 915 Deinde
2274 877 2527 927 exemplificat

1453 932 1500 967 de
1529 930 1600 967 alio
1632 942 1793 978 corpore
1822 930 1984 979 simplici
2012 939 2161 980 praeter
2189 932 2389 978 elementa,
2420 930 2527 979 quod

1454 991 1509 1020 est
1535 991 1659 1020 totum
1689 984 1837 1020 caelum
1867 991 1904 1020 et
1930 992 2056 1032 partes
2094 984 2186 1022 eius.
2225 985 2368 1022 Ultimo
2397 992 2526 1021 autem

1452 1037 1560 1086 ponit
1589 1049 1750 1086 corpora
1788 1036 1904 1073 mixta
1938 1037 2126 1084 animata,
2155 1037 2251 1074 sicut
2285 1037 2462 1074 animalia
2491 1044 2528 1074 et

1453 1091 1601 1139 plantas
1617 1098 1653 1126 et
1666 1098 1793 1138 partes
1809 1102 1943 1126 eorum
1954 1091 1985 1127 *.
1997 1090 2182 1127 -Deinde
2197 1091 2413 1128 manifestat
2428 1103 2526 1140 quae

1455 1143 1527 1180 sint
1564 1143 1805 1192 operationes
1841 1143 1979 1180 harum
2014 1144 2321 1181 substantiarum.
2361 1145 2411 1180 Et
2440 1143 2531 1181 dicit

1455 1196 1561 1246 quod
1575 1196 1701 1245 primo
1717 1196 1875 1244 quidem
1891 1204 1979 1233 sunt
1993 1204 2120 1233 motus
2135 1197 2275 1234 locales
2290 1197 2528 1234 uniuscuius-

1456 1262 1530 1299 que
1549 1250 1689 1286 horum
1719 1261 1940 1298 corporum,
1966 1257 2003 1286 et
2029 1250 2143 1286 etiam
2171 1250 2335 1287 aliorum
2360 1262 2527 1299 quorum

1456 1304 1525 1340 ista
1554 1315 1716 1352 corpora
1745 1311 1832 1340 sunt
1861 1315 1986 1350 causa,
2010 1303 2073 1339 vel
2094 1303 2308 1349 materialis,
2338 1303 2434 1340 sicut
2453 1304 2528 1340 ele-

1457 1364 1597 1403 menta,
1610 1357 1671 1393 vel
1692 1356 1878 1403 effectiva,
1900 1356 1996 1393 sicut
2016 1357 2164 1393 caelum
2185 1358 2237 1404 (et
2252 1356 2272 1377 ⁸⁸
2291 1363 2421 1393 tamen
2442 1368 2528 1394 cau-

1457 1410 1545 1447 satis
1574 1409 1799 1458 corporibus
1819 1407 1833 1430 ‘³
1853 1409 2026 1457 congruit
2053 1417 2183 1446 motus
2211 1410 2425 1446 secundum
2452 1409 2528 1447 vir-

1455 1470 1576 1500 tutem
1593 1475 1798 1511 corporum
1814 1462 2056 1511 simplicium,
2075 1475 2120 1499 ex
2140 1462 2278 1511 quibus
2299 1465 2527 1510 causantur).

1458 1516 1607 1554 Deinde
1635 1528 1753 1564 opera
1778 1524 1815 1553 et
1833 1516 2030 1565 passiones
2053 1516 2335 1564 praedictarum
2355 1517 2530 1553 substan·

1457 1570 1595 1607 tiarum
1625 1569 1713 1606 dicit
1741 1582 1824 1606 esse
1854 1569 2094 1606 alterationes
2128 1577 2164 1606 et
2195 1569 2530 1607 transmutationes

1459 1635 1592 1660 earum
1612 1623 1649 1659 in
1666 1623 1686 1644 *Ξ
1702 1622 1879 1669 invicem,
1901 1635 1999 1671 quae
2029 1630 2116 1659 sunt
2138 1623 2351 1660 secundum
2373 1635 2530 1671 genera—

1457 1677 1603 1714 tionem
1633 1684 1669 1712 et
1698 1675 1996 1725 corruptionem.

1513 1731 1693 1767 Secundo
1722 1729 1832 1766 infert
1857 1728 2155 1766 conclusionem.
2184 1730 2233 1766 Et
2252 1729 2339 1767 dicit
2358 1741 2404 1766 ex
2423 1741 2531 1778 prae-

1459 1783 1584 1820 missis
1612 1782 1855 1819 manifestum
1877 1794 1959 1818 esse
1988 1782 2094 1830 quod
2118 1782 2326 1830 plurimum
2355 1783 2533 1820 historiae

1460 1836 1571 1883 (idest
1589 1835 1828 1881 narrationis)
1845 1835 2029 1872 naturalis
2045 1842 2100 1871 est
2119 1835 2217 1872 circa
2237 1847 2400 1884 corpora
2414 1841 2436 1872 ⁸.
2458 1836 2533 1872 Per

1459 1890 1534 1926 hoc
1549 1897 1677 1926 autem
1697 1890 1801 1937 quod
1822 1888 1910 1925 dicit
1922 1888 2145 1937 plurimam,
2166 1888 2334 1937 intelligit
2353 1900 2531 1935 omnem3

1459 1942 1527 1979 sed
1555 1942 1670 1979 utitur
1697 1942 1772 1978 hoc
1801 1942 1920 1979 modo
1955 1941 2137 1990 loquendi
2170 1950 2328 1991 propter
2364 1941 2533 1991 philoso-

1460 1995 1618 2045 phicum
1656 1994 2002 2043 temperamentum
2033 1994 2057 2031 ζ.
2095 1995 2166 2032 Vel
2197 1995 2286 2032 dicit
2307 1995 2531 2044 plurimam,

1460 2057 1616 2098 propter
1629 2049 1705 2085 hoc
1720 2048 1826 2096 quod
1847 2048 1886 2085 in
1905 2048 2060 2085 scientia
2080 2048 2238 2086 naturali
2257 2048 2398 2097 aliquid
2417 2048 2533 2086 etiam

1461 2102 1619 2139 traditur
1639 2102 1659 2122 '¹‘
1684 2102 1730 2139 de
1759 2101 1883 2150 primo
1913 2109 2064 2138 motore
2095 2109 2131 2138 et
2159 2101 2207 2139 de
2235 2102 2364 2139 anima
2391 2101 2534 2139 intelle·
2559 2107 2571 2119 ’

1462 2163 1571 2192 ctiva.

1518 2209 1550 2246 5.
1581 2207 1712 2245 Tertio
1733 2207 1840 2257 ponit
1860 2207 2060 2254 maiorem,
2091 2207 2232 2246 scilicet
2261 2208 2367 2258 quod
2396 2221 2533 2246 omnes

1461 2261 1691 2299 substantiae
1721 2262 1910 2298 naturales
1938 2269 2004 2298 aut
2028 2269 2116 2298 sunt
2140 2274 2314 2311 corpora,
2335 2269 2400 2299 aut
2418 2274 2533 2311 gene-

1461 2324 1589 2352 rantur
1618 2327 1706 2352 cum
1741 2314 1965 2363 corporibus
1995 2322 2031 2351 et
2058 2315 2402 2363 magnitudinibus,
2438 2315 2534 2353 sicut

1460 2376 1548 2405 sunt
1567 2369 1713 2405 formae
1743 2369 1932 2404 naturales
1961 2380 2058 2417 quae
2088 2368 2265 2405 dicuntur
2287 2369 2530 2406 substantiae.

1461 2422 1510 2458 Et
1532 2422 1607 2458 hoc
1627 2421 1783 2469 quidem
1801 2422 1820 2442 '⁴
1837 2421 1926 2458 dicit
1955 2433 2037 2457 esse
2057 2421 2299 2458 manifestum
2321 2421 2529 2470 dupliciter.

1462 2474 1590 2511 Primo
1610 2486 1679 2522 per
1696 2475 1770 2510 hoc
1786 2474 1892 2522 quod
1912 2473 2207 2511 determinatum
2228 2482 2283 2511 est
2307 2486 2406 2523 quae
2421 2479 2532 2512 sunt*

1461 2527 1674 2564 secundum
1695 2536 1880 2572 naturam,
1900 2527 2016 2575 paulo
2037 2535 2122 2564 ante
2140 2528 2177 2573 *,
2199 2539 2298 2575 quae
2319 2528 2531 2576 omniavel

1460 2588 1547 2616 sunt
1575 2591 1736 2628 corpora
1763 2580 1825 2616 vel
1856 2592 1944 2616 cum
1975 2580 2216 2628 corporibus;
2241 2589 2282 2618 ut
2302 2581 2530 2619 determina·

1460 2641 1541 2670 tum
1567 2640 1622 2669 est
1645 2632 1683 2669 in
1708 2634 1739 2669 ΙΙ
1764 2633 1912 2681 Physic.
1935 2634 1954 2652 ⁴⁸
1979 2634 2084 2682 quod
2113 2634 2326 2671 secundum
2356 2643 2531 2672 naturam

1460 2694 1547 2723 sunt
1567 2698 1611 2722 ea
1631 2698 1728 2735 quae
1747 2686 1890 2723 habent
1917 2686 1955 2723 in
1983 2685 2116 2735 seipsis
2143 2687 2372 2736 principium
2403 2696 2532 2726 motus

1461 2747 1497 2776 et
1526 2739 1680 2788 quietis,
1710 2739 1932 2776 huiusmodi
1962 2748 2090 2776 autem
2120 2748 2208 2777 sunt
2235 2742 2317 2778 sola
2347 2753 2531 2790 corpora,

1459 2792 1548 2842 quia
1568 2793 1658 2829 nihil
1679 2801 1859 2829 movetur
1878 2792 1948 2830 nisi
1969 2805 2120 2842 corpus.
2148 2794 2328 2831 Secundo
2350 2794 2438 2831 dicit
2456 2795 2532 2832 hoc

1460 2858 1543 2882 esse
1572 2846 1815 2882 manifestum
1845 2858 1914 2894 per
1942 2845 2219 2894 inductionem,
2250 2847 2530 2885 considerando

1459 2911 1528 2948 per
1546 2899 1692 2946 singula
1712 2911 1756 2935 ea
1777 2911 1873 2948 quae
1890 2899 1928 2936 in
1948 2899 2101 2936 scientia
2130 2901 2289 2937 naturali
2311 2900 2530 2938 traduntur:

1460 2952 1678 2990 invenimus
1707 2953 1808 2989 enim
1847 2952 1978 2990 omnia
2014 2965 2096 2990 esse
2130 2965 2312 3003 corpora,
2350 2955 2412 2991 vel
2442 2965 2531 2992 cum

1461 3005 1696 3054 corporibus.
1713 3027 1737 3034 -
1759 3007 1807 3043 Et
1827 3014 1882 3043 est
1910 3006 2190 3044 advertendum
2220 3007 2326 3055 quod
2344 3008 2440 3046 haec
2469 3019 2531 3046 ea-

1460 3060 1549 3096 dem
1578 3071 1693 3108 supra
1721 3059 1760 3096 in
1787 3059 1913 3108 primo
1943 3059 2038 3096 libro
2060 3060 2079 3080 *
2099 3060 2305 3109 praemisit.

1456 3199 1552 3223 rimam
1572 3199 1707 3228 historiae,
1723 3200 1791 3224 idest
1810 3200 1977 3225 narrationis
1996 3201 2138 3228 naturalis.
2156 3208 2212 3227 esse
2229 3202 2303 3227 circa
2316 3209 2433 3234 corpora
2448 3202 2476 3232 Ρ,
2489 3202 2531 3227 cui

1456 3234 1559 3259 lectioni
1579 3240 1708 3260 structura
1728 3234 1821 3260 deficit.
1841 3235 1936 3261 Contra
1948 3237 2095 3268 plurimum
2110 3237 2187 3262 obiici
2201 3242 2287 3271 potest
2299 3238 2366 3262 infra
2384 3237 2423 3262 bis
2442 3245 2530 3263 recur-

1457 3277 1514 3294 rere
1529 3270 1691 3302 plurimam,-
1710 3271 1756 3295 sed
1776 3271 2034 3296 animadvertendum
2054 3277 2102 3302 est,
2118 3272 2151 3297 ibi
2166 3273 2252 3305 ipsum
2273 3278 2357 3298 textus
2371 3272 2530 3298 vocabulum

1457 3305 1526 3329 citari
1547 3306 1740 3338 explicandum.
1759 3307 1831 3339 quod
1850 3306 1891 3332 hic
1911 3315 1963 3331 non
1982 3306 2036 3332 fieri
2061 3313 2130 3340 patet
2149 3315 2179 3333 ex
2198 3308 2267 3333 idest
2285 3307 2465 3338 narrationis,
2485 3308 2530 3333 ubi

1458 3340 1519 3365 nihil
1539 3341 1571 3366 de
1592 3342 1749 3373 plurimam.
1774 3342 1866 3367 Posset
1885 3343 1962 3367 etiarn
1981 3342 2046 3368 infra
2066 3343 2105 3368 bis
2125 3343 2175 3376 legi
2197 3343 2360 3376 plurimum,
2380 3343 2530 3369 auctoritate

1457 3377 1533 3401 codd.
1548 3376 1588 3401 BF
1609 3382 1633 3401 et
1648 3377 1732 3401 Oxon.

1511 3411 1536 3443 ζ)
1548 3416 1662 3444 propter
1670 3413 1880 3444 philosophicum
1897 3416 2172 3446 temperamentum-
2181 3417 2295 3446 propter
2306 3413 2448 3448 physicum
2464 3418 2529 3440 rem-

1453 3451 1639 3479 peramentum
1661 3447 1740 3479 P02G
1755 3454 1779 3473 et
1794 3448 1872 3483 Par.?)
1888 3450 2052 3482 corruptione
2067 3450 2129 3475 satis
2148 3449 2290 3482 frequenth
2306 3452 2420 3482 propter
2434 3450 2530 3484 physi-

1457 3490 1516 3507 cum
1536 3491 1594 3508 cum
1617 3487 1825 3516 temperamento
1845 3486 1879 3514 Α,
1901 3488 2015 3517 propter
2039 3485 2158 3511 habitum
2185 3488 2422 3518 temperamentum
2442 3485 2484 3510 BF
2503 3490 2530 3510 et

1458 3518 1551 3548 Oxou„
1566 3519 1597 3543 ct'.
1614 3519 1656 3543 lib.
1674 3519 1689 3548 1,
1705 3520 1762 3543 lect.
1778 3527 1818 3549 xv,
1838 3526 1883 3544 not
1902 3528 1926 3544 α.

1510 3556 1537 3585 η)
1557 3562 1624 3586 quae
1642 3558 1713 3580 sunt.
1726 3569 1743 3573 -
1755 3555 1829 3587 quod
1845 3555 1899 3580 sint
1913 3556 1943 3585 Α,
1963 3555 2035 3588 quod
2052 3556 2090 3581 sic
2105 3556 2134 3583 E.
2146 3556 2219 3589 quod
2236 3556 2306 3581 sicut
2318 3556 2342 3581 G
2355 3561 2381 3580 et
2400 3556 2470 3585 Pnr.;
2491 3555 2528 3580 le·

1457 3590 1570 3621 gendum
1587 3598 1646 3615 esse
1660 3597 1734 3622 quae,
1750 3595 1819 3623 patet
1832 3599 1862 3615 ex
1876 3597 2010 3622 contextu;
2026 3591 2091 3616 forte
2105 3591 2144 3616 sic
2156 3597 2181 3616 et
2195 3591 2264 3616 sicut
2277 3591 2456 3623 corruptiones
2467 3595 2528 3615 sunt

1458 3632 1505 3656 pro
1524 3625 1585 3649 sint.

2550 775 2562 787 ⁴¹
2576 777 2631 797 eunt
2643 781 2725 799 omm-

2551 881 2563 892 '
2586 881 2649 902 sicut
2674 880 2769 910 lapidee

2554 913 2603 929 om.
2616 914 2639 930 Α.

2553 1098 2566 1110 “
2579 1104 2660 1121 eorum
2677 1104 2727 1121 om.
2740 1104 2771 1120 m

2553 1131 2583 1147 m
2597 1129 2619 1147 et
2635 1126 2687 1148 Par.

2554 1365 2565 1374 '
2579 1365 2605 1386 e?
2616 1369 2667 1386 om.
2676 1369 2712 1386 δῦ.

2556 1627 2651 1651 ’ada-

2558 2427 2657 2481 :igmarus
2665 2431 2720 2456 (om.
2728 2428 2780 2457 qul-

2558 2539 2570 2551 ·
2583 2538 2656 2561 Num.
2671 2544 2746 2566 pnec.

2558 2641 2570 2653 ⁸
2585 2641 2643 2669 Cap.
2656 2647 2677 2668 ις
2692 2641 2718 2664 8.
2727 2639 2776 2664 Th.

2559 2668 2611 2690 lect.
2622 2673 2639 2690 ι.
