2782 4134
1002 258 1072 294 DE
1103 253 1278 292 CAELO
1307 252 1377 289 ET
1408 250 1603 287 MUNDO
1633 251 1728 288 LIB.
1760 251 1774 286 I

893 479 1186 538 LECTIO
1224 475 1884 532 VIGESIMAPRIMA

1912 586 1931 599 Χ

349 644 494 675 EXTRA
518 638 693 672 CAELUM
716 635 806 666 NON
831 633 911 664 EST
934 631 1112 668 ALIQUID
1137 629 1292 661 EORUM
1317 629 1437 666 QUAE
1462 628 1822 666 CONSEQUUNTUR
1844 629 1902 660 AD
1928 629 2135 661 CORPORA
2160 628 2392 660 SENSIBILIA
2416 645 2434 651 -

887 688 1051 726 QUALIA
1074 687 1172 719 SINT
1195 688 1253 718 EA
1277 687 1396 724 QUAE
1421 686 1474 717 IBI
1499 686 1620 717 NATA
1644 686 1758 717 SUNT
1782 686 1884 718 ESSE
1992 691 1994 694 '

292 835 383 879 ’Ἅμα
407 827 444 863 δέ
467 826 568 866 δῆλον
596 827 647 859 ὅτι
673 820 750 858 οὐδὲ
776 824 881 861 τόπος
908 818 1109 865 οὐδὲηκενὸν
1137 817 1215 854 οὐδὲ
1238 821 1357 867 χρόνος

366 878 456 909 ἐστὶν
482 873 542 914 ἔξω
569 873 629 903 τοῦ
655 870 811 914 οὐρανοῦ·

301 922 332 955 ἐν
360 920 486 953 ἅπαντι
511 917 573 963 γαρ
599 915 692 955 τόπῳ
717 910 865 946 δυνατόν
893 910 1043 956 ὑπάρξαι
1064 912 1178 955 σῶμα·

298 965 390 998 κενὸν
415 959 444 994 δ’
472 959 555 994 εἶναί
576 970 673 1003 φασιν
697 958 728 990 ὲν
755 958 779 1000 ᾦ
803 970 851 1002 μη
876 955 1058 1002 ἐνυπάρχει
1082 956 1194 1000 σῶμα,
1211 949 1358 988 δυνατὸν

364 1004 390 1040 δ’
420 1008 492 1039 ἐστὶ
516 1003 682 1051 γενέσθαι.

298 1052 420 1096 Χρόνος
452 1046 488 1081 δὲ
520 1047 653 1093 ἀριθμός
684 1046 862 1084 κινήσεως·
893 1048 1018 1083 κίνησις
1050 1044 1078 1076 δ’
1111 1043 1187 1076 ἄνευ
1221 1045 1359 1085 φυσικοῦ

363 1096 518 1140 σώματος
545 1090 603 1124 οὐκ
629 1093 734 1124 ἔστιν.
765 1090 853 1132 Ἔξω
879 1085 917 1122 δὲ
941 1091 1004 1123 τοῦ
1022 1089 1166 1134 οὐρανοῦ
1182 1084 1359 1123 δέδεικται

365 1140 417 1172 ὅτι
443 1138 513 1170 οὔτ’
543 1137 633 1169 ἔστιν
661 1134 735 1168 οὔτ’
765 1131 945 1181 ἐνδέχεται
969 1132 1126 1181 γενέσθαι
1150 1135 1260 1178 σῶμα,

296 1184 441 1228 Φανερόν
469 1182 533 1225 ἄρα
566 1180 619 1213 ὅτι
651 1180 731 1213 οὔτε
765 1179 871 1218 τόπος
898 1180 978 1212 οὔτε
1010 1178 1104 1211 κενὸν
1135 1178 1215 1211 οὔτε
1242 1178 1359 1225 χρόνος

363 1229 453 1260 ἐστὶν
481 1225 616 1267 ἔξωθεν·

296 1269 410 1316 διόπερ
437 1270 508 1303 οὔτ’
531 1268 562 1302 ἐν
589 1268 684 1310 τόπῳ
710 1269 811 1301 τάκεῖ
835 1268 993 1313 πέφυκεν,
1018 1267 1096 1300 οὔτε
1147 1267 1239 1311 ρόνος
1267 1267 1363 1300 αὐτοὶ

362 1319 453 1348 ποιεῖ
474 1313 674 1361 γηράσκειν,
702 1309 774 1345 οὐδ’
804 1312 895 1347 ἐστὶν
923 1309 1057 1350 οὐδενὸς
1085 1311 1122 1344 οὗ
1148 1315 1226 1358 εμία
1256 1324 1362 1357 μετα-

361 1359 446 1401 βολὴ
472 1361 538 1392 τῶν
565 1358 647 1402 ὑπὲρ
673 1357 737 1394 τήν
764 1356 930 1399 ἐξωτάτω
957 1357 1177 1402 τεταγμένων
1203 1356 1326 1402 φοράν,

297 1449 370 1483 ἀλλ’
395 1448 614 1481 ἀναλλοίωτα
638 1447 696 1478 καὶ
724 1446 842 1483 ἀπαθῆ
869 1446 934 1483 τήν
954 1446 1093 1490 ἀρίστην
1120 1445 1249 1491 ἔχοντα
1273 1445 1362 1488 ζωήν

360 1494 418 1525 καὶ
437 1493 500 1529 τήν
519 1490 808 1535 αὐταρκεστάτην
826 1486 982 1524 διατελεῖ
997 1489 1057 1523 τὸν
1077 1490 1221 1523 ἅπαντα
1240 1490 1360 1522 αἰῶνα.

295 1539 360 1571 Καὶ
385 1536 449 1584 γοὶρ
475 1538 582 1569 τοῦτο
608 1536 762 1578 τοῦνομα
787 1535 879 1574 θείως
906 1534 1090 1581 ἔφθεγκται
1109 1534 1205 1579 παρὰ
1221 1536 1288 1567 τῶν
1310 1534 1364 1579 ἀρ-

362 1584 481 1627 χαίων.
510 1581 555 1613 Τὸ
579 1581 644 1627 γάρ
669 1580 767 1618 τέλος
794 1580 835 1613 τὸ
861 1579 1014 1625 περιέχον
1041 1579 1101 1612 τόν
1126 1581 1189 1617 τῆς
1217 1578 1363 1612 ἑκάστου

361 1627 448 1669 ζωῆς
474 1625 615 1671 χρόνον,
642 1624 680 1657 οὗ
706 1624 809 1668 μηθὲν
835 1623 897 1666 ἔξω
923 1624 1019 1657 κατα
1043 1623 1158 1668 φύσιν,
1181 1622 1261 1656 αἱών
1287 1623 1364 1656 ἐκοί-

362 1682 445 1702 στου
476 1669 656 1707 κέκληται.
691 1670 796 1702 Κατὰ
819 1669 878 1702 τὸν
905 1669 1012 1701 αὐτὸν
1038 1665 1076 1702 δὲ
1101 1668 1204 1715 λόγον
1236 1671 1296 1700 καὶ
1323 1668 1364 1700 τό

363 1716 424 1748 τοῦ
450 1714 581 1751 παντὸς
600 1714 742 1757 οὐρανοῦ
761 1713 860 1752 τέλος
883 1716 943 1746 καὶ
960 1714 1002 1746 τό
1021 1713 1079 1746 τὸν
1099 1713 1219 1746 πάντα
1244 1712 1364 1758 χρόνον

360 1760 419 1791 καὶ
444 1759 508 1795 τήν
536 1759 691 1801 ἀπειρίαν
718 1757 873 1813 περιέχον
906 1758 1004 1796 τέλος
1038 1757 1118 1790 αἰών
1153 1758 1266 1798 ἐστιν,
1295 1757 1364 1789 ἀπὸ

363 1804 424 1836 τοῦ
452 1804 503 1835 ἀεὶ
529 1800 614 1835 εἶναι
635 1803 774 1847 εἰληφώς
785 1815 856 1842 ,την
879 1801 1085 1847 ἐπωνυμίαν,
1107 1800 1280 1839 ἀθάνατος
1306 1804 1364 1834 καὶ

363 1849 460 1885 θεῖος.

295 1892 383 1925 Ὀθεν
408 1894 464 1924 καὶ
491 1895 561 1929 τοῖς
589 1891 702 1929 ἄλλοις
729 1890 930 1936 ἐξήρτηται,
950 1895 1020 1929 τοῖς
1047 1891 1106 1935 μὲν
1127 1888 1364 1936 ἀκριβέστερον

363 1941 434 1975 τοῖς
458 1932 487 1968 δ’
519 1937 692 1980 ἀμαυρῶς,
721 1936 762 1968 τὸ
787 1934 874 1968 εἶναί
899 1937 1021 1968 τε-καὶ
1045 1936 1119 1978 ζῆν.

295 1983 362 2014 Καὶ
386 1982 450 2027 γαρ
474 1980 628 2025 καθαπερ
655 1979 687 2012 ἐν
713 1985 785 2019 τοῖς
811 1979 996 2027 ἐγκυκλίοις
1017 1979 1270 2024 φιλοσοφήμασι
1292 1981 1365 2025 περὶ

363 2025 412 2058 τοὶ
435 2025 509 2057 θεῖα
535 2024 698 2063 πολλάκις
733 2028 957 2070 προφαίνεται
990 2028 1062 2063 τοῖς
1091 2023 1206 2071 λόγοις
1240 2023 1294 2057 ὅτι
1323 2023 1365 2057 τὸ

363 2069 459 2102 θεῖον-
478 2068 721 2114 ἀμετάβλητον
749 2070 935 2116 ἀναγκαῖον
962 2067 1048 2102 εἶναι
1074 2070 1142 2102 πᾶν
1169 2069 1210 2102 τό
1229 2069 1363 2112 πρῶτον

362 2116 420 2146 καὶ
448 2113 662 2158 ἀκρότατον·
691 2115 707 2146 ὃ
734 2113 839 2152 οὕτως
871 2115 948 2160 ἔχον
981 2118 1146 2158 μαρτυρεῖ
1176 2118 1247 2152 τοῖς
1281 2114 1366 2159 εἰρη-

363 2159 485 2202 μένοις.

296 2204 382 2236 Οὔτε
407 2203 471 2250 γοὶρ
498 2202 582 2235 α”λλο
607 2203 762 2248 κρεῖττόν
791 2203 882 2236 ἑστιν
909 2202 925 2236 ὅ
951 2215 985 2235 τι
1001 2203 1130 2240 κινήσει
1156 2203 1283 2247 (ἐκεῖνο
1299 2202 1364 2249 γοὶρ

365 2247 404 2280 ἂν
430 2250 479 2285 εἴη
505 2246 692 2292 θειότερον)

298 2293 369 2325 οὔτ’
399 2292 468 2336 ἔχει
493 2293 620 2335 φαῦλον
646 2291 759 2333 οὐθέν,
787 2290 860 2325 οὔτ’
890 2286 998 2330 ἐνδεὲς
1023 2292 1090 2325 τῶν
1118 2292 1228 2324 αὐτοῦ
1252 2292 1364 2323 καλῶν

365 2332 497 2374 οὐδενός
525 2337 610 2369 ἐστι.

295 2383 361 2414 Καὶ
389 2381 567 2414 ἄπαυστον
585 2376 628 2417 δὴ
652 2383 779 2418 κίνησιν
803 2384 948 2414 κινεῖται
970 2380 1136 2427 εὐλόγως·
1159 2379 1279 2413 πάντα
1299 2379 1363 2433 γοὶρ

364 2427 516 2458 παύεται
547 2424 748 2469 κινούμενα,
776 2423 861 2457 ὅταν
889 2424 968 2467 ἔλθῃ
993 2425 1037 2462 εἰς
1073 2425 1134 2456 τόν
1161 2425 1281 2456 οἰκεῖον
1308 2435 1365 2456 το-

364 2481 447 2502 πον·
475 2470 537 2502 τοῦ
566 2465 604 2501 δὲ
634 2469 744 2510 κύκλῳ
775 2468 933 2512 σώματος
965 2469 981 2500 ὁ
1012 2468 1117 2506 αὐτὸς
1149 2468 1256 2505 τόπος
1291 2466 1364 2499 ὅθεν

365 2513 495 2558 ἤρξατο
519 2515 577 2545 καὶ
603 2514 647 2550 εἰς
674 2513 708 2544 ὃν
734 2513 894 2554 τελευτᾷ.

353 2610 502 2637 synopsis.
516 2625 550 2629 —
572 2618 595 2636 1.
611 2609 821 2645 Argumentum
838 2614 866 2636 et
879 2607 982 2636 divisio
997 2613 1098 2636 textus.
1114 2624 1134 2628 —
1147 2608 1202 2636 Per
1216 2608 1273 2636 hoc
1288 2608 1369 2644 quod

301 2654 380 2677 extra
394 2648 505 2676 caelum
519 2656 580 2675 non
602 2653 644 2675 est
658 2647 777 2684 aliquod
798 2656 903 2684 corpus
918 2646 1061 2682 sensibile,
1077 2653 1119 2675 est
1140 2646 1227 2675 etiam
1249 2646 1368 2675 manife-

302 2694 379 2715 stum
400 2687 481 2724 quod
501 2695 562 2714 non
577 2692 619 2714 est
637 2686 676 2714 ibi
698 2695 792 2723 neque
813 2687 903 2722 locus,
923 2696 1018 2724 neque
1039 2696 1172 2722 vacuum,
1187 2696 1282 2724 neque
1296 2693 1369 2715 tem-

302 2736 366 2763 pus.
376 2742 396 2748 -
410 2733 437 2754 2.
451 2727 593 2754 Probatur
606 2725 701 2762 primo
716 2733 856 2763 quantum
871 2727 908 2754 ad
923 2727 1030 2755 locum.
1042 2743 1062 2747 —
1076 2727 1211 2755 Secundo
1226 2733 1368 2763 quantum

303 2766 340 2794 ad
354 2775 486 2794 vacuum.
500 2782 519 2787 -
535 2766 560 2794 3.
576 2765 665 2794 Stoici
679 2772 820 2802 ponentes
834 2775 957 2794 vacuum
978 2766 1133 2802 infinitum,
1149 2766 1178 2794 in
1193 2766 1275 2795 cuius
1296 2775 1368 2803 qua-

304 2806 371 2833 dam
392 2811 472 2842 parte
493 2811 567 2833 esset
587 2806 722 2842 mundus,
744 2812 903 2842 posuerunt
924 2812 1136 2843 consequenter
1157 2813 1235 2835 extra
1256 2807 1368 2834 caelum

305 2854 366 2873 esse
380 2854 511 2873 vacuum.
528 2845 620 2880 Ratio,
636 2854 687 2873 seu
708 2845 804 2882 potius
824 2845 1002 2883 imaginatio,
1018 2856 1051 2874 ex
1067 2855 1124 2883 qua
1139 2847 1338 2875 movebantur.
1350 2863 1369 2867 —

303 2884 457 2913 Alexandri
478 2885 638 2921 responsio,
654 2894 728 2922 quae
743 2895 804 2914 non
824 2885 935 2914 videtur
956 2884 1112 2914 sufficiens.
1127 2886 1193 2915 Alia
1206 2886 1368 2923 responsio,

304 2933 378 2961 quae
398 2930 441 2952 est
459 2924 545 2952 etiam
559 2924 648 2961 ipsius
661 2925 826 2954 Alexandri.
840 2942 860 2945 —
873 2935 902 2960 4.
918 2927 999 2954 Duae
1014 2926 1149 2961 rationes,
1164 2926 1269 2963 quibus
1290 2926 1367 2955 idern

303 2964 465 2992 Alexander
485 2965 589 3001 probat
609 2971 690 2993 extra
711 2966 821 2993 caelum
840 2974 900 2993 non
923 2974 985 2993 esse
999 2975 1132 2994 vacuum.
1146 2982 1166 2987 —
1183 2966 1208 2994 5.
1225 2967 1368 2994 Probatur

304 3005 383 3041 quod
398 3010 475 3032 extra
486 3004 596 3032 caelum
607 3014 667 3032 non
678 3004 714 3032 sit
728 3011 850 3042 tempus.
859 3006 913 3033 -6.
927 3005 1083 3034 Conclusio
1099 3005 1340 3042 praecedentium.
1349 3022 1368 3027 -

305 3053 332 3080 7.
350 3043 453 3078 Qualia
473 3043 529 3071 sint
550 3053 583 3072 ea
605 3053 679 3081 quae
700 3051 767 3072 sunt
788 3051 866 3073 extra
887 3045 1008 3074 caelum.
1030 3047 1066 3073 Et
1087 3045 1183 3082 primo
1204 3052 1369 3074 removetur

305 3084 340 3111 ab
362 3082 402 3111 eis
427 3083 556 3112 conditio
582 3093 683 3113 eorum
705 3093 779 3122 quae
800 3091 867 3113 sunt
887 3085 943 3113 hic.
967 3086 1042 3113 Nam
1063 3094 1097 3113 ex
1125 3085 1279 3122 praedictis
1297 3095 1369 3114 con-

305 3123 431 3159 sequitur
453 3124 532 3160 quod
553 3133 586 3152 ea
607 3133 681 3161 quae
702 3131 770 3153 nata
784 3131 851 3152 sunt
872 3134 934 3153 esse
955 3131 1034 3153 extra
1056 3125 1176 3161 caelum,
1192 3134 1287 3163 neque
1302 3132 1368 3154 sunt

305 3161 335 3189 in
355 3162 436 3197 loco,
458 3172 552 3200 neque
573 3163 603 3191 in
624 3170 770 3200 tempore,
796 3173 891 3201 neque
919 3171 1072 3194 senescunt
1093 3165 1123 3193 in
1148 3172 1295 3202 tempore,
1317 3175 1367 3194 ne-

306 3211 362 3238 que
386 3202 471 3230 etiam
495 3209 537 3230 est
561 3212 662 3231 eorum
687 3203 782 3241 aliqua
795 3205 1008 3233 transmutatio.
1023 3221 1043 3226 -
1058 3206 1137 3233 Haec
1158 3211 1271 3240 autem,
1294 3215 1368 3242 quae

305 3241 465 3269 Alexander
477 3241 517 3270 ait
533 3251 619 3279 posse
639 3243 756 3281 intelligi
777 3244 813 3272 de
834 3243 898 3281 ipso
920 3245 1010 3280 caelo,
1026 3245 1244 3273 convenientius
1265 3245 1367 3274 intelli-

306 3286 411 3316 guntur
424 3282 460 3309 de
474 3282 536 3310 Deo
558 3289 586 3310 et
606 3283 642 3310 de
656 3283 820 3312 substantiis
835 3284 989 3321 separatis;
1012 3294 1086 3322 quae
1108 3285 1258 3314 manifeste
1272 3294 1368 3322 neque

307 3319 337 3347 in
350 3326 479 3356 tempore
494 3330 588 3358 neque
602 3322 632 3350 in
642 3322 707 3351 loco
723 3323 921 3360 continentur3
937 3331 964 3352 et
976 3334 1051 3361 quae
1067 3324 1202 3353 dicuntur
1215 3334 1277 3354 esse
1289 3332 1368 3354 extra

308 3359 427 3395 caelum,
448 3369 508 3388 non
522 3361 593 3389 sicut
614 3361 643 3389 in
664 3362 738 3398 loco,
754 3363 804 3391 sed
818 3363 889 3392 sicut
904 3373 964 3392 non
989 3364 1099 3393 inclusa
1118 3366 1171 3393 sub
1190 3365 1368 3394 continentia

308 3398 499 3434 corporalium
511 3409 623 3435 rerum;
638 3408 666 3429 et
681 3411 805 3439 quorum
820 3404 897 3432 nulla
908 3410 949 3432 est
963 3404 1175 3440 transmutatio,
1189 3405 1257 3442 quia
1268 3414 1367 3442 super-

308 3438 447 3466 excedunt
458 3445 568 3467 motum
579 3440 696 3469 ultimae
708 3442 854 3478 sphaerae.
864 3459 884 3464 —
895 3444 922 3471 8.
933 3445 1092 3478 Quomodo
1103 3444 1159 3473 sint
1169 3454 1203 3473 ea
1214 3454 1289 3482 quae
1301 3451 1368 3473 sunt

309 3483 387 3505 extra
401 3478 659 3508 caelum-Tenus
674 3478 840 3510 subdivisio.
849 3498 867 3502 -
879 3484 961 3517 Quae
976 3490 1054 3512 extra
1068 3485 1179 3513 caelum
1194 3491 1270 3520 sunt,
1286 3485 1367 3522 peni-

307 3522 354 3544 tus
365 3515 548 3552 impassibilia
562 3525 636 3554 sunt,
652 3526 679 3547 et
693 3520 799 3548 habent
814 3521 954 3557 optimam
969 3523 1056 3552 vitam
1070 3530 1097 3552 et
1110 3534 1163 3561 per
1177 3534 1207 3553 se
1222 3523 1367 3553 sufficien-

307 3555 456 3592 tissimam,
471 3566 531 3585 non
548 3559 745 3595 temporalem,
760 3561 810 3588 sed
825 3561 1037 3597 sempiternam.
1052 3579 1072 3584 —
1086 3573 1113 3600 9.
1130 3564 1290 3601 Exponitur
1311 3565 1368 3593 hoc

308 3604 417 3624 nomen
431 3601 589 3631 aeternum,
602 3599 681 3635 quod
696 3599 845 3635 dupliciter
859 3601 1012 3638 accipitur:
1028 3612 1088 3631 uno
1103 3605 1194 3633 modo
1209 3605 1365 3633 secundum

1413 825 1430 843 *
1447 824 1550 855 Simul
1571 830 1682 854 autem
1703 823 1912 855 manifestum
1935 830 1982 855 est
2004 824 2095 865 quod
2117 833 2222 865 neque
2250 823 2360 863 locus,
2385 833 2490 865 neque

1481 878 1631 907 vacuum,
1655 878 1760 909 neque
1783 875 1912 909 tempus
1935 875 1983 899 est
2005 875 2090 899 extra
2113 869 2248 900 caelum.

1415 914 1450 943 In
1474 913 1564 943 omni
1588 913 1675 943 enim
1697 913 1771 944 loco
1795 912 1947 953 possibile
1970 912 2099 943 existere
2123 922 2250 953 corpus.

1414 958 1562 989 Vacuum
1593 964 1701 988 autem
1732 967 1799 988 esse
1823 956 1949 995 dicunt,
1972 956 2006 987 in
2029 967 2096 998 quo
2129 967 2196 988 non
2224 956 2327 988 existit
2355 967 2490 998 corpus,

1482 1001 1633 1042 possibile
1657 1008 1765 1033 autem
1789 1001 1909 1032 factum
1932 1011 2011 1031 esse.

1415 1046 1472 1077 Est
1504 1053 1613 1077 autem
1643 1053 1771 1086 tempus
1800 1055 1954 1076 numerus
1985 1051 2113 1076 motus:
2142 1051 2252 1076 motus
2285 1052 2393 1077 autem
2424 1046 2491 1077 sine

1482 1090 1616 1132 physico
1634 1100 1768 1131 corpore
1789 1100 1856 1121 non
1872 1096 1934 1121 est:
1959 1089 1977 1109 *
2000 1095 2085 1120 extra
2111 1089 2235 1120 caelum
2254 1097 2363 1121 autem
2386 1097 2491 1121 osten—

1483 1146 1555 1166 sum
1579 1141 1626 1165 est
1648 1135 1724 1176 quia
1746 1144 1850 1176 neque
1875 1141 1922 1165 est
1943 1143 2048 1175 neque
2072 1133 2227 1174 contingit
2248 1133 2316 1165 fieri
2335 1144 2463 1175 corpus.

1416 1180 1623 1211 Manifestum
1645 1179 1741 1220 igitur
1755 1179 1831 1220 quia
1855 1189 1958 1220 neque
1981 1179 2084 1218 locus,
2101 1188 2206 1220 neque
2221 1187 2372 1218 vacuum,
2387 1189 2492 1221 neque

1484 1231 1611 1265 tempus
1635 1231 1682 1255 est
1705 1223 1848 1255 exterius.

1417 1270 1550 1310 Propter
1574 1269 1663 1310 quod
1686 1268 1818 1310 quidem
1846 1278 1951 1309 neque
1974 1267 2007 1298 in
2035 1267 2109 1298 loco
2143 1277 2225 1309 quae
2247 1267 2292 1298 ibi
2323 1274 2398 1298 sunt
2420 1274 2495 1309 apta

1485 1320 1559 1344 nata
1582 1321 1673 1352 esse3
1698 1323 1802 1354 neque
1834 1319 1962 1353 tempus
1986 1312 2054 1352 ipsa
2078 1312 2152 1343 facit
2175 1318 2356 1351 senescere;
2389 1321 2495 1353 neque

1486 1365 1532 1389 est
1555 1357 1652 1388 ullius
1682 1366 1786 1398 neque
1809 1367 1874 1388 una
1903 1356 2125 1388 transmutatio
2150 1366 2264 1387 eorum
2293 1366 2376 1398 quae
2399 1365 2496 1398 super

1487 1413 1558 1433 eam
1581 1412 1664 1443 quae
1687 1402 1824 1432 maxime
1847 1408 1932 1432 extra
1955 1401 2099 1432 ordinata
2122 1401 2286 1432 lationem.

1419 1447 1482 1478 Sed
1504 1446 1710 1478 inalterabilia
1737 1453 1768 1478 et
1790 1446 2015 1487 impassibilia,
2040 1445 2197 1486 optimam
2227 1445 2375 1477 habentia
2396 1445 2496 1478 vitam

1487 1498 1518 1522 et
1541 1501 1597 1532 per
1620 1501 1653 1522 se
1677 1490 1987 1529 sufficientissimam,
2011 1489 2180 1531 perficiunt
2202 1496 2273 1521 toto
2297 1497 2436 1521 aeterno.

1419 1535 1548 1567 Etenim
1570 1536 1634 1566 hoc
1649 1545 1770 1566 nomen
1794 1535 1899 1566 divine
1915 1535 2121 1566 enunciatum
2145 1541 2191 1566 est
2214 1535 2253 1566 ab
2277 1534 2427 1576 antiquis.
2443 1533 2495 1566 Fi-

1488 1580 1536 1611 nis
1560 1580 1647 1611 enim
1670 1579 1834 1613 continens
1858 1579 1890 1610 id
1923 1580 2013 1621 quod
2037 1579 2290 1620 uniuscuiusque
2313 1579 2395 1610 vitae
2416 1585 2496 1610 tem-

1487 1635 1560 1665 pus,
1585 1624 1676 1656 cuius
1691 1624 1770 1655 nihil
1794 1631 1840 1655 est
1856 1630 1941 1655 extra
1959 1624 2137 1655 secundum
2153 1630 2311 1662 naturam,
2331 1630 2497 1655 aeternum

1487 1669 1741 1709 uniuscuiusque
1763 1675 1915 1700 vocatum
1939 1675 1995 1700 est.
2020 1668 2206 1707 Secundum
2229 1668 2365 1699 eandem
2387 1674 2498 1699 autem

1488 1714 1645 1745 rationem
1669 1720 1699 1744 et
1722 1713 1820 1744 totius
1844 1713 1922 1744 caeli
1944 1712 2028 1751 finis,
2052 1719 2083 1744 et
2106 1723 2204 1744 omne
2219 1719 2348 1753 tempus
2373 1719 2405 1744 et
2426 1711 2497 1744 infi-

1489 1758 1622 1789 nitatem
1636 1757 1802 1788 continens
1817 1756 1981 1798 perfectio,
1997 1763 2162 1788 aeternum
2181 1764 2238 1796 est,
2255 1767 2274 1787 a
2289 1766 2414 1798 semper
2429 1766 2498 1788 esse

1489 1812 1619 1833 sumens
1644 1801 1950 1840 denominationem,
1974 1801 2164 1832 immortalis
2188 1807 2219 1832 et
2242 1801 2379 1832 divinus.

1421 1891 1514 1923 Unde
1538 1898 1568 1922 et
1591 1890 1659 1921 aliis
1683 1890 1959 1922 communicatum
1982 1896 2039 1928 est,
2063 1889 2113 1921 his
2136 1889 2269 1932 quidem
2291 1889 2424 1929 clarius,
2447 1888 2498 1921 his

1466 1942 1596 1966 ·autem
1620 1935 1798 1973 obscurius,
1822 1945 1890 1966 esse
1913 1941 1944 1966 et
1966 1935 2081 1966 vivere.

1421 1981 1549 2012 Etenim
1567 2003 1576 2019 ,
1605 1979 1883 2020 quemadmodum
1909 1979 1943 2010 in
1985 1979 2132 2021 encycliis
2164 1978 2516 2021 philosophematibus>

1489 2024 1569 2056 circa
1593 2023 1698 2054 divina
1721 2024 1886 2055 multoties
1910 2024 2104 2055 declaratum
2132 2031 2179 2055 est
2202 2024 2389 2064 rationibus,
2409 2023 2499 2066 quod

1487 2069 1634 2100 divinum
1643 2068 1916 2100 intransmutabile
1931 2068 2143 2100 necessarium
2153 2078 2220 2100 esse
2236 2078 2344 2108 omne,
2355 2068 2500 2110 primum

1489 2120 1520 2146 et
1542 2121 1729 2145 summum:
1753 2113 1843 2155 quod
1866 2113 1910 2144 sic
1933 2113 2052 2144 habens
2076 2112 2260 2145 testificatur
2283 2113 2385 2145 dictis.

1421 2202 1534 2244 Neque
1559 2202 1643 2233 enim
1673 2202 1760 2234 aliud
1782 2202 1898 2233 melius
1927 2209 1974 2234 est
1996 2203 2087 2244 quod
2118 2202 2276 2234 movebit:
2301 2202 2381 2234 illud
2411 2202 2499 2234 enim

1488 2247 1599 2288 utique
1624 2247 1681 2278 erit
1703 2246 1852 2278 divinius.

1420 2293 1533 2333 Neque
1556 2291 1651 2323 habet
1683 2301 1818 2332 pravum
1842 2291 1939 2330 nihil,
1965 2301 2069 2333 neque
2099 2291 2245 2332 indigens
2268 2301 2383 2323 eorum
2415 2301 2499 2334 quae

1488 2336 1588 2377 ipsius
1611 2336 1774 2366 bonorum
1797 2335 1888 2365 nullo
1913 2342 1968 2366 est.

1421 2381 1462 2412 Et
1480 2379 1656 2411 incessabili
1673 2379 1780 2420 itaque
1798 2386 1891 2410 motu
1908 2385 2017 2410 movet
2027 2378 2262 2410 rationabiliter.
2278 2378 2397 2411 Omnia
2411 2379 2499 2411 enim

1487 2423 1656 2464 quiescunt
1671 2433 1753 2464 quae
1769 2429 1950 2461 moventur,
1966 2423 2097 2464 quando
2119 2422 2262 2454 venerint
2277 2422 2310 2454 in
2329 2423 2499 2465 proprium

1489 2467 1625 2505 locum:-
1641 2466 1709 2497 eius
1733 2473 1840 2497 autem
1864 2467 1954 2509 quod
1982 2467 2102 2498 circum
2125 2467 2269 2508 corporis
2297 2467 2383 2498 idem
2406 2468 2498 2500 locus

1490 2511 1574 2541 unde
1598 2510 1749 2551 incoepit,
1772 2517 1803 2541 et
1825 2510 1859 2541 in
1882 2521 1981 2552 quern
2005 2518 2217 2543 consummat.

1424 2607 1502 2644 quid,
1518 2613 1546 2635 et
1560 2613 1603 2635 est
1624 2606 1764 2635 terminus
1779 2615 1829 2635 seu
1844 2616 1980 2636 mensura
1995 2617 2070 2645 quae
2091 2608 2221 2637 continet
2241 2608 2368 2638 totaliter
2381 2615 2497 2648 ternpus

1423 2646 1497 2675 vitae
1513 2646 1664 2675 cuiuslibet
1683 2646 1740 2682 rei;
1755 2646 1813 2675 alio
1829 2647 1919 2676 modo
1939 2647 2122 2686 simpliciter,
2137 2649 2219 2685 quod
2235 2658 2341 2686 nempe
2363 2658 2496 2687 compre-

1422 2685 1523 2715 hendit
1533 2695 1652 2715 omnem
1663 2686 1860 2722 durationem
1870 2693 1898 2715 et
1907 2688 2067 2716 secundum
2079 2688 2136 2716 hoc
2145 2694 2296 2717 aeternum
2307 2695 2350 2717 est
2358 2689 2496 2727 perfectio

1423 2735 1498 2764 quae
1513 2733 1575 2755 tota
1590 2726 1675 2755 simul
1690 2726 1813 2755 existens
1828 2727 1957 2756 continet
1968 2737 2056 2756 omne
2066 2734 2182 2765 tempus
2197 2735 2224 2757 et
2239 2738 2358 2758 omnem
2369 2729 2496 2759 infinita-

1423 2773 1481 2794 tem
1504 2766 1674 2794 durationis.
1689 2783 1707 2788 -
1727 2775 1772 2795 ιο.
1792 2767 1945 2796 Influentia
1964 2777 2066 2796 eorum
2085 2777 2161 2805 quae
2180 2768 2316 2798 dicuntur
2330 2778 2393 2798 esse
2417 2776 2497 2799 extra

1423 2806 1534 2834 caelum
1545 2806 1575 2834 in
1589 2806 1652 2835 alia.
1667 2806 1743 2841 Quia
1757 2807 1793 2835 ab
1804 2816 1840 2835 eo
1856 2808 1935 2844 quod
1950 2814 1992 2836 est
2003 2807 2244 2844 perfectissimum
2259 2808 2290 2837 fit
2304 2809 2444 2838 derivatio
2457 2810 2496 2839 ad

1422 2855 1457 2874 ea
1471 2855 1545 2883 quae
1561 2853 1627 2874 sunt
1642 2846 1738 2874 minus
1750 2847 1883 2883 perfecta,
1895 2856 2078 2885 consequens
2089 2849 2224 2886 estquod
2238 2849 2275 2877 ab
2287 2849 2331 2878 his
2343 2858 2418 2887 quae
2429 2856 2496 2879 sunt

1422 2893 1500 2914 extra
1522 2886 1642 2921 caelum,
1659 2886 1891 2915 communicetur
1912 2887 1974 2916 aliis
1998 2897 2060 2917 esse
2081 2895 2110 2917 et
2124 2888 2232 2924 vivere;
2254 2898 2316 2918 non
2337 2889 2496 2927 aequaliter

1422 2925 1568 2961 omnibus,
1584 2927 1635 2954 sed
1649 2926 1693 2954 his
1707 2926 1825 2963 quidem
1840 2927 2008 2964 perfectius,
2026 2927 2070 2956 his
2091 2935 2188 2957 autem
2209 2928 2306 2957 minus
2326 2929 2461 2967 perfecte.
2475 2946 2496 2952 -

1427 2975 1435 2993 1
1447 2965 1698 2994 1.Manifestantur
1713 2976 1787 3004 quae
1799 2966 1875 2995 dicta
1885 2974 1952 2996 sunt
1966 2968 2002 2996 de
2017 2967 2187 2997 conditione
2201 2969 2301 2997 talium
2312 2969 2432 3006 entium,
2443 2978 2496 3007 per

1422 3006 1478 3034 hoc
1492 3006 1573 3043 quod
1587 3005 1617 3034 in
1639 3006 1823 3043 dogmatibus
1850 3007 2094 3044 philosophorum
2115 3018 2190 3046 quae
2210 3009 2387 3038 multitudini
2401 3018 2494 3047 appo·

1422 3047 1581 3081 nebantur,
1604 3055 1689 3083 saepe
1711 3046 1871 3075 rationibus
1894 3047 2130 3076 manifestabatur
2149 3049 2230 3086 quod
2251 3058 2340 3078 omne
2363 3049 2495 3079 divinum

1422 3092 1464 3114 est
1478 3085 1726 3114 intransmutabile
1737 3093 1764 3114 et
1775 3086 1901 3123 primum
1916 3094 1944 3115 et
1958 3097 2116 3117 summum.
2129 3105 2147 3110 -
2163 3096 2205 3117 12.
2222 3088 2335 3118 Deinde
2345 3094 2496 3126 ponuntur

1422 3125 1548 3154 rationes
1569 3126 1606 3154 ad
1628 3127 1842 3155 ostendendum
1864 3128 1944 3164 quod
1959 3127 2068 3156 dictum
2083 3134 2136 3164 est,
2150 3137 2256 3166 nempe
2270 3130 2352 3167 quod
2365 3129 2494 3167 pn'mum

1422 3172 1450 3194 et
1465 3175 1633 3202 supremum
1651 3166 1687 3194 sit
1707 3166 1967 3196 intransmutabile.
1984 3169 2012 3204 a)
2029 3169 2150 3205 Semper
2170 3178 2292 3198 movens
2306 3175 2335 3198 et
2348 3178 2437 3206 agens
2451 3174 2495 3198 est

1423 3205 1526 3234 melius
1545 3212 1627 3234 moto
1649 3212 1677 3234 et
1697 3215 1800 3243 passo3
1825 3216 1886 3235 non
1908 3214 1950 3236 est
1971 3215 2068 3236 autem
2089 3208 2199 3246 aliquid
2225 3208 2328 3237 melius
2348 3208 2445 3246 primo
2466 3214 2495 3237 et

1421 3255 1538 3274 summo
1550 3245 1659 3281 divino,
1670 3247 1751 3283 quod
1765 3246 1856 3283 possit
1870 3246 1965 3284 ipsum
1977 3257 2110 3283 movere;
2126 3257 2196 3286 ergo
2207 3255 2260 3277 etc.
2270 3265 2289 3271 -
2301 3248 2344 3276 13.
2355 3248 2384 3284 b)
2396 3248 2494 3277 Omne

1422 3286 1503 3322 quod
1526 3292 1667 3321 movetur,
1682 3292 1731 3314 aut
1752 3294 1886 3315 movetur
1902 3288 1939 3316 ad
1954 3288 2011 3316 hoc
2025 3289 2106 3325 quod
2120 3288 2224 3317 evadat
2237 3287 2358 3325 aliquod
2372 3287 2493 3324 malum,

1422 3331 1472 3354 aut
1485 3326 1522 3354 ad
1537 3326 1593 3354 hoc
1607 3326 1687 3362 quod
1709 3326 1839 3363 acquirat
1860 3326 1979 3365 aliquod
1998 3329 2119 3357 bonum.
2138 3328 2219 3356 Haec
2233 3334 2330 3356 autem
2346 3337 2407 3356 non
2421 3337 2493 3357 con-

1422 3364 1535 3402 tingunt
1557 3365 1586 3393 in
1607 3365 1703 3402 primo
1720 3373 1748 3394 et
1762 3376 1888 3395 summo.
1905 3384 1924 3389 -
1939 3367 2062 3396 Ponitur
2075 3368 2128 3396 sub
2143 3366 2200 3396 alia
2213 3367 2307 3396 forma
2321 3367 2394 3397 haec
2408 3367 2492 3404 ratio,

1422 3414 1496 3442 quae
1517 3406 1621 3442 probat
1642 3405 1768 3443 primum
1790 3413 1818 3435 et
1838 3406 1968 3436 divinum
1983 3417 2045 3436 non
2059 3406 2170 3436 moveri
2190 3415 2208 3436 a
2229 3407 2336 3444 seipso.
2353 3424 2371 3430 -
2390 3416 2435 3444 ¹4·
2450 3408 2494 3436 Ex

1422 3445 1586 3482 praemissis
1603 3446 1784 3474 concluditur
1799 3447 1988 3484 probabiliter
1998 3447 2079 3485 quod
2093 3446 2221 3484 primum
2236 3447 2344 3476 mobile
2359 3453 2494 3476 movetur

1422 3494 1439 3513 a
1452 3485 1548 3521 primo
1563 3492 1677 3514 motore
1693 3493 1774 3515 motu
1789 3486 1960 3516 incessabili.
1976 3488 2050 3516 Nam
2065 3496 2141 3524 quae
2155 3494 2236 3516 mota
2247 3487 2408 3525 quiescunt,
2423 3493 2494 3516 tunc

1422 3525 1573 3562 quiescunt
1587 3526 1705 3563 quando
1720 3526 1892 3563 perveniunt
1905 3527 1943 3556 ad
1957 3526 2109 3564 proprium
2123 3526 2237 3563 locum;
2250 3528 2331 3565 quod
2345 3527 2382 3556 de
2396 3526 2492 3564 primo

1422 3565 1522 3593 mobili
1537 3565 1593 3594 dici
1608 3566 1717 3603 nequit,
1733 3566 1802 3603 quia
1816 3566 1893 3595 idem
1908 3573 1951 3595 est
1964 3567 2042 3595 unde
2057 3566 2157 3604 incipit
2171 3573 2199 3595 et
2214 3567 2245 3596 in
2260 3567 2341 3605 quod
2355 3566 2493 3596 termina-

1421 3611 1468 3633 tur
1489 3612 1586 3634 motus
1607 3605 1677 3634 eius.
1693 3623 1712 3627 -
1728 3607 1825 3641 Quare
1839 3607 1911 3635 haec
1925 3606 1998 3636 ratio
2013 3605 2050 3635 sit
2070 3607 2261 3636 solummodo
2282 3606 2450 3645 probabilis.

2519 832 2529 842 ²
2543 831 2599 860 seq·
2613 837 2667 860 cap.
2681 837 2716 854 rx.

2518 858 2589 881 Text.
2602 863 2643 887 99.

2520 1098 2530 1108 '¹
2543 1096 2613 1119 Text.
2628 1101 2680 1119 ιοο.
