2580 4094
255 277 335 323 448

294 359 406 388 quenter
415 362 445 379 se
455 353 533 379 habet
545 353 576 378 ad
589 353 789 386 generationem.
797 353 918 377 Prooem.
930 358 951 375 ι.

292 404 313 408 -
331 391 359 415 In
377 394 517 422 augmento
541 389 669 413 concurrit
687 387 817 421 generatio
836 386 950 419 aliquali-

292 431 341 451 ter.
351 426 473 450 Rooem.
487 433 495 449 1
502 442 509 450 .
518 432 568 455 xvx,
581 431 605 449 2.
614 432 673 455 xvn,
684 423 709 449 6.
718 437 737 442 -
747 423 824 453 Quod
834 427 949 454 augetur,

293 466 407 486 mutatur
430 460 573 485 secundum
596 460 692 485 locum.
710 467 749 490 xi,
771 458 793 483 3.
812 471 830 476 -
849 457 877 481 ln
896 464 949 488 quo

293 496 391 521 differat
415 496 446 521 ab
466 503 498 520 eo
517 495 588 527 quod
612 494 699 519 fertur.
718 502 757 525 xi,
777 501 802 524 4,
823 492 847 517 5.
864 506 884 511 -
901 491 948 516 Vis

293 531 482 564 augmentativa
505 530 614 562 pertinet
632 530 663 554 ad
683 528 804 562 speciem.
823 534 868 558 xv,
886 534 912 558 4.
930 539 949 545 ·-

291 568 469 600 Augmentum
479 571 518 590 est
530 570 602 590 actus
617 565 717 589 animae
726 562 884 596 vegetabilis.
896 569 947 592 xv1‚

294 610 318 627 2.
335 617 354 621 —
373 602 513 632 Quomodo
535 599 579 625 fiat
606 604 773 632 augmentum
799 597 947 630 explicatur.

291 645 332 669 xv,
351 645 376 669 4.
394 651 415 655 —
434 636 573 667 Quomodo
591 634 635 660 fiat
653 634 801 659 deminutio.
819 640 879 663 xvn,
899 630 924 656 6.

327 672 474 697 Differentia
492 672 557 695 inter
570 678 668 702 augens
685 674 711 694 et
728 669 855 693 nutriens:
875 667 946 698 item,

291 708 357 732 inter
370 708 456 739 ipsum
471 711 637 738 augmentum
653 710 678 729 et
699 706 786 737 ipsum
805 702 947 728 nutrimen-

290 748 355 768 tum.
368 743 489 768 Rooem.
508 749 529 766 1.
542 748 603 772 xvu,
625 740 647 771 3,
665 739 688 765 5.
705 753 725 758 -
742 739 847 771 Aliquid
866 737 945 762 nutri-

289 783 331 803 tur
347 778 471 810 quamdiu
490 781 656 801 conservatur
668 775 694 800 in
713 774 773 806 vita,
792 782 846 799 non
858 778 945 798 autem

290 821 395 846 semper
413 817 527 845 augetur.
546 819 604 842 xvn,
624 817 650 842 4.

252 849 395 874 Avnnaoas
419 862 451 866 —-
477 847 574 871 Citatur
601 846 656 875 eius
685 845 810 878 expositio
838 844 946 869 litterae.

287 892 327 915 xv,
348 891 371 915 2,
390 891 416 915 4.
766 915 772 921 .
904 915 909 920 ⁸

252 920 406 944 Avmnaaou
425 933 458 936 —-
477 918 553 942 Falsa
572 921 612 941 est
630 917 684 941 eius
703 916 791 949 opinio
804 916 836 940 de
854 915 945 941 ordine

288 954 429 979 formarum
451 954 476 978 in
495 953 610 977 materia.
628 959 652 983 x,
672 950 697 976 8.

250 990 390 1015 Avxcmma
407 1002 443 1008 —
462 988 560 1013 Citatur
578 987 635 1012 eius
655 986 833 1021 Sufficientia.
847 994 902 1018 vm,
921 985 944 1011 3.

579 1099 610 1135 C

249 1202 359 1226 Canum
378 1215 411 1220 —
430 1200 516 1225 Motor
534 1200 597 1224 caeli
616 1203 657 1223 est
675 1206 786 1224 movens
809 1200 944 1226 immobile

283 1245 330 1269 per
343 1244 422 1261 omne
435 1241 555 1268 tempus:
570 1235 671 1259 caelum
686 1235 772 1267 ipsum
782 1241 822 1260 est
831 1244 943 1262 movens

283 1273 354 1305 quod
373 1279 477 1304 semper
496 1275 624 1295 movetur.
642 1278 686 1300 vu,
708 1277 732 1295 2.
744 1284 766 1290 -
783 1271 833 1296 Ubi
853 1272 885 1297 de
905 1273 942 1297 eis

282 1312 413 1333 tractetur.
433 1307 495 1332 ibid.
513 1320 532 1325 —
551 1306 664 1330 Causant
689 1311 843 1339 perpetuam
863 1315 942 1339 gene-

281 1344 408 1368 rationem
436 1347 462 1368 et
489 1342 689 1374 corruptionem.
719 1341 782 1366 ibid.
806 1355 826 1361 -
852 1343 942 1369 Partes

281 1379 343 1405 caeli
362 1379 462 1403 variant
479 1378 567 1403 locum
587 1378 663 1402 etiam
682 1376 809 1403 subiecto.
826 1386 860 1410 xi,
881 1378 906 1405 5.
923 1393 943 1398 -

281 1415 397 1448 Corpora
425 1413 544 1439 caelestia
569 1417 649 1446 agunt
674 1417 698 1438 et
723 1420 776 1437 non
801 1413 941 1446 patiuntur.

279 1458 335 1482 xiv,
374 1468 380 1474 .

275 1510 279 1516 ,
315 1458 394 1511 Lib7er
405 1485 439 1510 de
460 1484 540 1510 Caelo
554 1488 595 1508 est
613 1483 727 1508 secunda
743 1491 803 1516 pars
818 1485 940 1510 scientiae

280 1522 417 1546 naturalis:
432 1521 458 1545 in
468 1528 500 1545 eo
515 1520 598 1552 agitur
612 1519 644 1544 de
659 1519 810 1552 corporibus
825 1521 941 1546 localiter

280 1558 367 1582 motis.
386 1557 509 1582 Pmoem.
531 1563 553 1580 1.
566 1568 586 1574 -
605 1555 799 1580 Commentaria
821 1555 848 1580 in
866 1556 910 1582 lib.
930 1557 940 1581 1

280 1593 313 1618 de
334 1593 413 1618 Caelo
423 1592 541 1617 citantur.
550 1598 595 1622 vn,
610 1598 632 1615 ι.
641 1604 661 1609 -
674 1590 740 1615 Vide
749 1591 940 1618 Amsrorrums.

244 1629 365 1654 Caunum
388 1642 422 1646 —
442 1626 559 1658 Qualitas
584 1626 723 1659 passibilis.
747 1634 781 1658 11,
800 1634 826 1658 4.
849 1641 867 1646 -
893 1628 941 1653 Est

279 1665 412 1698 quoddam
435 1662 617 1688 affirmativum
643 1666 668 1686 et
691 1661 783 1687 forma.
801 1670 856 1695 vm,
875 1671 902 1695 4.
920 1678 940 1683 -

278 1700 398 1725 Calidum
421 1703 447 1724 et
469 1698 591 1730 frigidum
614 1698 740 1722 contrarie
762 1703 938 1731 opponuntur.

277 1743 330 1767 vm,
343 1734 523 1760 5.-Calidum
542 1738 583 1758 est
601 1733 741 1766 perfectius
761 1733 862 1766 frigido.
873 1734 938 1761 ibid.

276 1785 295 1791 —
307 1771 426 1796 Calidum
441 1777 494 1794 non
510 1773 550 1794 est
562 1768 647 1793 forma
663 1768 841 1794 substantialis
856 1770 937 1802 ignis:

277 1806 473 1840 quodammodo
494 1809 581 1829 tamen
601 1804 637 1828 sic
656 1804 704 1829 dici
723 1809 818 1837 potest.
838 1805 901 1832 ibid.
919 1820 939 1826 —

241 1843 317 1868 Cano
336 1857 370 1861 —
389 1842 465 1871 Caro,
483 1848 515 1865 os
534 1844 559 1864 et
578 1840 727 1864 huiusmodi
749 1845 810 1865 sunt
829 1849 939 1875 corpora

277 1878 355 1903 mixta
373 1877 496 1902 similium
515 1876 636 1909 partium.
653 1882 672 1905 1,
687 1883 713 1909 7.
731 1883 769 1907 ιιι,
785 1883 808 1901 2.
827 1884 866 1907 xV,
883 1885 908 1903 2.
919 1892 939 1897 -

277 1914 344 1939 Caro
363 1913 507 1938 secundum
531 1911 646 1944 speciem
665 1915 691 1936 et
709 1919 770 1936 caro
792 1913 937 1938 secundum

277 1950 424 1979 materiam,
447 1948 511 1981 quid
530 1947 576 1972 sit:
595 1946 707 1971 reiicitur
731 1948 857 1980 expositio
875 1950 936 1974 Ale-

276 1985 374 2010 xandri.
391 1992 432 2015 xV,
450 1991 473 2015 2,
488 1991 514 2015 4.
531 1996 551 2002 -
569 1982 707 2007 Permanet
725 1983 825 2015 species
845 1986 937 2015 carnis,

277 2021 327 2046 etsi
345 2020 455 2045 materia
472 2022 594 2044 mutetur.
612 2025 653 2049 xv,
672 2025 699 2050 4.

240 2057 331 2083 Causa
350 2070 384 2074 -—
404 2056 488 2080 Causa
507 2054 577 2079 unde
596 2058 637 2078 est
659 2054 814 2086 principium
833 2060 937 2087 motus,

275 2093 343 2118 idest
366 2098 477 2116 movens
500 2090 542 2114 vel
566 2087 688 2114 efficiens.
707 2097 752 2120 vu,
773 2097 797 2115 2.
814 2103 834 2110 —
852 2091 937 2118 Causa

275 2127 425 2158 materialis,
444 2127 512 2151 idest
531 2124 646 2150 materia.
665 2124 728 2150 ibid.
746 2139 765 2144 -
783 2126 884 2152 Causae
898 2128 936 2152 in-

273 2163 419 2196 telligibiles
430 2162 594 2187 innotescunt
608 2168 655 2193 per
667 2160 773 2186 effectus
789 2162 936 2189 sensibiles.

272 2206 331 2231 vm,
353 2197 376 2224 5.

239 2235 318 2260 Ciaus
338 2249 372 2253 —
396 2233 460 2259 Vide
478 2233 656 2258 Ausum-run.

238 2271 329 2296 Conon
347 2283 383 2289 —
407 2269 471 2294 Vide
489 2268 670 2293 Dssnocmws.

239 2307 369 2332 comma:
387 2319 423 2324 -
441 2305 480 2329 De
504 2302 636 2328 communi
659 2303 731 2336 prius
759 2303 934 2332 determinan—

274 2342 336 2367 dum
356 2346 405 2366 est.
424 2341 546 2365 Pr00em.
567 2345 592 2363 2.

238 2377 399 2403 Conrosrrio
416 2389 453 2395 --
470 2374 686 2407 Unumquodque
714 2375 879 2402 constituitur
903 2386 934 2404 ex

273 2414 353 2438 rebus
373 2412 413 2437 sui
428 2410 540 2445 generiS.
554 2417 588 2441 Ν,
603 2408 629 2435 6.
641 2423 660 2429 —
670 2409 706 2434 Ea
721 2418 834 2443 quorum
849 2412 934 2440 forma

272 2448 389 2474 consistit
407 2447 434 2472 in
453 2445 640 2478 compositione
654 2446 696 2470 Vel
715 2446 814 2478 ordine,
829 2446 894 2474 fiunt
908 2455 934 2475 et

272 2487 473 2517 corrumpuntur
490 2489 538 2514 per
555 2482 782 2514 congregationem
801 2487 828 2508 et
846 2491 932 2517 segre-

273 2520 403 2554 gationem
426 2518 546 2551 partium.
568 2525 600 2547 V,
624 2525 650 2550 7.
668 2530 689 2536 -
714 2517 742 2542 In
767 2520 933 2550 generatione

272 2555 487 2589 compositorum.
499 2553 566 2578 inter
583 2553 697 2586 primum
716 2553 869 2586 principium
887 2563 932 2588 ge-

272 2591 412 2617 nerationis
435 2594 461 2614 et
483 2589 602 2614 ultimam
627 2588 738 2613 formam
757 2595 818 2614 sunt
836 2591 933 2617 multae

273 2626 452 2661 generationes
471 2624 580 2649 mediae.
598 2631 652 2655 vm,
669 2623 692 2649 3.
706 2637 726 2643 ·—
742 2624 808 2650 Vide
821 2625 931 2652 Divisio.

237 2663 429 2688 consummo
448 2674 481 2679 —
502 2659 614 2690 Quidam
629 2664 774 2692 posuerunt
792 2668 931 2695 congrega-

271 2698 342 2724 tione
357 2702 382 2723 et
391 2695 571 2730 segregatione
585 2695 672 2720 omnia
684 2694 739 2720 fieri
752 2700 779 2720 et
792 2698 931 2730 corrumpi.

271 2741 289 2765 1,
301 2742 328 2766 4.
346 2740 374 2764 ιι,
390 2732 414 2758 3.
431 2745 451 2752 -
467 2731 600 2764 Tempore
618 2731 764 2756 Aristotelis
784 2734 931 2758 communis

271 2774 326 2795 erat
343 2769 407 2794 haec
429 2767 526 2800 opinio.
545 2775 582 2798 111,
599 2766 623 2792 5.
641 2780 660 2786 —-
678 2767 715 2792 Ex
739 2766 786 2792 hac
809 2769 931 2801 opinione

271 2805 353 2830 multa
363 2803 533 2837 impossibilia
545 2802 673 2828 accidunt.
685 2802 747 2828 ibid.
755 2817 777 2823 —
787 2803 930 2836 Quaedam,

271 2841 318 2866 sed
333 2848 385 2865 non
397 2839 493 2870 omnia,
502 2837 567 2864 fiunt
577 2844 603 2864 et
612 2844 813 2872 corrumpuntur
823 2847 930 2872 congre-

270 2877 374 2909 gatione
393 2880 418 2900 et
436 2874 626 2907 segregatione.
644 2882 674 2906 V,
690 2883 716 2908 7.
726 2888 747 2894 -
757 2875 930 2908 Congregatio

271 2917 296 2938 et
315 2912 459 2945 segregatio
474 2917 613 2944 corporum
633 2914 674 2935 est
692 2918 723 2936 ex
740 2911 827 2944 parvis
843 2915 869 2935 et
882 2912 929 2936 mi-

270 2948 386 2979 noribus,
407 2952 432 2972 et
450 2954 590 2979 parvorum
613 2951 639 2971 et
662 2947 801 2977 minorum,
822 2954 875 2971 non
899 2955 930 2972 ex

270 2983 383 3008 minimis
403 2987 428 3008 et
452 2982 629 3007 minimorum.
648 2990 677 3013 v,
696 2981 721 3008 6.
739 2997 759 3003 ·-
777 2983 929 3015 Quaedam,

270 3027 300 3044 ex
318 3019 368 3044 hoc
387 3018 458 3052 quod
478 3023 538 3043 sunt
556 3023 712 3051 congregata
724 3019 767 3044 vel
786 3025 930 3052 segregata,

269 3055 411 3079 redduntur
436 3053 519 3079 levius
537 3055 580 3079 vel
603 3053 730 3081 difficilius
754 3056 930 3088 corruptibilia

269 3090 311 3115 vel
331 3089 472 3115 mutabilia.
491 3098 515 3121 v,
534 3089 560 3115 8.

235 3125 475 3151 Conuxrmmuns
491 3140 524 3144 —
537 3126 687 3152 Secundum
701 3127 764 3161 quid
783 3125 929 3152 attendatur

271 3161 477 3186 connaturalitas.
496 3168 529 3193 xi,
551 3161 574 3186 3.

235 3195 391 3222 Cominmm
410 3211 443 3215 —
467 3195 531 3222 Vide
549 3197 659 3224 Divisio.

235 3231 470 3257 comminemini
488 3246 521 3251 —
542 3232 654 3263 Quidam
669 3238 813 3267 posuerunt
827 3238 927 3259 contra·

270 3267 375 3293 dicteria
399 3275 478 3300 posse
503 3275 562 3293 esse
587 3269 666 3295 simul
684 3277 760 3295 vera:
784 3270 928 3303 quomodo.

269 3309 312 3333 m,
330 3309 357 3334 4.

236 3336 391 3363 Commma
410 3351 447 3356 —
465 3338 660 3366 Contrariorum
687 3345 861 3374 utrorumque
887 3346 928 3365 est

270 3377 360 3398 natura
380 3373 474 3406 aliqua.
492 3381 550 3406 V111,
568 3374 592 3400 5.
609 3390 630 3396 ·-
647 3376 736 3402 Unum
760 3381 800 3402 est
823 3384 928 3409 semper

270 3414 330 3432 cum
352 3408 452 3433 defectu
470 3413 496 3433 et
514 3412 656 3444 privatione
675 3413 788 3445 quadam
807 3412 928 3437 alterius:

271 3450 359 3476 quare·
374 3443 438 3469 ibid·
449 3457 468 3462 -
480 3444 565 3471 Prima
583 3447 747 3472 contrarietas
762 3453 802 3473 est
816 3447 927 3480 habitus,

270 3485 319 3503 seu
338 3478 450 3509 formae.
471 3483 496 3504 et
515 3482 663 3515 privationis
683 3483 731 3515 (X
746 3483 928 3517 Metaphys.).

269 3513 364 3544 V1u,.5.
382 3521 406 3543 x,
421 3521 447 3547 9-
463 3517 642 3542 -Subiectum
661 3518 737 3543 huius
757 3518 928 3551 oppositionis

271 3553 311 3573 est
329 3550 435 3574 materia
453 3553 536 3582 prima
555 3553 588 3583 (1
597 3553 726 3586 Physicj.
744 3561 767 3585 x,
781 3561 808 3587 9.
819 3568 839 3573 -
856 3554 929 3579 Aliae

271 3586 463 3648 fgi‘iitrarietates
488 3587 514 3613 in
539 3587 604 3613 hanc
632 3589 743 3622 primam
762 3589 929 3614 reducuntur.

270 3629 278 3647 ι
297 3630 305 3648 ι
328 3639 335 3648 .

1058 273 1224 310 INDEX
1253 269 1655 308 ALPHABETICUS

1004 350 1111 376 Connus
1129 364 1164 368 —
1184 350 1286 382 Corpus
1306 349 1422 374 naturale
1436 353 1493 374 actu
1512 348 1625 373 existens
1640 355 1701 373 con-

1039 390 1090 410 stat
1104 393 1134 410 ex
1149 386 1255 410 materia
1274 390 1300 410 et
1318 385 1410 409 forma.
1424 392 1448 416 V,
1464 392 1489 416 7.
1501 398 1522 402 —
1535 383 1629 409 Utrum
1644 391 1701 408 cor-

1039 429 1089 453 pus
1104 421 1188 453 possit
1201 421 1321 452 componi
1335 428 1365 445 ex
1378 419 1493 452 punctis:
1509 427 1541 444 an
1556 427 1587 444 ex
1599 419 1700 451 passio-

1039 456 1130 480 nibus:
1155 464 1187 480 an
1206 463 1237 480 ex
1251 455 1419 488 incorporeis.
1434 463 1468 486 ιν,
1488 454 1513 479 6.
1528 463 1553 488 7,
1568 454 1594 480 8.
1604 462 1629 486 v,
1644 453 1670 480 6.
1681 467 1701 476 ·-

1037 492 1143 516 Materia
1150 499 1289 523 corporum
1297 499 1349 515 non
1360 495 1399 516 est
1407 491 1470 524 quid
1478 490 1699 515 mathematicum.

1036 534 1090 557 1111,
1114 534 1123 551 1
1147 534 1208 559 sqq.
1231 527 1271 560 Cs-
1288 526 1386 551 Pano.
1398 539 1418 547 -
1431 526 1489 551 Non
1509 526 1583 550 datur
1603 533 1698 559 corpus

1037 569 1090 586 non
1105 562 1304 586 determinatum
1319 561 1351 586 ad
1365 561 1481 594 speciem
1491 566 1517 586 et
1528 561 1699 586 individuum.

1036 605 1089 627 xm,
1114 605 1135 622 1.
1152 611 1172 616 —
1190 597 1278 622 Omne
1297 605 1391 629 corpus
1409 596 1488 622 habet
1506 597 1619 630 aliquam
1638 604 1698 629 pas-

1036 632 1147 657 sionem.
1166 632 1230 657 ibid.
1247 646 1267 651 -
1285 633 1449 665 Impossibile
1470 637 1511 657 est
1529 632 1583 658 dari
1602 640 1698 665 corpus

1035 676 1088 692 non
1107 668 1239 692 sensibile.
1269 668 1332 693 ibid.
1355 681 1375 686 -—
1396 668 1498 700 Corpus
1517 667 1698 693 mathematice

1036 708 1170 736 acceptum
1181 708 1220 728 est
1230 703 1381 736 magnitudo
1391 703 1504 736 perfecta
1514 704 1539 737 (Ι
1553 704 1585 728 de
1598 703 1697 736 Caelo).

1034 747 1087 770 xm,
1107 747 1129 763 1.
1142 753 1161 758 -
1175 739 1213 763 De
1227 739 1400 764 divisibilitate
1414 739 1531 772 corporis
1551 739 1697 764 secundum

1035 782 1115 799 omne
1130 775 1243 807 signum.
1258 782 1293 805 ιν,
1303 782 1319 798 ν
1329 781 1382 807 per
1396 778 1445 800 tot.
1460 775 1500 809 Cf.
1515 775 1696 804 Dauocmrus,

1034 810 1146 835 Divisxo.
1158 823 1178 831 —
1192 810 1250 834 Duo
1263 817 1373 843 corpora
1387 818 1441 835 non
1460 815 1572 842 possunt
1589 817 1649 835 esse
1662 810 1697 835 si-

1034 846 1089 870 mul
1104 846 1129 870 in
1149 846 1242 870 eodem
1261 846 1328 870 loco.
1342 853 1392 877 x1V,
1413 845 1438 871 3.
1449 853 1490 877 xv,
1512 853 1536 871 2.
1548 859 1568 865 —
1580 846 1697 878 Corpora

1034 881 1228 911 homoeomera,
1243 882 1305 914 quid
1320 881 1380 906 sint.
1398 889 1416 912 1,
1431 889 1457 914 7.
1475 881 1539 906 Vide
1552 882 1697 905 Ansxsoo-

1033 924 1093 941 Ras.
1104 930 1125 937 ·-
1143 917 1256 949 Corpora
1275 916 1394 942 inferiora
1417 922 1498 949 agunt
1516 921 1542 941 et
1564 917 1697 949 patiuntur

1035 953 1067 977 ad
1085 952 1205 977 invicem.
1219 960 1269 983 x1V,
1286 960 1311 985 7.
1323 965 1342 972 -
1354 952 1470 984 Corpora
1484 952 1614 977 caelestia.
1631 951 1698 977 Vide

1034 988 1152 1013 Quium.
1170 1002 1191 1008 -
1209 988 1355 1021 Corporum
1374 987 1512 1021 productio
1531 992 1572 1013 est
1589 995 1636 1020 per
1651 995 1695 1020 ge-

1034 1024 1204 1050 nerationem.
1222 1031 1240 1055 1,
1262 1022 1285 1048 5.

998 1059 1153 1085 Comwmo
1171 1073 1207 1078 —-
1231 1059 1295 1084 Vide
1313 1058 1479 1084 Gnmuno.

1329 1150 1364 1186 D

997 1236 1147 1264 nmmo
1161 1253 1194 1257 —
1213 1239 1278 1264 Vide
1299 1239 1477 1264 Auommuu.

996 1274 1167 1299 Daaocmws
1187 1289 1220 1292 —
1241 1275 1357 1307 Spatium
1371 1282 1483 1299 vacuum
1502 1273 1630 1299 infinitum
1646 1281 1693 1306 po-

1033 1309 1092 1334 suit.
1104 1317 1149 1340 vu,
1163 1318 1189 1342 4.
1202 1323 1222 1330 ·-
1233 1310 1398 1335 Democritus
1414 1315 1439 1335 et
1458 1310 1606 1343 Leucippus
1619 1310 1694 1342 plura

1032 1345 1156 1378 principia
1175 1347 1316 1371 materialia
1330 1346 1467 1378 ponebant.
1487 1353 1504 1377 ι,
1518 1353 1544 1378 4.
1562 1359 1582 1365 -
1600 1345 1693 1370 indivi-

1031 1380 1115 1405 sibilia
1138 1389 1232 1414 nempe
1260 1389 1386 1414 corpora,
1412 1389 1459 1406 seu
1486 1381 1692 1414 magnitudines,

1030 1416 1150 1442 eiusdem
1175 1422 1294 1449 naturae,
1318 1425 1429 1442 numero
1451 1416 1563 1448 infinita,
1583 1416 1693 1442 infinita-

1030 1460 1143 1485 rumque
1170 1451 1321 1485 figurarum.
1340 1461 1361 1483 1,
1376 1461 1401 1486 7.
1421 1461 1461 1483 ιιι,
1483 1452 1505 1484 3,
1521 1451 1546 1478 6.
1565 1460 1615 1484 vn,
1634 1460 1661 1485 4.
1674 1466 1694 1472 -

1030 1488 1140 1513 Formas
1155 1494 1181 1513 et
1195 1494 1299 1513 naturas
1315 1496 1454 1521 corporum
1469 1488 1633 1514 determinari
1646 1496 1693 1521 per

1030 1531 1123 1548 eorum
1141 1524 1297 1557 positionem
1317 1529 1343 1549 et
1360 1524 1480 1549 ordinem
1499 1525 1524 1549 in
1544 1523 1662 1549 diversis.
1674 1532 1692 1553 1,

1030 1567 1055 1592 7.
1069 1567 1100 1591 V,
1115 1567 1141 1591 4.
1158 1573 1177 1578 —-
1197 1560 1271 1585 Ratio
1289 1560 1324 1585 ob
1344 1567 1424 1593 quam
1447 1560 1611 1585 Democritus
1631 1559 1692 1584 dixit

1029 1603 1140 1628 corpora
1155 1603 1186 1620 ex
1199 1595 1396 1621 indivisibilibus
1415 1596 1552 1628 componi:
1572 1595 1692 1621 solvitur.

1028 1638 1063 1663 ιν,
1078 1639 1094 1655 v
1104 1638 1156 1663 per
1170 1634 1217 1656 tot.
1234 1645 1255 1652 -
1272 1631 1301 1656 In
1320 1639 1374 1665 quo
1393 1631 1494 1656 differat
1508 1636 1624 1664 systema
1639 1631 1690 1656 De-

1028 1666 1129 1692 mocriti
1148 1672 1173 1692 et
1192 1667 1314 1700 Leucippi
1329 1675 1344 1692 a
1359 1672 1500 1700 systemate
1514 1667 1692 1700 Anaxagorae.

1027 1710 1051 1733 1,
1065 1710 1091 1736 7.
1108 1716 1127 1722 —
1145 1702 1309 1728 indivisibilia
1333 1703 1473 1728 Democriti
1497 1702 1588 1727 rationi
1607 1702 1691 1735 magis

1028 1743 1173 1763 consonant
1189 1746 1268 1772 quam
1288 1738 1451 1763 indivisibilia
1469 1738 1599 1764 Platonis:
1613 1745 1691 1763 causa

1028 1773 1116 1799 huius.
1134 1781 1171 1805 ιιι,
1189 1782 1214 1807 7,
1233 1773 1260 1799 8.

1063 1810 1136 1834 Licet
1155 1810 1187 1834 de
1206 1809 1372 1842 generatione
1390 1809 1500 1842 aliisque
1518 1808 1633 1834 motibus
1653 1809 1690 1833 di-

1027 1844 1137 1877 ligenter
1155 1845 1323 1878 inquisiverit,
1339 1845 1371 1869 de
1383 1844 1425 1869 his
1439 1849 1527 1870 tamen
1546 1851 1599 1869 non
1618 1843 1690 1869 suffi-

1028 1880 1124 1905 cienter
1142 1881 1260 1906 tractavit
1278 1880 1451 1905 Democritus.
1469 1887 1507 1912 111,
1524 1887 1548 1905 2.
1565 1893 1585 1900 -
1603 1879 1689 1905 Gene-

1027 1916 1155 1941 rationem
1166 1921 1191 1942 et
1202 1916 1396 1950 corruptionem
1407 1923 1453 1948 per
1462 1915 1690 1949 congregationem

1027 1957 1054 1977 et
1063 1952 1269 1986 segregationem
1279 1951 1472 1977 indivisibilium
1482 1951 1617 1985 explicavit
1623 1951 1690 1976 Leu-

1027 1988 1118 2021 cippus
1132 1996 1191 2013 cum
1207 1987 1364 2013 Democrito.
1376 1994 1399 2019 ι,
1412 1995 1437 2019 4.
1452 1995 1490 2019 ιιι,
1512 1986 1535 2019 3,
1547 1995 1574 2020 4.
1587 1994 1611 2018 V,
1626 1994 1654 2019 4.
1666 1995 1690 2019 x,

1029 2023 1053 2048 3.
1064 2037 1084 2043 —
1103 2023 1238 2049 Refutatur
1256 2023 1319 2048 haec
1335 2023 1439 2056 positio.
1451 2031 1476 2055 v,
1490 2021 1515 2055 6,
1529 2031 1554 2056 7.
1565 2022 1623 2047 -In
1637 2031 1691 2056 quo

1027 2067 1107 2084 sensu
1125 2058 1279 2089 verificetur.
1297 2066 1322 2090 V,
1341 2057 1368 2084 8.

1063 2095 1172 2120 Colores
1187 2095 1304 2128 aliasque
1316 2094 1464 2119 huiusmodi
1479 2094 1616 2127 qualitates
1631 2101 1690 2120 esse

1026 2129 1106 2156 fixum
1127 2131 1152 2156 in
1176 2131 1254 2156 rebus
1273 2130 1369 2155 habere
1388 2130 1525 2163 negabant.
1543 2137 1581 2162 m,
1601 2137 1626 2163 7.
1649 2131 1690 2164 Cs.

1026 2173 1063 2198 m,
1073 2174 1099 2199 4.
1110 2181 1130 2186 —
1142 2165 1329 2191 Alterationem
1339 2164 1398 2191 fieri
1413 2165 1532 2191 dicebant
1545 2173 1593 2199 per
1605 2171 1688 2191 trans-

1025 2202 1196 2227 mutationem
1216 2202 1438 2235 qualemcumque
1455 2201 1562 2233 ordinis,
1581 2201 1689 2234 positio-

1025 2237 1066 2262 nis
1085 2243 1111 2263 et
1129 2236 1226 2271 figurae
1250 2237 1376 2271 partium,
1399 2242 1455 2262 toto
1473 2242 1652 2270 permanente.
1671 2245 1688 2269 1,

1025 2280 1052 2305 4.
1066 2281 1103 2304 ιιι,
1118 2273 1141 2304 3,
1156 2281 1181 2305 4,
1195 2281 1221 2307 7.
1237 2280 1262 2304 v,
1275 2280 1302 2306 7.
1314 2273 1412 2303 -Quid
1431 2273 1570 2298 dicendum
1589 2272 1622 2298 de
1640 2273 1689 2298 hac

1025 2308 1156 2342 opinione.
1174 2316 1199 2340 V,
1219 2317 1244 2342 7.

1060 2345 1159 2370 Verum
1178 2344 1204 2369 in
1224 2345 1373 2377 apparendo
1392 2343 1535 2369 consistere
1549 2344 1687 2377 putabant:

1025 2381 1160 2414 quomodo
1183 2379 1365 2413 explicaverint
1382 2380 1534 2413 opinionum
1554 2379 1687 2405 diversita-

1024 2421 1087 2441 tem.
1105 2423 1143 2446 111,
1162 2423 1189 2448 4.

988 2451 1170 2477 Danaam-ia
1190 2466 1223 2470 —
1243 2451 1408 2476 Differentiae
1422 2450 1605 2476 substantiales
1624 2458 1685 2476 con-

1025 2487 1135 2512 stituunt
1151 2487 1273 2520 specjem.
1288 2494 1306 2518 1,
1322 2494 1347 2512 2.
1360 2494 1415 2518 vm,
1432 2485 1456 2512 5.
1470 2500 1491 2507 -
1508 2486 1635 2519 Principia
1648 2491 1685 2511 ta-

1023 2522 1087 2548 lium
1113 2527 1175 2547 sunt
1201 2523 1300 2548 formae
1327 2521 1520 2547 substantiales.
1542 2528 1601 2553 vm,
1627 2521 1651 2547 5.
1667 2535 1687 2542 -

1024 2558 1220 2583 Manifestantur
1246 2565 1294 2590 per
1321 2557 1477 2583 differentias
1506 2557 1686 2582 accidentales.

1024 2593 1088 2619 ibid.
1104 2607 1125 2615 -
1141 2593 1271 2619 Multoties
1288 2593 1386 2618 utimur
1400 2593 1550 2618 differentiis
1569 2593 1685 2618 acciden-

1023 2629 1118 2654 talibus
1146 2630 1204 2655 loco
1233 2628 1449 2654 substantialium.
1475 2627 1539 2654 ibid.
1561 2641 1581 2648 ·-
1603 2628 1684 2653 Cuius

1024 2665 1182 2691 differentiae
1196 2665 1279 2698 magis
1294 2663 1439 2697 significant
1453 2664 1502 2690 Ιιοσ
1520 2663 1631 2697 enquid,
1645 2669 1685 2689 est

1023 2700 1106 2734 magis
1122 2699 1279 2731 substantia3
1294 2707 1348 2733 quo
1363 2707 1457 2725 sensu:
1477 2700 1550 2725 cuius
1565 2699 1683 2725 differen-

1023 2736 1073 2761 tiae
1092 2737 1174 2770 magis
1195 2734 1339 2769 significant
1353 2735 1532 2769 privationem,
1547 2740 1588 2760 est
1600 2736 1684 2769 magis

1023 2780 1076 2797 non
1095 2779 1151 2797 ens.
1170 2779 1224 2803 vm,
1243 2778 1269 2804 4.

986 2808 1166 2833 Dmsnsionas
1186 2822 1219 2826 --
1239 2806 1436 2832 Dimensionem
1459 2807 1501 2832 vel
1527 2806 1682 2840 magnitudi-

1022 2851 1083 2868 nem
1098 2851 1158 2868 esse
1168 2843 1301 2868 materiam
1315 2849 1454 2876 corporum
1469 2847 1613 2876 posuerunt
1625 2842 1683 2867 Pla-

1020 2878 1108 2904 tonici.
1126 2887 1184 2911 xm,
1211 2886 1236 2904 2.
1263 2878 1303 2912 Cf.
1323 2878 1529 2903 Mimans-sies.
1546 2891 1566 2898 —
1585 2878 1683 2903 Puncta

1021 2919 1047 2940 et
1065 2915 1147 2940 lineae
1166 2920 1227 2940 sunt
1244 2913 1347 2939 termini
1369 2913 1571 2939 dimensionum.
1592 2913 1656 2939 ibid.

985 2951 1086 2976 Drvtsto
1104 2964 1141 2969 —
1158 2949 1263 2983 Aliquid
1289 2949 1410 2974 dividitur
1432 2949 1458 2974 in
1482 2957 1512 2974 ea
1535 2957 1566 2974 ex
1585 2949 1682 2983 quibus

1020 2986 1191 3019 componitur.
1210 2993 1250 3016 tv,
1270 2984 1295 3010 8.
1318 2985 1358 3019 Cf.
1377 2992 1418 3014 ιν,
1436 2992 1462 3017 4.
1481 2998 1500 3004 -
1518 2984 1621 3018 Corpus
1644 2985 1681 3010 di-

1020 3021 1114 3047 viditur
1133 3021 1157 3046 in
1177 3026 1263 3055 partes
1283 3020 1432 3052 divisibiles,
1443 3025 1468 3046 et
1481 3020 1564 3045 maior
1582 3021 1680 3054 mag-ni-

1020 3057 1083 3082 tudo
1102 3057 1128 3082 in
1147 3056 1270 3086 minores,
1283 3061 1309 3081 et
1323 3061 1407 3081 torum
1421 3056 1586 3081 coniunctum
1599 3056 1624 3081 in
1639 3064 1680 3082 se-

1019 3098 1124 3126 gregata
1149 3097 1174 3118 et
1198 3097 1323 3125 separata.
1341 3098 1371 3123 v,
1394 3091 1417 3116 3.
1438 3104 1458 3112 -
1477 3091 1560 3116 Dividi
1583 3092 1609 3117 in
1629 3093 1681 3117 duo

1018 3129 1060 3154 vel
1079 3128 1153 3162 plura
1172 3136 1225 3153 non
1244 3126 1321 3153 efficit
1336 3132 1366 3151 ut
1380 3132 1463 3152 totum
1479 3127 1512 3152 sit
1532 3127 1616 3153 maius
1633 3135 1680 3153 nec

1019 3164 1116 3189 minus.
1130 3171 1164 3196 iv,
1179 3171 1205 3196 4.
1217 3177 1237 3183 ·—
1250 3163 1353 3196 Corpus
1368 3162 1507 3196 (idemque
1527 3163 1559 3188 de
1582 3164 1680 3196 magni-

1018 3199 1107 3226 tudine
1131 3199 1313 3233 quacumque)
1334 3202 1373 3223 est
1391 3198 1517 3223 divisibile
1536 3199 1680 3224 secundum

1019 3235 1206 3269 quodcumque
1220 3235 1333 3267 signum,
1343 3234 1458 3268 potentia
1470 3242 1522 3259 non
1535 3239 1601 3260 actu.
1614 3242 1639 3266 v,
1656 3242 1680 3260 2.

1016 3285 1037 3291 —
1049 3270 1172 3296 Rationes
1185 3269 1325 3295 Democriti
1345 3269 1370 3294 in
1390 3270 1547 3295 contrarium
1567 3270 1679 3295 afferun-

1018 3312 1060 3332 tur
1078 3311 1104 3331 et
1116 3307 1260 3331 solvuntur.
1274 3313 1308 3337 ιν,
1326 3313 1352 3336 V,
1368 3305 1381 3330 3
1397 3313 1456 3338 sqq.
1468 3319 1487 3326 ·-
1500 3305 1540 3330 De
1554 3305 1681 3331 divisione

1019 3343 1130 3367 continui
1150 3341 1175 3366 in
1195 3340 1331 3366 infinitum.
1350 3348 1374 3372 V,
1393 3340 1416 3366 3.
1434 3349 1479 3371 vu,
1495 3341 1519 3366 5.

982 3378 1079 3404 Dorum
1092 3390 1127 3396 —
1140 3377 1243 3402 Durum
1257 3381 1283 3402 et
1296 3376 1377 3402 molle
1394 3381 1455 3402 sunt
1471 3376 1607 3411 qualitates
1621 3384 1679 3402 sen-

1018 3413 1116 3439 sibiles.
1134 3420 1161 3444 ιι,
1180 3420 1207 3445 4.

1314 3485 1347 3523 Ε

982 3555 1119 3581 Erue-rus
1137 3569 1173 3574 —
1195 3555 1260 3580 Vide
1278 3555 1381 3580 Aonas.

982 3591 1126 3616 Ennii-:nra
1146 3605 1179 3609 —-
1200 3591 1264 3615 Sunt
1282 3591 1366 3623 prima
1391 3589 1515 3623 principia
1538 3588 1563 3615 in
1582 3596 1679 3623 genere

1018 3626 1204 3659 generabilium
1223 3630 1249 3651 et
1267 3625 1486 3659 corruptibilium:
1506 3629 1614 3650 causant
1633 3632 1678 3658 ge-

1791 349 1952 374 nerationem
1979 353 2005 374 et
2029 349 2222 382 corruptionem
2240 349 2266 374 in
2285 350 2342 376 aliis
2361 358 2453 384 corpo-

1790 384 1877 409 ribus:
1897 385 1929 409 de
1947 385 2114 417 generatione
2132 389 2158 409 et
2177 385 2342 418 corruptione
2361 394 2453 412 eorum

1790 424 1914 445 tractatur
1926 422 1952 444 in
1965 419 2015 445 hoc
2030 420 2106 446 libro.
2116 420 2238 445 Prooem.
2250 427 2274 446 2.
2282 435 2302 440 -
2313 421 2364 452 Qui
2378 422 2454 455 plura

1790 455 1914 488 principia
1937 455 2079 480 materialia
2099 455 2248 489 ponebant,
2273 457 2403 482 elementa
2421 465 2454 483 ex

1789 490 1901 516 invicem
1918 490 1973 516 fieri
1992 491 2135 524 negabant:
2154 491 2282 516 refutatur
2299 491 2363 518 haec
2381 493 2452 525 posi-

1789 526 1835 551 tio.
1853 534 1885 557 11,
1904 533 1923 558 4
1941 534 2002 559 sqq.
2018 540 2039 546 -
2054 526 2172 557 Quatuor
2196 527 2332 552 elementis
2351 533 2452 553 contra-

1788 562 1893 587 rietates
1907 562 1997 587 insunt
2010 562 2096 595 primo
2108 567 2134 587 et
2147 570 2195 595 per
2205 569 2243 587 se.
2256 570 2291 595 1x,
2302 562 2327 588 6.
2340 575 2360 582 —
2372 563 2451 588 Com-

1789 601 1912 630 parantur
1924 598 1956 622 ad
1969 597 2080 624 invicem
2091 598 2118 622 in
2132 598 2267 624 densitate.
2276 607 2300 631 x,
2310 606 2336 631 4.
2349 611 2370 618 ·-
2386 598 2452 624 Vide

1789 633 1973 658 Expanocnas.

1752 667 1928 693 Enaoocsas
1946 682 1982 687 —
2001 669 2080 694 Plura
2098 668 2222 702 principia
2245 669 2386 695 materialia
2403 677 2451 703 po-

1788 703 1853 728 suit:
1873 709 1987 737 quatuor
2005 711 2100 737 nempe
2119 705 2247 729 elementa
2266 713 2326 730 cum
2340 705 2451 730 amicitia

1788 743 1814 764 et
1823 739 1875 764 lite.
1887 747 1905 771 1,
1919 747 1945 771 4,
1960 739 1984 771 6,
1995 739 2020 765 8.
2030 748 2058 770 ιι,
2068 738 2093 771 6,
2108 747 2133 772 7.
2145 754 2164 759 -
2178 740 2301 765 Formam
2311 740 2451 774 compositi

1787 782 1848 800 esse
1857 775 2002 807 mixturam,
2013 776 2185 809 privationem
2195 780 2282 801 autem
2292 776 2451 809 segregatio-

1787 817 1848 835 nem
1861 812 1967 844 putavit.
1979 818 2007 843 ιι,
2027 811 2051 836 3.
2063 824 2083 831 -·
2097 811 2136 836 De
2155 810 2322 844 qualitatibm
2336 811 2452 837 elemen-

1787 849 1883 871 torum.
1897 854 1924 878 ιι,
1943 854 1970 878 4,
1981 845 2007 872 6.
2019 860 2040 866 -—
2053 846 2254 872 Gener-ationem
2267 851 2294 872 et
2306 846 2450 880 corruptio-

1787 888 1849 906 nem
1860 882 1921 906 dixit
1936 889 1996 907 esse
2010 882 2239 915 congregationem
2253 887 2279 907 et
2293 883 2450 915 segregatio-

1786 924 1857 942 nem.
1871 925 1888 947 1,
1903 925 1929 949 4,
1944 917 1970 943 8.
1989 925 2017 950 ιι,
2034 917 2057 947 3,
2073 916 2098 950 6,
2113 925 2139 951 7.
2151 931 2172 937 -
2185 917 2293 943 Nullum
2306 918 2451 943 elemento-

1785 959 1846 976 rum
1865 953 1982 985 generari
2001 960 2032 978 ex
2056 953 2147 979 altero.
2165 961 2197 985 ιι,
2217 952 2243 979 6.
2259 967 2280 973 -
2297 953 2450 987 Disputatur

1786 992 1877 1013 contra
1894 988 1990 1021 ipsum.
2008 996 2036 1018 ιι,
2055 987 2081 1020 6,
2101 997 2126 1022 7.
2141 1002 2162 1008 -
2179 989 2367 1014 Alterationem
2390 996 2450 1014 esso

1785 1023 1871 1048 solam
1893 1023 2122 1057 transpositionem
2140 1025 2252 1057 partium
2270 1025 2367 1058 posuit.
2384 1032 2402 1057 1,
2421 1032 2450 1057 4.

1785 1065 1813 1090 ιι,
1828 1058 1852 1084 3.
1869 1071 1889 1079 —-
1907 1058 2080 1092 Comparatur
2098 1060 2154 1085 eius
2171 1064 2287 1093 systema
2309 1060 2342 1086 ad
2363 1065 2448 1093 syste-

1786 1098 1856 1119 mata
1874 1094 1992 1120 aliorum.
2011 1102 2029 1126 1,
2049 1094 2074 1126 6,
2093 1094 2119 1120 8.

1749 1129 1805 1154 Eas
1822 1144 1859 1148 —
1877 1130 2033 1162 Simpliciter
2056 1138 2103 1155 ens
2129 1130 2233 1155 duobus
2259 1131 2344 1156 modis
2368 1131 2449 1164 accipi

1785 1170 1884 1198 potest:
1904 1166 1974 1195 item,
1994 1165 2147 1199 simpliciter
2166 1174 2219 1191 non
2238 1173 2295 1192 ens.
2310 1174 2346 1197 Vi,
2365 1165 2391 1192 5.
2406 1166 2448 1200 q.

1784 1209 1819 1233 vr,
1841 1209 1880 1227 10.
1898 1209 1953 1233 vm,
1970 1201 1994 1226 3.
2006 1214 2027 1221 -
2038 1201 2097 1226 Non
2116 1209 2163 1227 ens
2180 1210 2234 1227 non
2246 1206 2287 1227 est
2305 1202 2331 1227 in
2343 1209 2450 1235 genere.

1784 1244 1844 1268 viu,
1865 1236 1889 1262 5.
1906 1250 1927 1256 —
1945 1236 2057 1268 Quidam
2076 1237 2207 1270 ponebant
2225 1238 2313 1262 solum
2331 1237 2357 1263 id
2375 1238 2448 1271 quod
2467 1256 2475 1265 .-

1785 1273 1902 1302 sentitur,
1913 1280 1972 1297 esse
1985 1280 2044 1298 ens:
2058 1280 2168 1298 erronee
2180 1278 2278 1299 tamen.
2291 1280 2348 1305 vm,
2358 1271 2384 1305 6,
2394 1281 2450 1307 7.-

1785 1309 1813 1333 In
1832 1308 2009 1341 Metaphysica
2029 1308 2205 1341 Philosophus
2225 1309 2304 1334 simul
2323 1308 2446 1334 detenui—

1784 1344 1854 1369 navit
1866 1345 1899 1369 de
1917 1345 2004 1377 primo
2018 1349 2078 1369 ente
2090 1352 2105 1369 a
2117 1344 2225 1370 materia
2240 1349 2361 1377 separato
2375 1349 2402 1370 et
2415 1345 2449 1370 do

1783 1385 1843 1405 ente
1861 1380 1887 1405 in
1903 1380 2048 1406 communi.
2058 1380 2180 1405 Fwoem.
2193 1387 2246 1406 2.-
2262 1380 2327 1406 Vide
2338 1379 2446 1406 Pnun-
2486 1412 2491 1416 ¹

1783 1423 1869 1447 mnas,
1889 1415 2018 1441 vamo

1747 1451 1875 1477 Eunus
1890 1466 1923 1470 —
1937 1451 2086 1478 Inducendo
2098 1452 2218 1485 exempla
2228 1451 2380 1484 quaerimus
2388 1458 2447 1477 ιιιο-

1784 1488 1846 1512 dum
1866 1487 1912 1512 sed
1932 1495 1985 1511 non
2003 1486 2159 1512 subiectum.
2177 1494 2232 1518 Vm,
2251 1494 2276 1512 2.

1746 1523 1927 1548 Exramimru
1946 1536 1981 1542 -
2000 1523 2048 1548 Est
2066 1523 2133 1548 circa
2151 1522 2290 1548 sensibilia.
2309 1529 2347 1553 ιιι.
2365 1521 2393 1548 8.

2079 1611 2108 1648 F

1746 1699 1855 1725 Facitne
1874 1714 1908 1719 —-
1933 1700 1998 1726 Vide
2015 1700 2119 1725 Asuui.

1745 1734 1822 1760 F'tniu
1841 1749 1876 1754 -—
1898 1735 1964 1760 Vide
1983 1735 2149 1761 Gmannio.
2247 1754 2250 1756 .

1745 1770 1851 1796 Fiam
1868 1784 1905 1790 —
1923 1771 2048 1797 Platonici
2070 1770 2203 1804 ponebant
2221 1769 2295 1796 ideas
2311 1773 2446 1804 asperam

1781 1806 1859 1832 etiam
1879 1807 1905 1831 in
1923 1805 2022 1840 figuris.
2041 1813 2079 1838 ιιι,
2098 1805 2125 1832 8.
2276 1824 2278 1826 -

1745 1842 1823 1867 Funa-
1842 1856 1878 1862 —
1896 1842 1944 1867 Est
1969 1842 2108 1876 perfectior
2130 1841 2282 1867 namt-lisa:
2306 1839 2350 1867 his
2374 1844 2446 1875 quae

1781 1882 1844 1902 sunt
1861 1878 1894 1903 ad
1913 1877 2001 1904 finem.
2020 1878 2134 1903 Ριωεηι
2156 1884 2180 1903 ι.

1745 1913 1859 1938 Fam-un
1870 1927 1903 1932 —
1914 1914 2003 1939 Omne
2015 1911 2119 1939 finitum
2131 1912 2295 1938 eonsumitur
2305 1911 2447 1946 &nempe

1781 1948 1813 1974 ab
1827 1956 1860 1974 eo
1871 1947 1916 1975 fiat
1928 1949 2032 1975 ablatio.
2045 1956 2091 1981 vn,
2106 1948 2130 1981 3,
2147 1947 2172 1976 5.
2183 1948 2224 1983 ᾳ
2236 1948 2349 1974 Dmm
2403 1964 2405 1966 -

1745 1984 1841 2010 Pom
1854 1999 1888 2004 —-
1903 1985 1999 2011 Forma
2011 1990 2053 2010 est
2064 1985 2192 2010 munaus
2203 1983 2404 2016 muriceam,
2419 1989 2445 2009 2.

1778 2033 1800 2040 ·-
1816 2020 1864 2045 Est
1887 2021 1943 2046 eius
1957 2019 2016 2046 finis
2034 2019 2085 2052 (11
2098 2020 2234 2054 Physica).
2249 2026 2292 2051 κν,
2308 2025 2377 2052 4.-
2390 2017 2445 2052 Ipsi

1779 2063 1833 2082 non
1846 2056 1956 2082 debetur
1969 2056 2044 2082 loeus
2055 2056 2106 2082 nisi
2119 2055 2220 2081 ntione
2233 2055 2364 2082 manhe-
2376 2053 2444 2080 &id-

1778 2105 1800 2112 -
1817 2092 1929 2118 Cuilibet
1952 2091 2053 2118 formae
2076 2091 2188 2117 namt-li
2205 2091 2232 2116 in
2249 2089 2444 2125 gasewu·

1780 2132 1806 2153 et
1825 2127 2035 2162 corruptibilibus
2054 2127 2203 2161 adiungitur
2218 2125 2331 2160 privatio
2347 2131 2404 2157 vm,
2418 2124 2444 2152 3.

1815 2163 1912 2189 Forma
1927 2163 2041 2197 perfecta
2053 2168 2080 2189 et
2093 2163 2179 2188 forma
2190 2162 2357 2196 inempta,
2367 2161 2443 2195 quid.

1778 2206 1834 2231 vm,
1851 2199 1875 2225 3.
1883 2213 1904 2219 -
1912 2199 2023 2225 Formae
2032 2198 2217 2225 mutandam
2230 2195 2372 2232 specificae
2379 2200 2445 2225 stunt

1778 2235 1904 2268 principia
1921 2235 2125 2261 differentiarum
2149 2232 2360 2260 substantialium
2373 2234 2444 2267 quse

1767 2271 1894 2304 speciem
1907 2271 2076 2297 constituunt.
2085 2277 2140 2302 vm,
2156 2269 2180 2296 5.
2193 2283 2214 2291 —
2227 2269 2307 2301 Quod
2320 2273 2365 2295 eu
2374 2268 2444 2295 esd·

1778 2307 1843 2333 dens
1862 2307 1888 2332 in
1906 2314 1969 2338 uno,
1983 2314 2037 2332 non
2055 2311 2097 2332 est
2114 2305 2200 2332 forma
2217 2303 2399 2331 atheum
2413 2303 2441 2330 in

1778 2342 1838 2368 alio.
1851 2342 1916 2368 ibid.
1928 2356 1948 2362 -
1961 2342 2063 2368 Omnes
2075 2342 2176 2368 formae
2189 2339 2376 2367 submi-hs
2388 2338 2442 2365 dif-

1778 2378 1864 2404 ferunt
1879 2378 2026 2404 secundum
2039 2378 2123 2411 magis
2139 2382 2166 2403 et
2183 2377 2270 2402 mixms
2287 2375 2442 2410 ped-stum.

1776 2421 1832 2445 vm,
1853 2413 1876 2439 5.
1894 2421 1922 2443 x.
1941 2413 1968 2439 8.
1984 2426 2005 2434 -
2022 2413 2174 2439 Subiectum
2192 2411 2296 2438 somn
2316 2410 2441 2438 abs-i·-

1777 2450 1844 2474 tialis
1864 2454 1904 2474 est
1923 2457 1969 2474 ens
1983 2449 2098 2482 potentia
2110 2453 2266 2479 tannim-lx,
2279 2454 2340 2479 aaa
2348 2445 2440 2481 ⁷9¹⁸·-

1777 2485 1879 2518 Nempe
1892 2485 1998 2510 materis
2010 2484 2103 2518 prims.
2112 2491 2136 2514 x,
2145 2491 2172 2518 9.
2180 2496 2201 2504 -
2209 2482 2307 2509 Forma
2315 2481 2442 2508 subs-t-

1775 2520 1843 2545 tialis
1857 2525 1899 2546 est
1910 2521 1969 2545 solo
1979 2519 2109 2545 intellectu
2122 2518 2308 2580 perceptibilis.
2315 2524 2372 2550 vn,
2383 2516 2408 2543 5.
2419 2530 2442 2539 ·-

1775 2555 1887 2581 Formae
1909 2563 1990 2581 sensu
2010 2554 2127 2589 percepti
2146 2554 2153 2580 i

1775 2591 1880 2625 speciei.
1894 2590 1957 2616 ibid.
1965 2603 1986 2612 ·-
2000 2590 2136 2622 Quaedam
2149 2594 2212 2616 sunt
2223 2588 2438 2623 querentem·

1775 2627 1892 2652 consistit
1911 2627 1937 2652 in
1955 2625 2149 2660 compositione
2161 2626 2204 2652 vel
2223 2624 2322 2650 ordine.
2339 2631 2366 2656 V,
2385 2631 2441 2658 7.-

1779 2663 1845 2688 Vide
1863 2663 2026 2694 Anosenoi«,
2046 2661 2228 2687 Dmocmms.

1738 2699 1871 2724 Fmornuu
1886 2713 1919 2717 —-
1933 2698 1981 2723 Est
1996 2697 2107 2731 qualitas
2121 2696 2262 2730 passibilis.
2279 2703 2309 2727 ιι,
2319 2703 2348 2729 4,
2358 2695 2440 2721 -ιΕιῖ

1774 2734 1898 2768 privatio:
1919 2734 2064 2767 quomodo.
2081 2739 2146 2764 vm,
2164 2739 2196 2765 4,
2217 2731 2241 2758 5.
2259 2731 2439 2758 &uuus-sa·

1774 2770 1866 2795 calido.
1875 2777 1929 2801 vm,
1944 2768 2092 2802 5.·-Frigus
2103 2776 2156 2794 noa
2170 2773 2211 2794 est
2220 2767 2436 2794 foemam-

1772 2805 1839 2831 tialis
1858 2810 1956 2830 tei-rae:
1969 2812 2023 2839 quo
2042 2811 2123 2830 sensu
2141 2804 2226 2838 possit
2243 2803 2282 2829 sie
2299 2801 2437 2830 diam

2069 2893 2105 2931 G

1737 2983 1895 3009 Omna-no
1909 2996 1944 3002 —
1964 2981 2041 3007 Liber
2065 2981 2098 3007 de
2123 2981 2304 3008 Genmeiene
2320 2983 2350 3008 st
2368 2980 2436 3007 0⁷0-

1772 3019 1899 3052 ruptione
1917 3022 1958 3043 est
1975 3017 2048 3043 tertia
2067 3025 2128 3050 pars
2152 3017 2276 3043 scientiae
2299 3015 2436 3043 mmuh.

1772 3055 1896 3080 steven.
1910 3061 1934 3079 2.
1943 3067 1963 3073 -
1973 3053 2011 3078 De
2030 3053 2086 3078 eius
2103 3053 2231 3079 subiecto.
2244 3051 2436 3084 ibim-Quam

1772 3091 1806 3116 de
1824 3089 1990 3124 generatione
2004 3089 2082 3114 simul
2097 3096 2158 3114 cum
2173 3089 2230 3114 aliis
2243 3087 2359 3114 motibus
2372 3094 2436 3121 aga-

1771 3130 1822 3151 tur.
1841 3126 1964 3151 Prooem,
1987 3132 2009 3150 ι.
2025 3137 2045 3144 -
2061 3124 2243 3150 Consideratio
2410 3123 2418 3130 ⁶

1771 3160 1940 3187 artificialium
1959 3168 2012 3186 non
2031 3161 2142 3194 pertinet
2159 3160 2192 3185 ad
2206 3159 2359 3186 eamr-lem.
2371 3165 2391 3192 ι,
2410 3166 2436 3186 ι.

1806 3197 1870 3222 Post
1880 3201 1982 3222 motum
1992 3196 2103 3222 localem
2114 3196 2286 3229 principatum
2294 3195 2363 3221 inter
2372 3201 2431 3221 no-

1771 3238 1814 3258 tus
1837 3232 1938 3258 obtinet
1962 3232 2094 3265 generatio
2119 3236 2145 3257 et
2169 3231 2316 3264 corruptio:
2335 3229 2378 3256 affl
2398 3229 2434 3256 nd

1771 3268 1840 3294 hunc
1859 3268 2019 3293 ordinantur.
2038 3267 2160 3292 Prooem.
2184 3274 2206 3293 ι.
2223 3273 2262 3298 ιιι,
2279 3265 2434 3292 x.-t‹1uuus

1773 3305 1942 3338 antiquorum
1965 3302 2123 3329 sufficienter
2141 3303 2174 3328 de
2197 3301 2365 3336 generations
2380 3304 2434 3327 eb

1771 3341 1856 3366 ctavit.
1879 3347 1921 3372 ιιι,
1949 3346 1973 3364 2.
1991 3353 2010 3358 -
2028 3338 2140 3370 Quidam
2168 3345 2251 3363 unum
2277 3336 2433 3372 prindphtm

1771 3376 1904 3401 materiale
1917 3379 2053 3408 ponentes,
2067 3374 2134 3399 inter
2148 3373 2250 3399 alterari
2266 3378 2294 3399 et
2306 3371 2434 3406 generasi,

1771 3419 1819 3437 seu
1831 3410 1894 3443 fieri,
1909 3418 1961 3436 non
1976 3409 2181 3442 distinguebant:
2195 3409 2223 3434 hi
2237 3407 2432 3442 generationem

1771 3446 1918 3480 simplicem
1937 3446 1991 3472 dari
2009 3445 2129 3471 fatentiu-
2146 3451 2165 3476 1,
2186 3443 2210 3470 3.
2226 3451 2254 3476 ιι,
2273 3447 2299 3470 's-
2317 3451 2355 3476 ιιι,
2377 3449 2400 3469 ι.
2412 3455 2432 3463 -

1771 3482 1904 3515 Tempore
1932 3480 2079 3507 Aristotelis
2097 3480 2150 3506 iam
2178 3479 2273 3506 abolita
2300 3483 2341 3505 est
2366 3478 2433 3505 haee

1771 3518 1868 3551 opinio.
1886 3525 1924 3549 m,
1946 3516 1969 3542 5.
1984 3529 2003 3537 -
2021 3516 2072 3547 Qui
2091 3516 2167 3549 plura
2186 3515 2319 3549 ponebant
2335 3513 2430 3548 pind-

1771 3553 1826 3587 pia,
1850 3553 2045 3586 generationem
2068 3551 2101 3577 ab
2120 3550 2271 3576 alteratione
2289 3549 2432 3582 distingue-

1770 3589 1834 3613 bant
1845 3588 1961 3622 quidem,
1975 3587 2122 3620 simplicem
2135 3591 2222 3612 autem
2287 3584 2431 3610 cadomus

1770 3624 1907 3657 negabant.
1926 3630 1944 3655 ι,
1957 3630 1984 3655 4.
2002 3630 2030 3655 ιι,
2047 3621 2070 3653 3,
2083 3629 2110 3654 4.
2123 3629 2161 3653 ιιι,
2178 3629 2200 3647 ι.
2210 3635 2228 3641 -
2269 3620 2351 3646 valuit
2363 3619 2430 3646 haee
