2782 4134
83 573 91 581 ·
107 573 131 592 et
144 575 191 592 om.
205 576 228 591 P.

74 1891 83 1902 ⁸*
97 1881 158 1912 Lect.
178 1889 280 1918 praeced.

74 1923 97 1939 n.
112 1923 132 1944 7,
148 1923 170 1944 9.

73 1996 81 2005 ·
97 1994 165 2016 Num.
181 2000 228 2022 seq.

73 2154 81 2163 ’
97 2152 222 2180 reflexione
230 2158 252 2174 A.

74 2579 82 2587 “
106 2578 256 2605 generationi

75 2610 122 2626 om.
136 2610 156 2626 P.

319 284 370 320 94

319 349 528 387 secundum
556 349 728 392 formam,
759 345 838 382 sive
867 341 1077 379 secundum
1107 338 1185 374 eius
1215 335 1372 384 disposi-

318 403 477 448 tionem;
507 401 600 438 sicut
627 399 657 436 si
685 397 816 446 aliquis
834 396 967 433 videns
996 393 1158 450 aliquem
1188 401 1238 447 ex·
1250 400 1370 447 puero

319 457 460 492 factum
486 454 633 500 virum,
663 452 693 488 si
720 457 882 499 ponatur
918 445 1022 495 quod
1048 443 1176 480 videat
1202 452 1369 499 vici581m

320 508 484 545 eundem
504 518 547 542 ex
566 505 647 542 viro
668 505 806 540 factum
823 511 996 550 puerum,
1016 503 1135 553 putet.
1147 506 1234 530 eum
1253 505 1371 541 quan-

320 561 445 608 doque
472 559 554 596 fieri
583 566 618 594 et
641 558 660 578 *
688 555 917 604 quandoque
947 560 1157 606 corrumpl..
1189 547 1237 582 Et
1265 545 1371 594 quod

318 612 527 650 secundum
554 612 652 647 hanc
680 608 898 657 opinionem
936 600 1180 650 Empedoclis
1208 606 1372 648 ponatur

317 665 399 714 ipsa
426 663 629 702 substantia
655 660 785 698 mundi
813 657 1050 705 sempiterna,
1071 653 1285 691 manifestat
1302 664 1372 700 per

317 719 392 755 hoc
419 717 523 766 quod
558 722 643 764 post
676 711 951 761 separationem
990 709 1267 745 elementorum
1303 716 1372 754 per

317 771 431 816 litem,
456 768 608 818 quando
637 767 769 803 iterum
800 762 1026 799 convenient
1055 762 1262 805 elementa,
1293 770 1371 795 non

317 824 382 860 fiet
400 821 413 843 ⁶
431 821 711 871 qualiscumque
740 817 833 853 ordo
862 814 995 852 mundi
1025 822 1060 851 et
1083 813 1370 863 qualiscumque

319 876 398 912 eius
427 872 657 918 constitutio,
696 870 762 906 sed
791 868 926 905 eadem
955 879 1053 916 quae
1085 878 1187 903 nunc
1216 873 1282 902 est.
1321 865 1370 901 Et

317 929 391 964 hoc
418 926 654 964 manifestum
688 930 742 959 est
773 927 808 958 et
838 921 963 967 aliter,
998 920 1136 957 scilicet
1162 931 1231 967 per
1259 918 1369 954 ratio-

317 993 416 1027 nem,
437 979 524 1027 quia
547 979 593 1014 ab
614 976 746 1013 eadem
777 987 901 1021 causa,
922 974 1060 1011 scilicet
1084 971 1257 1017 amicitia,
1280 983 1368 1007 con-

316 1033 564 1082 gregabuntur
590 1036 677 1066 tunc
706 1029 912 1074 elementa,
934 1039 979 1063 ex
998 1038 1072 1075 qua
1097 1032 1133 1061 et
1155 1024 1259 1073 prius
1279 1036 1367 1061 con-

316 1093 463 1134 gregata
490 1091 590 1129 sunt,
612 1089 648 1118 et
666 1081 718 1117 sic
747 1080 883 1117 eadem
913 1078 1125 1116 constitutio
1155 1077 1290 1114 mundi
1310 1089 1367 1114 se-

315 1146 464 1187 quetur:
493 1135 559 1172 sed
588 1134 699 1171 etiam
718 1134 792 1170 hoc
816 1132 1058 1170 manifestum
1080 1138 1134 1167 est
1154 1131 1367 1168 secundum

315 1204 379 1228 eos
394 1190 457 1239 qui
471 1190 567 1226 hanc
585 1186 812 1236 positionem
831 1192 991 1234 ponunt,
1007 1184 1069 1233 qui
1091 1192 1263 1222 asserunt
1278 1197 1367 1222 con-

312 1243 534 1281 trarietatem
554 1240 623 1277 litis
643 1247 679 1276 et
698 1238 893 1286 amicitiae,
914 1250 1008 1287 quas
1022 1244 1191 1287 ponunt*
1212 1251 1367 1275 causam

313 1295 514 1333 contrariae
548 1292 801 1342 dispositionis
834 1292 871 1328 in
905 1290 1121 1337 elementis,
1154 1299 1196 1328 ut
1228 1291 1368 1328 scilicet

311 1348 538 1398 quandoque
575 1346 646 1383 sint
674 1345 889 1392 coniuncta,
919 1344 1152 1393 quandoque
1181 1352 1365 1393 separata.

311 1401 419 1439 Unde
457 1399 644 1437 concludit
679 1398 804 1446 quod,
834 1398 865 1434 si
892 1405 1015 1434 totum
1045 1409 1183 1446 corpus
1218 1398 1365 1446 mundi,

309 1454 520 1491 continuum
542 1452 712 1498 existens,
733 1451 829 1488 idest
854 1450 1111 1497 coniunctum,
1133 1452 1367 1501 quandoque

309 1507 526 1555 disponatur
554 1512 589 1542 et
616 1511 761 1554 aptetur
779 1516 857 1540 uno
878 1504 1009 1551 modo,
1035 1505 1268 1553 quandoque
1292 1505 1366 1543 alio

309 1560 453 1605 modo;
496 1571 582 1595 cum
627 1558 709 1606 ipsa
755 1557 989 1594 consistentia
1035 1557 1117 1594 sive
1159 1559 1367 1596 substantia

310 1612 482 1649 omnium
502 1623 705 1660 corporum
724 1618 884 1647 vocetur
902 1610 1070 1647 mundus
1099 1611 1180 1648 sive
1205 1613 1365 1659 caelum,

309 1666 473 1714 sequitur
500 1664 603 1713 quod
627 1664 792 1701 mundus
811 1676 890 1701 non
917 1671 1118 1712 generetur
1137 1673 1173 1702 et
1197 1677 1367 1702 corrum-

307 1726 426 1768 patur,
455 1718 521 1754 sed
550 1717 673 1754 solum
701 1717 966 1766 dispositiones
994 1716 1123 1765 ipsius.

364 1772 396 1808 5.
407 1770 553 1807 Deinde
571 1782 657 1807 cum
673 1770 775 1808 dicit:
796 1770 832 1807 T
828 1770 973 1807 otaliter
986 1776 1112 1807 autem
1116 1772 1269 1820 factum
1282 1779 1365 1820 etc„

306 1823 543 1873 prosequitur
571 1823 791 1872 opinionem
810 1829 823 1843 ²
851 1823 1077 1871 Democriti,
1105 1837 1221 1873 quam
1251 1838 1366 1874 supra

307 1877 471 1914 secundo
490 1885 669 1926 posuerat
683 1877 714 1913 ²¹⁶.
737 1878 786 1913 Et
803 1876 930 1925 primo
950 1876 1038 1914 dicit
1057 1877 1216 1925 qualiter
1234 1891 1274 1915 se
1299 1879 1365 1916 ha-

306 1931 392 1967 beat
410 1931 479 1967 ista
498 1929 645 1978 opinio;
666 1929 835 1967 secundo
855 1929 1019 1967 ostendit
1037 1930 1130 1979 quid
1150 1931 1247 1968 circa
1265 1932 1366 1969 hanc

305 1983 550 2032 postmodum
571 1983 639 2020 erit
657 1982 913 2030 manifestum,
934 1982 1001 2020 ibi:
1023 1984 1097 2021 Sed
1118 1990 1242 2022 tamen
1259 1986 1279 2007 ’¹⁵
1296 1993 1364 2023 ete.

358 2036 455 2073 Dicit
483 2048 570 2084 ergo
598 2035 723 2085 primo
754 2036 870 2085 quod,
896 2036 926 2073 si
954 2036 1086 2086 aliquis
1113 2046 1233 2086 ponat
1261 2039 1365 2088 quod

305 2089 469 2127 mundus
489 2089 535 2126 sit
552 2089 683 2136 factus,
705 2096 742 2126 et
759 2089 920 2126 totaliter
935 2099 1201 2140 corrumpatur
1220 2092 1365 2141 absque

305 2155 474 2190 regressu
489 2143 520 2190 ⁸⁵,
541 2142 590 2179 ita
609 2142 747 2179 scilicet
766 2143 872 2192 quod
895 2155 1093 2191 nunquam
1121 2144 1258 2182 iterum
1286 2146 1364 2192 fiat,

304 2196 378 2232 hoc
396 2195 549 2245 quidem
574 2202 630 2232 est
648 2195 894 2244 impossibile,
916 2196 946 2232 si
974 2204 1140 2245 ponatur
1157 2210 1257 2235 unus
1285 2206 1364 2236 tan-

305 2256 385 2286 turn
399 2249 576 2286 mundus.
593 2249 642 2286 Et
661 2249 735 2286 hoc
750 2249 849 2296 ideo,
872 2249 961 2298 quia
976 2249 1006 2287 si
1021 2251 1068 2287 sit
1080 2263 1180 2288 unus
1196 2252 1364 2290 mundus

305 2302 368 2350 qui
387 2302 615 2351 quandoque
643 2309 698 2338 est
725 2303 856 2350 factus,
873 2314 962 2339 cum
990 2315 1069 2340 non
1098 2304 1144 2341 sit
1171 2305 1291 2343 factus
1320 2318 1365 2343 ex

305 2354 431 2402 nihilo,
450 2355 672 2404 priusquam
695 2355 803 2392 fieret
831 2355 1012 2393 existebat
1039 2357 1247 2395 substantia
1266 2371 1365 2407 quae

305 2415 383 2445 erat
410 2416 494 2445 ante
514 2420 614 2445 eum.
635 2410 712 2445 Aut
740 2421 828 2457 ergo
848 2421 1039 2457 ponemus
1059 2411 1165 2459 quod
1189 2411 1252 2448 illa
1277 2412 1365 2449 sub-

305 2461 435 2498 stantia
459 2473 556 2510 quae
583 2469 756 2510 praeerat
783 2462 943 2509 mundo,
967 2470 1116 2511 poterat
1143 2464 1276 2501 subiici
1303 2477 1366 2513 ge-

305 2514 497 2562 nerationi,
518 2521 581 2551 aut
608 2527 698 2552 non.
719 2515 768 2551 Et
791 2515 822 2552 si
849 2515 1006 2563 quidem
1026 2528 1106 2553 non
1132 2524 1281 2565 poterat
1303 2530 1366 2566 ge-

306 2567 486 2604 nerationi
515 2568 535 2589 *
563 2567 707 2615 subiici,
727 2579 807 2605 non
834 2575 983 2617 poterat
1007 2581 1052 2605 ex
1072 2581 1117 2606 ea
1143 2569 1227 2607 fieri
1255 2583 1366 2608 mun-

308 2619 392 2656 dus:
423 2627 458 2657 et
483 2620 557 2658 hoc
586 2628 640 2658 est
674 2621 780 2670 quod
813 2620 916 2668 dicit,
945 2633 1020 2669 qua
1049 2634 1124 2659 non
1139 2623 1274 2671 facta,
1303 2625 1365 2662 vel

307 2685 384 2709 non
411 2673 552 2722 genita,
585 2673 681 2711 idest
709 2686 785 2723 qua
813 2686 892 2711 non
920 2674 1089 2712 subiecta
1121 2676 1365 2725 generationi,

308 2726 526 2774 impossibile
561 2739 639 2764 esse
674 2727 832 2764 dicimus
859 2728 1124 2774 transmutari,
1154 2729 1251 2766 idest
1287 2743 1366 2768 non

306 2778 482 2827 possibile
498 2791 578 2816 esse
591 2778 604 2801 λ
623 2780 727 2829 quod
747 2788 1028 2829 transmutetur,
1045 2782 1093 2819 ad
1112 2782 1187 2819 hoc
1201 2790 1242 2820 ut
1256 2795 1301 2820 ex
1321 2796 1366 2821 ea

307 2831 373 2868 fiat
399 2832 574 2870 mundus.
596 2833 636 2870 Si
654 2845 747 2870 vero
767 2833 806 2870 in
835 2845 904 2870 sua
922 2841 1056 2871 natura
1075 2835 1241 2873 habebat
1260 2837 1366 2885 quod

308 2988 402 3014 habent
419 2990 460 3014 PE
480 2990 540 3022 (sed
558 2991 584 3016 in
602 2991 623 3016 E
642 2999 669 3017 se
687 2992 840 3025 expungitur
859 3001 874 3018 a
892 2994 1061 3026 correctore),
1079 3001 1107 3020 se
1122 2995 1301 3021 transmutari
1318 3001 1366 3021 cet.

311 3025 382 3049 codd.
389 3032 396 3055 ;
415 3025 438 3049 H
458 3024 506 3057 (de
525 3033 577 3058 quo
595 3027 653 3052 vide
672 3027 795 3060 praefat.)
815 3029 1004 3059 transmutari,
1024 3029 1124 3054 omisso
1143 3037 1178 3055 se.

359 3057 386 3100 β)
405 3067 455 3084 non
464 3061 521 3093 siet.
534 3075 553 3080 -
567 3069 616 3086 non
629 3062 684 3094 fiat
702 3063 730 3088 P.
742 3076 760 3083 -
775 3063 838 3088 Post
850 3072 929 3089 unam
944 3064 997 3095 lin„
1012 3064 1044 3089 ibi
1065 3068 1091 3090 et
1108 3065 1188 3090 aliter
1201 3066 1301 3091 scilicet
1316 3073 1366 3099 per

310 3097 447 3123 rationem,
466 3103 513 3128 pro
531 3099 563 3125 et,
583 3097 662 3122 etiam
681 3098 700 3122 Ρ
720 3103 745 3123 et
764 3099 838 3124 codd.
857 3107 910 3124 exc.
929 3100 960 3130 A,
979 3099 1078 3125 scilicet
1095 3108 1148 3125 om.
1163 3101 1197 3132 P;
1217 3100 1249 3126 cf.
1264 3106 1323 3126 text.

364 3128 382 3163 ι)
401 3131 613 3157 contrarietatem
631 3133 685 3158 litis
703 3137 729 3158 et
743 3134 885 3165 amicitiae,
900 3142 966 3167 quas
980 3138 1094 3168 ponunt.
1106 3149 1125 3156 -
1138 3139 1165 3161 et
1178 3144 1231 3162 om.
1246 3137 1280 3168 P;
1300 3144 1365 3169 quas

313 3171 364 3188 om.
378 3164 398 3188 P
417 3169 442 3189 et
459 3166 533 3207 codd:
547 3174 599 3191 exc.
613 3167 645 3192 A.
657 3181 676 3186 -
688 3168 746 3194 Lin.
758 3177 814 3202 seq.
829 3177 877 3202 pro
896 3170 922 3195 in
940 3170 1082 3200 elementis,
1096 3171 1122 3196 in
1137 3172 1265 3197 elementa
1284 3172 1312 3197 P.

365 3197 390 3232 κ)
404 3204 574 3232 prosequitur
590 3202 746 3233 opinionem.
759 3206 961 3238 -prosequitur
977 3209 1066 3231 autem
1079 3207 1230 3239 opinionem
1243 3207 1271 3238 P,
1285 3213 1310 3232 et
1322 3207 1366 3234 lin.

315 3239 369 3265 seq.
383 3241 430 3266 pro
448 3236 572 3265 secundo,
592 3238 740 3264 secundam.

365 3266 402 3309 >Q
414 3276 463 3294 non
478 3271 602 3302 possibile
620 3279 681 3298 esse.
694 3287 712 3292 —
726 3281 776 3299 non
789 3278 878 3307 potest
896 3283 951 3302 esse
969 3277 1044 3302 codd.
1058 3285 1111 3303 exc.
1125 3277 1182 3303 AG.
1196 3292 1214 3297 —
1228 3278 1307 3303 Linea
1325 3286 1366 3304 se-

317 3308 403 3334 quenti
428 3308 524 3330 natura
546 3313 711 3340 corrumpunt
728 3310 754 3334 in
772 3318 823 3336 non
843 3311 988 3344 BDEpFG;
1012 3313 1116 3338 ratione
1135 3313 1178 3338 sF.
1197 3313 1247 3339 Pro
1260 3317 1366 3347 posset,

1017 262 1086 299 DE
1117 258 1291 296 CAELO
1321 257 1391 293 ET
1420 253 1614 291 MUNDO
1645 253 1739 290 LIB.
1771 254 1785 289 Ι

1426 340 1556 382 posset
1574 332 1828 379 transmutari,
1846 332 1895 369 ad
1914 332 1989 368 hoc
2004 330 2109 380 quod
2128 330 2237 367 fieret
2257 342 2302 367 ex
2323 343 2367 367 ea
2386 342 2498 368 mun-

1428 386 1522 432 dus,
1568 385 1681 421 etiam
1723 394 1811 434 post
1853 384 2138 433 corruptionem
2180 383 2316 421 mundi
2360 384 2499 432 poterit

1426 438 1679 484 transmutari,
1709 446 1751 475 ut
1779 451 1824 475 ex
1854 451 1899 475 ea
1928 439 2065 475 iterum
2094 437 2161 473 fiat
2189 436 2369 473 mundus.

1481 491 1558 528 Sed
1578 491 1608 527 si
1627 491 1762 539 aliquis
1776 499 1896 540 ponat
1909 491 2077 528 infinitos
2094 491 2274 537 mundos,
2291 489 2341 526 ita
2356 490 2499 527 scilicet

1427 544 1532 593 quod
1552 557 1597 581 ex
1618 545 1849 593 quibusdam
1869 544 2006 581 atomis
2025 556 2104 580 uno
2125 544 2244 581 modo
2275 543 2498 592 compositis

1425 598 1492 634 fiat
1510 597 1572 634 hic
1590 597 1768 644 mundus,
1786 605 1823 634 et
1842 610 1888 634 ex
1905 597 2050 634 eisdem
2066 598 2128 634 vel
2148 596 2228 634 aliis
2248 595 2322 633 alio
2342 596 2462 634 modo
2480 602 2499 623 μ

1427 651 1648 699 compositis
1667 652 1735 688 fiat
1754 650 1848 687 alius
1875 651 2056 698 mundus,
2079 658 2115 687 et
2132 652 2208 687 hoc
2228 650 2267 687 in
2286 649 2496 696 infinitum;

1426 704 1546 752 magis
1564 704 1703 753 poterit
1731 703 1904 741 sustineri
1938 704 2045 752 quod
2078 704 2222 741 dictum
2252 710 2327 750 est,
2358 702 2499 740 scilicet

1425 759 1531 806 quod
1559 757 1727 794 mundus
1757 758 1876 794 semel
1906 765 2106 806 corruptus
2134 769 2334 806 nunquam
2361 756 2498 793 iterum

1424 819 1638 859 generetur3
1670 810 1759 860 quia
1788 822 1834 847 ex
1867 822 1944 859 quo
1981 810 2163 859 possibile
2194 818 2249 847 est
2282 822 2365 847 esse
2403 809 2498 846 alios

1425 864 1603 911 mundos,
1635 876 1680 901 ex
1699 864 1771 900 illis
1791 863 1929 900 atomis
1947 863 2086 912 poterit
2105 864 2199 901 alius
2218 864 2387 901 mundus
2408 873 2497 900 con-

1424 917 1522 954 stitui
1542 924 1564 954 ⁹.
1588 917 1664 954 Sed
1685 917 1715 954 si
1744 929 1823 954 non
1841 924 1973 965 posset
1992 929 2074 954 esse
2094 918 2263 955 mundus
2291 917 2362 954 nisi
2382 929 2494 964 unus,

1424 978 1647 1019 sequeretur
1681 969 1978 1007 inconveniens:
2007 970 2098 1018 quia
2125 970 2285 1007 materia
2311 970 2351 1007 in
2379 981 2497 1019 quam

1423 1024 1593 1061 mundus
1622 1025 1886 1070 resolveretur,
1917 1031 2016 1060 esset
2043 1023 2169 1060 adhuc
2197 1023 2236 1060 in
2263 1024 2434 1072 potentia
2456 1030 2498 1060 ut

1424 1090 1470 1120 ex
1499 1090 1544 1114 ea
1571 1078 1681 1114 fieret
1714 1076 1903 1123 mundus3
1941 1076 2044 1113 unde
2074 1076 2104 1114 si
2133 1089 2214 1113 non
2247 1084 2378 1125 posset
2415 1089 2498 1113 esse

1424 1131 1517 1167 alius
1546 1131 1730 1178 mundus,
1762 1137 1955 1179 oporteret
1984 1130 2089 1179 quod
2118 1129 2222 1167 idem
2250 1130 2332 1179 ipse
2360 1129 2498 1167 iterum

1423 1185 1541 1221 fieret.

1477 1238 1513 1274 6.
1534 1237 1685 1275 Deinde
1715 1249 1804 1274 cum
1834 1236 1941 1274 dicit:
1972 1237 2047 1273 Sed
2073 1242 2198 1273 tamen
2219 1243 2302 1283 etc.‚
2334 1235 2500 1273 ostendit

1422 1291 1515 1339 quid
1552 1299 1667 1328 restet
1704 1290 1930 1328 dicendum:
1970 1298 2006 1327 et
2035 1289 2123 1327 dicit
2151 1289 2256 1338 quod
2291 1301 2337 1326 ex
2371 1296 2498 1338 poste-

1422 1344 1583 1381 rioribus
1613 1344 1681 1381 erit
1709 1343 1955 1381 manifestum
1983 1351 2114 1380 utrum
2141 1343 2218 1379 hoc
2246 1341 2293 1379 sit
2315 1342 2499 1392 possibile

1420 1398 1482 1434 vel
1511 1397 1747 1446 impossibile
1776 1395 1799 1434 ε.
1831 1398 1880 1434 Et
1900 1397 1930 1434 si
1959 1396 2117 1446 quidem
2148 1397 2188 1445 ly
2214 1397 2286 1434 hoc
2314 1396 2498 1433 referatur

1422 1451 1471 1488 ad
1508 1451 1730 1489 immediate
1772 1450 1915 1488 dictum
1963 1451 2010 1487 de
2048 1449 2230 1499 opinione
2270 1449 2500 1499 ponentium

1421 1504 1590 1541 infinitos
1626 1503 1815 1551 mundos,
1855 1516 1934 1541 non
1972 1511 2028 1540 est
2065 1503 2352 1551 intelligendum
2395 1503 2500 1552 quod

1415 1558 1629 1606 posteriora
1665 1557 1727 1594 hic
1764 1557 1937 1594 nominet
1971 1569 2016 1594 ea
2050 1568 2150 1606 quae
2186 1556 2407 1593 immediate
2442 1568 2500 1594 se-

1422 1619 1601 1660 quuntur,
1616 1611 1654 1648 in
1670 1611 1811 1660 quibus
1831 1611 1932 1648 nulla
1951 1610 2000 1648 de
2019 1610 2094 1647 hoc
2109 1610 2152 1647 fit
2171 1609 2333 1656 mentio;
2354 1609 2423 1647 sed
2441 1609 2498 1647 in-

1421 1665 1635 1713 telliguntur
1647 1664 1859 1714 posteriora
1879 1675 1924 1701 ea
1939 1675 2038 1712 quae
2059 1663 2232 1701 dicentur
2251 1662 2299 1700 de
2315 1662 2497 1712 opinione

1421 1718 1632 1755 Democriti
1650 1718 1689 1755 in
1712 1717 1820 1755 tertio
1849 1717 1979 1764 huius,
2008 1724 2044 1753 et
2067 1716 2106 1754 in
2127 1718 2140 1753 I
2165 1717 2212 1753 de
2234 1716 2496 1754 Generatione.

1422 1771 1461 1807 Si
1481 1783 1575 1808 vero
1595 1772 1634 1820 ly
1652 1772 1724 1808 hoc
1743 1771 1926 1808 referatur
1944 1770 1994 1807 ad
2018 1777 2142 1807 totum
2161 1769 2409 1818 praecedens,
2429 1769 2496 1807 ubi

1421 1832 1547 1861 actum
1578 1832 1634 1861 est
1662 1825 1709 1861 de
1734 1823 1916 1873 opinione
1943 1822 2172 1873 ponentium
2192 1823 2383 1860 mundum
2413 1834 2497 1860 esse

1419 1878 1611 1926 genitum,
1637 1889 1706 1927 per
1732 1877 1945 1926 posteriora
1982 1876 2238 1924 intelliguntur
2273 1875 2496 1914 immediate

1420 1931 1629 1980 sequentia.
1660 1931 1710 1968 Et
1737 1931 1786 1968 ad
1814 1931 1889 1968 hoc
1909 1930 2117 1967 concordat
2144 1929 2251 1979 quod
2270 1929 2495 1967 immediate

1420 1984 1603 2022 subditur.
1627 1985 1724 2021 Sunt
1752 1984 1855 2021 enim
1885 1983 2055 2033 quidam,
2071 1982 2211 2033 quibus
2229 1982 2382 2020 videtur
2411 1995 2494 2020 esse

1420 2038 1642 2086 contingens
1671 2037 1776 2086 quod
1805 2037 1947 2086 aliquid
1975 2037 2082 2087 quod
2106 2049 2306 2086 nunquam
2335 2036 2404 2074 fuit
2431 2048 2494 2085 ge?

1419 2099 1612 2139 neratum,
1634 2091 1866 2140 quandoque
1893 2096 1906 2112 ⁰
1935 2098 2213 2140 corrumpatur,
2234 2097 2272 2128 et
2294 2090 2400 2140 quod
2429 2089 2494 2128 ali-

1419 2145 1512 2194 quid
1541 2145 1588 2182 de
1626 2157 1731 2182 novo
1760 2144 1951 2192 genitum,
1981 2143 2267 2193 incorruptibile
2294 2144 2492 2193 perduret;

1419 2198 1513 2236 sicut
1532 2198 1570 2235 in
1603 2198 1758 2235 Timaeo
1783 2197 1872 2235 dicit
1890 2198 1999 2235 Plato
2028 2210 2107 2235 non
2137 2197 2262 2235 solum
2283 2197 2389 2247 quod
2409 2208 2494 2234 cae·

1418 2252 1499 2289 lum
1519 2251 1565 2289 sit
1583 2251 1726 2288 facturn
1742 2251 1789 2288 de
1809 2263 1927 2299 novo,
1948 2252 2016 2289 sed
2037 2251 2151 2288 etiam
2172 2250 2277 2300 quod
2307 2251 2418 2289 duret
2446 2250 2494 2288 de

1419 2313 1545 2343 cetero
1574 2305 1808 2354 sempiterno
1842 2312 2032 2354 tempore;
2068 2312 2105 2342 et
2133 2304 2185 2342 sic
2212 2303 2322 2354 ponit
2347 2311 2495 2341 utrum-

1419 2371 1495 2407 que
1523 2358 1732 2405 dictorum,
1762 2357 1903 2395 scilicet
1929 2358 2035 2407 quod
2062 2357 2223 2394 materia
2257 2356 2492 2405 inordinata,

1419 2423 1518 2460 quae
1547 2423 1746 2460 nunquam
1770 2410 1937 2460 incoepit
1964 2423 2048 2448 esse
2072 2410 2298 2458 inordinata,
2318 2409 2494 2459 quando-

1419 2477 1495 2514 que
1525 2476 1606 2501 esse
1636 2463 1802 2510 desinat;
1839 2471 1875 2501 et
1903 2464 2010 2512 quod
2047 2464 2216 2501 mundus
2249 2463 2428 2513 incipiat,
2458 2470 2495 2501 et

1420 2529 1619 2566 nunquam
1657 2517 1815 2554 desinat.
1846 2518 1895 2554 Et
1923 2525 2055 2554 contra
2092 2517 2184 2554 istos
2213 2516 2267 2554 sic
2303 2523 2493 2566 ponentes

1420 2570 1609 2608 mundum
1628 2570 1812 2618 generari,
1833 2582 1949 2619 supra
1962 2571 1982 2592 *
1997 2570 2096 2607 circa
2121 2569 2350 2619 principium
2379 2569 2493 2608 huius

1419 2623 1502 2661 libri
1534 2623 1768 2661 naturalibus
1792 2623 2001 2661 rationibus
2029 2636 2255 2673 processum
2281 2631 2336 2660 est
2365 2624 2492 2661 solum

1420 2684 1607 2726 quantum
1636 2677 1684 2714 ad
1722 2677 1893 2725 caelum,
1923 2677 2028 2727 quod
2055 2677 2234 2727 probavit
2268 2689 2352 2714 esse
2390 2677 2492 2726 inge-

1419 2730 1540 2767 nitum
1579 2738 1616 2767 et
1657 2730 1961 2780 incorruptibile,
1997 2738 2181 2780 tanquam
2223 2742 2303 2768 non
2344 2731 2492 2768 habens

1420 2783 1667 2821 contrarium:
1698 2783 1765 2821 sed
1785 2796 1888 2821 nunc
1916 2784 1992 2821 hoc
2015 2783 2317 2821 manifestabitur
2339 2784 2492 2822 univer-

1419 2837 1486 2874 sali
1514 2837 1816 2875 consideratione
1846 2837 1894 2875 de
1923 2837 2103 2875 omnibus
2132 2837 2293 2875 entibus.

1414 2997 1502 3028 possit
1527 2997 1642 3057 εοάἰεῖξες
1666 3005 1714 3030 pro
1741 2998 1813 3031 quod
1823 2999 1920 3032 fieret,
1949 3002 1979 3024 ut
1989 2999 2072 3032 fieret
2090 2999 2186 3031 mic-n
2205 3007 2254 3033 pro
2273 2999 2353 3026 etiam
2368 3003 2448 3034 post,
2467 3004 2495 3028 et

1419 3032 1499 3057 etiam
1515 3036 1579 3064 post
1620 3050 1627 3058 .

1474 3068 1502 3101 μ.)
1519 3075 1570 3092 uno
1585 3069 1691 3094 modo...
1705 3069 1760 3094 alio
1775 3069 1863 3095 modo.
1872 3077 1950 3095 -uno
1963 3070 2017 3095 alio
2031 3070 2138 3096 modo...
2152 3071 2231 3096 modo
2245 3071 2273 3102 P,
2288 3079 2375 3097 errore
2389 3076 2492 3106 typogr-

1418 3109 1569 3128 occurrente
1583 3104 1633 3128 iam
1649 3104 1673 3129 in
1689 3105 1729 3130 ed.
1744 3103 1846 3130 1516.-
1860 3105 1895 3131 lbi
1910 3105 1996 3139 magis
2006 3106 2117 3138 poterit,
2129 3107 2216 3139 magis
2230 3114 2284 3132 om.
2299 3107 2331 3139 P3
2346 3107 2380 3132 ct'.
2394 3112 2456 3133 text.

1473 3139 1496 3170 ν)
1511 3139 1644 3164 constitui.
1658 3154 1677 3159 —
1690 3141 1811 3166 construi
1823 3139 1994 3175 BCDEF(1?)‚
2008 3142 2141 3168 construit
2155 3143 2196 3168 ed.
2214 3141 2290 3168 1516.
2302 3156 2321 3162 —
2335 3143 2398 3169 Post
2411 3150 2491 3169 uum

1420 3173 1462 3198 lin.
1477 3181 1524 3206 pro
1543 3175 1734 3206 resolveretur,
1755 3176 1904 3202 solveretur
1924 3177 1952 3202 Ρ.

1475 3207 1497 3241 ξ)
1518 3210 1558 3234 uel
1577 3210 1773 3242 impossibile.-
1785 3212 1841 3237 Hoc
1860 3220 1913 3237 om.
1927 3213 1946 3237 P
1961 3218 2050 3238 contra
2069 3214 2143 3239 codd.
2159 3218 2184 3239 et
2203 3219 2292 3239 text.-
2305 3214 2356 3239 Pro
2371 3214 2491 3247 sequenti

1420 3245 1463 3278 ly,
1484 3245 1554 3277 quod
1573 3253 1626 3271 om.
1638 3246 1712 3276 AsE,
1732 3247 1756 3272 si
1774 3252 1837 3278 cet.;
1858 3247 1890 3273 cf.
1904 3254 1964 3280 post
1983 3256 2027 3273 sex
2046 3248 2127 3274 lineas
2146 3249 2170 3274 si
2189 3256 2251 3275 uero
2271 3250 2301 3283 ly
2319 3249 2376 3275 hoc.

1474 3280 1499 3312 ο)
1519 3281 1684 3314 quandoque.
1698 3295 1717 3302 ·-
1731 3283 1766 3308 lta
1779 3283 1841 3308 AsG
1849 3291 1856 3314 ;
1876 3291 1930 3309 om.
1944 3284 2032 3316 PCsE,
2046 3285 2108 3318 quia
2127 3285 2224 3310 scilicet
2242 3290 2290 3311 cet.
2310 3289 2430 3318 corrupte
2444 3283 2492 3310 ha-

1419 3315 1480 3340 bent
1498 3316 1569 3348 quod
1587 3324 1730 3350 nunquam.

890 3453 1525 3483 -ᾖὴ-«ιψ-ςκ-ψ

2521 2581 2530 2590 ·
2546 2579 2610 2602 Leot-
2620 2585 2660 2603 vr„
