2690 4062
1101 271 1212 309 cAP.
1242 272 1292 320 v,
1323 273 1475 310 LECT.
1505 274 1592 311 v111

2361 289 2455 314 CXXV

1025 489 1322 546 LECTIO
1362 491 1696 548 OCTAVA

559 640 652 677 QUO
677 639 841 671 ORDINE
866 640 932 671 SIT
956 640 1287 672 PROCEDENDUM
1311 659 1330 664 -
1354 642 1634 675 OSTENDITUR
1658 645 1872 682 QUAENAM
1896 646 2144 678 SICCANTUR

984 698 1042 728 ET
1066 698 1408 730 HUMECTANTUR
1430 701 1487 730 ET
1512 701 1734 738 QUOMODO

251 838 403 884 Ἀνάγκη
428 833 467 870 δέ
491 838 634 892 mosne&
652 835 673 874 ἦ
691 839 846 891 {kq-7⁸22&
863 833 951 891 Εἷῇαῑ
972 838 1014 869 τὸ
1030 836 1211 882 ὡρισμένον
1232 838 1329 881 σῶμα
1383 840 1400 859 *
1416 841 1550 872 Necesse
1573 850 1680 874 autem
1703 845 1820 875 durum
1843 852 1898 876 aut
1911 846 2010 876 molle
2033 856 2100 876 esse
2114 846 2320 878 terminatum
2335 858 2451 889 corpus
2478 855 2488 866 ·

326 886 435 925 οἰκείῳ
461 881 541 926 ὅρῳ·
568 884 590 918 ἠ
614 883 679 928 γάρ
707 883 868 922 υπείκειν,
892 883 912 918 ἡ
938 881 1002 926 μή·
1030 883 1083 914 ἔτι
1108 883 1261 928 πεπηγός
1286 878 1329 913 εἶ-

325 941 399 962 ναι·
426 927 541 969 τούτῳ
557 928 622 973 γάρ
645 926 815 970 ὁρίζεται·
841 924 922 958 ὥστ’
944 927 1016 958 ἐπεὶ
1035 927 1104 958 πᾶν
1122 928 1181 971 μὲν
1200 928 1240 958 τό
1257 927 1330 971 ὠρι-

325 973 448 1019 σμένον
467 974 525 1004 καὶ
545 971 749 1008 συνεστηκὸς
767 970 788 1008 ἦ
806 972 975 1025 μαλακόν,
996 969 1016 1007 ἦ
1034 972 1190 1016 σκληρὸν,
1211 972 1329 1003 ταῦτα

324 1016 363 1051 δὲ
389 1016 491 1058 πήξει
515 1017 622 1058 ἐστὶν,
643 1015 769 1048 ἅπαντ’
797 1017 836 1048 ἀν
861 1017 911 1053 εἴη
938 1017 986 1048 τοὶ
1010 1015 1158 1060 σώματα
1183 1015 1231 1048 τά
1254 1015 1330 1048 σύν-

324 1062 412 1096 θετα
443 1062 503 1094 καὶ
527 1060 697 1106 ὡρισμένα
731 1062 792 1092 οὐκ
823 1060 901 1092 ἄνευ
931 1059 1076 1101 πήξεως.
1111 1059 1244 1100 Πηξεως
1271 1058 1329 1093 οὖν

325 1107 402 1153 πέρι
425 1105 559 1152 ῥητέον.
590 1106 690 1138 Ἐστι
713 1099 753 1137 δὲ
778 1107 826 1138 τά
849 1107 948 1137 αἴτια
973 1105 1022 1137 τά
1054 1107 1129 1149 περὶ
1154 1105 1219 1141 τήν
1245 1103 1328 1142 ὕλην

323 1151 400 1194 δύο,
418 1151 462 1184 τό
487 1163 526 1183 τε
553 1151 673 1183 ποιοῦν
696 1151 755 1182 καὶ
781 1151 822 1182 τό
849 1148 970 1190 πάθος,
998 1151 1040 1182 τό
1065 1151 1124 1194 μὲν
1150 1150 1265 1182 τοιοῦν
1286 1150 1328 1186 ὠς

325 1197 401 1230 ὅθεν
427 1197 449 1235 ἡ
476 1198 625 1237 κίνησις,
659 1195 701 1227 τό
733 1190 770 1226 δὲ
801 1193 910 1231 πάθος
941 1195 984 1231 ὠς
1015 1189 1123 1232 εἶδος·
1149 1193 1237 1225 ὥστε
1270 1196 1328 1225 καὶ

259 1254 262 1257 ’
283 1240 462 1283 ’ξ’πῆξέιῖς
478 1237 544 1273 καὶ
560 1237 765 1285 διαχύσεως,
782 1241 841 1271 καὶ
867 1239 931 1271 τοῦ
949 1237 1164 1282 ξηραίνεσθαι
1188 1241 1246 1270 καὶ
1264 1238 1328 1271 τοῦ

326 1287 344 1320 ὖ
392 1285 556 1318 αίνεσθαι.
591 1286 684 1316 Ποιεῖ
705 1279 744 1315 δὲ
770 1283 812 1316 τό
837 1284 957 1316 ποιοῦν
978 1279 1052 1315 δυσὶ
1077 1279 1253 1327 δυνάμεσι,
1271 1285 1329 1314 καὶ

326 1298 454 1376 ποῖσχει
479 1331 521 1362 τὸ
547 1329 682 1374 πάσχον
709 1327 891 1372 παθήμασι
914 1323 1022 1369 δυσὶν,
1040 1326 1150 1372 ὥσπερ
1177 1329 1327 1371 εἴρηται·

326 1379 419 1408 ποιεῖ
431 1376 502 1428 μέν
527 1372 633 1420 θερμῷ
657 1374 716 1405 καὶ
741 1371 866 1419 ψυχρῷ,
894 1374 935 1405 ‘ro'
960 1371 998 1404 δέ
1024 1371 1131 1410 πάθος
1157 1370 1178 1408 ἦ
1204 1383 1330 1417 παρου-

324 1423 397 1462 σίᾳ,
425 1432 446 1457 η
473 1417 623 1460 ἀπουσία
647 1417 770 1463 θερμοῦ
795 1417 817 1454 ἦ
842 1416 983 1462 ψυχροῦ.
1013 1418 1112 1450 Ἐπεὶ
1137 1411 1175 1449 δὲ
1201 1416 1242 1448 τὸ
1266 1415 1330 1453 πή-

324 1463 469 1512 γνυσθαι
492 1461 710 1509 ξηραίνεσθαί
735 1461 805 1500 πῶς
830 1462 917 1502 ἐστι,
937 1463 1011 1504 περὶ
1031 1461 1160 1494 τούτου
1185 1463 1331 1505 εἴπωμεν

327 1511 476 1553 πρῶτον.
502 1510 550 1542 Τό
574 1506 618 1546 δή
637 1506 773 1551 πάσχον
798 1505 820 1543 ἧ
846 1507 959 1552 ὑγρὸν,
979 1505 1000 1543 ἦ
1019 1505 1058 1547 ξη
1083 1507 1132 1547 ὸν,
1152 1505 1173 1542 ἦ
1191 1506 1229 1537 ἐκ
1254 1504 1332 1538 τού-

324 1566 408 1588 των.
435 1552 602 1599 Τιθέμεθα
625 1548 656 1584 δ’
678 1551 781 1596 ὑγροῦ
806 1552 906 1595 σῶμα
931 1549 1031 1595 ὕδωρ,
1059 1519 1159 1595 ἕηροῧ
1183 1545 1221 1582 δὲ
1245 1550 1330 1596 γῆν·

327 1601 448 1632 ταῦτα
463 1598 528 1645 γὰρ
546 1598 614 1631 τῶν
633 1597 741 1642 ὑγρῶν
761 1597 820 1627 καὶ
841 1597 908 1629 τῶν
928 1595 1034 1643 ξηρῶν
1056 1594 1253 1633 παθητικά·
1279 1593 1333 1626 διὸ

325 1646 385 1676 καὶ
410 1644 452 1677 τό
476 1642 600 1688 ψυχρὸν
633 1644 700 1674 τῶν
732 1639 931 1677 παθητικῶν
958 1641 1107 1687 μᾶλλον·
1135 1641 1168 1672 ὲν
1194 1639 1331 1678 τούτοις

325 1687 392 1736 γάρ
417 1689 530 1720 ἐστιν·
555 1689 613 1719 καὶ
637 1687 686 1730 γοὶ
729 1685 750 1723 ἡ
774 1686 821 1730 γῆ
849 1688 908 1718 καὶ
935 1686 975 1719 τὸ
1002 1681 1087 1730 ὕδωρ
1112 1685 1225 1730 ψυχροὶ
1249 1683 1332 1716 ύπό-

325 1744 454 1765 κειται.
481 1731 661 1770 Ποιητικόν
710 1731 724 1763 ὲ
749 1731 790 1762 τὸ
815 1729 939 1775 ψυχρὸν
964 1733 1008 1770 ὠς
1033 1729 1231 1775 φθαρτικόν,
1251 1729 1272 1767 ἦ
1289 1731 1332 1769 ὠς

325 1779 424 1810 κατά
439 1777 664 1822 συμβεβηκός,
682 1775 837 1820 καθάπερ
857 1778 990 1820 εἴρηται
1011 1775 1116 1820 πρότε
1140 1787 1194 1807 ον·
1221 1775 1330 1807 ἐνίοτε

326 1822 390 1869 γάρ
411 1824 469 1854 καὶ
493 1821 589 1854 κάειν
608 1820 647 1852 λέ
674 1833 753 1854 εται
772 1823 830 1852 καὶ
847 1818 1034 1873 θερμαίνειν
1053 1819 1092 1852 τό
1110 1787 1247 1865 ψυχρόν,
1268 1817 1333 1865 οὐχ

326 1868 368 1905 ὥς
394 1867 436 1900 τὸ
459 1866 594 1911 θερμὰν,
614 1865 656 1898 ἀλ
682 1866 704 1898 οἱ
729 1866 777 1907 τῷ
802 1877 958 1912 συναγειν
986 1865 1007 1902 ἦ
1033 1863 1332 1909 ἀντιπεριιστάναι

328 1911 371 1944 τὸ
395 1910 527 1957 θερμόν.
1065 1932 1074 1935 ε

258 1957 465 2005 Ξηραίνεται
490 1951 519 1987 δ’
541 1954 606 1989 ὅσα
630 1956 724 1987 ἐστὶν
750 1949 836 1998 ὕδωρ
861 1955 919 1986 καὶ
945 1949 1074 1992 ὕδατος
1099 1947 1185 1993 εἴδη,
1213 1952 1234 1990 ἢ
1260 1953 1331 1998 ἔχει

329 1996 415 2046 ὕδωρ
442 2001 504 2033 εἴτ’
533 2000 700 2040 ἐπακτὸν,
727 2001 797 2031 εἴτε
822 1998 984 2043 συμφυές·
1009 1997 1099 2044 λέγω
1125 1994 1151 2030 δ’
1177 1997 1331 2031 ἐπακτὸν

327 2047 388 2091 μὲν
409 2046 477 2078 οἷον
496 2046 530 2078 ἐν
549 2045 636 2087 ἐρίῳ,
655 2044 828 2089 σύμφυτον
846 2039 875 2075 δ’
897 2044 966 2076 οἷον
988 2044 1020 2075 ἒν
1037 2042 1215 2089 γάλακτι.’
1229 2039 1332 2074 ’Ὑδα-

328 2102 388 2128 τος
413 2087 440 2123 δ’
463 2085 535 2128 εἴδη
563 2091 611 2122 τά
635 2087 769 2130 τοιάδε,
791 2085 890 2129 οἶνος,
910 2087 1019 2133 οὖρον,
1048 2088 1154 2130 ὀρρός,
1172 2089 1230 2118 καὶ
1249 2086 1331 2125 ὅλως

329 2133 394 2168 ὅσα
418 2130 601 2181 μηδεμίαν,
628 2133 649 2171 ἦ
675 2135 841 2178 βραχεῖαν
867 2133 938 2178 ἔχει
963 2132 1175 2172 ὑπόστασιν,
1202 2133 1250 2175 μή
1274 2128 1333 2164 διά

325 2179 582 2227 γλισχρότητα·
611 2180 707 2217 ἐνίοις
729 2180 789 2224 μὲν
813 2177 877 2224 γσὶρ
905 2179 1016 2210 αἴτιον
1035 2177 1098 2209 τοῦ
1116 2176 1162 2222 μη
1189 2177 1333 2221 ὑφίστα-

326 2223 407 2257 σθαι
438 2219 543 2270 μηδὲν
569 2225 590 2261 ἡ
615 2224 843 2270 γλισχρότης,
869 2221 979 2264 ὥσπερ
1011 2222 1131 2263 ἐλαίῳ,
1160 2218 1181 2257 ἦ
1207 2222 1328 2264 πίττῃ.

327 2269 534 2314 Ξηραίνεται
558 2265 596 2301 δὲ
621 2267 740 2301 πάντα
765 2266 786 2304 ἢ
811 2266 1072 2311 θερμαινόμενα,
1092 2265 1113 2303 ἦ
1138 2265 1328 2310 ψυχόμενα,

329 2314 509 2359 ἀμφότερα
534 2309 572 2346 δέ
597 2312 717 2357 θερμῷ,
736 2314 794 2345 καὶ
821 2312 888 2344 ὑπὸ
909 2312 972 2349 τῆς
994 2311 1089 2349 ἐντὸς
1108 2309 1330 2356 θερμότητος,

328 2357 350 2396 ἦ
369 2360 431 2396 τῆς
451 2359 531 2400 ἔξω·
557 2360 615 2390 καὶ
636 2359 701 2404 γάρ
721 2359 769 2390 τά
786 2357 831 2399 τῇ
849 2355 943 2400 ψύξει
964 2355 1204 2401 ξηραινόμενα,
1222 2354 1330 2399 ὥσπερ

328 2402 489 2449 ἱμάτιον,
524 2403 584 2436 ἐάν
612 2400 632 2444 ᾖ
662 2401 908 2448 κεχωρισμένον
942 2401 1029 2434 αὐτὸ
1062 2399 1136 2433 καθ’
1166 2401 1255 2432 aad-co*
1289 2402 1331 2433 τό

328 2448 449 2495 ὑγρὸν,
477 2449 545 2480 ὑπὸ
575 2448 637 2479 τοῦ
670 2448 766 2485 ἐντὸς
798 2445 919 2490 θερμοῦ
950 2444 1257 2489 συνεξατμίζοντος
1291 2446 1332 2477 τὸ

329 2495 429 2539 ύγρόν
462 2493 683 2537 ξηραίνεται,
713 2490 751 2523 ἂν
778 2489 891 2536 ὀλίγον
918 2487 941 2532 ᾖ
966 2489 1007 2523 τό
1032 2491 1154 2536 ὑγρόν,
1181 2488 1333 2530 ἐξιούσης

328 2541 392 2577 τῆς
416 2538 626 2583 θερμότητος
653 2537 720 2568 ὑπὸ
747 2536 809 2568 τοῦ
842 2536 1068 2578 περιεστῶτος
1098 2533 1236 2580 ψυχροῦ.
1271 2534 1334 2572 Ξη-

326 2586 484 2629 ραίνεται
537 2582 569 2614 ἐν
596 2579 667 2622 οὖν,
693 2579 803 2624 ὥσπερ
829 2581 977 2623 εἴρηται,
998 2578 1143 2611 ἅπαντα
1161 2577 1182 2616 ἦ
1199 2577 1335 2624 θερμαι-

329 2627 469 2674 νόμενα,
496 2629 518 2664 ὴ
543 2625 732 2671 ψυχόμενα,
758 2626 817 2656 καὶ
843 2622 963 2656 πάντα
988 2622 1109 2668 θερμῷ,
1129 2621 1149 2659 ἦ
1169 2624 1216 2664 τῷ
1238 2623 1334 2662 ἐντὸς

329 2671 351 2710 ἦ
377 2673 425 2714 τῷ
451 2671 549 2709 ἐκτός
574 2669 859 2713 συνεξατμίζοντι
876 2669 917 2700 τό
937 2667 1055 2714 ὑγρόν·
1079 2666 1169 2715 λέγω
1187 2663 1216 2699 δ’
1237 2670 1336 2706 ἐκτός

329 2718 403 2762 μὲν,
422 2716 532 2760 ὥσπερ
552 2716 600 2748 τά
616 2714 778 2758 ἑψόμενα,
799 2714 894 2749 ἐντός
914 2707 965 2752 δὲ,
985 2711 1072 2746 ὅταν
1096 2712 1335 2758 ἀφαιρεθέντος

330 2762 380 2806 ὑφ’
402 2761 442 2799 ἧς
462 2761 535 2805 ἔχει
558 2758 768 2803 θερμότητος
795 2755 954 2799 ἀναλωθῇ
983 2756 1234 2796 ἀποπνεούσης.
1260 2759 1336 2803 Περὶ

330 2808 389 2851 μὲν
415 2805 472 2838 οὖν
498 2805 561 2837 τοῦ
588 2802 804 2846 ξηραίνεσθαι
830 2804 976 2847 εἴρηται.

261 2853 308 2885 Τὰ
322 2851 351 2884 δ’
370 2848 588 2898 ὖγραίνεσθαί
606 2849 699 2881 ἐστιν
717 2849 751 2879 ἓν
769 2847 828 2891 μὲν
847 2847 888 2879 τὸ
907 2841 993 2888 ὕδωρ
1011 2845 1163 2892 γίνεσθαι
1180 2845 1338 2878 συνιστά-

329 2907 449 2941 μενον,
477 2895 510 2927 ἓν
536 2890 573 2926 δέ
600 2894 642 2926 τὸ
668 2891 835 2929 τήκεσθαι
861 2892 901 2924 τὸ
928 2890 1096 2938 πεπηγός.
1134 2891 1272 2923 Τούτων
1298 2886 1337 2923 δὲ

329 2942 538 2974 συνίσταται
563 2938 622 2983 μὲν
649 2938 695 2975 εὶς
721 2932 806 2981 ὕδωρ
832 2935 1021 2982 ψυχόμενον
1047 2935 1088 2967 τὸ
1115 2937 1267 2980 πνεῦμα·

505 3027 678 3060 eterminat
699 3025 739 3059 de
759 3024 990 3068 coagulatione
1006 3032 1039 3056 et
1053 3023 1285 3068 liquefactione
1305 3031 1338 3056 et

468 3072 475 3081 ’“
506 3071 577 3105 aliis
605 3069 835 3115 passionibus,
867 3068 987 3113 quibus
1016 3067 1171 3101 differunt
1198 3079 1337 3112 corpora

506 3115 692 3149 secundum
711 3114 802 3159 quod
818 3113 987 3157 tangibilia
1004 3122 1090 3146 sunt.
1111 3113 1153 3146 Et
1170 3113 1254 3145 circa
1271 3112 1337 3145 hoc

508 3161 576 3194 duo
599 3160 692 3193 facit:
718 3160 827 3204 primo
859 3158 1055 3191 determinat
1086 3157 1126 3191 de
1160 3158 1274 3190 siccari
1305 3166 1338 3190 et

486 3205 702 3245 humectari,
719 3204 796 3249 quia
821 3203 930 3236 omnis
955 3201 1143 3246 coagulatio
1167 3210 1218 3234 est
1239 3213 1337 3246 quae-

263 3251 340 3285 dam
368 3250 519 3291 siccatio,
547 3249 710 3294 liquefieri
741 3257 852 3281 autern
883 3256 933 3281 est
963 3246 1165 3287 humectari;
1190 3245 1336 3279 secundo

263 3295 460 3330 determinat
483 3293 523 3328 de
547 3295 619 3338 ipsa
642 3293 874 3337 coagulatione
898 3300 931 3325 et
953 3291 1185 3336 liquefactione
1210 3299 1242 3323 et
1266 3290 1335 3323 aliis

263 3339 448 3384 speciebuS,
463 3338 525 3371 ibi:
549 3339 598 3372 De
622 3338 827 3383 liquefactione
849 3343 951 3370 autem
968 3338 1059 3369 *etc.
1083 3336 1193 3368 Prima
1217 3335 1336 3367 iterum

263 3386 299 3418 in
323 3384 419 3417 duas:
444 3383 554 3427 primo
578 3384 668 3416 enim
692 3382 889 3416 determinat
905 3381 945 3414 de
970 3381 1163 3420 siccatione3
1189 3378 1336 3412 secundo

264 3429 305 3463 de
322 3428 579 3469 humectatione,
591 3427 650 3461 ibi:
664 3427 846 3461 Humectari
862 3432 962 3459 autem
974 3425 989 3441 *
1003 3434 1064 3458 etc.
1081 3425 1175 3457 Circa
1191 3424 1336 3467 primum

265 3473 333 3507 duo
357 3472 448 3505 facit:
473 3473 582 3516 primo
607 3472 787 3516 praemittit
810 3471 1029 3504 intentionem
1053 3478 1165 3507 suam;
1190 3467 1336 3500 secundo

265 3517 456 3562 exsequitur
479 3517 704 3561 propositum,
729 3516 790 3549 ibi:
815 3516 1014 3549 Desiccantur
1036 3519 1137 3546 autem
1151 3514 1170 3532 θ’
1186 3521 1246 3545 etc.

318 3562 409 3596 Dicit
432 3573 511 3605 ergo
536 3562 645 3606 primo
662 3560 764 3606 quod,
792 3561 869 3605 quia
893 3560 978 3592 sicut
1001 3557 1126 3591 dictum
1150 3565 1213 3597 est,
1238 3567 1336 3588 omne

266 3612 386 3651 corpus
411 3606 623 3639 terminatum
647 3614 696 3639 est
719 3605 840 3639 durum
860 3613 917 3637 aut
939 3602 1051 3641 molle,
1069 3602 1096 3634 si
1120 3602 1162 3633 sit
1185 3601 1337 3633 termina-

265 3660 338 3685 tum
362 3651 498 3695 proprio
523 3651 665 3684 termino
690 3649 799 3695 (quod
827 3648 905 3682 dicit
929 3655 1063 3691 propter
1086 3644 1228 3689 liquida,
1253 3655 1336 3688 quae

328 3099 341 3119 ‚*-

328 3160 341 3191 τ,
376 3152 463 3200 {2¹13

326 3200 343 3223 ζμ
379 3188 427 3214 *ss

1451 887 1583 928 proprio
1597 888 1748 919 termino:
1773 897 1828 920 aut
1844 890 1930 920 enim
1944 890 2025 921 intra
2041 891 2149 921 cedere
2165 898 2220 922 aut
2236 901 2311 923 non.
2335 893 2452 925 Adhuc

1452 932 1657 971 coagulatum
1683 941 1771 964 esse:
1799 934 1861 965 hoc
1892 935 1978 965 enim
2004 935 2199 966 terminatur.
2233 937 2340 974 Quare
2367 947 2450 978 quo-

1451 975 1538 1006 niam
1561 986 1658 1007 omne
1681 978 1811 1018 quidem
1834 979 2038 1010 terminatum
2062 986 2092 1010 et
2108 986 2255 1011 constans
2279 988 2335 1012 aut
2353 981 2451 1013 molle

1451 1020 1507 1051 a'ut
1522 1020 1656 1070 durum:
1680 1022 1756 1052 haec
1775 1029 1882 1053 autem
1906 1023 2084 1064 coagulatio
2108 1031 2192 1063 sunt,
2216 1025 2324 1056 omnia
2340 1026 2451 1067 utique

1452 1071 1544 1099 erunt
1567 1075 1701 1105 corpora
1725 1067 1901 1107 composita
1924 1075 1955 1098 et
1969 1068 2134 1104 terminata
2157 1078 2223 1099 non
2247 1069 2314 1100 sine
2338 1080 2451 1111 coagu-

1450 1109 1578 1141 latione.
1608 1110 1656 1140 De
1679 1111 1897 1150 coagulatione
1920 1112 2015 1152 igitur
2037 1113 2217 1144 dicendum.
2241 1113 2323 1144 Sunt
2344 1114 2450 1155 itaque

1451 1164 1563 1185 causae
1587 1164 1676 1185 secus
1695 1155 1857 1186 materiam
1881 1156 1973 1195 duae,
1997 1156 2112 1187 faciens
2136 1163 2166 1188 et
2181 1157 2296 1198 passio.
2320 1158 2450 1189 Faciens

1451 1198 1583 1239 quidem
1605 1199 1710 1239 igitur,
1735 1206 1771 1230 ut
1786 1200 1870 1230 unde
1892 1207 2016 1231 motus:
2041 1201 2146 1241 passio
2170 1208 2288 1240 autem,
2311 1209 2348 1233 ut
2366 1203 2451 1234 unde

1451 1243 1580 1284 species.
1612 1244 1719 1281 Quare
1741 1251 1772 1275 et
1794 1245 2021 1284 coagulationis
2052 1252 2083 1276 et
2105 1246 2298 1284 diffusionis,
2329 1253 2360 1277 et
2383 1247 2450 1277 eius

1451 1288 1542 1328 quod
1558 1288 1703 1319 exsiccari
1720 1295 1750 1319 et
1763 1289 1947 1320 humectari.
1971 1290 2059 1320 Facit
2075 1297 2181 1321 autem
2196 1290 2312 1321 faciens
2327 1291 2450 1322 duabus

1450 1332 1630 1372 virtutibus,
1654 1339 1685 1363 et
1707 1333 1824 1373 patitur
1847 1334 2046 1374 passionibus
2069 1335 2203 1373 duabus,
2227 1334 2307 1365 sicut
2329 1335 2450 1366 dictum

1452 1383 1508 1408 est.
1532 1377 1620 1408 Facit
1641 1377 1772 1418 quidem
1795 1378 1897 1408 calido
1921 1385 1951 1408 et
1978 1378 2112 1418 frigido:
2137 1379 2241 1419 passio
2266 1386 2373 1410 autem
2396 1387 2451 1410 aut

1451 1422 1627 1461 praesentia
1640 1429 1694 1452 aut
1706 1422 1845 1452 absentia
1861 1422 1951 1452 calidi
1966 1429 2020 1453 aut
2035 1422 2147 1463 frigidi.
2165 1423 2328 1461 Quoniam
2343 1431 2450 1455 autem

1454 1466 1614 1506 coagulari
1629 1466 1774 1496 exsiccari
1789 1466 1896 1507 aliquo
1914 1467 2012 1496 modo
2029 1474 2085 1505 est,
2101 1467 2139 1497 de
2153 1467 2215 1498 hoc
2230 1467 2372 1498 dicamus
2388 1468 2450 1508 pri—

1453 1520 1520 1541 mo.
1543 1510 1668 1541 Patiens
1691 1510 1798 1551 itaque
1821 1518 1875 1541 aut
1893 1510 2078 1548 humidum,
2100 1518 2154 1542 aut
2177 1512 2311 1550 siccum,
2336 1518 2391 1543 aut
2414 1522 2451 1543 ex

1454 1555 1513 1585 his.
1530 1555 1685 1585 Ponimus
1705 1562 1811 1586 autern
1826 1555 1950 1585 humidi
1975 1565 2090 1595 corpus
2113 1565 2240 1597 aquam,
2255 1555 2328 1587 sicci
2344 1563 2451 1587 autem

1454 1606 1585 1630 terram:
1618 1599 1694 1630 haec
1722 1606 1829 1630 autern
1852 1599 2061 1630 humidorum
2085 1607 2114 1631 et
2137 1600 2294 1631 siccorum
2317 1601 2449 1640 passiva.

1453 1644 1586 1684 Propter
1601 1644 1691 1685 quod
1707 1650 1737 1674 et
1752 1643 1902 1684 frigidum
1917 1644 2116 1684 passivorum
2131 1644 2240 1685 magis:
2257 1645 2289 1674 in
2301 1644 2349 1675 his
2365 1644 2451 1675 enim

1454 1696 1516 1720 est:
1533 1689 1650 1719 etenim
1663 1695 1744 1719 terra
1760 1695 1790 1719 et
1805 1698 1888 1729 aqua
1902 1687 2013 1728 frigida
2029 1696 2262 1728 supponuntur.
2287 1688 2451 1720 Factivum

1454 1739 1561 1764 autern
1577 1733 1738 1774 frigidum,
1752 1739 1788 1763 ut
1799 1732 2027 1773 corruptivum,
2039 1739 2093 1763 aut
2107 1733 2281 1763 secundum
2297 1733 2451 1772 accidens,

1454 1778 1535 1809 sicut
1558 1778 1679 1808 dictum
1703 1784 1748 1808 est
1770 1777 1868 1817 prius.
1899 1777 2080 1817 Aliquando
2106 1777 2191 1807 enim
2214 1784 2244 1808 et
2267 1778 2451 1808 comburere

1454 1822 1578 1861 dicitur,
1602 1829 1633 1853 et
1656 1821 1822 1852 calefacere
1846 1821 2006 1861 frigidum,
2029 1831 2095 1851 non
2118 1828 2154 1852 ut
2177 1822 2325 1860 calidum,
2349 1822 2404 1852 sed
2419 1822 2451 1852 in

1454 1867 1550 1898 simul
1573 1866 1732 1905 ducendo,
1756 1873 1811 1897 aut
1832 1866 1865 1896 in
1889 1872 1998 1896 contra
2021 1865 2221 1896 circumstare
2244 1866 2392 1896 calidum.

1386 1956 1591 1987 Desiccantur
1609 1962 1717 1986 autem
1732 1964 1954 1995 quaecumque
1977 1961 2051 1985 sunt
2066 1964 2148 1995 aqua
2164 1961 2194 1985 et
2208 1964 2308 1995 aquae
2323 1954 2452 1995 species,

1453 2007 1508 2031 aut
1526 2001 1644 2031 habent
1666 2010 1784 2040 aquam
1807 1999 1870 2029 sive
1887 1998 2155 2038 superinductam,
2179 1999 2243 2029 sive
2267 2005 2452 2029 connatura-

1453 2046 1526 2076 lem.
1552 2045 1632 2075 Dico
1657 2051 1765 2075 autem
1780 2043 2038 2083 superinductam
2058 2043 2199 2083 quidem,
2215 2043 2302 2074 velut
2317 2043 2350 2073 in
2365 2043 2451 2074 lana:

1454 2089 1693 2121 connaturalem
1716 2095 1824 2119 autem
1846 2088 1934 2118 velut
1955 2087 1988 2117 in
2006 2087 2094 2118 lacte.
2118 2089 2230 2128 Aquae
2253 2093 2360 2118 autem
2382 2098 2451 2127 spe-

1453 2135 1515 2165 cies
1531 2143 1613 2174 quae
1635 2133 1720 2171 talia,
1743 2132 1866 2170 vinum,
1890 2132 1991 2170 urina,
2016 2141 2132 2170 serum,
2156 2138 2187 2162 et
2202 2132 2338 2162 totaliter
2360 2141 2454 2172 quae-

1454 2188 1592 2219 cumque
1609 2177 1731 2208 nullam
1747 2183 1802 2207 aut
1811 2186 1940 2216 parvam
1955 2176 2072 2206 habent
2086 2176 2293 2216 hypostasim,
2303 2186 2369 2206 non
2381 2186 2453 2216 pro-

1449 2231 1518 2264 pter
1531 2222 1754 2253 viscositatem.
1777 2221 1977 2258 Quibusdam
2001 2220 2086 2250 enim
2101 2230 2193 2251 causa
2209 2230 2274 2250 non
2291 2220 2452 2251 substandi

1453 2267 1574 2308 aliquid
1588 2266 1761 2303 viscositas,
1778 2265 1858 2296 sicut
1874 2265 1946 2295 oleo
1962 2271 2016 2295 aut
2031 2264 2103 2304 pici.
2124 2264 2327 2295 Desiccantur
2345 2271 2452 2295 autem

1453 2312 1573 2350 omnia,
1593 2317 1648 2342 aut
1664 2310 1821 2347 calefacta,
1837 2316 1892 2339 aut
1908 2309 2084 2348 frigefacta:
2104 2309 2200 2339 ambo
2216 2315 2321 2339 autem
2339 2309 2451 2347 calido,

1453 2364 1484 2388 et
1503 2357 1541 2387 ab
1564 2354 1705 2386 interiori
1729 2354 1894 2392 caliditate,
1911 2360 1965 2384 aut
1984 2353 2135 2384 exteriori.
2159 2353 2286 2383 Etenim
2309 2363 2390 2394 quae
2405 2353 2452 2383 in-

1453 2400 1653 2442 frigidatione
1666 2398 1842 2436 .siccantur‚
1859 2398 1940 2428 sicut
1957 2397 2192 2435 vestimentum,
2216 2397 2241 2427 si
2257 2397 2351 2428 fuerit
2364 2407 2452 2437 sepa-

1454 2453 1558 2476 ratum
1572 2445 1679 2485 ipsum
1695 2443 1872 2474 secundum
1891 2442 2031 2482 seipsum
2054 2441 2235 2480 humidum,
2258 2442 2296 2471 ab
2312 2441 2452 2472 interiori

1454 2490 1557 2521 calido
1581 2488 1677 2519 simul
1700 2497 1869 2528 evaporare
1901 2486 2032 2517 faciente
2060 2486 2231 2516 humidum
2259 2485 2451 2516 desiccatur:

1456 2535 1481 2565 si
1497 2543 1638 2575 paucum
1653 2532 1747 2563 fuerit
1765 2531 1946 2570 humidum,
1963 2537 2094 2561 exeunte
2118 2530 2271 2560 caliditate
2286 2540 2305 2560 a
2321 2530 2452 2560 circum-

1456 2585 1556 2609 stante
1580 2577 1703 2617 frigido.
1727 2576 1932 2607 Desiccantur
1955 2575 2084 2615 quidem
2106 2574 2211 2614 igitur,
2236 2574 2315 2604 sicut
2334 2574 2454 2605 dictum

1456 2630 1513 2661 est,
1533 2622 1642 2653 omnia
1665 2627 1720 2652 aut
1743 2620 1899 2658 calefacta,
1916 2626 1970 2650 aut
1985 2619 2154 2659 frigefacta,
2174 2625 2205 2649 et
2220 2618 2329 2648 omnia
2352 2618 2453 2649 calido

1457 2674 1512 2698 aut
1533 2665 1689 2704 interiori,
1713 2672 1768 2696 aut
1790 2664 1934 2695 exteriori
1958 2664 2148 2695 coeducente
2171 2663 2350 2693 humidum.
2374 2662 2454 2692 Dico

1457 2719 1565 2743 autem
1589 2717 1673 2741 extra
1696 2710 1837 2751 quidem,
1854 2709 1934 2739 sicut
1952 2718 2034 2749 quae
2050 2708 2218 2738 elixantur:
2238 2707 2318 2738 intra
2338 2713 2454 2745 autem,

1458 2756 1588 2798 quando
1616 2755 1720 2785 ablato
1745 2765 1763 2784 a
1786 2753 1940 2784 caliditate
1963 2762 2061 2793 quam
2091 2752 2203 2789 habet,
2228 2758 2455 2791 consumptum

1457 2801 1551 2832 fuerit
1574 2799 1758 2840 exspirante.
1786 2799 1834 2829 De
1854 2797 1959 2828 siccari
1983 2797 2114 2837 quidem
2136 2795 2231 2835 igitur
2253 2795 2373 2826 dictum
2397 2801 2454 2825 est.

1389 2845 1404 2862 *
1421 2844 1607 2877 Humectari
1625 2851 1733 2874 autem
1749 2849 1805 2881 est,
1829 2852 1932 2872 unum
1948 2841 2078 2882 quidem
2094 2850 2210 2881 aquam
2226 2839 2292 2869 fieri
2308 2846 2454 2870 constan-

1458 2897 1538 2928 tem3
1562 2899 1665 2920 unum
1684 2895 1791 2918 autem
1806 2885 1959 2927 liquefieri
1975 2885 2182 2924 coagulatam.
2200 2884 2327 2914 Horum
2348 2890 2454 2914 autem

1459 2941 1583 2966 constat
1605 2933 1736 2974 quidem
1759 2932 1792 2962 in
1815 2940 1932 2972 aquam
1955 2929 2133 2970 frigefactus
2161 2928 2297 2968 spiritus.

1394 3034 1462 3055 non
1479 3021 1695 3054 terminantur
1714 3018 1848 3062 proprio
1866 3017 2016 3055 termino,
2033 3016 2095 3048 nisi
2112 3027 2151 3048 ex
2166 3026 2284 3058 magna
2299 3014 2454 3047 violentia

1393 3065 1536 3110 frigidi),
1561 3064 1746 3097 terminatio
1764 3071 1873 3094 autem
1889 3072 1957 3093 non
1981 3060 2017 3092 fit
2036 3061 2105 3092 sine
2126 3058 2352 3102 coagulatione
2373 3070 2454 3102 qua-

1394 3111 1480 3150 dam,
1498 3109 1573 3143 ideo
1590 3109 1701 3141 omnia
1717 3117 1855 3150 corpora
1872 3105 2065 3148 composita,
2083 3103 2204 3136 scilicet
2221 3115 2259 3136 ex
2275 3102 2454 3142 elementis,

1393 3167 1462 3188 non
1486 3163 1562 3187 sunt
1586 3153 1655 3185 sine
1681 3150 1917 3194 coagulatione.
1935 3148 2015 3182 Ideo
2039 3149 2129 3192 prius
2154 3147 2193 3180 de
2217 3159 2254 3180 ea
2278 3146 2454 3180 dicendum

1394 3209 1451 3233 est.
1477 3198 1542 3232 Sed
1566 3207 1686 3236 tamen,
1708 3196 1783 3240 quia
1802 3195 1887 3227 sicut
1910 3193 2033 3226 dictum
2058 3201 2116 3232 est,
2136 3200 2262 3235 praeter
2285 3192 2454 3223 materiam

1394 3252 1470 3277 sunt
1494 3242 1577 3276 duae
1602 3252 1717 3274 causae
1741 3239 1877 3278 entium,
1901 3237 2023 3270 scilicet
2046 3236 2183 3276 faciens,
2207 3235 2290 3269 idest
2317 3235 2453 3279 qualitas

1394 3289 1508 3326 activa,
1533 3295 1565 3319 et
1588 3286 1715 3330 passio,
1741 3283 1824 3317 idest
1847 3282 1982 3326 qualitas
2007 3281 2152 3325 passiva,
2179 3291 2261 3324 quae
2289 3288 2338 3312 est
2361 3279 2454 3323 quasi

1393 3333 1527 3365 materia
1551 3342 1590 3363 ex
1614 3340 1677 3373 qua
1701 3328 1850 3361 educitur
1873 3326 1977 3359 forma
2001 3334 2032 3358 et
2056 3325 2198 3368 species,
2223 3323 2298 3356 licet
2321 3335 2389 3356 non
2413 3324 2455 3356 sit

1393 3377 1524 3421 proprie
1539 3375 1684 3414 materia,
1701 3372 1758 3405 sed
1782 3373 2036 3404 instrumentum
2059 3370 2211 3401 materiae
2232 3379 2299 3412 quo
2320 3368 2454 3400 materia

1394 3422 1525 3465 patitur,
1542 3420 1627 3451 sicut
1649 3417 1819 3462 qualitates
1844 3415 1965 3448 activae
1990 3422 2067 3446 sunt
2096 3415 2312 3446 instrumenta
2336 3411 2453 3456 quibus

1394 3477 1493 3509 agens
1518 3464 1593 3507 agit,
1618 3471 1650 3495 et
1672 3461 1747 3494 talia
1771 3461 1985 3493 instrumenta
2015 3458 2167 3490 materiae
2192 3465 2268 3489 sunt
2292 3456 2369 3496 duo,
2394 3456 2453 3488 sci-

1393 3509 1469 3542 licet
1493 3506 1668 3541 humidum
1692 3514 1724 3539 et
1747 3506 1892 3544 siccum,
1916 3504 2000 3535 sicut
2023 3511 2055 3535 et
2085 3503 2300 3534 instrumenta
2331 3500 2453 3543 agentis

1394 3562 1470 3586 sunt
1487 3553 1564 3592 duo,
1582 3551 1705 3584 scilicet
1721 3549 1862 3582 calidum
1886 3556 1918 3580 et
1935 3546 2101 3590 frigidum,
2126 3545 2200 3579 ideo
2225 3546 2314 3589 prius
2339 3544 2378 3577 de
2394 3543 2453 3576 hu-

1394 3598 1527 3630 mectari
1551 3605 1583 3629 et
1607 3595 1719 3628 siccari
1751 3591 1926 3626 dicendum
1957 3600 2005 3624 est
2029 3602 2127 3635 quam
2152 3589 2191 3623 de
2216 3588 2451 3632 coagulatione.

1396 3643 1544 3675 Primum
1568 3640 1656 3673 enim
1681 3649 1748 3683 quo
1771 3637 1906 3670 materia
1929 3637 2050 3680 patitur
2073 3643 2122 3668 est
2145 3633 2317 3667 humidum
2341 3641 2372 3665 et
2395 3632 2454 3664 sic-

2482 2847 2490 2856 ·
2507 2846 2564 2874 Cap.
2578 2851 2610 2867 vt.
