2782 4134
1128 257 1240 294 CAP.
1271 258 1344 305 XI,
1377 258 1528 296 LECT.
1558 259 1686 296 XXIV

862 474 1164 533 LECTIO
1202 477 1951 556 VIGESIMAQUARTA

583 628 700 660 VARII
724 627 835 659 MODI
859 627 1016 665 QUIBUS
1040 628 1206 666 ALIQUA
1228 628 1458 660 DICUNTUR
1481 629 1771 662 GENERABILIA
1794 632 1852 662 ET
1877 631 2226 670 INGENERABILIA,

665 691 669 694 ⁴
992 685 1330 716 CORRUPTIBILIA
1353 686 1411 716 ET
1436 686 1816 719 INCORRUPTIBILIA

303 826 437 869 Πρῶτον
463 819 500 856 δὲ
524 820 714 869 διαιρετέον
745 825 814 862 πῶς
841 823 997 871 ἀγένητα
1025 827 1083 857 καὶ
1108 824 1242 871 γενητοὶ
1266 837 1373 870 φαμεν

369 871 429 902 καὶ
453 867 590 914 φθαρτοὶ
611 870 670 900 καὶ
697 867 876 914 ἄφθαρτα·

303 915 484 960 πολλαχῶς
508 913 574 960 γαρ
598 913 804 959 λεγομένων,
823 912 887 946 κᾶν
913 913 1017 958 μηδὲν
1043 908 1189 958 διαφέρῃ
1211 914 1292 959 πρὸς
1315 914 1374 948 τὸν

369 957 487 1005 λόγον,
516 957 648 1004 ἀνάγκη
675 957 739 995 τήν
764 953 920 991 διάνοιαν
947 957 1110 1003 ἀορίστως
1136 958 1237 1003 ἔχειν,
1259 958 1298 991 ἂν
1324 971 1375 998 τις

370 1005 418 1045 τῷ
455 998 676 1048 διαιρουμὲνῳ
713 1004 895 1049 πολλαχῶς
932 1004 974 1041 ὠς
1007 998 1190 1046 ἀδιαιρέτῳ
1226 1005 1373 1048 χρῆται·

372 1045 498 1124 ἄδηέιον
522 1047 587 1094 γοὶρ
612 1047 709 1080 κατα
733 1050 835 1080 ποίαν
870 1047 967 1092 φύσιν
1001 1048 1095 1089 αὐτῷ
1129 1048 1307 1092 συμβαίνει
1332 1049 1375 1082 τὸ

369 1094 406 1126 λε
456 1092 502 1125 έν.

301 1107 453 1184 Mys-3022
477 1131 506 1168 δ’
530 1135 697 1183 ἀγένητον
724 1135 784 1170 ἕνα
809 1137 868 1181 μὲν
894 1136 1022 1182 τρόπον
1049 1135 1108 1169 ἐὰν
1128 1134 1151 1180 ᾗ
1167 1148 1202 1169 τι
1219 1138 1275 1169 νῦν
1298 1137 1377 1182 πρό-

369 1194 465 1229 τερον
491 1181 538 1227 μή
566 1180 599 1214 ὃν
627 1182 704 1214 ἄνευ
725 1181 885 1228 γενέσεως
910 1184 968 1214 καὶ
1016 1181 1202 1222 εταβολῆς,
1219 1181 1374 1227 καθάπερ

325 1251 331 1253 «
369 1229 451 1261 ἔνιοι
475 1224 518 1259 τὰ
546 1224 719 1259 ἅπτεσθαι
739 1228 799 1259 καὶ
817 1226 858 1260 τὸ
877 1194 1042 1259 κινεῖσθαι
1062 1226 1236 1272 λέγουσιν·
1256 1224 1295 1258 οὗ
1310 1226 1375 1273 γὰρ

368 1270 455 1305 εἶναι
486 1270 637 1317 γίνεσθαί
670 1282 770 1315 φασιν
806 1271 1020 1316 ἀπτόμενον,
1054 1267 1132 1304 οὐδὲ
1164 1269 1372 1315 κινούμενον.

361 1318 447 1350 “Ἐνα
471 1312 500 1349 δ’
529 1316 618 1349 εἴτι
649 1312 869 1362 ἐνδεχόμενον
901 1315 1054 1363 γίνεσθαι
1084 1315 1105 1353 ἦ
1137 1314 1295 1362 γενέσθαι
1327 1315 1376 1360 μή

370 1361 481 1396 ἐστιν·
509 1360 629 1404 ὁμοίως
654 1361 720 1406 γάρ
743 1363 802 1393 καὶ
829 1361 936 1393 τοῦτο
963 1360 1146 1407 ἀγένητον,
1164 1359 1218 1392 ὅτι
1243 1355 1378 1405 ἐνδέχε-

369 1419 430 1440 ται
454 1403 624 1454 γενέσθαι.
652 1407 738 1438 ’Ένα
762 1401 791 1437 δ’
811 1407 840 1437 εἴ
857 1416 891 1437 τι
909 1405 991 1444 ὅλως
1012 1400 1185 1438 ἀδύνατον
1201 1403 1373 1451 γενέσθαι,

369 1451 446 1484 ὥσθ’
476 1450 535 1485 ὁτὲ
560 1450 619 1495 μὲν
645 1449 731 1484 εἶναι
757 1450 816 1483 ὁτὲ
842 1444 879 1481 δὲ
904 1449 966 1494 μή.
1000 1450 1045 1482 Τό
1070 1445 1100 1482 δ’
1124 1445 1297 1483 ἀδύνατον
1321 1448 1375 1482 λέ-

367 1507 471 1543 γεται
496 1492 614 1540 διχῶς·
641 1495 663 1533 ἦ
683 1494 752 1550 Χοὶρ
778 1495 827 1536 τῷ
879 1494 899 1531 ἡ
928 1493 1050 1532 ἀληθὲς
1075 1491 1162 1527 εἶναι
1187 1494 1292 1526 εἰπεῖν
1321 1493 1374 1527 ὅτι

367 1538 494 1588 γένοιτ’
522 1541 583 1581 ἄν,
610 1538 632 1576 ἦ
654 1552 702 1582 τῳ
728 1539 776 1583 μή
800 1505 922 1584 ρᾳἕίως
948 1534 1035 1584 μηδὲ
1061 1539 1154 1585 ταχύ
1179 1538 1200 1576 ἦ
1225 1539 1348 1576 καλῶς.

300 1630 364 1663 Τὸν
390 1629 498 1663 αὐτὸν
522 1624 561 1661 δὲ
586 1628 713 1674 τρόπον
737 1630 797 1660 καὶ
822 1627 864 1660 τό
889 1627 1034 1674 γενητὸν
1061 1626 1121 1660 ἕνα
1146 1628 1206 1672 μὲν
1224 1628 1252 1659 εἰ
1271 1627 1318 1672 μή
1338 1626 1373 1660 ὃν

367 1673 531 1720 πρότερον
566 1672 707 1719 ὕστερον
741 1674 855 1714 ἔστιν,
885 1675 954 1706 εἴτε
989 1671 1168 1719 γενόμενον
1202 1673 1264 1705 εἴτ’
1296 1672 1374 1704 ἄνευ

368 1720 432 1753 τοῦ
456 1717 626 1766 γίνεσθαι,
655 1717 714 1751 ὁτὲ
739 1717 798 1763 μὲν
825 1716 873 1761 μή
900 1718 956 1759 ὄν,
984 1716 1088 1749 πάλιν
1113 1712 1143 1748 δ’
1175 1717 1228 1750 ὄν·
1257 1716 1316 1750 ἕνα
1340 1712 1370 1748 δ’

367 1765 396 1797 εἰ
420 1763 591 1804 δυνατόν,
618 1764 687 1797 εἴτε
713 1764 762 1805 τῷ
789 1761 907 1799 ἀληθεῖ·
929 1757 1156 1807 διορισθέντος
1185 1762 1248 1794 τοῦ
1273 1761 1374 1794 δυνα-

367 1809 431 1842 τοῦ
456 1810 525 1841 εἴτε
552 1809 600 1850 τῷ
617 1803 758 1853 ῥαδίως·
786 1807 846 1840 ἕνα
871 1801 901 1838 δ’
926 1806 985 1840 ἑοὶν
1011 1807 1032 1843 ἡ
1057 1805 1184 1853 γένεσις
1205 1806 1315 1839 αὐτοῦ
1338 1807 1374 1838 ἐκ

367 1854 430 1887 τοῦ
456 1853 502 1898 μή
529 1852 626 1891 ὄντος
659 1853 703 1891 εἰς
731 1852 771 1885 vd
805 1851 858 1892 ὄν,
885 1852 947 1885 εἴτ’
977 1846 1042 1888 ἤδη
1079 1851 1195 1892 ὄντος,
1226 1846 1286 1884 διαὶ
1310 1851 1373 1883 τοῦ

366 1897 520 1945 γίνεσθαι
543 1893 572 1930 δ’
603 1897 714 1939 ὄντος,
741 1899 811 1929 εἴτε
835 1898 893 1928 καὶ
918 1895 1023 1940 μήπω
1050 1895 1160 1937 ὄντος,
1189 1896 1262 1928 ἀλλ’
1285 1890 1373 1928 ἑνδε-

365 1942 527 1989 χομὲνου,

293 1988 365 2020 Καὶ
389 1985 539 2032 φθαρτὸν
565 1980 603 2018 δὲ
626 1987 686 2030 καὶ
713 1984 886 2031 ἄφθαρτον
911 1983 1093 2022 ὡσαύτως·
1119 1986 1189 2018 εἴτε
1209 1985 1275 2031 γάρ
1293 1984 1373 2027 πρό-

367 2031 464 2078 τερόν
490 2043 525 2065 τι
551 2029 587 2064 ὃν
613 2030 751 2076 ὕστερον
778 2029 800 2068 ἦ
825 2029 872 2074 μή
896 2027 990 2062 ἐστιν
1015 2027 1036 2066 ἦ
1063 2023 1244 2083 ἐνδέχεται
1265 2029 1311 2074 μή
1329 2026 1373 2061 εἶ-

365 2089 435 2119 ναι,
477 2075 603 2119 θαρτόν
629 2072 716 2107 εἶναί
739 2086 861 2120 φαμεν,
880 2076 950 2106 εἴτε
968 2072 1182 2120 φθειρόμενον
1201 2085 1288 2106 ποτε
1312 2074 1372 2106 καὶ

365 2087 603 2163 ιιεταῖοίλλον,
630 2122 701 2152 εἴτε
725 2119 786 2164 μή.
815 2120 917 2151 Ἔστι
940 2115 970 2151 δ’
996 2118 1055 2152 ὅτε
1079 2119 1138 2150 καὶ
1160 2119 1202 2151 τὸ
1225 2114 1286 2151 διαὶ
1309 2119 1372 2151 τοῦ

365 2159 559 2210 φθείρεσθαι
590 2159 811 2209 ἐνδεχόμενον
837 2163 884 2208 μή
910 2160 996 2196 εἶναι
1020 2162 1171 2216 φθαρτὸν
1201 2160 1287 2195 εἷναί
1312 2175 1372 2207 φα-

365 2221 445 2256 μεν,
471 2213 529 2243 καὶ
556 2209 608 2242 ἔτι
635 2209 744 2247 ἄλλως
771 2209 812 2242 τὸ
836 2203 958 2253 ῥᾳδίως
985 2206 1212 2252 φθειρομενον,
1241 2208 1256 2240 ὃ
1282 2209 1372 2240 εἴποι

369 2255 407 2288 ἄν
434 2266 484 2293 τις
510 2253 709 2298 εὔφθαρτον.

294 2299 366 2331 Καὶ
391 2301 464 2344 περὶ
492 2300 555 2332 τοῦ
583 2296 755 2344 ἀφθάρτου
782 2298 798 2329 ὀ
826 2295 932 2335 αὐτὸς
956 2296 1076 2344 λόγος·
1104 2294 1126 2333 ἦ
1150 2296 1215 2342 γοίρ
1234 2296 1275 2328 τό
1294 2295 1372 2328 ἄνευ

389 2343 488 2389 θορᾶς
515 2343 575 2376 ὁτὲ
599 2342 659 2387 μὲν
686 2341 721 2374 ὃν
748 2342 808 2374 ὁτὲ
832 2337 870 2374 δὲ
891 2342 938 2386 μὴ
957 2341 1005 2382 ὅν,
1027 2342 1094 2373 οἷον
1113 2341 1175 2378 τοὶς
1197 2340 1297 2384 ἀφείς,
1318 2340 1372 2374 ὅτι

368 2401 445 2422 ανευ
471 2389 534 2422 τοῦ
559 2386 748 2433 φθείρεσθαι
774 2387 939 2432 πρότερον
966 2385 1065 2419 οὖσαι
1091 2385 1231 2428 ὕστερον
1251 2386 1311 2418 οὐκ
1328 2387 1374 2418 εἱ-

364 2436 437 2475 σίν,
463 2432 484 2470 ἦ
510 2432 553 2465 τὸ
579 2431 613 2464 ὃν
639 2430 699 2476 με’ἷι
723 2426 872 2465 δυνατὸν
897 2426 936 2463 δὲ
961 2432 1007 2476 μή
1033 2428 1139 2471 εἶναι,
1167 2428 1188 2467 ἦ
1215 2431 1274 2463 οὐκ
1300 2430 1372 2463 ἐσό-

365 2477 464 2523 μενόν
490 2489 590 2519 ποτε,
617 2477 674 2508 νῦν
698 2471 729 2508 δ’
760 2476 814 2509 ὄν·
842 2475 883 2508 σύ
908 2476 973 2523 γοὶρ
999 2472 1040 2517 εἶ,
1066 2477 1124 2507 καὶ
1151 2475 1172 2511 ἠ
1201 2476 1268 2520 dep-1}
1294 2476 1370 2507 νῦν·

367 2521 440 2556 ἀλλ’
466 2521 554 2566 ὅμως
580 2519 743 2577 φθαρτόν,
764 2520 818 2554 ὅτι
844 2520 944 2554 ἔσται
970 2520 1057 2554 ποτὲ
1079 2518 1137 2552 ὅτε
1163 2519 1224 2551 οὐκ
1251 2519 1372 2558 ἀληθές

360 2580 401 2600 σε
427 2568 532 2600 εἰπεῖν
559 2565 613 2599 ὅτι
637 2578 680 2607 ει,
699 2561 779 2599 οὐδὲ
805 2566 924 2598 ταῦτα
951 2565 1136 2598 ἅπτεσθαι.
1176 2563 1221 2595 Τὸ
1245 2560 1284 2598 δέ
1308 2564 1374 2609 μοί-

355 2613 470 2644 ’λιστα
493 2614 624 2656 κυρίως,
651 2610 692 2644 τὰ
718 2609 754 2665 ἓν
775 2610 849 2654 μέν,
870 2605 1044 2643 ἀδύνατον
1069 2605 1107 2642 δὲ
1132 2607 1300 2653 φθαρθῆναι
1319 2609 1374 2642 οὕ-

366 2669 433 2695 τως
458 2655 546 2689 ὥστε
571 2656 627 2687 νῦν
655 2654 690 2688 ὂν
716 2666 856 2700 υστερον
882 2655 928 2699 μή
954 2652 1040 2687 εἶναι
1061 2653 1082 2692 ἦ
1108 2650 1182 2687 ἑνδέ
1209 2654 1306 2687 εσθαι
1323 2654 1370 2699 μή

356 2698 464 2743 εἶναι,
483 2700 505 2738 ἥ
524 2702 583 2733 καὶ
601 2700 644 2733 τὸ
660 2699 764 2745 μήπω
786 2698 1007 2743 ἐφθαρμένον,
1027 2698 1062 2732 ὂν
1079 2694 1131 2741 δέ,
1151 2665 1371 2744 ἑνέεχόμενον

365 2741 395 2778 δ’
425 2745 565 2790 ὕστερον
594 2744 642 2788 μή
667 2741 768 2778 εἶναι.
805 2744 957 2791 Λέγεται
980 2740 1010 2776 δ’
1041 2743 1213 2789 ἄφθαρτον
1244 2746 1304 2777 καὶ
1330 2744 1371 2777 τὸ

364 2790 413 2836 μή
437 2789 561 2835 ῥᾳδίως
584 2788 810 2834 φθειρόμενον.

353 2933 503 2961 SYNOPSIS.
513 2949 548 2953 -—
570 2941 593 2960 x.
609 2932 822 2969 Argumentum
839 2937 868 2959 et
881 2930 984 2959 divisio
999 2937 1128 2959 textus.—
1138 2931 1185 2959 Ad
1199 2930 1373 2968 investigan-

289 2972 371 2999 dum
390 2977 490 2999 utrum
510 2972 638 3000 mundus
664 2972 701 3000 sit
721 2971 834 3009 genitus
855 2977 884 2999 et
909 2971 1117 3008 corruptibilis,
1139 2977 1255 3008 oportet
1275 2971 1371 3008 primo

299 3010 475 3048 distinguere
496 3012 603 3039 modos
622 3011 727 3048 quibus
748 3011 846 3048 aliqua
867 3010 1003 3039 dicuntur
1022 3011 1209 3050 generabilia
1231 3018 1259 3039 et
1284 3012 1369 3050 inge-

299 3050 458 3084 nerabilia,
479 3051 683 3088 corruptibilia
704 3057 732 3079 et
753 3051 996 3089 incorruptibilia.
1012 3067 1031 3072 —
1046 3059 1074 3079 2.
1096 3052 1172 3079 Nam
1193 3050 1258 3079 licet
1274 3051 1371 3079 multi-

298 3090 411 3128 plicitas
432 3089 650 3127 significationis
671 3090 791 3119 alicuius
812 3091 941 3119 nominis
962 3100 1024 3119 non
1042 3090 1161 3120 inducat
1178 3091 1370 3119 differentiam

298 3130 329 3159 in
343 3130 438 3167 ipsam
448 3129 738 3167 argumentationem,
747 3131 867 3167 quando
882 3140 992 3159 nomen
1006 3131 1129 3159 sumitur
1139 3140 1254 3168 semper
1267 3131 1298 3159 in
1311 3141 1371 3159 una

298 3170 523 3208 significatione:
538 3169 684 3198 inducitur
703 3176 802 3198 tamen
816 3170 950 3199 confusio
965 3171 996 3199 in
1016 3171 1193 3199 intellectum
1214 3171 1368 3207 audientis,

297 3210 322 3239 si
344 3210 409 3247 quis
429 3216 527 3238 utatur
547 3209 668 3237 nomine
696 3210 778 3246 quod
799 3210 995 3246 multipliciter
1015 3210 1152 3248 distingui
1181 3217 1286 3247 potest,
1306 3217 1370 3239 tan-

298 3259 388 3288 quam
410 3249 546 3286 distingui
568 3258 630 3277 non
651 3255 759 3286 posset.
781 3266 800 3270 —
823 3249 849 3277 3.
871 3250 1036 3278 Subdivisio
1050 3251 1263 3278 textus.-Tres
1286 3251 1367 3279 modi

297 3290 404 3328 quibus
415 3289 525 3327 aliquid
537 3289 642 3317 dicitur
656 3289 829 3327 ingenitum.
842 3289 941 3318 Primo
956 3289 1060 3318 dicitur
1073 3290 1234 3327 ingenitum
1248 3290 1279 3318 id
1289 3291 1370 3327 quod

297 3331 390 3359 modo
412 3336 464 3366 est,
480 3339 547 3358 cum
568 3329 648 3366 prius
669 3338 732 3357 non
753 3334 836 3364 esset,
858 3328 898 3357 ita
918 3335 1017 3357 tamen
1039 3330 1120 3366 quod
1141 3331 1199 3358 hoc
1220 3330 1368 3367 contingat

298 3370 360 3398 sine
380 3369 566 3407 generatione
588 3375 616 3397 et
636 3368 878 3397 transmutatione
903 3368 964 3397 eius
986 3370 1068 3405 quod
1089 3378 1151 3397 esse
1171 3369 1280 3406 incipit.
1302 3370 1368 3398 Alio

297 3411 389 3438 modo
412 3409 516 3438 dicitur
536 3408 706 3446 ingenitum,
729 3408 811 3445 quasi
833 3417 889 3436 non
910 3408 1052 3447 genitum,
1075 3408 1106 3436 id
1127 3410 1208 3445 quod
1228 3409 1370 3447 contingit

297 3450 360 3478 fieri
380 3450 426 3478 vel
446 3459 508 3478 non
528 3449 599 3484 fieri,
615 3448 745 3486 generari
765 3448 810 3476 vel
831 3457 893 3476 non
914 3448 1054 3485 generari,
1070 3454 1098 3476 et
1112 3449 1246 3476 nondum
1264 3456 1307 3477 est
1320 3458 1369 3486 ge-

297 3496 440 3518 neratum.
469 3489 570 3517 Tertio
592 3490 682 3517 modo
711 3488 871 3525 ingenitum
899 3487 1004 3516 dicitur
1025 3488 1106 3524 quod
1127 3494 1170 3516 est
1190 3487 1369 3524 impossibile

297 3536 329 3558 ut
344 3530 523 3567 quandoque
538 3528 575 3557 sit
588 3535 616 3557 et
631 3529 809 3566 quandoque
831 3537 892 3556 non
906 3528 951 3563 sit,
962 3534 990 3556 et
1011 3534 1224 3566 consequenter
1245 3528 1368 3556 omnino

298 3569 360 3598 fieri
388 3569 503 3606 nequit,
530 3578 625 3606 neque
653 3578 705 3606 per
732 3567 948 3605 generationem
979 3577 1075 3605 neque
1097 3577 1284 3604 quocumque
1311 3568 1368 3596 alio

282 3610 399 3640 Vmodo.
421 3611 458 3638 Et
478 3609 525 3638 hic
546 3609 653 3638 modus
675 3608 859 3646 distinguitur
879 3608 910 3636 in
931 3609 1015 3643 duos,
1031 3608 1190 3636 secundum
1213 3608 1293 3644 quod
1315 3607 1369 3636 im-

1430 827 1448 846 *
1470 827 1616 859 Primum
1644 836 1752 860 autem
1780 830 1987 861 dividendum
2015 831 2184 872 quomodo
2217 831 2441 871 ingenerabilia
2474 838 2504 862 et

1497 873 1687 912 generabilia
1710 873 1856 913 dicimus,
1880 882 1911 906 et
1934 875 2149 916 corruptibilia
2173 882 2203 906 et
2225 875 2486 916 incorruptibilia.

1431 917 1648 959 Multipliciter
1667 918 1752 948 enim
1769 918 1869 958 dictis,
1885 920 1942 950 etsi
1957 920 2044 950 nulla
2059 919 2232 951 differentia
2251 920 2291 950 ad
2310 929 2504 959 sermonem,

1498 971 1625 992 necesse
1647 961 1844 993 intellectum
1860 964 1992 994 confuse
2007 964 2133 1002 habere,
2158 964 2184 995 si
2199 964 2271 1005 quis
2295 964 2398 994 diviso
2421 964 2505 995 mul-

1497 1006 1645 1046 tipliciter
1667 1013 1821 1048 tanquam
1844 1007 1979 1038 indiviso
2003 1015 2124 1039 utatur:
2149 1008 2403 1039 immanifestum
2418 1008 2505 1039 enim

1498 1051 1676 1081 secundum
1695 1061 1795 1092 quam
1818 1059 1964 1082 naturam
1979 1052 2039 1093 ipsi
2063 1053 2174 1084 accidit
2189 1053 2279 1094 quod
2303 1053 2424 1084 dictum
2447 1059 2504 1084 est.

1430 1138 1447 1158 *
1462 1138 1585 1170 Dicitur
1600 1146 1708 1170 autem
1727 1139 1905 1180 ingenitum
1921 1151 1988 1172 uno
2007 1141 2139 1182 quidem
2162 1141 2262 1172 modo
2284 1141 2310 1172 si
2325 1141 2366 1173 sit
2383 1141 2505 1183 aliquid

1498 1193 1595 1222 nunc,
1614 1183 1702 1223 prius
1726 1195 1792 1215 non
1809 1195 1875 1223 ens,
1887 1185 1953 1216 sine
1969 1186 2170 1226 generatione
2185 1193 2215 1217 et
2227 1186 2504 1225 transmutatione,

1497 1228 1775 1268 quemadmodum
1802 1229 1934 1270 quidam
1961 1229 2047 1269 tangi
2075 1236 2106 1261 et
2133 1230 2255 1261 moveri
2288 1230 2412 1262 dicunt:
2437 1240 2504 1261 non

1498 1271 1585 1302 enim
1612 1273 1752 1312 generari
1784 1274 1916 1314 quidam
1949 1274 2058 1305 dicunt
2086 1281 2207 1305 tactum
2230 1285 2335 1316 neque
2365 1281 2503 1306 motum.

1499 1316 1574 1347 Uno
1598 1323 1706 1347 autem
1729 1317 1755 1348 si
1779 1318 1857 1359 quid
1877 1318 2062 1358 contingens
2081 1318 2148 1349 fieri
2172 1325 2227 1350 aut
2250 1329 2317 1350 non
2339 1318 2418 1358 fien',
2435 1329 2503 1350 non

1498 1368 1566 1391 est:
1598 1361 1740 1392 similiter
1768 1363 1854 1393 enim
1882 1369 1914 1393 et
1936 1363 1998 1394 hoc
2027 1362 2206 1402 ingenitum
2236 1364 2325 1404 quod
2349 1363 2506 1404 contingit

1497 1404 1574 1436 fieri.
1596 1406 1670 1437 Uno
1694 1413 1802 1437 autem
1829 1407 1854 1438 si
1882 1407 1961 1448 quid
1980 1407 2114 1438 omnino
2144 1407 2342 1448 impossibile
2365 1407 2443 1446 fieri,
2468 1415 2504 1440 ut

1498 1457 1528 1481 et
1551 1450 1746 1492 quandoque
1779 1451 1818 1482 sit
1847 1452 2042 1492 quandoque
2066 1458 2174 1482 autem
2196 1462 2273 1483 non.
2303 1452 2504 1492 Impossibile

1498 1501 1605 1524 autem
1629 1494 1743 1526 dicitur
1767 1495 1947 1536 dupliciter:
1973 1502 2028 1527 aut
2051 1496 2138 1526 enim
2161 1496 2344 1536 simpliciter
2360 1506 2427 1527 non
2450 1507 2501 1527 ve-

1496 1548 1570 1568 rum
1586 1539 1644 1569 erit
1667 1539 1769 1570 dicere
1793 1540 1883 1581 quod
1901 1539 1956 1571 fiet
1980 1540 2102 1580 utique,
2117 1546 2172 1571 aut
2188 1550 2255 1571 non
2279 1540 2381 1579 facile,
2398 1551 2502 1582 neque

1497 1582 1560 1614 cito
1584 1589 1639 1614 aut
1662 1584 1752 1615 bene.

1429 1625 1444 1642 *
1459 1627 1585 1658 Eodem
1600 1635 1708 1658 autem
1731 1628 1831 1658 modo
1856 1635 1887 1659 et
1901 1628 2045 1668 genitum
2069 1638 2136 1659 uno
2160 1629 2291 1670 quidem
2311 1629 2336 1659 si
2359 1639 2426 1660 non
2447 1639 2502 1659 ens

1496 1672 1596 1713 prius,
1616 1672 1773 1713 posterius
1792 1672 1857 1703 sive
1879 1673 2024 1712 genitum
2050 1673 2115 1703 sive
2139 1673 2206 1704 sine
2225 1673 2377 1713 generari,
2400 1683 2502 1715 quan-

1498 1717 1606 1758 doque
1621 1717 1754 1757 quidem
1773 1727 1840 1747 non
1857 1720 1924 1755 ens',
1940 1717 2057 1748 iterum
2073 1724 2181 1748 autem
2205 1727 2268 1749 ens.
2295 1718 2369 1749 Uno
2393 1724 2501 1749 autem

1497 1761 1522 1791 si
1546 1761 1709 1802 possibile,
1733 1762 1798 1792 sive
1821 1771 1878 1802 per
1900 1771 2012 1792 verum
2028 1761 2235 1793 determinato
2259 1762 2413 1802 possibili,
2438 1762 2503 1793 sive

1496 1815 1553 1846 per
1576 1805 1675 1837 facile.
1707 1806 1782 1837 Uno
1813 1812 1921 1836 autem
1945 1806 1970 1836 si
1995 1806 2035 1836 sit
2056 1805 2217 1846 generatio
2240 1805 2340 1846 ipsius
2376 1816 2412 1836 ex
2436 1816 2503 1837 non

1497 1856 1568 1880 ente
1583 1850 1617 1880 in
1635 1860 1701 1889 ens,
1718 1850 1783 1881 sive
1798 1849 1863 1880 iam
1885 1850 2045 1889 existente,
2066 1860 2123 1891 per
2136 1849 2203 1881 fieri
2217 1857 2324 1881 autem
2340 1851 2506 1889 existente,

1497 1894 1561 1925 sive
1585 1895 1681 1925 etiam
1703 1895 1851 1926 nondum
1875 1894 2024 1926 existente
2048 1895 2103 1925 sed
2126 1895 2338 1935 contingente.

1428 1987 1443 2004 *¹
1467 1990 1508 2021 Et
1537 1990 1742 2031 corruptibile
1773 1997 1881 2021 autem
1914 1997 1945 2021 et
1975 1989 2214 2031 incorruptibile
2247 1990 2398 2021 similiter.
2431 1990 2502 2021 Sive

1496 2035 1583 2065 enim
1606 2034 1694 2076 prius
1725 2034 1846 2076 aliquid
1870 2045 1925 2065 ens
1953 2034 2111 2075 posterius
2146 2042 2254 2066 autem
2277 2045 2343 2065 non
2377 2041 2423 2066 est
2446 2041 2501 2065 aut

1496 2089 1562 2110 non
1582 2089 1650 2110 esse
1674 2079 1838 2119 contingit,
1863 2079 2066 2120 corruptibile
2090 2089 2157 2109 esse
2181 2079 2327 2118 dicimus,
2344 2079 2408 2110 sive
2433 2089 2502 2110 cor-

1494 2131 1627 2165 ruptum
1650 2123 1822 2165 aliquando
1838 2130 1869 2154 et
1884 2130 2130 2155 transmutatum
2149 2123 2214 2154 sive
2230 2133 2307 2155 non.
2323 2124 2380 2154 Est
2395 2130 2502 2154 autem

1495 2169 1625 2209 quando
1650 2175 1681 2200 et
1696 2169 1787 2209 quod
1809 2178 1866 2208 per
1889 2168 2051 2208 corrumpi
2074 2168 2229 2208 confingit
2247 2178 2315 2198 non
2338 2178 2416 2207 esse,
2434 2178 2501 2199 cor-

1494 2213 1643 2253 ruptibile
1666 2223 1733 2243 esse
1757 2212 1902 2244 dicimus.
1919 2213 1961 2243 Et
1983 2213 2087 2243 adhuc
2110 2212 2199 2243 aliter
2213 2213 2303 2253 quod
2326 2212 2416 2243 facile
2432 2223 2501 2243 cor-

1494 2257 1670 2297 rumpitur,
1694 2257 1784 2297 quod
1808 2257 1890 2288 dicet
1912 2257 2023 2298 utique
2048 2257 2162 2298 aliquis
2186 2257 2410 2297 euphtharton.

1426 2300 1444 2319 *
1467 2300 1507 2332 Et
1531 2301 1570 2332 de
1593 2301 1824 2342 incorruptibili
1857 2301 1968 2332 eadem
1992 2301 2083 2332 ratio.
2107 2303 2175 2332 Aut
2204 2301 2290 2332 enim
2321 2302 2411 2342 quod
2434 2301 2502 2332 sine
2529 2310 2541 2322 ⁸

1495 2345 1699 2386 corruptione
1715 2346 1910 2386 quandoque
1934 2345 2065 2387 quidem
2084 2355 2151 2384 ens,
2174 2346 2370 2387 quandoque
2393 2352 2500 2377 autem

1495 2400 1562 2420 non
1586 2397 1661 2428 ens;
1687 2397 1764 2430 puta
1783 2397 1902 2429 tactus,
1929 2390 2005 2431 quia
2032 2389 2099 2420 sine
2128 2390 2290 2430 corrumpi
2321 2390 2409 2430 prius
2438 2390 2501 2421 exi-

1494 2440 1610 2465 stentes
1634 2441 1798 2475 postremo
1822 2444 1889 2465 non
1913 2441 1996 2465 sunt.
2021 2436 2088 2465 Aut
2111 2444 2166 2464 ens
2189 2434 2331 2475 quidem,
2350 2434 2500 2475 impossi-

1494 2478 1556 2509 bile
1571 2485 1679 2509 autem
1697 2489 1765 2509 non
1781 2478 1848 2509 fore
1871 2486 1927 2509 aut
1949 2489 2016 2509 non
2037 2478 2182 2509 futurum
2205 2479 2390 2520 aliquando,
2413 2489 2500 2510 nunc

1495 2530 1603 2554 autem
1635 2530 1710 2554 ens:
1735 2530 1769 2554 tu
1794 2523 1880 2554 enim
1912 2533 1945 2553 es
1978 2530 2009 2554 et
2041 2530 2142 2554 tactus
2166 2533 2268 2562 nunc,
2305 2524 2360 2554 sed
2393 2530 2500 2555 tamen

1495 2567 1734 2608 corruptibiles,
1759 2567 1834 2608 quia
1857 2567 1914 2598 erit
1928 2567 2100 2608 aliquando
2124 2574 2251 2608 tempus
2274 2568 2404 2609 quando
2432 2578 2499 2598 non

1493 2622 1606 2643 verum
1638 2619 1669 2643 te
1702 2611 1803 2642 dicere
1827 2611 1903 2653 quia
1926 2622 1978 2650 es,
2012 2622 2116 2653 neque
2149 2612 2211 2643 hoc
2233 2612 2330 2653 tangi.
2362 2612 2498 2643 Maxime

1494 2663 1603 2687 autem
1625 2656 1753 2697 proprie
1781 2656 2020 2697 incorruptibile
2043 2666 2097 2687 ens
2128 2656 2280 2698 quidem,
2303 2657 2499 2697 impossibile

1494 2708 1603 2732 autem
1626 2701 1789 2742 corrumpi
1813 2701 1857 2732 sic
1881 2708 1918 2732 ut
1940 2707 1971 2732 et
1994 2711 2080 2732 nunc
2103 2711 2159 2731 ens
2182 2708 2345 2741 postremo
2369 2711 2435 2732 non
2459 2701 2499 2732 sit

1494 2753 1550 2776 aut
1564 2745 1727 2786 contingat
1749 2755 1816 2776 non
1833 2755 1916 2784 esse,
1940 2752 1971 2776 et
1986 2745 2012 2775 si
2035 2746 2183 2776 nondum
2205 2752 2404 2786 corruptum,
2425 2756 2499 2777 con-

1493 2790 1618 2830 tingens
1641 2797 1750 2821 autem
1783 2797 1948 2831 postremo
1971 2800 2038 2820 non
2067 2800 2144 2821 esse.
2168 2790 2292 2821 Dicitur
2320 2797 2428 2822 autem
2449 2790 2497 2821 in-

1495 2834 1698 2875 corruptibile
1721 2841 1752 2866 et
1774 2834 1864 2876 quod
1883 2844 1949 2865 non
1973 2834 2063 2865 facile
2087 2834 2309 2875 corrumpitur.

1426 2931 1563 2967 possibile
1585 2940 1647 2959 esse
1668 2931 1713 2960 vel
1734 2931 1795 2959 fieri
1817 2931 1921 2960 dicitur
1940 2931 1985 2960 vel
2002 2931 2134 2960 absolute
2155 2931 2200 2959 vel
2221 2931 2382 2959 secundum
2410 2930 2496 2968 quid,

1426 2977 1569 3008 quatenus
1590 2971 1697 3000 scilicet
1717 2981 1779 3000 non
1793 2972 1830 3000 de
1843 2971 1919 3000 facili
1940 2971 2001 2999 fieri
2022 2978 2125 3008 potest.
2142 2988 2162 2992 -
2174 2980 2203 3006 4.
2219 2971 2303 2999 Ratio
2321 2971 2497 3007 praemissae

1425 3011 1629 3040 distinctionis.
1658 3011 1780 3049 Negatio
1809 3021 1884 3049 quae
1912 3011 2085 3048 importatur
2105 3019 2157 3047 per
2179 3019 2289 3039 nomen
2317 3011 2496 3049 ingenitum,

1424 3058 1520 3088 potest
1541 3051 1585 3079 vel
1600 3051 1695 3080 solum
1718 3060 1823 3088 negare
1845 3051 2068 3079 determinatum
2090 3051 2211 3079 modum
2226 3050 2382 3087 incipiendi
2408 3060 2496 3088 quem

1425 3091 1493 3120 dicit
1513 3091 1671 3128 generatio,
1686 3091 1731 3119 vel
1744 3100 1850 3128 negare
1871 3091 1958 3119 etiam
1979 3091 2071 3127 ipsam
2094 3089 2324 3126 incoeptionem;
2340 3096 2368 3118 et
2381 3097 2494 3118 utrum-

1425 3141 1482 3168 que
1498 3131 1543 3159 vel
1565 3132 1726 3160 secundum
1747 3137 1842 3159 actum
1858 3131 1963 3165 solum,
1978 3131 2022 3158 vel
2038 3130 2126 3158 etiam
2147 3130 2308 3158 secundum
2322 3130 2494 3166 potentiam.

1424 3173 1456 3199 In
1470 3171 1566 3207 primo
1587 3181 1656 3199 casu
1677 3172 1799 3199 habetur
1819 3170 1930 3207 primus
1952 3171 2067 3198 modus.
2090 3169 2120 3197 Si
2140 3178 2210 3198 vero
2231 3176 2352 3207 negatur
2365 3179 2427 3198 non
2441 3180 2495 3207 po-

1424 3211 1514 3239 tentia
1535 3212 1586 3239 sed
1607 3218 1696 3246 actus,
1712 3210 1764 3239 erit
1782 3211 1926 3238 secundus
1941 3210 2058 3237 modus.
2081 3209 2170 3244 Quod
2181 3209 2204 3237 si
2218 3216 2340 3247 negatur
2353 3216 2416 3238 tum
2430 3217 2495 3239 mo·-

1425 3252 1479 3278 dus
1500 3250 1693 3287 incoeptionis
1714 3256 1776 3278 tum
1803 3249 1866 3286 ipsa
1886 3249 2048 3286 incoeptio,
2078 3255 2107 3277 et
2127 3256 2269 3286 quantum
2290 3250 2327 3277 ad
2348 3256 2446 3278 actum
2467 3257 2496 3278 et

1423 3296 1566 3327 quantum
1587 3291 1624 3318 ad
1646 3289 1815 3326 potentiam,
1831 3289 1871 3317 sic
1885 3289 1938 3317 erit
1951 3289 2050 3317 tertius
2070 3290 2185 3325 modus,
2201 3289 2250 3326 qui
2267 3296 2310 3317 est
2323 3289 2495 3326 perfectissi-

1424 3339 1498 3358 mus.
1513 3346 1532 3351 -
1549 3330 1574 3358 5.
1591 3329 1728 3357 Similiter
1748 3329 1838 3356 tribus
1860 3328 1956 3357 modis
1977 3329 2082 3357 dicitur
2099 3330 2243 3368 genitum.
2266 3329 2375 3358 Primo
2397 3330 2421 3358 si
2441 3329 2495 3358 ali-

1424 3369 1494 3406 quid
1509 3369 1588 3406 prius
1602 3379 1664 3397 non
1678 3369 1731 3396 fuit
1745 3376 1773 3396 et
1787 3375 1889 3405 postea
1902 3369 2030 3405 incoepit
2044 3378 2115 3404 esse,
2131 3369 2190 3398 sive
2203 3379 2256 3406 per
2276 3369 2494 3406 generationem

1424 3410 1482 3438 sive
1497 3410 1607 3446 absque
1627 3408 1822 3446 generatione.
1845 3409 1979 3437 Secundo
2005 3408 2029 3436 si
2042 3409 2180 3445 possibile
2195 3409 2231 3437 sit
2244 3409 2354 3446 aliquid
2368 3409 2495 3446 incipere

1423 3458 1501 3484 esse;
1517 3449 1575 3476 sive
1590 3448 1727 3485 possibile
1749 3448 1861 3476 dicatur
1881 3448 2049 3485 simpliciter
2066 3449 2147 3485 quod
2165 3455 2262 3486 potest
2283 3458 2354 3486 esse,
2376 3449 2436 3478 sive
2451 3449 2494 3477 di-

1423 3495 1505 3517 catur
1525 3489 1606 3526 quod
1627 3489 1662 3516 de
1683 3488 1758 3516 facili
1779 3488 1841 3516 fieri
1858 3494 1963 3525 potest.
1984 3489 2085 3517 Tertio
2107 3488 2211 3517 dicitur
2224 3489 2354 3527 genitum
2369 3489 2399 3517 id
2413 3490 2494 3518 cuius

1423 3534 1519 3565 potest
1540 3537 1601 3556 esse
1623 3528 1787 3565 generatio;
1802 3534 1830 3556 et
1850 3529 1908 3556 hoc
1928 3528 1987 3557 sive
2008 3528 2066 3557 iam
2085 3528 2244 3566 incoeperit
2258 3538 2330 3565 esse,
2345 3529 2403 3558 sive
2418 3539 2493 3558 non-

1424 3569 1494 3596 dum
1523 3577 1584 3596 esse
1613 3567 1791 3604 incoeperit,
1820 3569 1871 3596 sed
1893 3568 2041 3606 contingat
2068 3578 2120 3605 per
2148 3569 2271 3598 modum
2299 3569 2493 3606 generationis

1424 3608 1559 3644 incipere.
1573 3625 1592 3629 -
1605 3608 1689 3636 Ratio
1705 3608 1810 3636 horum
1825 3608 1983 3637 modorum
1998 3608 2076 3637 iuxta
2091 3608 2167 3638 dicta
2181 3609 2211 3637 in
2225 3619 2305 3637 num.
2314 3619 2342 3645 4.
2354 3626 2374 3631 -
2389 3610 2415 3638 6.
2431 3609 2493 3637 Dif-

2533 839 2542 848 ·
2557 838 2614 867 Cap.
2629 845 2660 861 xi.
2674 839 2747 862 Text.

2533 870 2576 886 no.

2532 1150 2541 1160 '
2556 1149 2625 1172 Text.
2640 1156 2676 1172 111.

2530 1637 2539 1647 ·
2554 1636 2622 1659 Text.
2637 1642 2676 1659 112.

2531 1996 2541 2005 '¹
2555 1995 2623 2017 Text.
2639 2002 2678 2025 ¹¹3·

2554 2310 2622 2333 Text.
2638 2317 2679 2337 ¹¹4·
