2690 4062
282 269 366 293 XLIV

282 347 352 370 esse
376 333 534 379 principia
556 332 733 365 moventia.
759 330 793 364 Si
818 338 927 362 autem
950 328 1030 361 haec
1058 339 1127 360 non
1155 335 1231 359 sunt
1255 326 1343 369 prin-

283 381 366 424 cipia
389 378 577 416 moventia,
606 387 682 409 cum
705 386 774 408 non
797 375 861 407 sint
890 373 951 406 alia
974 372 1132 416 principia
1160 370 1343 403 secundum

283 421 517 468 Empedoclem
533 445 541 461 ,
569 420 679 453 nullus
703 428 752 452 est
775 427 886 451 motus
913 415 1110 449 naturalium
1142 425 1319 458 corporum
1333 438 1342 453 ‚

282 479 342 501 nec
365 467 472 511 aliqua
496 465 606 510 quies:
634 463 763 497 habitus
792 463 880 495 enim
908 469 939 493 et
962 460 1101 504 privatio
1129 458 1250 491 habent
1272 457 1342 490 fieri

282 513 366 545 circa
388 510 493 551 idem3
517 509 581 542 hoc
604 516 714 541 autem
737 515 786 540 est
809 505 978 538 manifeste
1001 503 1128 536 falsum.

337 567 368 598 9.
392 554 539 588 Tertiam
563 553 722 586 rationem
745 550 839 594 ponit
861 549 922 582 ibi:
952 548 1015 581 Am
1038 547 1095 580 lius
1118 553 1218 580 autem
1249 552 1275 579 et
1296 546 1340 579 vi-

281 601 389 634 dentur
407 607 479 639 etc.,
495 608 554 641 per
577 608 675 641 quam
699 594 839 628 ostendit
859 592 1017 635 Philosop
1043 603 1082 624 us
1107 590 1198 635 quod
1222 590 1341 633 Empe-

281 643 391 678 docles
403 642 464 676 sibi
480 642 542 686 ipsi
558 639 758 678 contradicit,
770 647 802 671 et
813 645 926 681 peccat
941 637 1039 669 etiam
1056 635 1167 668 dicens
1183 633 1342 667 naturalia

280 688 350 721 fieri
364 698 382 720 a
399 698 474 720 casu
488 694 519 719 et
535 697 553 718 a
568 684 707 717 fortuna.
721 680 924 716 Contradicit
939 689 1049 712 autem
1063 679 1124 712 sibi
1140 679 1203 723 ipsi
1215 679 1249 711 in
1266 678 1341 718 hoc,

303 731 371 764 uod
387 742 463 764 cum
478 737 615 774 poneret
630 736 756 760 tantum
770 725 836 759 duo
852 725 1013 769 principia
1028 724 1205 763 moventia,
1219 722 1341 755 scilicet

280 776 370 809 lltem
394 783 426 808 et
448 774 633 812 amicitiam,
681 771 768 803 osuit
791 778 902 802 tamen
925 768 1069 813 aliquem
1089 776 1219 801 motum
1236 778 1306 800 esse
1322 778 1340 799 a

280 831 356 853 casu
369 828 402 852 et
413 830 431 851 a
446 817 589 851 fortuna:
607 826 652 848 un
677 827 693 847 e
709 813 848 847 dicendo
865 825 935 846 esse
952 821 1079 846 tantum
1097 811 1164 845 duo
1180 812 1340 856 principia

279 863 454 902 moventia,
471 861 548 894 dicit
567 871 604 893 ea
621 870 690 892 esse
707 869 838 891 causam
861 858 971 890 omnis
987 865 1110 896 motus,
1127 855 1266 889 dicendo
1284 867 1340 888 au-

278 917 345 941 tem
361 906 502 950 aliquem
517 913 644 937 motum
661 914 730 935 esse
743 914 762 935 a
774 913 849 935 casu
863 910 896 935 et
908 913 926 934 a
938 900 1080 941 fortuna,
1090 900 1168 934 dicit
1184 900 1238 933 illa
1254 900 1340 943 prin-

279 952 362 995 cipia
384 961 452 983 non
475 958 699 982 essexcausam
723 947 831 979 omnis
855 954 976 979 motus.
1001 946 1091 979 Dicit
1113 945 1202 978 enim
1230 943 1338 988 quod,

244 1034 247 1036 ,
278 995 409 1040 quando
439 992 572 1037 aliquod
602 991 824 1035 compositum
849 990 1090 1034 corrumpitur,
1122 997 1200 1022 tunc
1228 999 1337 1031 segre-

276 1047 393 1083 gantur
411 1037 570 1070 elementa
599 1047 681 1080 quae
705 1043 796 1068 erant
822 1035 856 1067 in
875 1045 927 1075 eo,
943 1045 1002 1078 per
1017 1034 1119 1074 litem,
1136 1042 1168 1066 et
1186 1041 1339 1066 movetur

276 1083 361 1127 ignis
384 1092 513 1115 sursum
530 1089 566 1113 ut
588 1092 606 1113 a
629 1079 699 1112 lite:
717 1078 774 1112 sed
791 1078 990 1123 quandoque
1007 1090 1024 1111 a
1040 1077 1181 1117 fortuna,
1198 1077 1275 1121 quia
1291 1077 1338 1109 sic

277 1138 369 1160 casus
385 1125 552 1159 constituit
573 1133 651 1157 tunc
677 1134 809 1156 cursum
825 1124 921 1167 ignis,
944 1124 1013 1156 sive
1030 1122 1167 1155 aetheris
1184 1121 1338 1166 (aethera

276 1172 363 1205 enim
382 1169 507 1203 dicebat
523 1167 739 1212 Empedocles
756 1179 826 1201 esse
846 1179 886 1200 ex
904 1168 979 1211 igne
1000 1166 1114 1244 clarol).
1130 1167 1210 1200 Non
1227 1174 1337 1199 autem

275 1225 403 1259 semper
437 1225 567 1246 sursum
597 1221 750 1245 movetur
780 1211 904 1252 aether,
938 1211 995 1245 sed
1025 1223 1081 1244 mu
1097 1211 1194 1244 toties
1229 1210 1336 1243 aliter:

302 1260 355 1292 uia
374 1258 453 1292 dixit
475 1256 650 1302 aliquando
674 1268 693 1289 a
714 1255 863 1296 fortuna,
886 1256 971 1289 sicut
994 1255 1118 1289 dictum
1141 1264 1201 1295 est,
1226 1256 1336 1299 ignem

287 1304 347 1336 erri
370 1313 519 1342 sursum;
550 1300 724 1345 aliquando
749 1309 858 1334 autem
882 1299 1123 1344 ingrediebatur
1148 1299 1188 1333 ad
1211 1299 1335 1340 radices,

274 1347 356 1381 idest
379 1346 419 1379 ad
443 1357 612 1387 cavernas,
635 1353 755 1386 terrae,
774 1345 859 1378 sicut
881 1352 1014 1389 apparet
1037 1345 1070 1377 in
1094 1343 1262 1377 montibus
1285 1355 1336 1377 ar-

274 1390 433 1425 dentibus.
458 1391 496 1424 In
513 1390 577 1423 hoc
593 1401 672 1433 ergo
696 1398 808 1434 peccat
831 1388 1060 1433 Empedocles,
1077 1388 1168 1433 quod
1185 1397 1335 1422 naturam

274 1436 362 1468 casui
385 1443 417 1468 et
439 1433 588 1468 fortunae
616 1433 780 1467 subiacere
812 1433 947 1467 dicebat.
981 1433 1088 1467 Simul
1121 1442 1231 1466 autem
1259 1444 1336 1466 cum

274 1479 365 1513 dictis
389 1478 590 1523 impossibile
613 1478 702 1519 dicit,
726 1478 816 1523 quod
841 1477 985 1512 mundus
1009 1477 1159 1511 similiter
1182 1489 1216 1511 se
1238 1477 1336 1510 habet

272 1535 360 1557 nunc
382 1524 415 1556 in
438 1531 587 1567 tempore
610 1522 674 1556 litis
688 1547 697 1564 ,
725 1522 858 1567 quando
883 1521 922 1556 de
947 1520 1086 1555 confuso
1116 1531 1148 1555 et
1171 1522 1334 1566 permixto

272 1579 400 1612 egressa
423 1575 499 1600 sunt
523 1567 655 1608 omnia,
686 1567 771 1600 sicut
798 1567 889 1611 prius
917 1578 952 1600 se
976 1566 1090 1600 habuit
1113 1567 1147 1600 in
1171 1567 1334 1608 amicitia;

294 1613 348 1645 uia
371 1613 454 1644 sicut
477 1612 561 1655 ignis
585 1611 783 1663 quandoque
807 1623 826 1644 a
849 1610 980 1644 fortuna
1003 1611 1149 1645 ascendit
1177 1620 1210 1644 et
1233 1622 1334 1656 quan-

271 1624 380 1701 doque
405 1655 585 1697 descendit,
609 1657 654 1689 ita
676 1655 752 1689 fecit
780 1656 814 1689 in
838 1655 994 1689 confuso:
1023 1667 1082 1700 per
1108 1667 1221 1689 casum
1245 1656 1334 1689 enim

781 253 852 290 DE
882 250 1269 289 GENERATIONE
1297 248 1369 285 ET
1399 246 1781 284 CORRUPTIONE
1810 247 1905 283 LIB.
1937 247 1969 283 11

1399 332 1477 356 tunc
1494 323 1650 363 ascendit,
1667 332 1699 356 et
1714 334 1773 367 per
1797 334 1911 356 casum
1935 323 2113 356 descendit.
2139 324 2228 358 Cum
2244 332 2356 358 autem
2373 336 2471 359 casus

1399 376 1431 400 et
1454 368 1585 400 fortuna
1609 368 1675 400 sint
1697 379 1814 400 causae
1862 378 1896 400 er
1919 367 2088 408 accidens,
2119 367 2324 402 reducuntur
2346 369 2388 403 ad
2410 381 2471 415 per

1398 424 1442 445 se.
1469 411 1563 452 Quid
1587 420 1636 444 est
1659 423 1694 445 er
1718 423 1738 444 o
1763 379 1858 455 quod
1878 411 1987 455 primo
2010 423 2070 456 per
2098 423 2133 445 se
2156 421 2280 454 movet,
2297 422 2329 447 et
2352 425 2413 458 per
2434 425 2470 448 se

1398 465 1446 489 est
1463 467 1560 489 causa
1582 464 1694 489 motus
1741 455 1888 500 Oportet
1903 456 1993 488 enim
2010 467 2143 490 causam
2160 468 2220 501 per
2237 469 2273 491 se
2289 468 2361 491 esse
2377 459 2470 502 prius

1398 508 1498 545 quam
1522 511 1655 533 causam
1674 511 1734 544 per
1751 499 1913 533 accidens.
1937 500 2093 534 Amicitia
2112 502 2202 535 enim
2221 510 2254 535 et
2272 501 2312 535 lis
2330 513 2401 536 non
2419 511 2471 537 est

1398 556 1495 577 causa
1510 553 1622 577 motus
1645 543 1848 588 simpliciter,
1864 543 1922 578 sed
1945 544 2057 578 solum
2076 545 2250 580 cuiusdam
2267 555 2392 588 motus,
2407 548 2470 581 sci·

1397 588 1472 622 licet
1487 600 1608 632 congre
1652 588 1752 621 tionis
1769 597 1802 621 et
1817 589 2072 632 segregationis:
2089 590 2117 623 si
2131 598 2243 624 tamen
2259 600 2309 624 est
2323 592 2368 625 ita
2383 592 2471 626 sicut

1397 633 1476 666 dicit
1499 633 1605 676 Empe
1631 631 1730 673 ocles,
1747 631 1839 677 quod
1858 634 2001 666 amicitia
2015 633 2069 667 vel
2085 633 2125 667 lis
2141 643 2192 668 est
2207 636 2299 680 prius
2317 647 2468 670 movens.

1457 687 1505 710 10.
1530 676 1659 710 Deinde
1675 688 1752 710 cum
1769 676 1862 710 dicit:
1878 677 2093 712 Inconveniens
2109 685 2209 713 autem
2226 688 2298 721 etc„
2314 680 2470 724 reprobat

1397 722 1590 766 opinionem
1607 720 1818 764 Empedoclis
1833 721 1868 755 in
1884 721 1949 755 hoc
1966 721 2056 767 quod
2073 723 2202 758 dicebat
2216 725 2362 758 animam
2378 735 2468 759 com-

1395 767 1476 810 poni
1500 777 1540 798 ex
1562 765 1752 806 elementis,
1778 777 1840 818 per
1862 765 1944 800 duas
1958 768 2121 810 rationes.
2147 768 2302 809 Quarum
2350 770 2468 804 rimam

1394 811 1500 854 ponit,
1525 810 1637 843 dicens
1661 809 1752 854 quod
1775 811 2014 845 inconveniens
2037 821 2088 846 est
2111 812 2219 847 dicere
2243 780 2348 858 quod,
2357 813 2468 848 anima

1395 855 1437 887 sit
1453 863 1492 887 ex
1508 853 1679 887 elementis
1703 854 1869 896 omnibus,
1892 855 1946 889 vel
1969 867 2009 890 ex
2032 856 2207 902 aliquibus,
2230 857 2284 891 vel
2300 869 2340 891 ex
2354 858 2467 904 aliquo

1394 910 1532 932 eorum:
1565 899 1642 943 quia
1666 899 1693 931 si
1717 899 1827 932 anima
1849 909 1936 933 esset
1963 900 2166 935 elementum
2196 901 2356 947 aliquod,
2386 911 2467 947 puta

1394 943 1491 986 ignis,
1510 951 1548 976 ut
1572 942 1707 987 quidam
1731 942 1894 985 dixerunt,
1918 944 1971 978 vel
1994 955 2081 979 esset
2104 958 2144 980 ex
2166 946 2338 980 elementis
2357 956 2396 980 ut
2419 946 2467 981 di-

1392 996 1511 1020 xerunt
1534 987 1599 1028 alii,
1623 996 1703 1021 tunc
1726 987 1918 1022 alterationes
1939 990 2062 1024 animae
2083 991 2229 1035 quomodo
2252 998 2356 1034 erunt,
2380 991 2468 1027 idest

1415 1031 1565 1065 uomodo
1588 1040 1702 1076 posset
1732 1032 1860 1066 alterari
1887 1034 1997 1067 anima
2019 1036 2163 1079 propriis
2192 1035 2467 1071 alterationibus?

1393 1044 1500 1116 Quasi
1525 1076 1627 1110 dicat:
1652 1076 1746 1110 nullo
1769 1076 1883 1112 modo.
1908 1077 2010 1112 Verbi
2026 1080 2139 1123 gratia,
2157 1081 2186 1113 si
2209 1081 2319 1114 anima
2334 1089 2386 1115 est
2399 1080 2467 1115 ele·

1391 1130 1543 1154 mentum
1565 1121 1618 1154 vel
1641 1132 1682 1154 ex
1704 1120 1886 1163 elementis,
1910 1123 2083 1168 quomodo
2106 1124 2217 1158 anima
2231 1123 2365 1159 habebit
2378 1124 2469 1160 habi-

1392 1174 1465 1198 tum
1483 1166 1650 1199 musicae:
1679 1174 1712 1199 et
1735 1177 1848 1200 rursus
1872 1167 2046 1219 quomodo
2068 1168 2252 1202 mutabitur
2274 1168 2316 1203 de
2337 1165 2468 1205 music·

1391 1211 1426 1243 in
1449 1210 1669 1254 privationem
1692 1211 1857 1252 musicae,
1881 1221 1927 1246 ita
1948 1212 2041 1257 quod
2064 1213 2107 1246 sit
2129 1214 2200 1247 sine
2223 1213 2370 1248 musim?
2391 1214 2466 1250 Nec

1392 1255 1490 1288 etiam
1514 1255 1637 1299 poterit
1659 1255 1827 1289 immutari
1850 1255 1891 1290 de
1914 1257 2076 1291 memoria
2098 1258 2134 1291 in
2157 1257 2383 1300 oblivionem,
2410 1258 2466 1295 vd

1391 1311 1410 1332 e
1423 1310 1585 1333 converso
1592 1311 1603 1340 ;
1627 1299 1686 1333 sed
1710 1300 1822 1344 potius
1845 1301 1874 1334 si
1897 1302 2007 1335 anima
2030 1310 2081 1335 est
2103 1302 2209 1347 ignis,
2233 1313 2466 1350 quaecumque

1391 1352 1468 1377 sunt
1490 1345 1662 1388 passiones
1691 1344 1876 1379 secundum
1905 1345 1996 1390 quod
2019 1346 2128 1391 ignis,
2157 1347 2291 1381 inerunt
2313 1348 2464 1383 animus

1391 1388 1482 1433 quod
1505 1397 1556 1422 est
1578 1389 1624 1422 im
1650 1388 1792 1423 ossibile.
2455 1409 2466 1422 κ

1450 1443 1499 1466 11.
1514 1400 1702 1467 Secundam
1714 1434 1878 1468 rationem
1894 1435 1990 1479 ponit
2005 1435 2060 1470 ibi:
2078 1435 2112 1470 si
2121 1442 2224 1470 autem
2235 1435 2379 1472 misaibilae
2387 1445 2463 1480 ete„

1391 1489 1474 1522 quae
1498 1477 1571 1511 talis
1595 1486 1654 1512 est.
1679 1478 1716 1512 Si
1745 1489 1815 1512 non
1837 1488 1917 1512 sunt
1947 1479 2121 1514 miscibilia
2142 1481 2209 1515 nisi
2238 1489 2465 1527 corpora,=·ut

1389 1523 1423 1555 in
1447 1522 1556 1566 primo
1580 1521 1706 1556 dictum
1729 1531 1790 1565 est,
1814 1532 1848 1557 et
1868 1524 2054 1558 animarum
2072 1524 2164 1560 nulla
2193 1534 2245 1560 est

1390 1575 1519 1600 constat
1542 1566 1634 1612 quod
1657 1568 1767 1602 anima
1789 1579 1857 1602 non
1886 1577 1936 1602 est
1964 1568 2184 1612 elementum,
2207 1581 2271 1604 nec
2296 1579 2403 1607 uum
2422 1580 2464 1607 η

1389 1610 1570 1645 elementis.
1596 1611 1662 1646 Sed
1679 1611 1719 1646 de
1743 1612 1796 1646 his
1814 1611 2033 1648 determinare
2057 1623 2107 1648 est
2129 1625 2218 1659 opus
2236 1614 2370 1650 alteriue
2383 1615 2465 1651 uon-⁶

1390 1655 1626 1700 templationis,
1651 1657 1728 1702 quia
1751 1657 1894 1702 pertinet
1917 1658 1958 1693 ad
1981 1658 2103 1694 librum
2124 1659 2161 1694 de
2182 1659 2311 1694 Anima.
