2782 4134
1102 300 1214 339 CAP.
1243 302 1295 350 v,
1324 300 1477 338 LECT.
1506 301 1577 338 ΧΠ

250 380 477 431 poreitatem
497 380 563 427 (ita
586 379 726 417 scilicet
745 379 852 428 quod
875 379 921 416 sit
940 387 1026 416 actu
1044 380 1314 428 incorporeum

253 441 290 471 et
316 433 396 470 sine
425 433 717 481 magnitudine),
737 433 800 470 vel
818 444 909 470 non.
931 433 980 469 Et
1009 433 1215 470 subdividit
1241 432 1315 481 pri-

251 497 363 524 mum
390 487 609 523 membrum
628 485 872 533 quaestionis.
893 485 1102 533 Dupliciter
1125 485 1228 522 enim
1246 497 1315 534 po-

253 546 325 576 test
362 538 435 576 dici
461 538 567 587 quod
609 538 655 574 sit
682 538 809 585 aliqua
845 538 1003 574 materia
1031 545 1117 574 actu
1153 538 1315 574 existens

109 600 125 634 β
253 591 334 629 sine
363 591 612 640 corporeitate
626 589 644 619 β
663 597 700 627 et
719 590 989 638 magnitudine.
1019 591 1131 627 Unde
1154 590 1315 627 rationa-

253 644 374 681 biliter
410 643 621 693 quaeritur,
656 643 686 680 si
721 644 804 680 talis
830 642 988 680 materia
1020 643 1066 679 sit
1103 643 1315 679 subiectum

109 714 126 739 γ
253 696 457 745 augmenti,
473 696 632 744 qualiter
650 708 695 733 ex
715 708 760 733 ea
774 701 788 722 ⁷
808 695 1065 744 augmentatio
1084 696 1167 732 fiat:
1187 703 1315 732 utrum

252 749 392 787 scilicet
422 748 472 786 ita
505 748 611 797 quod
645 748 728 797 ipsa
760 748 918 785 materia
950 748 1029 785 sine
1067 748 1316 798 corporeitate

252 810 290 840 et
320 802 580 850 magnitudine
610 802 792 848 existens,
826 801 872 837 sit
899 801 1112 838 secundum
1150 801 1315 850 seipsam

251 862 423 905 separata
451 854 629 901 existens;
659 861 723 891 aut
745 854 795 891 ita
814 855 919 903 quod
947 854 993 891 sit
1019 855 1058 891 in
1078 854 1205 903 aliquo
1235 866 1316 890 cor-

20 946 21 950 ,
250 921 366 958 pore,
399 920 479 945 non
506 915 636 944 tamen
671 919 759 956 pars
797 906 877 943 eius
905 909 1016 954 (narn
1044 907 1074 944 si
1103 914 1201 944 esset
1227 919 1315 955 pars

26 970 169 997 muca-n
195 976 225 993 rc
252 961 344 1009 eius,
370 967 469 998 esset
497 960 666 997 subiecta
683 960 704 982 '¹‘
733 960 973 1008 corporeitati
1001 967 1038 997 et
1065 959 1313 1008 magnitudini

18 1024 21 1027 ⁴
251 1014 396 1064 ipsius).

306 1079 342 1105 2.
362 1066 511 1104 Deinde
541 1077 630 1102 cum
659 1065 762 1102 dicit:
790 1065 869 1102 Aut
886 1065 1110 1113 impossibile
1138 1072 1221 1112 etc.,
1247 1065 1311 1102 de-

250 1119 427 1158 terminat
457 1118 722 1167 quaestionem
750 1125 909 1155 motam.
939 1119 989 1155 Et
1015 1118 1140 1167 primo
1168 1117 1314 1154 ratione

251 1180 407 1222 accepta
435 1184 480 1209 ex
506 1179 613 1221 parte
642 1171 822 1208 materiae
849 1171 912 1208 vel
940 1170 1115 1217 subiecti;
1144 1171 1313 1207 secundo

39 1258 54 1269 „
251 1226 396 1271 ratione
424 1231 580 1274 accepta
608 1236 654 1261 ex
681 1231 787 1273 parte
816 1223 1019 1271 augmenti,
1047 1223 1114 1260 ibi:
1143 1223 1316 1272 Amplius

109 1287 237 1319 κιο-6.·
248 1274 376 1316 ‘autem
395 1278 479 1315 talis
496 1277 517 1300 ’¹‘
536 1285 606 1314 etc.
636 1277 746 1314 Circa
773 1276 940 1325 primum
969 1276 1046 1313 duo
1065 1275 1169 1312 facit:
1188 1275 1314 1324 primo

43 1328 53 1337 “’
253 1331 480 1370 determinat
497 1329 732 1379 praedictam
751 1329 1027 1378 quaestionem,
1049 1328 1195 1365 ratione
1214 1341 1315 1365 sum-

46 1418 58 1426 „
250 1392 316 1435 pta
344 1397 390 1422 ex
416 1391 523 1433 parte
550 1382 747 1430 materiae,
777 1381 991 1419 secundum
1019 1381 1126 1430 quod
1154 1381 1201 1418 ab
1230 1381 1313 1430 ipso

119 1454 144 1472 a.
252 1437 529 1483 consideratur;
558 1435 727 1472 secundo
747 1434 960 1471 secundum
979 1434 1086 1482 quod
1103 1433 1124 1455 ’¹‘
1144 1434 1315 1471 conside-

113 1506 224 1531 ιαμ-ι-
251 1497 355 1528 ratur
382 1502 405 1527 a
432 1488 655 1535 Platonicis,
683 1487 756 1524 ibi:
786 1487 860 1524 Sed
886 1499 1006 1535 neque
1025 1492 1168 1535 puncta
1196 1487 1216 1509 '¹‘
1245 1494 1314 1524 etc.

53 1535 66 1554 ³
252 1543 363 1581 Circa
381 1542 549 1592 primum
576 1541 646 1578 tria
673 1539 775 1577 facit:
802 1539 929 1588 primo
959 1539 1120 1576 excludit
1147 1540 1316 1588 primum

251 1596 472 1634 membrum
500 1594 691 1631 secundae
711 1592 918 1639 divisionis,
948 1592 1087 1629 scilicet
1112 1593 1217 1641 quod
1235 1605 1316 1630 ma-

250 1649 343 1687 teria
361 1648 443 1686 sine
458 1646 665 1695 quantitate
683 1645 896 1682 secundum
916 1658 956 1682 se
977 1653 1148 1694 separata
1167 1645 1316 1692 existat;

251 1701 422 1740 secundo
451 1699 614 1737 excludit
640 1698 852 1736 secundum
881 1699 1101 1736 membrum
1125 1698 1316 1736 secundae

251 1754 464 1799 divisionis,
494 1752 631 1790 scilicet
655 1751 761 1800 quod
779 1751 938 1788 materia
957 1751 1036 1788 sine
1056 1751 1316 1799 magnitudine

252 1807 412 1845 existens
440 1806 486 1844 sit
513 1805 552 1842 in
571 1805 697 1854 aliquo
714 1816 893 1853 corpore3
911 1803 981 1842 ibi:
1002 1805 1077 1841 Sed
1086 1805 1122 1841 si
1133 1805 1170 1841 in
1190 1804 1317 1853 aliquo

53 1899 56 1907 .
91 1874 172 1922 ⁸⁸⁶⁴:-
251 1860 376 1898 existit
399 1859 420 1881 *
448 1866 535 1905 etc.;
565 1858 673 1895 tertio
703 1857 894 1895 concludit
919 1857 1159 1906 propositum
1187 1855 1212 1904 ὅ,
1241 1857 1315 1894 ibi:

65 1931 71 1935 ·
121 1937 147 1958 4.
251 1913 393 1951 Melius
421 1923 515 1962 ergo
533 1910 554 1932 ³¹⁸
582 1918 651 1948 etc.

305 1965 406 2003 Dicit
433 1976 522 2013 ergo
551 1964 676 2013 primo
715 1962 821 2012 quod
851 1970 1058 2012 utrumque
1095 1964 1315 2001 membrum

252 2018 444 2056 secundae
464 2016 657 2055 divisionis
685 2023 742 2063 est
759 2015 1004 2064 impossibile.
1026 2016 1075 2052 Et
1097 2016 1223 2065 primo
1241 2017 1317 2054 hoc

253 2071 418 2109 ostendit
445 2076 632 2119 quantum
660 2069 710 2106 ad
736 2070 832 2117 hoc,
868 2069 973 2118 quod
1000 2068 1234 2117 impossibile
1263 2077 1320 2107 est

250 2124 450 2162 materiam
469 2123 549 2160 sine
577 2121 835 2171 magnitudine
864 2122 1085 2159 existentem
1104 2134 1175 2171 per
1200 2135 1240 2160 se
1260 2135 1318 2160 se-

250 2184 425 2227 paratam
463 2176 631 2213 existere.
666 2175 768 2223 Quia
801 2175 832 2212 si
864 2175 910 2212 sit
941 2182 1135 2223 separata,
1169 2183 1319 2225 oportet

252 2231 412 2268 alterum
441 2229 608 2266 duorum
636 2241 732 2266 esse.
767 2229 945 2275 Quorum
972 2240 1095 2265 unum
1124 2236 1180 2265 est
1212 2229 1318 2277 quod

59 2315 62 2316 γ
251 2284 398 2321 nullum
421 2282 616 2331 possideat
633 2282 775 2329 locum,
796 2281 891 2318 sicut
909 2288 1084 2330 punctUS,
1106 2281 1212 2318 cuius
1239 2294 1318 2318 non

107 2356 109 2360 ·
133 2351 225 2369 oon-»c
252 2343 309 2374 est
336 2335 504 2385 aliquis*
522 2336 640 2382 locus,
662 2347 709 2371 eo
734 2334 840 2382 quod
859 2333 986 2374 omnis
1013 2334 1120 2371 locus
1149 2334 1316 2383 aliquam

61 2425 64 2428 ,
252 2389 532 2427 dimensionem
553 2389 679 2425 habet.
709 2389 786 2424 Aut
811 2394 976 2436 oportet,
997 2387 1027 2423 si
1053 2387 1210 2424 materia
1238 2388 1318 2425 sine

60 2451 66 2455 ²
83 2453 153 2482 ιω.
166 2459 206 2477 m.
252 2442 460 2492 quantitate
473 2441 635 2478 existens
648 2440 669 2462 ’¹‘
688 2447 849 2489 occupet
867 2440 1035 2488 aliquem
1054 2440 1194 2487 locum,
1212 2440 1317 2489 quod

67 2498 71 2504 ¹
252 2495 299 2533 sit
316 2494 450 2544 aliquis
469 2495 575 2531 locus
593 2505 738 2531 vacuus
767 2495 877 2540 (nam
896 2505 1066 2530 vacuum
1086 2493 1245 2530 dicimus
1264 2494 1318 2530 lo-

253 2560 342 2586 cum
370 2560 450 2585 non
479 2547 664 2596 repletum
694 2546 859 2583 sensibili
888 2547 1084 2594 corpore):
1112 2547 1185 2597 vel·
1205 2547 1317 2583 etiarn

61 2635 66 2639 Α,
251 2607 403 2650 oportet
429 2600 535 2648 quod
562 2600 608 2636 sit
635 2600 833 2648 quoddam
867 2610 1004 2648 corpus
1036 2611 1115 2635 non
1144 2599 1318 2636 sensibile

64 2694 65 2699 ,
94 2666 146 2684 ⁰¹³-
154 2661 224 2685 mb-
252 2656 359 2701 (nam
378 2665 546 2691 vacuum
567 2652 744 2690 dicebant
762 2651 852 2689 nihil
878 2652 981 2689 aliud
1000 2664 1082 2688 esse
1101 2651 1122 2673 '¹‘
1146 2652 1217 2689 nisi
1237 2665 1318 2689 cor-

56 2739 60 2741 ,
251 2719 326 2756 pus
353 2719 432 2744 non
459 2705 662 2751 sensibile).
693 2705 855 2754 Oportet
883 2705 985 2741 enim
1005 2704 1130 2741 dicere
1148 2718 1316 2742 vacuum

76 2786 83 2806 z
111 2779 114 2785 Δ
138 2776 188 2794 on.
202 2777 226 2793 ι-
254 2771 394 2808 corpus
403 2759 435 2807 ³¹²,
446 2766 604 2808 propter
619 2757 897 2795 dimensionem
912 2757 1036 2806 spatii:
1053 2770 1132 2794 non
1143 2758 1318 2795 sensibile

253 2820 395 2860 autem,
410 2819 565 2861 propter
578 2810 819 2848 vacuitatem.
841 2811 990 2847 Horum
1005 2818 1133 2847 autem
1154 2811 1319 2848 duorum

253 2865 414 2903 alterum
434 2873 489 2902 est
517 2863 763 2913 impossibile,
793 2863 932 2900 scilicet
959 2863 1064 2911 quod
1084 2863 1130 2900 sit
1146 2876 1315 2901 vacuum

253 2918 316 2956 vel
335 2930 474 2966 corpus
502 2930 581 2954 non
600 2916 788 2954 sensibile.
819 2916 998 2953 Similiter
1011 2916 1244 2964 impossibile
1261 2924 1317 2953 est

254 2971 358 3020 quod
378 2970 536 3007 materia
565 2976 745 3019 separata*
767 2969 927 3006 existens
957 2969 1103 3006 nullum
1122 2969 1317 3018 possideat

306 3137 333 3171 β)
351 3138 408 3163 sine
426 3137 612 3170 corporeitate.
629 3151 649 3156 —
666 3137 723 3161 sine
741 3143 852 3168 corpore
865 3136 904 3161 ita
918 3137 959 3161 ed.
972 3143 997 3165 a,
1017 3144 1085 3169 quae
1103 3137 1146 3161 lin.
1161 3144 1246 3169 praec.
1260 3144 1316 3161 om.

252 3174 302 3204 εἰη
319 3173 376 3198 sine
393 3180 506 3205 corpore
527 3173 563 3197 sit
580 3172 619 3197 ita
638 3172 659 3196 C
665 3180 673 3203 ;
693 3171 729 3196 Pb
747 3176 920 3204 transponunt
944 3172 980 3196 sit
1003 3177 1064 3204 post
1085 3171 1213 3197 existens.
1229 3185 1249 3191 —
1266 3172 1316 3196 Pro

257 3208 339 3238 Unde,
363 3208 438 3233 Unde
455 3211 482 3233 et
499 3208 532 3232 A.

306 3243 333 3277 γ)
346 3250 384 3268 ex
397 3248 437 3268 ea.
446 3257 465 3262 -
478 3242 594 3267 materia
611 3242 643 3266 A.
656 3256 676 3261 —
690 3241 748 3266 Lin.
762 3249 818 3274 seq.
832 3241 872 3266 ita
885 3241 957 3273 quod
970 3249 1023 3266 om.
1036 3241 1082 3270 Pb,
1096 3241 1157 3274 quia
1171 3242 1211 3266 ed.
1225 3249 1243 3266 a
1255 3241 1316 3273 legit

253 3286 298 3309 ex,
313 3278 384 3311 quod
398 3278 475 3302 etiam
488 3278 509 3302 C
523 3277 633 3309 scripsit,
652 3276 699 3301 sed
713 3281 805 3308 postea
819 3276 928 3301 correxit
941 3276 968 3300 in
979 3280 1006 3301 et
1011 3283 1021 3305 ;
1039 3284 1087 3308 pro
1099 3276 1163 3306 sine,
1178 3278 1201 3301 A
1214 3277 1316 3302 videtur

253 3313 349 3339 habere
365 3313 404 3338 sic
421 3313 487 3338 stne.

306 3347 332 3381 ὃ)
354 3348 433 3373 Circa
454 3347 574 3379 primum
597 3346 652 3371 tria
669 3346 964 3379 facitmpropositum.
982 3361 1000 3365 —
1021 3346 1099 3371 Circa
1118 3346 1239 3377 primum
1263 3346 1316 3371 duo

247 3384 333 3418 facin
341 3383 432 3415 primo
442 3382 564 3407 excludit
571 3381 690 3413 primum
704 3381 849 3405 membrum
861 3381 966 3413 primae
979 3381 1124 3409 divisionis,
1134 3381 1233 3405 scilicet
1246 3381 1317 3414 quod

254 3418 369 3443 materia
387 3418 445 3442 sine
463 3416 648 3450 magnitudine
660 3416 779 3441 existens
792 3416 828 3440 sit
841 3416 867 3440 in
880 3416 970 3447 aliquo
988 3423 1099 3447 corpore
1113 3415 1148 3447 (C
1161 3415 1187 3439 in
1201 3416 1317 3448 margine

255 3454 337 3478 addit:
351 3453 467 3478 secundo
479 3451 551 3484 quod
563 3451 636 3483 non),
651 3450 701 3475 ibi:
715 3451 770 3475 Sed
783 3451 809 3475 in
823 3450 912 3482 aliquo
925 3450 1041 3479 existat;
1054 3450 1168 3480 secundo
1182 3451 1317 3475 concludit

250 3488 420 3520 propositum
439 3487 507 3516 Cab,·
528 3487 606 3511 Circa
626 3486 747 3518 primum
773 3486 827 3510 tria
845 3485 930 3519 facin
947 3485 1039 3517 primo
1062 3485 1183 3510 excludit
1196 3486 1316 3516 primum

255 3523 400 3548 membrum
414 3522 522 3554 primae
540 3521 691 3550 divisionis,
710 3520 809 3545 seilicet
827 3521 898 3552 quod
917 3520 1031 3544 materia
1053 3520 1110 3545 sine
1132 3520 1318 3552 magnitudine

254 3558 290 3583 sit
307 3561 433 3590 separata
452 3557 584 3586 existens,·
602 3556 716 3582 secundo
730 3555 781 3580 ibt.-
795 3555 850 3580 Sed
868 3556 892 3580 si
910 3555 936 3579 in
956 3555 1044 3587 aliquo
1062 3555 1176 3584 existat,
1196 3555 1317 3580 excludit

255 3593 399 3618 secundum
414 3592 567 3620 membrum,
577 3592 676 3616 scilicet
689 3591 760 3623 quod
774 3590 888 3615 materia
899 3593 1026 3622 separata
1035 3597 1052 3615 a
1066 3590 1251 3622 magnitudine
1264 3597 1315 3615 non

255 3628 291 3653 sit
309 3628 335 3652 in
354 3628 457 3660 aliqum
476 3627 556 3652 tertio
573 3626 708 3652 concludit
721 3626 889 3658 propositum
909 3625 938 3650 P.

434 3680 504 3713 Opp.
523 3680 555 3704 D.
569 3679 683 3703 ΤΗοΜΑΞ
703 3679 734 3703 Τ.
750 3679 788 3703 ΙΙΙ.

2353 302 2424 339 305

1368 379 1509 416 locum.
1522 378 1683 415 Materia
1698 378 1800 415 enim
1816 385 1872 415 est
1886 391 1932 415 ex
1943 391 2018 427 qua
2028 386 2253 427 generantur
2267 391 2429 428 corpora

1369 431 1575 468 sensibilia:
1604 432 1680 468 hoc
1708 439 1835 468 autem
1864 444 1909 468 ex
1936 444 2014 480 quo
2052 445 2214 481 corpora
2241 432 2429 469 sensibilia

1369 492 1606 532 generantur,
1627 497 1783 522 necesse
1803 491 1860 522 est
1886 484 1924 522 in
1944 485 2069 534 aliquo
2090 486 2174 522 loco
2197 497 2292 522 esse.
2320 486 2428 522 Sem-

1368 549 1438 586 per
1466 537 1568 574 enim
1594 537 1774 575 videmus
1810 537 1915 586 quod
1949 538 1988 575 id
2025 538 2129 587 quod
2157 546 2356 586 generatur
2384 550 2429 574 ex

1370 602 1416 626 eo
1436 596 1458 636 ³,
1480 598 1536 626 est
1553 590 1702 637 alicubi,
1722 591 1818 627 idest
1841 590 1879 627 in
1898 590 2025 639 aliquo
2045 591 2130 627 loco
2157 591 2427 627 determinato:

1368 642 1511 679 ibidem
1531 650 1658 680 autem
1682 650 1737 680 est
1763 644 1869 692 quod
1896 651 2096 691 generatur
2124 656 2168 681 ex
2196 644 2335 692 aliquo,
2363 643 2429 680 ubi

1369 695 1437 731 fuit
1463 695 1502 732 id
1531 707 1575 732 ex
1603 708 1680 744 quo
1709 704 1917 744 generatur.
1952 697 2054 744 Ergo
2083 703 2233 746 oportet
2265 697 2356 734 illud
2384 708 2428 733 ex

1369 759 1448 795 quo
1476 756 1676 795 generatur
1702 749 1862 798 aliquid,
1893 749 2028 786 scilicet
2050 749 2071 771 *
2098 749 2314 796 materiam,
2345 762 2427 786 esse
2455 756 2464 765 ⁶

1369 800 1518 847 alicubi,
1538 801 1600 837 vel
1627 813 1697 848 per
1724 814 1764 837 se
1792 803 1854 838 vel
1881 814 1950 850 per
1978 802 2170 840 accidens:
2199 815 2269 851 per
2287 815 2328 839 se
2348 802 2428 851 qui-

1370 853 1460 889 dem
1489 853 1701 890 secundum
1739 854 1959 902 opinionem
1992 855 2236 904 antiquorum
2262 854 2428 904 philoso-

1367 906 1556 954 phorum,
1585 906 1810 955 ponentium
1847 907 2045 945 materiam
2083 921 2289 957 corporum
2322 915 2429 945 natu-

1369 958 1505 995 ralium
1535 970 1616 995 esse
1645 959 1798 1007 aliquod
1828 972 1964 1008 corpus
1984 968 2081 1008 actu,
2100 969 2192 1010 puta
2218 962 2346 1009 ignem
2366 968 2430 998 aut

1369 1023 1498 1048 aerem
1518 1018 1582 1048 aut
1600 1023 1760 1059 aquam;
1788 1024 1858 1060 per
1876 1013 2051 1050 accidens
2070 1022 2198 1051 autem
2218 1014 2430 1051 secundum

1369 1064 1592 1113 opinionem
1621 1064 1789 1101 Platonis
1818 1072 1854 1101 et
1881 1077 2003 1113 suam,
2024 1066 2088 1115 qui
2114 1067 2283 1115 ponebat
2300 1066 2320 1088 ²¹⁶
2347 1079 2428 1104 ma-

1368 1124 1499 1153 teriam
1528 1129 1609 1153 esse
1639 1129 1707 1153 ens
1734 1129 1774 1154 m
1800 1118 1979 1166 potentia.

1424 1171 1458 1206 3.
1475 1169 1626 1206 Deinde
1646 1181 1733 1206 cum
1754 1170 1858 1206 dicit:
1875 1171 1948 1207 Sed
1963 1171 1997 1207 si
2014 1171 2050 1208 in
2070 1172 2195 1220 aliquo
2210 1172 2332 1208 existit
2345 1179 2426 1219 etc.,

1369 1222 1532 1259 excludit
1567 1222 1780 1259 secundum
1817 1225 2054 1271 membrum,
2084 1224 2287 1261 ostendens
2324 1224 2429 1273 quod

1369 1274 1527 1311 materia
1545 1282 1718 1324 separata
1737 1288 1759 1312 a
1779 1276 2036 1323 magnitudine
2060 1289 2138 1314 non
2166 1277 2211 1314 sit
2229 1277 2268 1314 in
2287 1277 2426 1325 aliquo.

1369 1328 1419 1364 Et
1435 1327 1560 1376 primo
1579 1328 1760 1376 proponit
1779 1328 1884 1376 quod
1912 1329 2085 1366 intendit:
2115 1337 2151 1366 et
2170 1330 2291 1367 dicit*
2309 1330 2427 1378 quod,

1369 1381 1400 1417 si
1428 1380 1585 1417 materia
1622 1381 1701 1418 sine
1738 1381 1997 1429 magnitudine
2035 1382 2196 1419 existens
2232 1383 2282 1419 ita
2310 1383 2355 1420 sit
2390 1383 2429 1420 in

1369 1433 1495 1482 aliquo
1525 1446 1684 1482 corpore
1713 1442 1885 1483 separata
1912 1447 1934 1471 a
1962 1435 2167 1472 substantia
2196 1435 2295 1483 eius,
2325 1436 2430 1484 quod

1370 1499 1448 1523 non
1467 1486 1513 1523 sit
1541 1486 1681 1534 aliquid
1701 1487 1780 1523 eius
1798 1499 1868 1536 per
1894 1500 1935 1524 se
1962 1488 2025 1525 vel
2043 1500 2113 1536 per
2131 1489 2317 1537 accidens,
2339 1501 2428 1526 con-

1370 1539 1514 1587 tingunt
1550 1540 1669 1576 multa
1705 1539 1964 1588 impossibilia.
1995 1541 2044 1577 Et
2080 1541 2294 1578 manifestat
2327 1542 2430 1579 hunc

1369 1592 1531 1629 modum
1545 1592 1733 1641 ponendi:
1752 1600 1844 1641 puta
1862 1593 1892 1629 si
1906 1605 2096 1641 ponamus
2114 1593 2230 1642 quod,
2251 1595 2405 1642 quando
2417 1595 2431 1621 ζ

1370 1652 1571 1693 generatur
1589 1657 1654 1682 aer
1673 1657 1717 1682 ex
1742 1657 1853 1693 aqua,
1875 1658 1953 1683 non
1972 1646 2038 1682 fiat
2056 1646 2131 1682 hoc
2157 1659 2226 1695 per
2244 1654 2429 1684 transmu-

1370 1698 1551 1735 tationem
1579 1710 1719 1746 aquae,
1750 1698 1800 1735 ita
1828 1698 1966 1735 scilicet
1993 1699 2098 1747 quod
2126 1700 2282 1736 materia
2310 1712 2430 1749 aquae

1371 1751 1515 1789 amittat
1541 1751 1705 1788 formam
1733 1763 1855 1799 aquae
1885 1759 1920 1788 et
1947 1752 2101 1800 recipiat
2132 1752 2295 1789 formam
2322 1753 2429 1800 aeris,

1371 1804 1438 1841 sed
1467 1804 1562 1841 sicut
1589 1804 1620 1840 si
1647 1804 1806 1840 materia
1834 1804 1930 1841 aeris
1958 1812 2056 1842 esset
2082 1805 2121 1842 in
2149 1818 2247 1854 aqua
2275 1806 2369 1843 sicut
2392 1806 2431 1843 in

1369 1869 1475 1896 vase.

1425 1909 1604 1947 Secundo
1634 1909 1702 1946 ibi:
1731 1910 1904 1958 Infinitas
1931 1910 2030 1947 enim
2064 1917 2154 1957 etc.,
2183 1910 2292 1959 ponit
2320 1911 2429 1948 ratio-

1370 1975 1439 2000 nes
1469 1962 1699 2000 deducentes
1728 1963 1777 1999 ad
1804 1963 2089 2000 inconveniens.
2111 1964 2285 2010 Quarum
2307 1964 2432 2012 prima

1372 2023 1428 2053 est
1446 2015 1564 2064 quod,
1585 2015 1615 2052 si
1635 2015 1674 2052 in
1693 2027 1804 2063 aqua,
1825 2023 1975 2064 praeter
1998 2016 2196 2053 materiam
2223 2016 2430 2066 propriam,

1372 2076 1428 2106 est
1447 2069 1560 2105 etiam
1579 2068 1736 2105 materia
1754 2069 1849 2105 aeris
1863 2074 1889 2116 η,
1909 2069 1990 2118 pari
2014 2069 2159 2106 ratione
2178 2077 2301 2118 potest
2320 2070 2432 2106 etiam

1372 2133 1455 2159 esse
1482 2121 1520 2159 in
1548 2134 1647 2170 aqua
1667 2121 1750 2168 alia,
1781 2129 1817 2158 et
1845 2122 1898 2158 sic
1924 2122 1963 2158 in
1982 2122 2181 2169 infinitum,
2210 2123 2431 2171 praesertim

1371 2175 1463 2224 quia
1482 2187 1528 2211 ex
1541 2187 1620 2211 uno
1634 2174 1814 2223 possibile
1834 2174 1918 2212 est*
1936 2175 2082 2212 infinita
2096 2175 2266 2223 generari
2281 2188 2432 2212 succes-

1372 2228 1471 2265 sive:
1502 2235 1539 2264 et
1565 2227 1615 2264 ita
1642 2235 1865 2275 sequeretur
1884 2228 1989 2276 quod
2013 2228 2104 2265 nihil
2121 2228 2321 2278 prohibeat
2349 2241 2431 2266 esse

1370 2280 1535 2318 infinitas
1563 2280 1740 2317 materias
1767 2280 1806 2317 in
1834 2293 1944 2330 aqua.
1976 2281 2052 2318 Sed
2081 2293 2126 2317 ex
2153 2281 2311 2318 materia
2338 2294 2432 2330 qua-

1370 2334 1463 2371 libet
1479 2341 1605 2382 potest
1623 2333 1766 2382 aliquid
1786 2341 1871 2370 actu
1889 2334 2071 2381 generari.
2092 2335 2194 2382 Ergo
2214 2341 2432 2383 sequeretur

1372 2387 1477 2436 quod
1505 2386 1650 2423 infinita
1685 2386 1831 2435 possint
1853 2384 1866 2407 ⁰
1893 2394 1979 2423 actu
2015 2387 2185 2435 generari
2214 2399 2259 2424 ex
2291 2400 2368 2424 una
2396 2395 2433 2424 et

1373 2439 1510 2477 eadem
1539 2451 1658 2488 aqua;
1691 2439 1742 2476 ita
1769 2439 1909 2476 scilicet
1946 2440 2051 2488 quod
2089 2440 2272 2489 quidquid
2308 2448 2433 2489 potest

1371 2492 1543 2541 generari
1570 2492 1610 2529 in
1637 2492 1818 2541 potentia,
1847 2492 1958 2530 simul
1985 2500 2110 2542 potest
2136 2491 2306 2541 generari
2333 2501 2431 2530 actu.

1435 2545 1654 2583 Secundam
1691 2545 1877 2582 rationem
1913 2546 2021 2594 ponit
2052 2546 2128 2583 ibi:
2163 2546 2334 2594 Amplius
2370 2558 2432 2583 ne-

1372 2610 1443 2647 que
1472 2606 1540 2636 etc.
1571 2599 1620 2635 Et
1648 2598 1736 2635 dicit
1763 2598 1868 2648 quod
1896 2611 1975 2636 non
2001 2598 2178 2637 videmus
2212 2599 2352 2648 aliquid
2380 2599 2433 2636 sic

1372 2652 1543 2700 generari
1555 2653 1603 2688 *ex
1623 2651 1762 2699 aliquo,
1778 2659 1870 2700 puta
1889 2664 2018 2689 aerem
2033 2665 2078 2689 ex
2094 2665 2203 2701 aqua,
2220 2653 2313 2689 sicut
2328 2653 2433 2701 quod

1373 2705 1445 2741 exit
1463 2712 1471 2725 ¹
1491 2717 1536 2741 ex
1556 2704 1683 2753 aliquo
1702 2712 1963 2753 permanente,
1983 2713 2075 2754 puta
2095 2718 2182 2742 cum
2205 2705 2339 2743 vinum
2361 2705 2434 2742 exit

1372 2770 1395 2794 a
1423 2757 1524 2795 dolio
1552 2769 1632 2794 non
1667 2764 1940 2795 transmutato:
1968 2758 2144 2795 videmus
2186 2759 2287 2795 enim
2328 2758 2432 2806 quod

1372 2810 1515 2859 aliquid
1532 2810 1553 2832 '¹‘
1580 2817 1781 2858 generatur
1818 2823 1863 2847 ex
1892 2819 2088 2860 corrupto,
2128 2811 2223 2848 sicut
2250 2823 2364 2859 supra
2392 2811 2432 2832 ²⁸*

1372 2863 1515 2900 dictum
1545 2870 1610 2900 est.
1641 2863 1804 2911 Oportet
1831 2871 1959 2900 autem
1988 2864 2025 2901 id
2050 2864 2155 2912 quod
2179 2863 2432 2900 sensibiliter*

1372 2923 1548 2965 apparet,
1579 2916 1750 2964 accipere
1786 2924 1829 2952 ut
1861 2916 2089 2965 principium
2121 2916 2159 2953 in
2188 2916 2340 2953 scientia
2367 2928 2432 2952 na-

1371 2969 1493 3006 turali.

1423 3137 1445 3169 ε)
1465 3136 1537 3169 quod
1557 3139 1704 3169 generatur
1726 3143 1764 3161 ex
1781 3143 1820 3161 eo.
1838 3149 1856 3154 -
1875 3135 1946 3167 quod
1962 3138 2108 3167 generatur
2126 3142 2163 3160 ex
2180 3142 2210 3160 eo
2229 3142 2266 3159 ex
2284 3142 2334 3168 quo
2352 3143 2431 3168 gene-

1371 3175 1450 3196 ratur
1467 3172 1528 3200 Pab,
1549 3171 1620 3202 quod
1637 3175 1783 3204 generatur
1800 3178 1838 3195 ex
1855 3177 1886 3195 eo
1905 3170 1975 3202 quod
1992 3173 2138 3202 generatur
2156 3170 2185 3194 C.

1423 3206 1448 3239 ζ)
1462 3206 1540 3238 quod,
1557 3206 1699 3237 quando.-
1712 3206 1783 3238 quod
1797 3213 1848 3230 non
1865 3205 1905 3229 ed.
1918 3212 1943 3234 a,
1957 3205 2028 3236 quod
2041 3205 2094 3234 AC,
2111 3205 2158 3230 sed
2172 3206 2228 3230 sine
2242 3205 2348 3236 quando
2363 3210 2431 3231 stru-

1371 3247 1442 3266 ctura
1454 3242 1512 3266 ruit.
1524 3255 1543 3259 -
1555 3241 1605 3265 Pro
1624 3241 1663 3265 ita
1681 3241 1811 3265 scilicet...
1827 3240 1853 3264 in
1868 3247 1948 3272 aqua,
1961 3240 2000 3264 ita
2012 3239 2111 3264 scilicet
2124 3241 2195 3272 quod
2209 3240 2322 3264 materia
2335 3248 2429 3273 aquae,

1370 3283 1438 3308 quae
1457 3279 1543 3300 mutat
1554 3276 1675 3308 sormam
1694 3283 1786 3307 aquae,
1807 3282 1858 3300 non
1879 3275 1991 3306 recipiat
2006 3275 2125 3308 formam
2144 3275 2227 3304 aeris,
2246 3275 2293 3299 sed
2310 3276 2379 3301 sicut
2397 3277 2431 3301 de

1371 3311 1484 3336 materia
1502 3311 1573 3335 aeris
1591 3314 1658 3335 esset
1676 3310 1702 3334 in
1722 3317 1793 3342 aqua
1810 3311 1841 3334 A.

1423 3346 1450 3377 η)
1471 3345 1611 3370 materiam
1623 3345 1774 3376 propriam,
1794 3348 1833 3369 est
1851 3345 1931 3370 etiam
1950 3344 2063 3368 materia
2081 3345 2159 3370 aeris.
2173 3359 2192 3363 —
2211 3345 2350 3370 materiam
2364 3354 2431 3378 pro-

1366 3381 1458 3413 prium
1477 3383 1516 3404 est
1530 3380 1610 3404 etiam
1623 3380 1752 3404 materiae
1769 3380 1840 3404 aeris
1860 3380 1898 3404 Ca
1903 3388 1913 3410 ;
1927 3379 2069 3412 propriam
2083 3388 2136 3405 om.
2151 3380 2196 3405 Pb.
2209 3393 2228 3398 —-
2245 3380 2295 3404 Pro
2314 3381 2340 3405 in
2359 3389 2431 3414 aqua

1370 3416 1435 3446 alia,
1453 3423 1520 3447 quae
1539 3420 1578 3439 est
1597 3415 1671 3439 lectio
1690 3415 1730 3439 ed.
1744 3415 1767 3445 b,
1787 3415 1812 3439 in
1826 3415 1919 3447 aliqua
1936 3415 1992 3439 alia
2009 3413 2061 3444 ΡΑ,
2080 3415 2106 3439 in
2126 3415 2216 3448 aliqua
2235 3415 2315 3440 tertia
2330 3416 2431 3449 (aliqua

1369 3451 1424 3475 alia
1438 3450 1552 3474 materia
1567 3449 1598 3482 C)
1611 3453 1638 3474 et
1651 3449 1747 3474 iterum
1766 3450 1792 3474 in
1812 3450 1866 3474 alia
1881 3450 1927 3474 Ca.

1423 3483 1446 3517 θ)
1467 3485 1537 3517 quod
1562 3485 1665 3518 infinita
1683 3485 1797 3516 possint.
1815 3499 1833 3503 -
1852 3485 1923 3517 quod
1942 3485 2029 3517 possit
2051 3486 2082 3510 A.
2101 3499 2119 3504 -
2137 3486 2201 3510 Post
2222 3494 2300 3511 unam
2321 3486 2364 3511 lin.
2383 3494 2430 3519 pro

1364 3523 1455 3552 potest
1472 3520 1605 3552 generari,
1624 3523 1766 3552 generetur
1784 3521 1806 3544 A
1812 3528 1819 3551 ;
1838 3528 1905 3551 quae
1924 3521 1998 3545 lectio
2017 3521 2141 3553 acceptari
2160 3527 2258 3553 posset.

1424 3555 1442 3587 ι)
1461 3555 1530 3579 sicut
1552 3555 1624 3586 quod
1641 3555 1707 3581 exit.
1727 3569 1746 3573 -
1765 3558 1795 3579 ut
1812 3555 1905 3580 exiens
1924 3556 1958 3586 C,
1985 3556 2045 3588 quia
2063 3556 2103 3580 ed.
2122 3563 2139 3580 a
2157 3564 2210 3581 om.
2229 3557 2298 3581 sicut
2316 3557 2395 3588 quod.
2412 3570 2431 3575 —

1370 3591 1421 3631 Pro
1440 3589 1529 3630 vinum
1549 3589 1608 3614 exit
1625 3597 1643 3614 a
1661 3590 1740 3620 dolio,
1761 3598 1842 3615 unum
1861 3591 1920 3616 exit
1937 3591 1971 3616 ab
1989 3591 2043 3615 alio
2062 3591 2095 3621 C,
2115 3591 2175 3624 quia
2194 3592 2235 3616 ed.
2253 3599 2271 3616 a
2289 3591 2431 3624 corrumpit

1371 3633 1459 3650 vinum
1479 3633 1504 3649 m
1525 3632 1614 3650 unum.

2221 3679 2252 3712 39

2480 755 2617 802 bsecundum
2639 761 2667 778 pc

2456 787 2470 803 a
2495 797 2500 803 .

2456 1077 2465 1085 ·
2476 1074 2596 1103 probabat
2610 1081 2647 1097 ω.

2458 1340 2466 1348 ·
2481 1337 2584 1360 ostendit
2597 1343 2636 1359 ca.

2556 2082 2571 2104 η

2460 2187 2468 2195 ·
2476 2187 2579 2214 possunt
2590 2185 2625 2212 pb,
2637 2187 2673 2207 est

2460 2218 2509 2234 om.
2525 2218 2562 2234 ca.

2561 2722 2569 2736 Ι,

2463 2822 2471 2830 ·
2483 2820 2574 2848 aliquid
2582 2826 2630 2841 om.
2642 2825 2670 2841 Pe

2461 2847 2560 2894 gbflect.
2570 2879 2601 2899 rx,
2612 2878 2634 2893 n.
2663 2887 2669 2893 .

2460 2902 2468 2909 ·
2485 2899 2594 2921 sensibile
2602 2904 2646 2920 rea
2662 2914 2668 2920 .
