2782 4134
68 376 77 384 '¹
99 372 260 394 alterationem

68 406 144 422 necor.

69 429 76 436 '
91 426 151 448 coeli
163 431 183 446 A.

67 524 75 533 '¹
91 523 115 544 in
129 528 175 543 om.
186 531 207 545 Α.

66 687 77 697 ’
91 685 224 707 ordinatum
235 689 275 704 co-

65 712 135 732 dices.

64 739 86 749 ‘⁴
101 737 206 759 similiter
219 743 240 758 A.

164 847 171 862 t

62 947 72 958 ⁸
86 948 109 967 et
122 952 169 967 om.
184 952 204 967 Ρ.

60 1102 69 1110 ·
84 1100 154 1121 Num.
168 1106 188 1127 7.

58 1475 66 1483 ·
81 1475 142 1496 Lect.
159 1481 198 1502 vn,
213 1481 235 1497 n.
246 1481 265 1503 5.

55 1797 64 1807 ⁸
78 1796 129 1817 Lib.
140 1795 157 1822 1,
174 1796 225 1818 lect.
234 1803 263 1823 vi,

59 1828 82 1843 n.
97 1828 116 1843 2.

55 1954 64 1962 '
71 1953 221 1981 Lem.v11,n.2
230 1960 264 1981 sq.

55 2218 63 2226 '
80 2216 139 2238 Ibid.

58 2854 66 2863 '
77 2853 100 2874 ei
109 2853 176 2875 codd.
185 2860 263 2876 exea.

63 3063 71 3072 ·
91 3063 169 3091 aliquo
190 3067 252 3086 motu

61 3095 107 3110 om.
123 3090 189 3111 codd.

313 293 380 318 122

306 371 395 395 nem
417 359 435 379 ””“
465 357 596 406 quietis
617 363 653 393 et
672 363 810 393 motus.
838 354 948 392 Unde
968 353 1006 390 id
1027 352 1130 401 quod
1161 358 1216 387 est
1244 350 1282 386 in
1312 349 1364 385 eis

306 411 352 448 de
373 418 491 458 motu,
509 417 683 447 causatur
698 421 743 445 ex
762 415 870 445 motu
891 406 1039 443 caelesti
1054 406 1088 450 *ς
1110 403 1215 452 quod
1236 410 1363 439 autem

306 472 360 501 est
387 464 425 500 in
446 464 498 500 eis
519 463 565 500 de
586 463 734 499 defectu
763 468 902 506 motus,
933 459 1028 495 idest
1048 458 1095 494 de
1116 456 1254 504 quiete,
1277 466 1363 491 cau-

304 524 405 554 satur
425 529 470 552 ex
489 516 636 553 defectu
656 515 838 563 ipsorum,
856 513 895 549 in
912 513 930 532 ³²
951 522 1115 559 quorum
1136 516 1269 545 natura
1285 519 1363 544 non

305 578 359 606 est
377 578 417 606 ut
437 581 587 617 semper
607 574 854 611 moveantur;
876 564 943 601 sed
963 571 1090 599 motus
1115 562 1208 598 caeli
1229 561 1363 598 dicitur

303 623 492 670 suscipere
522 621 687 669 quietem
716 621 853 656 horum
884 628 1108 665 corporum,
1139 615 1234 651 sicut
1263 614 1362 651 ordi-

303 683 429 712 natam
447 677 465 695 ²³²
486 675 534 711 ad
553 675 681 710 finem.
704 674 752 709 Et
771 672 823 708 sic
837 672 876 692 *³*
896 670 1009 706 etiam
1025 670 1133 705 Plato
1150 668 1187 705 in
1207 668 1361 704 Timaeo

302 730 428 765 Deum
458 727 590 764 mundi
620 725 854 762 conditorem
882 722 1025 760 inducit
1059 722 1248 759 dicentem
1278 734 1362 758 cae-

301 781 452 818 lestibus
483 780 571 817 diis:
600 779 816 815 alimentum
845 777 973 813 dantes
1001 781 1154 825 augete,
1189 781 1226 811 et
1250 775 1360 811 detri-

301 840 464 871 mentum
486 844 601 881 passa
630 832 762 868 iterum
789 830 961 877 suscipite
979 836 998 865 ‘.
1264 830 1269 833 '

357 888 388 923 5.
411 886 557 923 Deinde
587 897 673 921 cum
703 883 805 920 dicit:
840 883 996 919 Caelum
1020 887 1145 919 autem
1175 888 1258 927 etc.,
1280 892 1359 916 ma-

301 940 446 976 nifestat
465 939 502 975 in
522 937 672 987 speciali
692 937 798 985 quod
819 936 978 973 dixerat:
1001 943 1037 972 et
1056 937 1074 954 *t
1095 934 1220 983 primo
1241 946 1359 982 quan-

298 1001 378 1029 tum
399 992 445 1028 ad
474 990 806 1039 sempiternitatem
836 989 950 1035 caeli;
975 987 1143 1025 secundo
1174 994 1358 1035 quantum

298 1047 345 1082 ad
374 1045 589 1093 qualitatem
617 1050 744 1080 motus
765 1042 854 1090 eius,
877 1042 945 1079 ibi:
974 1042 1109 1078 Adhuc
1127 1045 1252 1077 autem
1280 1040 1361 1076 sine

297 1099 425 1135 labore
446 1099 463 1118 ‘⁶'
492 1105 560 1134 etc.
1324 1096 1331 1102 '

349 1151 464 1197 Quod
493 1157 619 1187 autem
641 1149 788 1185 caelum
818 1148 863 1185 sit
891 1147 1179 1197 sempiternum,
1200 1145 1358 1183 manife-

295 1211 365 1240 stat
402 1203 606 1252 dupliciter.
645 1202 775 1238 Primo
814 1201 971 1251 quidem
1009 1201 1221 1238 secundum
1260 1199 1358 1236 dicta

294 1257 547 1305 antiquorum.
577 1257 626 1292 Et
645 1255 733 1292 dicit
752 1255 857 1304 quod
877 1254 1019 1303 antiqui
1042 1253 1132 1302 ipsis
1161 1253 1230 1290 diis
1259 1252 1358 1289 attri-

294 1311 460 1346 buebant
475 1310 622 1346 caelum
639 1316 674 1345 et
693 1309 822 1345 locum
842 1308 906 1356 qui
922 1315 977 1344 est
992 1319 1156 1354 sursum,
1172 1314 1356 1355 tanquam

294 1364 439 1399 caelum
469 1362 514 1399 sit
541 1362 765 1408 immortale,
787 1368 828 1397 ut
848 1361 1120 1398 convenienter
1134 1360 1255 1408 possit
1275 1371 1356 1396 esse

293 1417 397 1452 locus
428 1415 709 1462 immortalium,
731 1415 825 1451 sicut
854 1414 966 1451 etiam
994 1425 1108 1462 supra
1137 1413 1280 1450 dictum
1302 1420 1358 1449 est

293 1469 331 1505 in
358 1469 482 1518 primo
505 1471 536 1506 ²³².
557 1490 581 1496 —
601 1469 723 1506 Vocat
742 1476 870 1505 autern
889 1468 1017 1504 locum
1047 1479 1199 1503 sursum
1228 1466 1355 1515 ipsum

294 1524 440 1559 caelum
473 1530 628 1571 propter
665 1533 914 1558 communem
953 1520 1174 1569 opinionem
1212 1519 1264 1556 sic
1302 1520 1356 1556 lo-

294 1576 507 1624 quentium;
537 1583 573 1612 et
601 1575 691 1624 quia
718 1575 823 1611 locus
853 1586 929 1623 quo
959 1574 1129 1610 feruntur
1157 1573 1267 1619 levia,
1291 1573 1356 1621 qui

292 1628 444 1678 proprie
474 1628 606 1666 dicitur
624 1629 730 1665 locus
754 1640 916 1674 sursum,
937 1626 1281 1676 propinquissimus
1302 1634 1357 1663 est

295 1681 442 1719 caelesti
471 1681 630 1731 corpori.

346 1736 380 1771 6.
404 1736 580 1772 Secundo
610 1734 678 1771 ibi:
707 1734 824 1771 Nunc
860 1739 985 1770 autem
1014 1733 1230 1781 testificatur
1263 1740 1354 1780 etc.,

293 1788 504 1825 manifestat
518 1788 619 1825 idem
634 1800 703 1836 per
723 1787 907 1823 rationem
923 1799 1037 1835 supra
1052 1787 1072 1807 *
1087 1786 1263 1836 positam,
1280 1798 1356 1835 qua

294 1842 560 1879 ostendebatur
588 1841 691 1889 quod
717 1841 864 1876 caelum
893 1840 939 1876 sit
966 1839 1219 1888 ingenerabile
1246 1847 1283 1876 et
1302 1839 1356 1876 in-

294 1894 544 1943 corruptibile,
567 1907 612 1930 ex
631 1894 705 1930 hoc
724 1893 874 1941 scilicet,
895 1894 999 1942 quod
1023 1901 1124 1930 caret
1153 1893 1354 1930 contrario.

294 1947 439 1984 Ibidem
456 1949 475 1968 ’ῥ’
497 1947 608 1984 etiarn
634 1954 688 1983 est
707 1954 903 1983 ostensum
923 1946 1028 1995 quod
1049 1947 1196 1991 cael-um
1213 1953 1267 1982 est
1286 1946 1355 1982 im-

293 2000 468 2049 passibile
495 2000 670 2049 passione
699 2012 797 2048 quae
826 1999 968 2036 inducit
987 1999 1245 2036 difficultatem
1276 2011 1357 2036 cor-

294 2053 498 2102 ruptionis,
526 2061 578 2099 ut,
596 2053 738 2090 ibidem
776 2060 971 2089 ostensum
1001 2059 1067 2089 est.
1099 2053 1196 2089 Sunt
1227 2059 1357 2089 tamen

295 2118 455 2154 corpora
484 2106 656 2143 caelestia
683 2105 875 2154 passibilia
898 2105 1075 2154 passione
1102 2105 1355 2154 perfectionis,

294 2159 388 2196 sicut
415 2159 519 2208 quod
547 2160 636 2196 luna
665 2159 895 2196 illuminatur
914 2166 950 2196 et
978 2158 1108 2207 recipit
1134 2159 1312 2195 virtutem
1333 2171 1355 2196 a

293 2213 390 2249 sole:
420 2219 455 2249 et
482 2213 577 2249 haec
606 2212 717 2248 etiarn
748 2225 862 2261 supra
881 2213 901 2233 *¹
929 2211 1027 2249 dicta
1056 2219 1152 2249 sunt.

345 2278 381 2313 7.
406 2265 554 2302 Deinde
583 2277 671 2302 cum
701 2265 803 2302 dicit:
832 2266 967 2301 Adhuc
993 2270 1118 2301 autem
1145 2265 1226 2301 sine
1253 2264 1354 2301 labo-

291 2330 333 2354 re
352 2325 433 2365 etc.,
450 2318 662 2355 manifestat
680 2318 898 2366 qualitatem
919 2325 1047 2354 motus
1068 2317 1170 2364 caeli,
1193 2324 1229 2354 et
1248 2318 1353 2366 quod

291 2378 468 2407 movetur
481 2377 494 2391 ²
514 2371 593 2407 sine
612 2371 753 2407 labore.
776 2372 824 2407 Et
843 2371 918 2407 hoc
935 2371 1073 2419 probat
1092 2371 1181 2420 quia
1200 2383 1279 2407 non
1299 2378 1355 2407 est

288 2436 431 2472 ponere
451 2424 555 2472 quod
579 2436 648 2472 per
665 2424 831 2472 aliquam
861 2423 1124 2461 necessitatem
1143 2424 1352 2461 violentam

290 2477 516 2524 detineatur,
547 2489 644 2526 quae
671 2477 872 2526 prohibeat
899 2477 1026 2526 ipsum
1054 2477 1164 2514 aliter
1190 2477 1351 2523 moveri,

290 2529 427 2566 scilicet
463 2530 674 2567 secundum
712 2542 822 2567 suam
861 2538 1047 2567 naturam.
1087 2531 1216 2567 Omne
1250 2530 1352 2566 enim

290 2583 394 2630 quod
423 2595 510 2619 cum
539 2583 667 2620 labore
696 2591 886 2630 movetur,
907 2586 1086 2620 movetur
1114 2590 1245 2619 contra
1269 2595 1352 2619 mo-

289 2642 370 2672 tum
399 2636 607 2672 naturalem
636 2636 693 2673 sui
723 2636 892 2685 corporis
911 2639 1083 2685 (propter
1101 2635 1207 2685 quod
1225 2643 1353 2673 motus

291 2688 461 2725 animalis
481 2701 630 2726 sursum
651 2697 706 2726 est
724 2690 968 2736 laboriosus):
994 2701 1094 2738 quae
1114 2696 1242 2725 autern
1263 2701 1353 2726 con-

291 2747 347 2778 tra
374 2754 482 2778 suam
516 2750 690 2779 naturam
724 2750 950 2789 moventur,
980 2742 1010 2779 si
1045 2743 1182 2779 debeat
1217 2754 1351 2779 eorum

292 2801 417 2831 motus
446 2795 674 2842 continuari,
705 2803 855 2844 oportet
882 2796 988 2845 quod
1015 2796 1091 2832 hoc
1119 2795 1165 2832 sit
1191 2807 1260 2844 per
1288 2795 1352 2832 ali-

293 2848 395 2895 quod
422 2847 630 2885 violentum
650 2861 831 2896 movens,
858 2849 963 2897 quod
982 2848 1156 2897 imponat
1175 2848 1228 2885 eis
1248 2850 1268 2868 *
1288 2861 1352 2885 ne-

293 2900 501 2938 cessitatem
540 2902 764 2947 coactionis;
803 2914 894 2939 nam
932 2901 1135 2938 necessitas
1173 2902 1352 2939 naturalis

292 2965 370 2990 non
398 2961 452 2990 est
471 2954 540 2990 nisi
559 2955 608 2991 ad
629 2967 673 2991 ea
693 2967 791 3004 quae
811 2963 898 2992 sunt
921 2955 1134 2992 secundum
1162 2962 1349 2992 naturam.

294 3005 419 3042 Omne
434 3014 560 3043 autem
580 3008 685 3057 quod
707 3015 762 3044 est
779 3009 864 3055 tale,
886 3007 993 3057 quod
1013 3007 1153 3044 scilicet
1173 3016 1353 3045 movetur

294 3058 416 3107 aliquo
437 3067 543 3096 motu
559 3061 578 3081 ’²²
599 3068 730 3097 contra
758 3074 868 3098 suam
897 3068 1084 3108 naturam,
1105 3068 1208 3097 tanto
1231 3061 1352 3109 magis

293 3111 522 3149 laboriosum
543 3120 608 3159 est,
629 3122 770 3162 quanto
791 3122 919 3151 motus
939 3114 1019 3151 eius
1039 3121 1095 3150 est
1118 3113 1237 3162 magis
1262 3127 1351 3151 con-

294 3163 417 3201 tinuus
437 3172 472 3201 et
491 3166 749 3215 sempiternus,
771 3175 807 3204 et
835 3175 978 3216 quanto
999 3166 1118 3215 magis
1143 3174 1199 3204 est
1218 3179 1351 3216 expers

350 3300 368 3335 ι)
387 3307 514 3336 augete...
532 3305 690 3336 suscipite.-
710 3306 760 3330 Pro
779 3310 887 3340 augete,
907 3315 1007 3341 augere
1027 3308 1046 3332 P
1066 3313 1091 3333 et
1110 3308 1185 3334 codd.
1201 3316 1255 3334 exc.
1273 3310 1350 3340 AsG;

298 3336 317 3360 P
335 3343 520 3377 consequenter
533 3340 634 3372 corrigit
651 3341 774 3373 suscipite
787 3342 812 3366 in
826 3343 972 3375 suscipere;
991 3343 1097 3376 insuper
1112 3343 1131 3368 P
1145 3349 1170 3369 et
1184 3344 1290 3369 forsitan
1305 3345 1350 3369 ali-

299 3378 341 3402 qui
361 3372 459 3396 codices
482 3381 529 3405 pro
552 3374 751 3405 detrimentum,
777 3377 978 3403 decrementum.
1004 3379 1076 3409 Plato
1100 3378 1177 3404 habet
1200 3378 1296 3414 τροφήν
1323 3388 1349 3405 τι

298 3403 407 3434 arsam<
421 3404 537 3436 αὗξάνετε
551 3407 593 3433 καὶ
609 3407 726 3443 φθίνοντι
744 3407 821 3436 πάλιν
840 3411 953 3447 δέχεσθε;
969 3414 1107 3446 legendum
1122 3422 1184 3447 ergo
1203 3423 1263 3440 cum
1282 3416 1314 3440 A.

309 3474 314 3480 ι
351 3439 376 3473 κ)
392 3444 417 3465 et
429 3443 498 3482 quod
511 3447 661 3469 movetur.—
672 3446 726 3470 Hoc
740 3454 793 3471 om.
803 3448 839 3478 A;
855 3449 911 3473 cod.
921 3449 1020 3473 Balliol.
1034 3449 1081 3474 3¹2
1093 3458 1146 3475 om.
1157 3454 1191 3475 et.
1200 3463 1219 3470 -
1228 3451 1291 3476 Post
1304 3458 1349 3476 un.

299 3475 342 3515 lin.
356 3482 402 3515 pro
421 3476 576 3507 detineatur,
595 3483 825 3506 contramoveatur
839 3483 875 3513 Α,
897 3484 1065 3509 contineatur
1084 3491 1146 3516 cet.;
1166 3486 1199 3511 cf.
1211 3491 1318 3511 textum.
1331 3500 1350 3506 —-

300 3509 335 3533 Ibi
354 3510 432 3534 aliter
451 3513 548 3536 moveri
565 3513 662 3538 scilicet
685 3516 825 3541 secundum
844 3524 918 3542 suam
944 3522 1081 3550 naturam,
1106 3521 1125 3545 P
1150 3521 1230 3546 aliter
1249 3522 1350 3547 moveri

299 3551 378 3576 quam
396 3546 536 3570 secundum
554 3554 628 3572 suam
647 3552 786 3579 naturam‚·
806 3552 828 3575 Α
846 3553 924 3577 aliter
938 3555 1039 3579 moveri
1052 3563 1130 3587 quam
1145 3557 1243 3582 scilicet
1257 3564 1348 3582 secun-

301 3579 363 3604 dum
381 3587 460 3620 suam¹
475 3584 607 3607 naturam.
626 3583 713 3608 Lectio
727 3585 845 3617 adoptata
860 3593 899 3611 est
917 3589 1033 3614 omnium
1052 3590 1160 3615 aliorum
1173 3592 1256 3622 codd„
1272 3598 1298 3617 et
1311 3592 1349 3617 vi-

301 3614 374 3639 detur
391 3622 496 3640 ommno
515 3616 655 3642 retinenda:
674 3620 811 3644 necessitas
830 3621 897 3646 enim
916 3623 1026 3649 violenta
1044 3633 1099 3650 rem
1117 3627 1222 3660 impedit
1241 3636 1273 3653 ne
1292 3635 1347 3653 mo-

1003 275 1074 312 DE
1105 272 1279 310 CAELO
1310 271 1381 308 ET
1410 269 1605 307 MUNDO
1635 270 1729 306 LIB.
1762 270 1793 305 Il

1422 348 1590 397 optimae
1607 347 1876 396 dispositionis,
1889 353 1929 383 ut
1939 345 2080 383 scilicet
2094 346 2140 383 sit
2155 348 2369 385 secundum
2385 361 2496 385 suam

1421 409 1608 438 naturam.
1631 402 1718 438 Hoc
1746 409 1875 437 autem
1904 412 1983 436 non
2011 406 2139 448 potest
2166 400 2316 437 attribui
2345 402 2497 451 corpori

1421 454 1583 500 caelesti,
1606 454 1711 503 quod
1739 462 1795 491 est
1824 453 2106 490 nobilissimum
2137 465 2363 502 corporum:
2391 455 2496 493 unde

1421 507 1642 556 relinquitur
1670 507 1775 556 quod
1805 514 1933 544 motus
1962 506 2056 544 caeli
2085 518 2164 543 non
2193 506 2240 543 sit
2267 506 2493 545 laboriosus.

1473 562 1508 598 8.
1531 561 1682 598 Deinde
1703 573 1791 597 cum
1813 557 1917 610 dicitf:
1937 561 2100 608 Propter
2119 560 2221 608 quod
2238 559 2388 608 quidem
2409 568 2494 608 etc.,

1420 614 1584 651 excludit
1612 614 1813 663 opiniones
1842 613 2062 651 contrarias.
2099 614 2148 650 Et
2174 613 2302 662 primo
2331 614 2496 651 excludit

1420 679 1583 714 errores;
1614 668 1783 705 secundo
1822 667 2013 704 concludit
2048 666 2250 704 veritatem
2287 666 2494 715 intentam,

1418 721 1485 758 ibi:
1517 722 1559 757 Si
1585 721 1710 770 itaque
1737 721 2096 770 quemadmodum
2127 728 2195 757 etc.

1472 775 1583 811 Circa
1610 775 1780 824 primum
1802 774 1963 811 excludit
1980 781 2056 811 tres
2076 773 2289 823 opiniones.
2317 773 2493 820 Quarum

1416 828 1540 876 prima
1573 835 1629 864 est
1665 828 1855 865 fabularis.
1892 829 1942 865 Et
1969 827 2057 865 dicit
2085 827 2212 876 quod,
2247 827 2337 876 quia
2365 834 2494 864 motus

1418 881 1510 917 ca‘eli
1539 893 1619 918 non
1649 889 1704 918 est
1727 881 1940 918 laboriosus
1960 893 2032 918 nec
2052 888 2183 918 contra
2202 888 2391 927 naturam,
2414 893 2494 917 non

1417 941 1472 970 est
1505 945 1577 970 nec
1602 935 1622 955 ’³‘
1651 934 1785 972 leviter
1821 934 2096 983 suspicandum
2131 934 2238 984 quod
2276 946 2317 971 se
2354 934 2495 971 habeat

1416 987 1694 1036 sempiternitas
1723 987 1817 1024 caeli
1846 995 1883 1024 et
1906 995 2035 1024 motus
2055 987 2136 1025 eius
2156 988 2370 1025 secundum
2399 988 2494 1025 anti-

1415 1052 1532 1089 quam
1554 1041 1723 1077 fabulam
1744 1041 1905 1077 Homeri
1934 1047 1971 1077 et
2000 1041 2163 1077 aliorum
2188 1048 2405 1090 poetarum,
2428 1041 2493 1090 qui

1416 1093 1592 1130 dicebant
1620 1093 1726 1142 quod
1755 1094 1918 1141 caelum,
1939 1094 1990 1130 ad
2007 1094 2084 1130 hoc
2110 1094 2218 1143 quod
2243 1101 2494 1132 conservetur

1414 1146 1452 1183 in
1481 1159 1551 1183 suo
1581 1146 1669 1193 situ,
1699 1146 1842 1194 indiget
1870 1146 2042 1195 quodam
2076 1147 2246 1195 gigante,
2277 1158 2394 1196 quem
2422 1160 2492 1186 vo-

1414 1200 1551 1236 cabant
1578 1200 1794 1246 Atlantem,
1825 1207 1987 1236 stantem
2021 1211 2137 1248 super
2165 1200 2261 1237 duas
2290 1201 2492 1238 columnas

1415 1260 1450 1290 et
1479 1260 1755 1290 sustentantem
1793 1252 1963 1289 humeris
2002 1253 2164 1290 caelum.
2201 1253 2255 1290 Illi
2293 1253 2397 1291 enim
2425 1254 2491 1303 qui

1413 1306 1527 1343 istum
1547 1318 1769 1343 sermonem
1790 1306 2002 1343 fabularem
2023 1313 2337 1355 composuerunt,
2357 1306 2493 1344 viden-

1412 1367 1473 1396 tur
1501 1360 1665 1397 eandem
1704 1359 1930 1409 opinionem
1966 1359 2148 1396 habuisse
2185 1359 2234 1396 de
2263 1360 2491 1409 corporibus

1413 1413 1649 1461 caelestibus,
1669 1425 1788 1462 quam
1818 1413 2035 1450 habuerunt
2062 1413 2221 1462 quidam
2245 1413 2489 1462 posteriores,

1412 1467 1553 1503 scilicet
1577 1468 1597 1488 ’²‘
1625 1474 1667 1503 ut
1696 1474 1822 1503 essent
1849 1466 1979 1514 gravia
2008 1474 2045 1503 et
2072 1474 2195 1504 terrea
2215 1467 2270 1513 ³⁸⁴⁸,
2291 1474 2334 1504 ut
2362 1467 2416 1504 sic
2434 1466 2490 1505 in-

1413 1519 1556 1568 digeret
1575 1531 1727 1557 sursum
1749 1527 1882 1557 contra
1906 1532 2017 1556 suam
2037 1528 2212 1557 naturam
2233 1520 2392 1558 detineri
2419 1532 2490 1571 per

1411 1574 1580 1623 aliquam
1608 1573 1790 1610 virtutem
1819 1573 2047 1620 animatam,
2076 1574 2139 1610 vel
2167 1573 2324 1610 alicuius
2350 1573 2404 1611 rei
2430 1573 2489 1612 vi-

1411 1627 1559 1674 ventis,
1598 1635 1691 1676 puta
1730 1627 1801 1664 Dei
1839 1627 1901 1664 vel
1939 1626 2216 1677 cuiuscumque
2253 1626 2488 1665 substantiae

1412 1689 1620 1730 separatae.
1658 1681 1707 1718 Et
1735 1680 1765 1717 si
1795 1680 1953 1729 quidem
1989 1680 2064 1717 hoc
2092 1680 2221 1718 dicant
2257 1681 2365 1718 caelo
2403 1691 2490 1719 esse

1411 1734 1670 1771 necessarium
1685 1741 1844 1782 propter
1857 1734 1932 1770 hoc
1951 1734 2056 1782 quod
2077 1734 2226 1771 caelum
2246 1734 2388 1772 habeat
2405 1744 2489 1784 gra-

1410 1787 1581 1834 vitatem,
1603 1787 1729 1824 fabula
1749 1794 1806 1824 est
1834 1786 1994 1823 omnino
2015 1787 2276 1836 reprobanda:
2301 1787 2332 1824 si
2356 1784 2488 1826 autem

1411 1841 1615 1889 intelligant
1644 1843 1663 1860 ⁶
1693 1840 1798 1889 quod
1836 1840 1986 1877 caelum
2022 1840 2163 1877 habeat
2199 1847 2376 1878 naturam
2405 1838 2488 1878 talis
2514 1867 2530 1890 d

1411 1894 1501 1931 situs
1531 1901 1567 1931 et
1595 1901 1735 1940 motus,
1762 1901 1798 1930 et
1824 1901 1956 1930 tamen
1986 1900 2121 1930 natura
2140 1894 2161 1915 ’³
2186 1901 2243 1930 est
2270 1893 2305 1930 ei
2334 1894 2382 1931 ab
2411 1892 2487 1932 alio

1412 1955 1590 1984 causante
1620 1955 1657 1984 et
1684 1954 1951 1994 conservante,
1982 1946 2036 1983 sic
2064 1946 2193 1984 fabula
2220 1946 2363 1996 aliquid
2391 1946 2489 1985 divi-·

1412 2012 1505 2037 num
1536 2001 1715 2037 continet.
2236 2016 2240 2020 ·

1466 2066 1502 2102 9.
1525 2053 1706 2090 Secundo
1735 2052 1801 2090 ibi:
1831 2053 1969 2102 Neque
1990 2059 2149 2102 propter
2167 2054 2488 2104 circumgyratio-

1412 2119 1497 2144 nem
1518 2114 1601 2154 etc.,
1623 2106 1786 2144 excludit
1805 2106 2030 2155 opinionem
2051 2106 2311 2156 Empedoclis,
2332 2107 2398 2157 qui
2416 2119 2487 2158 po-

1410 2161 1526 2197 nebat
1553 2160 1659 2209 quod
1679 2161 1827 2197 caelum
1848 2159 1886 2196 in
1905 2159 1968 2197 tali
1988 2160 2061 2197 situ
2081 2167 2332 2198 conservatur
2355 2172 2406 2198 ne
2425 2172 2487 2199 ca-

1411 2213 1484 2259 dat,
1505 2221 1662 2262 propter
1678 2212 1922 2250 velocitatem
1942 2213 1999 2250 sui
2019 2221 2159 2261 motus,
2179 2226 2282 2263 quae
2298 2215 2318 2236 *
2339 2214 2488 2253 excedit
2514 2223 2523 2232 '

1409 2266 1693 2303 inclinationem
1737 2266 1916 2316 propriae
1954 2275 2112 2304 naturae
2151 2267 2199 2306 ad
2243 2267 2485 2315 cadendum

1409 2319 1504 2356 sicut
1531 2319 1668 2357 accidit
1695 2319 1734 2357 in
1759 2331 1870 2369 aqua,
1900 2332 2000 2369 quae
2019 2332 2099 2357 non
2127 2320 2336 2358 effunditur
2355 2321 2386 2359 si
2413 2332 2485 2360 vas

1408 2385 1531 2421 aquae
1567 2372 1740 2410 velocius
1775 2380 1931 2421 gyretur
1957 2385 2076 2422 quam
2113 2373 2161 2410 sit
2193 2381 2323 2411 motus
2360 2386 2485 2424 aquae

1409 2427 1603 2463 deorsum.
1621 2427 1670 2462 Et
1688 2426 1764 2462 hoc
1783 2425 1895 2462 etiam
1911 2425 2088 2463 dicuntur
2103 2426 2124 2448 ’²
2141 2427 2318 2475 posuisse
2338 2428 2484 2465 Demo·
2510 2434 2520 2442 '

1409 2479 1523 2515 critus
1551 2486 1589 2515 et
1616 2480 1874 2526 Anaxagoras.
1895 2499 1919 2507 -
1941 2479 2019 2517 Sed
2047 2480 2123 2516 hoc
2148 2481 2168 2502 ¹²
2197 2480 2353 2529 quidem
2386 2481 2481 2518 forte

1409 2539 1507 2568 esset
1526 2531 1705 2580 possibile
1725 2531 1897 2569 accidere
1928 2531 1966 2569 in
1994 2532 2124 2582 aliquo'
2152 2533 2260 2570 brevi
2287 2541 2482 2583 tempore:

1408 2584 1475 2621 sed
1504 2585 1609 2633 quod
1637 2596 1706 2633 per
1733 2585 1848 2621 talem
1866 2585 2110 2623 velocitatem
2131 2594 2260 2623 motus
2280 2599 2483 2625 conserve-

1407 2645 1468 2674 tur
1486 2637 1577 2674 situs
1598 2637 1690 2674 caeli
1705 2635 1717 2658 λ
1736 2637 1775 2674 in
1794 2644 1899 2675 tanto
1925 2645 2112 2688 tempore,
2135 2639 2275 2677 scilicet
2292 2648 2480 2690 perpetuo

1409 2698 1445 2727 et
1463 2690 1624 2737 infinito,
1645 2691 1720 2727 hoc
1740 2698 1797 2728 est
1814 2691 1929 2728 valde
1954 2691 2220 2741 improbabile.
2252 2694 2355 2731 Cum
2375 2693 2480 2735 enim

1407 2743 1445 2781 id
1474 2743 1580 2792 quod
1600 2751 1657 2780 est
1674 2744 1887 2781 violentum
1907 2744 1954 2782 sit
1973 2746 2164 2794 quaedam
2185 2746 2410 2785 exorbitatio
2429 2748 2480 2786 ab

2521 726 2530 734 ·
2547 725 2620 748 Num.
2636 732 2667 748 η.

2521 940 2530 948 ·
2545 939 2588 961 ηέε
2602 945 2652 961 om.
2666 945 2689 961 r.

2517 1467 2733 1518 &setall-{ceream-

2516 1522 2538 1534 ⁸⁶
2548 1523 2645 1544 terren
2660 1522 2731 1545 codd.

2513 1843 2523 1852 ·
2531 1841 2682 1873 fulenham
2689 1848 2730 1865 οο-

2513 1873 2619 1922 Ἰἴᾶωι
2632 1906 2655 1923 r.

1408 2808 1454 2833 eo
1475 2797 1579 2845 quod
1596 2801 1656 2834 'est
1675 2797 1887 2835 secundum
1908 2805 2095 2846 naturam,
2113 2811 2191 2837 non
2206 2799 2360 2838 videtur
2374 2801 2480 2850 quod
2511 2832 2513 2834 ,

1406 2850 1525 2899 possit
1554 2862 1636 2887 esse
1665 2850 1788 2887 maius
1816 2858 1970 2901 tempus
1998 2852 2079 2889 eius
2108 2853 2215 2902 quod
2254 2861 2310 2891 est
2333 2853 2480 2892 violen-

1406 2910 1509 2950 tum,
1539 2915 1656 2952 quarn
1690 2903 1771 2941 eius
1799 2904 1905 2953 quod
1939 2913 1995 2942 est
2032 2906 2245 2944 secundum
2280 2914 2477 2946 naturam:

1406 2956 1494 3005 quia
1525 2956 1562 2993 id
1599 2957 1704 3006 quod
1734 2965 1789 2994 est
1825 2958 2039 2996 secundum
2076 2966 2252 2997 naturam
2286 2968 2343 2998 est
2370 2960 2483 3010 quasi«

1406 3021 1559 3058 semper
1586 3017 1652 3047 aut
1679 3011 1774 3047 sicut
1802 3011 2019 3060 frequenter
2045 3017 2076 3049 Ρ.
2107 3014 2330 3062 Arguuntur
2363 3014 2478 3052 etiam

1405 3062 1475 3109 isti,
1506 3062 1601 3100 sicut
1620 3071 1657 3100 et
1674 3063 1800 3112 primi,
1822 3064 1909 3113 quia
1933 3065 2114 3103 videntur
2131 3074 2285 3115 putasse
2315 3079 2478 3118 corpora

1407 3116 1582 3152 caelestia
1601 3128 1684 3153 esse
1704 3117 1846 3165 gravia,
1867 3118 1936 3155 sed
1955 3127 2112 3169 propter
2129 3120 2372 3158 velocitatem
2392 3133 2484 3159 mos

1405 3176 1465 3205 tus
1490 3169 1670 3206 deorsum
1699 3182 1779 3207 non
1809 3172 1956 3209 cadere.

1405 3315 1495 3334 ventur
1510 3311 1653 3336 secundum
1669 3319 1744 3336 suam
1759 3317 1885 3337 naturam.
1906 3312 1980 3338 Unde
2000 3318 2069 3346 patet
2083 3309 2113 3338 τὸ
2128 3313 2209 3339 aliter
2222 3312 2290 3338 idem
2305 3321 2414 3347 prorsus
2433 3313 2476 3340 hic

1405 3344 1547 3378 significare
1566 3354 1595 3371 ac
1614 3347 1757 3372 secundum
1777 3355 1853 3372 suam
1873 3351 1999 3374 naturam
2005 3355 2014 3378 ,·
2033 3348 2065 3374 cf.
2078 3353 2185 3374 textum.

1458 3379 1486 3415 λ)
1506 3381 1553 3406 sed
1570 3382 1642 3414 quod
1651 3390 1735 3414 per...
1748 3383 1816 3408 situs
1835 3383 1911 3409 caeli.
1922 3397 1941 3402 -
1957 3384 1992 3409 lta
2011 3385 2047 3414 A;
2066 3384 2115 3410 sed
2131 3384 2204 3417 quod
2217 3391 2270 3417 per
2284 3385 2363 3410 talem
2378 3385 2474 3411 veloci-

1405 3419 1485 3441 tatem
1505 3421 1676 3442 conservetur
1695 3422 1782 3444 motus
1804 3419 1871 3444 situs
1895 3420 1963 3444 caeli
1981 3419 2016 3450 C;
2036 3419 2103 3444 sorte
2119 3419 2188 3445 situs
2206 3421 2332 3445 correctio
2351 3426 2405 3446 erat
2426 3429 2474 3454 pro

1405 3455 1498 3482 motus,
1515 3458 1539 3477 et
1554 3454 1663 3486 scriptor
1678 3459 1818 3487 utrumque
1837 3455 2006 3484 conservavit,
2020 3459 2050 3480 ut
2063 3455 2167 3487 saepius
2184 3455 2207 3480 ei
2220 3455 2311 3480 accidit
2316 3462 2323 3486 ;
2343 3455 2363 3480 P
2375 3461 2402 3481 et
2415 3461 2474 3487 cet„

1403 3488 1503 3512 omisso
1516 3489 1591 3517 situs.
1603 3489 1690 3522 legunt
1704 3495 1732 3514 ut
1745 3490 1773 3518 C,
1787 3490 1833 3515 sed
1850 3491 1925 3515 lectio
1939 3491 2059 3523 adoptata
2073 3490 2157 3515 multo
2172 3491 2266 3516 melius
2279 3492 2310 3516 nd
2325 3495 2473 3517 contextum

1404 3522 1461 3547 facit
1468 3531 1475 3554 ;
1495 3523 1526 3548 cf.
1542 3525 1620 3557 paulo
1635 3530 1694 3549 ante
1712 3526 1813 3550 caelum
1833 3526 1859 3550 in
1880 3526 1929 3551 taIi
1946 3526 1999 3551 situ
2018 3529 2193 3551 conservatur
2212 3533 2245 3552 ne
2262 3526 2345 3552 cadat
2358 3530 2474 3560 propter

1404 3558 1567 3584 velocitatem
1586 3560 1628 3584 sui
1647 3563 1747 3589 motus,
1768 3566 1793 3586 et
1812 3559 1891 3586 finem
1910 3569 1981 3586 num.

1457 3593 1485 3627 μ)
1505 3595 1582 3627 quasi
1599 3602 1703 3628 semper
1721 3599 1770 3621 aut
1787 3597 1857 3622 stcut
1863 3598 2032 3630 frequenter.
2045 3610 2065 3616 -
2077 3596 2147 3622 sicut
2159 3604 2264 3630 semper
2275 3601 2324 3623 aut
2335 3597 2473 3632 demste-

1402 3629 1524 3662 quentius
1542 3631 1575 3656 A.
1595 3630 1646 3655 Pro
1665 3632 1832 3664 Arguuntur,
1852 3633 1978 3665 Arguunt
1998 3633 2074 3658 codd.
2087 3640 2141 3658 exc.
2155 3633 2212 3659 Ast.

2026 3671 2039 3682 Q
