2782 4134
112 373 123 383 ·
141 371 248 420 gualiter
268 370 321 392 add.

110 404 138 420 eo
157 398 179 419 d.

110 426 120 435 '¹
135 425 237 446 existens
250 430 271 446 P.

107 1166 117 1176 ⁶
131 1165 202 1187 etiam
216 1172 263 1188 om.
278 1172 299 1188 p.

107 1432 118 1442 ·
130 1436 189 1458 quat
198 1437 227 1452 m
237 1433 258 1453 et
266 1430 317 1453 Par.

349 281 424 328 248

350 361 441 398 dum
456 359 539 397 fieri
555 371 599 395 ex
616 358 838 407 corporibus
856 358 876 379 *
888 357 993 406 prius
1012 357 1137 394 motis.
1160 358 1263 394 Nam
1284 364 1411 394 motus

349 421 453 450 actus
477 412 632 461 quidam
662 420 717 448 est
744 411 783 448 in
810 411 980 460 potentia
1009 411 1196 447 existentis
1226 411 1266 457 ²¹²,
1298 418 1333 446 et
1361 410 1411 446 ita

348 466 519 503 medium
550 473 604 502 est
631 465 727 502 inter
754 465 918 514 primam
946 464 1155 513 potentiam
1178 470 1214 499 et
1240 463 1409 511 primurn

349 527 496 565 actum3
526 518 563 555 in
591 518 649 555 his
677 525 804 554 autem
834 530 931 566 quae
960 518 1067 564 fiunt,
1092 516 1321 565 principium
1350 526 1411 552 su-

348 573 464 609 mitur
491 573 538 609 ab
566 571 624 608 his
653 583 750 620 quae
779 578 866 607 sunt
899 570 1057 607 omnino
1087 570 1126 606 in
1153 569 1343 618 potentia3
1375 577 1411 606 et

347 626 435 663 ideo
464 625 717 662 rationabilius
756 632 810 660 est
846 623 1075 672 principium
1104 622 1239 660 mundi
1274 623 1410 660 consti-

347 686 451 715 tuere
477 691 520 715 ex
539 679 597 715 his
625 689 722 726 quae
751 677 909 713 omnino
939 689 1016 714 non
1045 683 1262 723 moventur,
1292 689 1410 725 quam

349 744 394 768 ex
423 732 534 768 rebus
563 731 687 768 motis.

402 786 596 832 Quantum
617 791 745 820 autem
760 784 809 820 ad
824 782 1049 829 secundum,
1066 782 1154 820 dicit
1174 782 1278 831 quod
1296 783 1409 819 etiarn

347 838 408 875 alii
435 837 651 886 philosophi
679 843 864 885 ponentes
889 836 1118 885 principium
1146 836 1293 883 mundi,
1322 848 1409 873 con-

345 897 548 941 gregantes
581 890 792 938 aliqualiter
825 889 940 936 (idest
973 889 1139 926 dicentes
1173 889 1278 938 quod
1307 897 1409 926 ante-

347 956 463 993 quam
483 943 650 980 mundus
669 943 795 990 fieret,
818 950 924 979 erant
943 943 1072 979 omnia
1091 942 1301 990 aliqualiter
1320 955 1409 979 con-

346 1005 496 1045 gregata
523 997 562 1033 in
589 998 726 1042 unum)
754 1003 995 1032 tentaverunt
1015 996 1204 1043 assignare
1232 996 1406 1043 modum,

346 1049 543 1099 quomodo
569 1062 628 1086 res
653 1049 791 1086 iterum
820 1057 1069 1086 moverentur
1097 1056 1133 1085 et
1165 1049 1214 1086 ad
1242 1049 1407 1086 invicem

345 1110 640 1151 segregarentur,
664 1102 703 1139 in
731 1102 813 1151 ipsa
842 1102 976 1139 mundi
997 1102 1284 1148 constitutione;
1314 1103 1410 1139 sicut

343 1156 470 1205 posuit
487 1155 783 1202 Anaximander,
806 1163 842 1192 et
861 1155 975 1192 etiarn
991 1155 1012 1176 *
1027 1155 1294 1204 Empedocles.
1317 1156 1409 1192 Non

345 1217 401 1246 est
429 1208 529 1245 enirn
558 1209 778 1246 rationabile
808 1209 912 1257 quod
947 1208 1079 1257 aliquis
1107 1208 1218 1245 faciat
1254 1221 1409 1256 genera-

343 1262 487 1299 tionem
507 1261 641 1299 mundi
661 1274 707 1298 ex
727 1262 840 1298 rebus
860 1262 964 1311 prius
984 1261 1207 1299 distantibus
1228 1269 1264 1298 et
1282 1262 1407 1299 motis.

346 1315 450 1352 Sicut
484 1314 585 1352 enim
618 1322 745 1351 motus
779 1322 833 1352 est
866 1323 970 1352 actus
998 1315 1175 1363 quidam,
1210 1315 1261 1352 ita
1294 1315 1408 1352 etiarn

345 1368 519 1405 discretio
539 1380 608 1405 seu
628 1368 801 1405 distantia
821 1380 948 1405 rerum
966 1376 1022 1405 est
1048 1380 1118 1417 per
1135 1368 1310 1417 proprias
1334 1369 1408 1405 for-

345 1433 444 1469 mas,
474 1421 685 1459 secundum
713 1421 818 1470 quod
837 1422 857 1443 '¹‘
875 1433 935 1458 res
964 1429 1051 1458 sunt
1077 1421 1116 1458 in
1144 1429 1231 1458 actu
1260 1423 1408 1468 (secun-

1034 280 1105 316 DE
1136 279 1312 316 CAELO
1341 279 1413 315 ET
1442 278 1637 316 MUNDO
1668 279 1762 315 LIB.
1793 280 1842 316 III

1467 357 1559 394 dum
1588 357 1689 394 enim
1724 358 1830 407 quod
1863 366 1950 395 sunt
1983 358 2022 395 in
2055 358 2222 407 potentia
2255 370 2335 407 res,
2371 372 2450 397 non
2480 360 2536 398 di—

1466 413 1723 457 scernuntur);
1754 418 1790 447 et
1818 411 1907 460 quia
1940 411 2133 459 generatio
2161 413 2315 461 proprie
2344 413 2386 449 fit
2415 425 2460 450 ex
2487 426 2534 450 eo

1465 463 1571 511 quod
1592 471 1646 500 est
1665 464 1703 500 in
1722 465 1907 512 potentia,
1938 465 2025 502 ideo
2055 477 2134 502 non
2154 473 2210 502 est
2230 465 2450 503 rationabile
2471 478 2535 514 ge-

1466 528 1599 552 nerare
1628 517 1818 554 mundum
1848 530 1893 554 ex
1922 519 2036 555 rebus
2066 518 2234 555 discretis
2264 525 2299 555 et
2326 519 2451 556 motis.
2486 520 2536 556 Et

1465 568 1553 605 inde
1583 577 1639 606 est
1666 570 1773 618 quod
1801 571 2057 619 Empedocles
2081 571 2118 608 in
2137 571 2262 621 prima
2290 571 2534 619 generatione

1465 622 1600 659 mundi
1626 623 1876 671 praetermisit
1904 625 2120 672 amicitiam,
2150 625 2200 662 ad
2228 637 2347 674 quarn
2374 624 2536 673 pertinet

1466 687 1695 724 congregare
1725 676 1946 725 disgregata.
1977 679 2069 715 Non
2099 678 2200 715 enim
2222 685 2373 726 poterat
2391 679 2534 727 Empe-

1467 728 1594 765 docles
1618 729 1766 766 tradere
1797 730 2104 768 constitutionem
2133 731 2238 777 caeli,
2262 731 2359 768 idest
2387 730 2532 778 mundi,

1464 782 1515 818 ita
1534 782 1640 829 quod
1669 783 1911 820 constitueret
1939 784 2066 832 ipsum
2096 797 2141 821 ex
2167 785 2281 821 rebus
2308 784 2414 833 prius
2434 785 2454 804 '¹‘
2476 796 2534 820 se-

1464 835 1635 883 gregatis,
1666 835 1840 872 faciendo
1863 837 2196 885 congregationem
2219 837 2325 886 prius
2346 837 2535 885 disgrega-

1463 896 1604 934 torum,
1623 901 1693 936 per
1716 889 1938 926 amicitiam:
1967 890 2021 927 sic
2050 891 2152 927 enim
2177 898 2401 939 sequeretur
2429 890 2534 940 quod

1464 942 1632 978 mundus
1662 950 1760 978 esset
1788 942 2010 980 constitutus
2039 956 2085 980 ex
2114 944 2310 981 elementis
2335 944 2440 993 prius
2461 943 2534 981 dis-

1463 995 1643 1043 gregatis,
1679 995 1785 1042 quod
1815 1003 1870 1032 est
1898 1004 2028 1033 contra
2056 997 2261 1045 praedicta.
2291 998 2415 1044 Unde,
2445 997 2534 1045 quia

1463 1049 1501 1085 in
1535 1048 1801 1085 constitutione
1839 1049 1973 1086 mundi
2000 1050 2177 1086 utebatur
2205 1051 2330 1087 solum
2359 1050 2442 1097 lite,
2482 1050 2533 1088 ad

1463 1114 1581 1150 quam
1609 1102 1772 1150 pertinet
1799 1102 2012 1150 disgregare
2038 1103 2256 1149 coniuncta,
2294 1115 2532 1152 consequens

2560 795 2572 807 '⁵
2582 796 2653 823 prius
2666 802 2716 818 om.
2729 802 2753 819 r.
2764 806 2767 808 v

1464 1163 1519 1192 est
1547 1156 1652 1204 quod
1681 1155 1860 1202 mundus,
1890 1156 2103 1194 secundum
2132 1155 2259 1204 ipsum
2280 1157 2318 1203 ¹⁸³,
2348 1157 2457 1193 fieret
2485 1168 2531 1193 ex
2557 1165 2683 1188 *mm-dm
2701 1166 2777 1188 etim

1464 1208 1590 1257 aliquo
1619 1221 1697 1245 uno
1728 1215 1764 1245 et
1792 1217 2020 1257 congregato
2051 1221 2095 1245 ex
2124 1209 2262 1246 multis.

1516 1261 1659 1299 Ultimo
1680 1270 1807 1298 autem
1830 1262 2057 1311 epilogando
2076 1262 2268 1299 concludit
2286 1262 2532 1300 manifestum

1465 1327 1546 1352 esse
1568 1327 1613 1351 ex
1633 1315 1833 1363 praedictis
1862 1315 1967 1364 quod
1997 1323 2053 1352 est
2072 1315 2230 1363 quidam
2248 1315 2428 1352 naturalis
2448 1327 2532 1352 mo-

1463 1376 1522 1405 tus
1541 1368 1842 1417 uniuscuiusque
1862 1369 2045 1418 corporis,
2067 1381 2144 1418 quo
2166 1381 2246 1407 non
2266 1375 2446 1406 movetur
2462 1380 2534 1418 per

1462 1421 1696 1470 violentiam,
1727 1434 1851 1471 neque
1879 1430 2029 1471 praeter
2057 1430 2244 1460 naturam.

2549 1192 2627 1219 fieret
2638 1198 2662 1215 ι’.
