2782 4134
211 3547 296 3579 Ὀτι
321 3548 380 3592 μέν
407 3560 444 3580 ου

1042 269 1153 305 CAP.
1184 269 1289 316 XIII,
1321 270 1473 307 LECT.
1504 270 1591 306 XVI
2334 275 2407 323 375

290 339 429 383 ὑόμενον
456 334 566 383 ὕδωρ,
593 338 683 372 οὕτω
707 342 766 371 καὶ
792 339 826 372 ἐν
853 341 898 382 τῇ
923 343 970 385 γῇ
997 342 1032 374 ἐκ
1058 343 1180 386 μικρῶν
1215 344 1291 374 συλ-

287 382 461 424 λείβεσθαι
486 384 527 417 τό
553 385 685 426 πρῶτον
714 387 772 417 καὶ
797 381 884 416 εἶναι
910 388 979 418 οἷον
1005 382 1155 424 πιδῶσης
1185 387 1229 424 εἰς
1257 388 1289 419 ἓν

241 463 243 465 Γ
289 429 353 466 τῆς
377 429 440 474 γῆς
465 428 529 466 τάς
555 426 662 473 ἀρχάς
694 430 762 461 τῶν
788 433 969 471 ποταμῶν.
1012 433 1115 468 Δηλοῖ
1141 429 1171 462 δ’
1202 431 1290 463 αὐτὸ

289 472 331 504 τὰ
355 472 468 518 ἔργον·
497 475 525 504 οἱ
550 473 615 518 γάρ
641 473 704 510 τοὶς
730 469 945 519 ὑδραγωγίας
971 477 1148 512 ποιοῦντες
1170 475 1290 508 ὑπονό-

289 528 362 559 μοις
387 518 446 548 καὶ
470 512 603 561 διώρυξι
627 517 842 563 συνάγουσιν,
860 519 972 563 ὥσπερ
995 518 1033 551 ἂν
1050 515 1199 557 ἱδιοὺσης
1226 521 1288 557 τῆς

288 562 351 607 γῆς
379 561 448 593 ἀπὸ
474 562 542 593 τῶν
569 559 718 604 ὑψηλῶν·

221 602 275 637 διὸ
298 607 358 637 καὶ
383 605 430 637 τά
453 605 613 650 ῥεύματα
638 607 704 637 τῶν
731 607 896 650 ποταμῶν
922 605 959 639 ἐκ
984 608 1051 639 τῶν
1079 607 1159 652 ὁρῶν
1178 609 1290 651 φαίνε-

289 661 350 682 ται
366 648 505 693 ῥέοντα,
523 650 582 681 καὶ
599 651 756 682 πλεῖστοι
779 654 837 682 καὶ
855 650 1013 697 μέγιστοι
1029 653 1183 695 ποταμοὶ
1198 652 1290 695 ῥέου-

288 705 339 726 σιν
358 695 395 726 ὲκ
413 694 480 725 τῶν
505 695 674 739 μεγίστων
694 695 788 738 ὀρῶν.
820 696 960 739 Ὀμοίως
980 690 1018 727 δὲ
1040 697 1099 727 καὶ
1117 698 1152 727 αἱ
1168 696 1290 739 κρῆναι

290 740 326 770 αἱ
358 739 520 771 πλεῖσται
552 741 641 782 ὄρεσι
671 742 729 771 καὶ
762 738 880 778 τόποις
914 739 1050 784 ὑψηλοῖς
1080 741 1287 786 γειτνιῶσιν·

290 783 324 815 ἑν
348 777 387 815 δὲ
415 787 487 820 τοῖς
517 786 645 820 πεδίοις
677 783 753 816 ἄνευ
788 786 953 828 ποταμῶν
988 785 1103 831 ὀλίγαι
1134 787 1289 830 γίνονται

289 826 456 871 πάμπαν·
480 829 510 859 οἱ
526 829 592 886 γοὶρ
610 828 730 873 ὀρεινοὶ
748 830 808 860 καὶΙ
826 828 946 873 ὑψηλοὶ
966 828 1083 871 τόποι,
1099 828 1168 860 οἷον
1184 828 1290 874 σπόγ-

288 883 346 918 γος
371 871 494 909 πυκνὸς
529 871 814 917 επικρεμάμενος,
847 874 945 906 κατά
967 874 1071 918 μικρά
1094 872 1174 918 μέν,
1207 875 1289 905 πολ-

287 917 382 961 λαχῇ
407 912 466 958 δὲ,
492 914 676 950 διαπιδῶσι
707 919 765 949 καὶ
790 918 1001 958 συλλείβουσι
1034 918 1075 950 τὸ
1101 913 1209 961 ὕδωρ·
1236 913 1289 949 δέ-

288 962 414 1004 χονταί
439 973 477 993 τε
501 963 549 1008 γά
592 963 656 995 τοῦ
680 961 864 1001 κατιόντος
894 958 1021 1000 ὕδατος
1047 962 1135 995 πολὺ
1160 961 1289 1000 πλῆθος

290 1007 342 1049 (τί
366 1004 431 1051 γάρ
455 1002 606 1052 διαφέρει
636 1008 752 1044 κοίλην
783 1009 843 1039 καὶ
867 1008 1015 1049 ὑπτίαν,
1043 1007 1064 1045 ἦ
1090 1007 1200 1051 πρηνῆ
1225 1007 1289 1043 τήν

288 1049 497 1094 περιφέρειαν
528 1049 613 1084 εἶναι
641 1053 700 1083 καὶ
733 1051 877 1094 κυρτῆν;
912 1051 1109 1097 ἀμφοτέρως
1138 1052 1203 1097 γάρ
1229 1051 1288 1083 τόν

287 1095 358 1125 ἴσον
386 1094 486 1140 ὄγκον
511 1095 737 1141 περιλήψεται
761 1095 939 1141 σώματος)
965 1098 1023 1129 καὶ
1045 1096 1108 1133 τήν
1128 1096 1289 1129 ἀνιοῦσαν

290 1133 423 1182 ἀτμίδα
447 1139 590 1186 ψύχουσι
614 1142 672 1172 καὶ
697 1143 908 1187 συγκρίνουσι
925 1141 1028 1174 πάλιν
1046 1142 1090 1179 εἰς
1109 1138 1213 1184 ὕδωρ·
1236 1136 1289 1172 Sui

286 1182 620 1229 zoefldveeprelwopsv,
639 1187 669 1217 οἱ
690 1184 848 1232 μέγιστοι
873 1187 940 1218 τῶν
967 1187 1134 1230 ποταμῶν
1159 1185 1196 1217 ἔκ
1221 1185 1288 1216 τῶν

217 1229 456 1273 -ὸμεγῖὃῖιῑων
493 1233 674 1273 φαίνονται
705 1230 839 1275 ῥέοντες
873 1230 966 1275 ὀρῶν.
1009 1231 1116 1267 Δῆλον
1149 1224 1181 1260 δ’
1214 1229 1289 1261 ἐστὶ

289 1273 397 1305 τοῦτο
429 1272 607 1318 θεωμένοις
643 1274 707 1312 τοὶς
736 1275 800 1312 τῆς
830 1275 894 1320 γῆς
926 1270 1119 1319 περιόδους·
1153 1273 1288 1310 ταύτας

287 1316 354 1362 γάρ
379 1314 416 1349 ἐκ
441 1320 504 1350 τοῦ
530 1318 757 1352 πυνθάνεσθαι
787 1320 866 1363 παρ’
896 1318 1049 1352 ἑκάστων
1081 1317 1189 1356 οὕτως
1216 1315 1290 1350 ἀνέ-

287 1360 442 1407 γραψαν,
470 1362 554 1395 ὅσων
591 1363 638 1408 μή
670 1362 880 1406 συμβέβηκεν
915 1363 1100 1401 αὐτόπτας
1131 1361 1289 1409 γενέσθαι

287 1405 370 1443 τοὺς
392 1406 574 1453 λέγοντας.
610 1406 666 1439 Ἐν
690 1408 750 1452 μὲν
775 1406 832 1440 οὗν
857 1407 904 1450 τῇ
924 1409 1023 1448 Ἀσίᾳ
1049 1409 1206 1440 πλεῖστοι
1230 1407 1289 1451 μὲν

287 1449 326 1482 ἐκ
358 1451 423 1482 τοῦ
458 1453 659 1497 Παρνασσοῦ
693 1451 906 1495 καλουμένου
939 1454 1122 1496 φαίνονται
1156 1451 1290 1496 ῥέοντες

289 1492 382 1539 ὅρους
406 1498 465 1528 καὶ
490 1497 648 1543 μέγιστοι
672 1498 847 1540 ποταμοὶ,
874 1498 982 1530 τοῦτο
1006 1492 1039 1528 δ’
1068 1497 1290 1542 ὁμολογεῖται

287 1539 429 1572 πάντων
454 1537 542 1574 εἶναι
570 1540 734 1586 μέγιστον
765 1541 837 1585 ὄρος
864 1542 931 1574 τῶν
957 1541 1039 1586 πρὸς
1064 1540 1128 1577 την
1157 1539 1199 1572 ’έω
1226 1540 1290 1577 τήν

286 1584 500 1629 χειμερινήν·
527 1585 715 1628 ὑπερβάντι
744 1586 810 1632 γάρ
842 1581 908 1623 η”δη
943 1586 1051 1619 τοῦτο
1083 1587 1243 1628 φαίνεται
1269 1585 1289 1622 ἡ

287 1628 351 1669 ἄξω
375 1628 554 1671 θάλαττα,
573 1629 612 1667 ἧς
631 1631 672 1662 τὸ
698 1629 803 1673 πέρας
829 1629 868 1662 οὑ
892 1626 997 1667 δῆλον
1022 1633 1094 1667 τοῖς
1120 1628 1288 1662 ἐντεῦθεν.

281 1671 342 1704 Ἐκ
365 1673 426 1718 μὲν
453 1672 510 1705 οὖν
542 1673 671 1706 τούτου
702 1674 831 1719 ῥέουσιν
866 1674 964 1707 ἄλλοι
989 1686 1028 1706 τε
1053 1676 1207 1719 ποταμοὶ
1231 1675 1291 1706 καὶ

289 1717 306 1750 ὁ
333 1716 486 1762 Βάκτρος
518 1719 577 1750 καὶ
603 1719 619 1750 ὁ
645 1718 809 1756 Χοάσπης
842 1721 902 1751 καὶ
928 1720 944 1752 ὀ
972 1718 1134 1763 Ἀράξης·
1162 1718 1290 1751 τούτου

286 1758 318 1794 δ’
341 1762 358 1793 ὁ
374 1761 501 1801 Τάναϊς
528 1763 758 1808 ἀποσχίζεται
810 1763 880 1807 έρος
905 1764 948 1796 ὢν
973 1764 1019 1801 εἱς
1044 1763 1109 1800 τήν
1133 1764 1288 1796 Μαιῶτιν

285 1807 418 1851 λίμνην.
453 1808 522 1839 Ῥεῖ
543 1804 582 1840 δὲ
605 1811 663 1840 καὶ
691 1809 707 1840 ὁ
727 1775 833 1846 Ἰνὲιὸς
859 1807 895 1850 ἐξ
916 1808 1040 1849 αὑτοῦ,
1061 1807 1201 1840 πάντων
1222 1809 1290 1840 τῶν

287 1852 455 1896 ποταμῶν
479 1853 587 1896 ῥεῦμα
612 1854 787 1886 πλεῖστον.
809 1853 870 1884 Ἐκ
893 1849 932 1885 δὲ
950 1854 1012 1885 τοῦ
1029 1852 1212 1885 Καυκάσου
1232 1852 1291 1885 ἄλ-

285 1897 341 1928 λοι
359 1907 398 1927 τε
414 1895 525 1941 ῥέουσι
543 1898 664 1930 πολλοὶ
688 1899 746 1929 καὶ
771 1898 868 1930 κατά
885 1897 1013 1935 πλῆθος
1037 1899 1096 1929 καὶ
1119 1897 1217 1929 κατά
1234 1897 1291 1942 μέ-

286 1939 384 1987 γεθος
411 1941 702 1985 ὑπερβάλλοντες,
727 1943 786 1974 καὶ
813 1943 829 1974 ὁ
852 1943 976 1981 Φᾶσις·
1005 1943 1022 1974 ό
1045 1941 1084 1974 δὲ
1107 1941 1290 1979 Καύκασος

284 1983 450 2032 μέγιστον
476 1985 549 2031 ὄρος
581 1987 649 2019 τῶν
683 1987 763 2029 πρὸς
794 1987 859 2023 την
889 1986 931 2019 ἕω
965 1987 1028 2023 τήν
1055 1986 1184 2032 θερινήν
1215 1987 1290 2018 ἐστι

285 2035 345 2062 καί
371 2029 494 2067 πλήθει
517 2032 576 2063 καὶ
602 2030 687 2075 ὕψει.
714 2033 856 2076 Σημεῖον
880 2028 919 2064 δὲ
943 2033 1006 2064 τοῦ
1032 2030 1092 2075 μέν
1118 2030 1217 2075 ὕψους
1235 2030 1290 2063 ὅτι

287 2075 414 2119 ὁρᾶται
444 2077 503 2107 καὶ
534 2075 604 2108 ἀπὸ
629 2077 696 2108 τῶν
729 2076 947 2120 καλουμένων
978 2075 1128 2116 βαθέων,
1161 2078 1219 2108 καὶ
1244 2076 1290 2114 εἰς

287 2118 352 2156 τὴν
369 2121 488 2162 λίμνην
505 2120 752 2153 εἰσπλεόντων·
780 2121 832 2153 ἔτι
852 2116 882 2153 δ’
905 2122 1068 2158 ηλιοῦται
1086 2121 1149 2158 τῆς
1171 2121 1290 2158 νυκτὸς

287 2165 400 2197 αὑτοῦ
425 2165 473 2197 τά
498 2165 586 2210 ἄκρα
610 2166 710 2210 μέχρι
727 2167 791 2199 τοῦ
809 2169 928 2210 τρίτου
945 2165 1063 2210 μέρους
1083 2165 1152 2198 ἀπό
1170 2177 1208 2198 τε
1225 2166 1290 2203 τῆς

220 2214 237 2251 '7
288 2207 332 2240 ’ἑω
355 2209 416 2241 καὶ
441 2208 545 2242 πάλιν
572 2210 642 2242 ἀπὸ
662 2211 725 2248 τῆς
744 2210 906 2265 ἑσπέρας·
934 2212 996 2243 τοῦ
1012 2205 1051 2242 δὲ
1068 2208 1217 2247 πλήθους
1236 2208 1290 2242 ὅτι

288 2254 420 2291 πολλάς
446 2254 524 2300 ἔχον
550 2250 662 2298 ἕδρας,
689 2253 721 2287 ἐν
749 2255 801 2293 αἷς
826 2254 902 2292 εθνη
929 2267 967 2288 τε
995 2258 1154 2286 κατοικεῖ
1177 2254 1292 2286 πολλοὶ

287 2299 346 2330 καὶ
369 2300 490 2342 λίμνας
523 2296 608 2331 εἷναί
641 2310 722 2342 φασι
752 2298 927 2345 μεγάλας,
960 2297 1034 2332 ἀλλ’
1064 2297 1151 2342 ὅμως
1175 2298 1290 2336 πάσας

289 2342 353 2380 τάς
379 2342 478 2388 ἕδρας
508 2341 594 2376 εἶναί
629 2354 711 2387 φασι
744 2343 888 2388 φανεράς
920 2343 1019 2388 μέχρι
1051 2344 1115 2380 τῆς
1141 2343 1290 2389 ἐσχάτης

286 2389 444 2432 κορυφῆς.
474 2389 535 2420 Ἐκ
559 2384 598 2420 δέ
625 2389 686 2426 τῆς
710 2387 860 2433 Πυρήνης
887 2388 1015 2431 (τοῦτο
1041 2383 1071 2419 δ’
1100 2386 1191 2420 ἐστὶν
1218 2388 1290 2431 ὄρος

288 2433 370 2476 πρὸς
391 2429 522 2477 δυσμὴν
546 2433 741 2478 ἰσημερινήν
759 2434 792 2465 ἐν
811 2434 857 2475 τῇ
879 2433 1050 2477 Κελτικῇ)
1075 2432 1204 2477 ῥέουσιν
1223 2432 1239 2464 ὃ
1256 2434 1287 2465 τ’

280 2476 414 2522 Ἴστρος
431 2479 489 2509 καὶ
509 2478 525 2510 ὁ
543 2477 758 2522 Ταρτησσός·
785 2478 884 2514 οὗτος
905 2477 964 2521 μὲν
989 2476 1044 2509 οὑν
1062 2477 1125 2518 ἔξω
1143 2478 1291 2519 στηλῶν,

288 2522 307 2554 ὃ
323 2518 352 2553 δ’
373 2522 506 2567 Ἴστρος
531 2518 570 2553 δι’
598 2521 678 2560 ὅλης
703 2523 765 2560 τῆς
791 2522 952 2565 Εὐρώπης
978 2523 1023 2560 εἱς
1049 2521 1109 2554 τόν
1137 2521 1292 2563 Εὔξεινον

288 2565 430 2599 πόντον.
469 2568 540 2599 Τῶν
565 2562 595 2598 δ’
625 2567 735 2599 ἄλλων
769 2568 936 2612 ποταμῶν
968 2570 997 2598 οἱ
1023 2567 1181 2599 πλεῖστοι
1213 2567 1294 2611 πρός

291 2610 314 2643 ’ἅ
333 2622 415 2644 κτον
443 2609 479 2644 ἐκ
506 2612 572 2643 τῶν
599 2612 681 2655 ὀρῶν
707 2613 775 2644 τῶν
804 2612 1000 2654 Ἀρκυνίων·
1029 2611 1148 2643 ταῦτα
1172 2606 1210 2642 δὲ
1233 2613 1293 2643 καὶ

288 2623 362 2700 figet
395 2658 453 2688 καὶ
485 2655 607 2693 πλήθει
639 2656 790 2702 μέγιστα
824 2658 899 2700 περὶ
931 2657 991 2689 τόν
1025 2655 1132 2689 τόπον
1165 2655 1293 2688 τοῦτόν

290 2698 395 2733 ἐστιν.
419 2702 495 2733 Ὑπ’
518 2702 630 2738 αὑτήν
648 2698 686 2734 δὲ
707 2702 772 2738 τήν
795 2701 919 2745 ἄρκτον
946 2701 1028 2746 ὑπὲρ
1053 2701 1116 2738 τῆς
1142 2698 1294 2745 ἐσχάτης

290 2745 432 2784 Σκυθίας
463 2748 499 2778 αἱ
522 2746 734 2791 καλούμεναι
763 2747 899 2787 ‘Pi-troci,
927 2747 1000 2790 περὶ
1032 2745 1076 2776 ῶν
1108 2746 1170 2777 τοῦ
1197 2744 1295 2790 μεγέ·

289 2787 364 2828 θους
383 2791 461 2822 λίαν
482 2790 563 2822 εἰσὶν
587 2793 616 2823 οἱ
632 2790 812 2837 λεγόμενοι
835 2789 933 2836 λόγοι
958 2785 1133 2834 μυθώδεις.
1166 2788 1295 2820 Ῥέουσι

289 2830 318 2866 δ’
349 2832 406 2867 οὖν
432 2837 644 2867 οἱπλεῖστοι
672 2838 730 2867 καὶ
762 2834 920 2880 μέγιστοι
950 2835 1043 2877 μετά
1073 2833 1132 2865 τὸν
1159 2834 1294 2878 Ἴστρον

289 2880 358 2912 τῶν
385 2879 495 2912 ἄλλων
516 2881 684 2923 ποταμῶν
705 2880 876 2920 ἐντεῦθεν,
894 2877 936 2916 ῶς
954 2890 1067 2923 φασιν.
1098 2879 1238 2922 Ὁμοίως
1258 2873 1296 2909 δὲ

289 2926 348 2956 καὶ
374 2925 450 2967 περὶ
474 2924 540 2962 την
563 2924 692 2966 Λιβύην
711 2927 741 2957 οἱ
759 2924 818 2968 μὲν
838 2925 874 2956 ἐκ
891 2925 959 2956 τῶν
980 2922 1178 2955 Αἰθιοπικῶν
1199 2920 1294 2967 ὁρῶν,

293 2967 310 3001 ὅ
327 2981 366 3001 τε
384 2969 492 3016 Αἰγῶν
517 2971 576 3001 καὶ
595 2970 611 3001 ὀ
629 2969 744 3011 Νύσις,
764 2971 794 3001 οἰ
811 2965 850 3001 δὲ
867 2967 1024 3014 μέγιστοι
1045 2968 1111 3000 τῶν
1129 2963 1296 3010 διωνομα-

291 3013 435 3058 σμένων,
463 3013 480 3046 ὅ
506 3026 544 3045 τε
569 3013 744 3059 Χρεμέτης
767 3012 992 3057 καλούμενος,
1013 3013 1045 3050 ὃς
1071 3012 1115 3049 εἰς
1142 3011 1206 3048 τήν
1234 3010 1295 3051 ἔξω

289 3059 341 3103 ῥεῖ
363 3057 560 3099 θάλλαταν,
585 3061 642 3090 καὶ
669 3060 732 3091 τοῦ
756 3059 876 3090 Νείλου
896 3057 937 3090 τὸ
956 3058 1064 3102 ῥεῦμα
1087 3055 1128 3087 τό
1146 3056 1294 3101 πρῶτον,

295 3101 332 3135 ἐκ
357 3104 421 3136 τοῦ
440 3102 603 3150 Ἀργυροῧ
627 3103 838 3147 καλουμένου
858 3102 962 3147 ὅρους.
991 3102 1062 3133 Τῶν
1080 3095 1118 3132 δέ
1136 3102 1211 3143 περὶ
1229 3101 1295 3132 τῶν

287 3147 484 3186 Ἑλληνικὸν
510 3150 619 3181 τόπον
647 3149 663 3180 ὁ
687 3148 747 3192 μὲν
772 3147 941 3192 Ἀχελῷος
967 3147 1004 3178 ἐκ
1027 3141 1167 3186 Πίνδου,
1193 3147 1251 3177 καὶ
1280 3146 1295 3177 ὁ

282 3190 424 3238 Ἴναχος
450 3192 628 3234 ἐντεῦθεν,
654 3193 670 3224 ὁ
694 3189 733 3225 δὲ
757 3191 914 3237 Στρυμών
948 3192 1007 3222 καὶ
1030 3190 1159 3226 Νέστος
1193 3191 1252 3221 καὶ
1279 3190 1294 3221 ὀ

283 3235 404 3282 Ἵίβρος
424 3236 576 3274 ἅπαντες
595 3241 684 3280 τρεῖς
701 3237 795 3274 ὄντες
818 3237 855 3268 ἐκ
879 3237 942 3269 τοῦ
963 3234 1154 3279 Σκόμβρου·
1181 3234 1296 3266 πολλοὶ

291 3277 329 3313 δέ
353 3281 512 3326 ῥεύματα
536 3283 594 3313 καὶ
621 3282 657 3314 ἐκ
682 3282 746 3319 τῆς
768 3275 934 3318 Ῥοδόπης
953 3280 1058 3312 ἐστίν.
1094 3280 1234 3321 Ὁμοίως
1257 3273 1295 3309 δέ

289 3327 350 3357 καὶ
382 3326 462 3363 τούς
497 3326 618 3363 ἄλλους
651 3325 829 3369 ποταμοὺς
862 3323 952 3368 εὕροι
984 3335 1034 3360 τις
1071 3321 1110 3355 ἄν
1133 3322 1294 3365 ῥέοντας·

294 3370 385 3402 ἀλλά
416 3373 600 3414 μαρτυρίου
633 3369 732 3415 χάριν
763 3368 908 3405 τούτους
941 3370 1098 3411 εἴπομεν·
1127 3367 1201 3399 ἐπεὶ
1236 3368 1293 3397 καὶ

293 3413 366 3446 ὅσοι
391 3415 504 3447 αὐτῶν
529 3414 658 3459 ῥέουσιν
684 3413 719 3454 ἐξ
741 3414 836 3454 ἑλῶν,
860 3413 908 3444 τά
925 3411 982 3449 ἕλη
1002 3412 1059 3443 ὑπ’
1082 3410 1138 3454 ὅρη
1164 3409 1295 3442 κεῖσθαι

292 3459 470 3503 συμβαίνει
495 3458 615 3491 πάντα
633 3453 769 3504 σχεδον,
789 3457 810 3494 ἦ
829 3456 955 3493 τόπους
979 3455 1123 3499 ὑψηλούς
1142 3456 1178 3487 ὲκ
1197 3465 1296 3498 προσ-

294 3504 445 3559 arnovi-:7-
517 3536 536 3555 ‚.
824 3544 837 3556 ..
1135 3543 1141 3552 ,
1196 3542 1204 3553 ,
1270 3541 1277 3552 ,

447 3560 463 3579 ν
490 3559 528 3579 ου
553 3543 606 3579 δεῖ
627 3559 663 3579 νο
693 3547 772 3589 ίζειν
800 3557 889 3577 ουτω
914 3542 1065 3590 γίνεσθαι
1097 3555 1161 3580 τας
1188 3553 1295 3586 αρχας

295 3593 361 3624 τῶν
388 3593 554 3647 ποταμῶν
573 3593 614 3630 ὠς
641 3558 690 3632 &gh
702 3588 935 3635 ἀφωρισμένων
960 3588 1108 3629 κοιλιῶν,
1135 3585 1293 3630 φανερόν·

295 3638 374 3671 οὔτε
392 3637 456 3684 γάρ
476 3639 514 3669 ἀν
533 3638 549 3669 ὁ
567 3636 673 3674 τόπος
690 3635 814 3672 «ἱκανὸς
839 3632 879 3671 ἦν
899 3635 915 3665 ὁ
933 3634 995 3670 τῆς
1016 3633 1093 3679 γῆς,
1113 3632 1154 3669 ῶς
1175 3631 1293 3671 εἰπεῖν,

1412 359 1449 379 ex
1471 349 1575 390 parvis
1599 349 1704 389 colligi
1727 350 1848 390 primo,
1878 357 1907 381 et
1930 361 1996 381 esse
2030 351 2118 382 velut
2142 353 2344 393 scaturigines
2376 354 2409 384 in

1411 393 1515 424 imu'm
1551 400 1649 424 terrae
1683 394 1838 434 principia
1873 394 2056 426 fluviorum.
2091 397 2270 428 Manifestat
2303 405 2409 428 autem

1410 437 1519 477 ipsum
1544 445 1642 478 opus:
1669 438 1724 479 qui
1741 438 1827 469 enim
1850 449 1951 479 aquae
1975 440 2088 470 ductus
2117 440 2255 480 faciunt,
2279 442 2411 473 humili-

1411 482 1470 512 bus
1485 488 1525 556 let
1548 482 1680 513 defossis
1700 483 1864 523 colligunt,
1881 494 1916 514 ac
1939 483 1964 514 si
1981 483 2091 524 utique
2111 485 2244 516 sudante
2267 493 2347 517 terra
2370 488 2408 517 ab

1411 535 1483 556 exce
1498 536 1548 556 sis.

1343 613 1476 653 Propter
1498 614 1587 654 quod
1604 621 1634 645 et
1650 615 1813 647 rheumata
1831 615 2004 647 fluviorum
2024 627 2061 648 ex
2080 617 2243 648 montibus
2262 618 2410 649 videntur

1410 657 1550 696 fluentia,
1575 665 1604 688 et
1627 659 1756 698 plurimi
1779 667 1810 691 et
1832 660 1962 691 maximi
1977 660 2065 691 fluvii
2084 661 2189 692 fluunt
2205 672 2241 692 ex
2264 663 2408 693 maximis

1410 701 1583 732 montibus.
1608 702 1757 734 Similiter
1779 711 1886 735 autem
1909 712 1940 736 et
1962 705 2065 736 fontes
2088 706 2217 745 plurimi
2245 707 2409 738 montibus

1412 752 1443 775 et
1473 745 1552 775 locis
1576 746 1645 776 altis
1667 747 1860 779 vicinantur:
1890 749 1923 779 in
1947 750 2174 791 campestribus
2202 757 2310 782 autem
2342 751 2408 782 sine

1411 788 1514 819 fluviis
1537 790 1629 829 pauci
1653 799 1726 821 sunt
1749 793 1893 823 omnino.
1917 794 2071 825 Montana
2091 794 2176 825 enim
2197 802 2228 826 et
2249 795 2311 826 alta
2326 795 2407 833 loca,

1410 832 1497 863 velut
1519 834 1652 873 spongia
1675 835 1773 874 spissa
1797 847 1966 877 suspensa,
1990 839 2167 869 secundum
2189 839 2317 870 modica
2340 840 2408 880 qui-

1412 877 1505 915 dem,
1529 877 1562 907 in
1592 878 1700 908 multis
1728 886 1834 910 autem
1862 881 1959 920 locis,
1991 883 2173 922 producunt
2202 889 2233 914 et
2256 883 2409 924 colligunt

1411 931 1538 962 aquam.
1572 921 1755 961 Suscipiunt
1787 924 1872 954 enim
1904 926 2097 958 advenientis
2130 937 2231 968 aquae
2258 938 2408 968 magnam

1411 965 1648 996 multitudinem
1664 965 1755 1008 (quid
1777 968 1863 998 enim
1883 969 1983 1000 differt
2009 981 2181 1001 concavam
2196 978 2227 1002 et
2249 972 2408 1012 supinam,

1410 1016 1466 1040 aut
1488 1020 1662 1040 convexam
1684 1011 1893 1050 peripheriarn
1918 1024 1984 1044 esse
2007 1022 2037 1046 et
2059 1013 2244 1055 gibbosam?
2271 1022 2408 1057 utroque

1411 1054 1497 1084 enim
1519 1054 1620 1084 modo
1644 1055 1808 1095 aequalem
1831 1057 1951 1088 molem
1967 1060 2213 1099 comprehendet
2233 1059 2408 1103 corporis);

1411 1105 1442 1129 et
1453 1099 1674 1129 ascendentem
1685 1109 1836 1138 vaporem
1848 1101 2028 1141 infrigidant
2043 1110 2073 1134 et
2085 1111 2279 1135 concernunt
2293 1105 2408 1135 iterum

1409 1142 1443 1172 in
1458 1152 1586 1183 aquam.
1609 1143 1742 1182 Propter
1756 1145 1855 1184 quod,
1872 1147 2146 1185 quemadmodum
2171 1148 2318 1188 diximus,
2341 1159 2408 1179 ma-

1408 1186 1486 1217 ximi
1509 1186 1681 1217 fluviorum
1697 1197 1734 1217 ex
1757 1189 1901 1219 maximis
1919 1190 2064 1222 videntur
2085 1191 2217 1223 fluentes
2233 1193 2407 1224 montibus.

1409 1231 1518 1261 Palam
1541 1237 1648 1261 autem
1672 1238 1718 1262 est
1740 1232 1802 1263 hoc
1826 1234 2095 1266 considerantibus
2118 1242 2215 1267 terrae
2238 1237 2406 1277 periodos:

1410 1275 1467 1305 has
1483 1275 1569 1305 enim
1585 1285 1622 1305 ex
1640 1275 1797 1316 inquirere
1814 1287 1832 1307 a
1851 1277 2040 1318 singulis·sic
2056 1280 2296 1320 descripserunt,
2313 1292 2408 1322 quae-

1412 1329 1551 1360 cumque
1574 1330 1641 1350 non
1664 1320 1775 1351 accidit
1797 1321 1950 1361 ipsosmet
1972 1323 2087 1354 vidisse
2110 1324 2257 1356 dicentes.
2282 1326 2318 1356 In
2332 1326 2409 1356 Asia

1411 1364 1543 1404 quidem
1574 1363 1669 1404 igitur
1695 1365 1824 1405 plurimi
1853 1376 1889 1396 ex
1916 1367 2054 1398 Parnaso
2080 1375 2194 1399 vocato
2224 1376 2334 1400 monte
2363 1370 2409 1400 vi-

1411 1408 1526 1438 dentur
1547 1407 1680 1439 fluentes
1704 1416 1734 1439 et
1757 1410 1886 1440 maximi
1909 1410 2007 1442 fluvii.
2032 1412 2092 1443 Hic
2115 1419 2222 1443 autem
2245 1424 2339 1444 mons
2364 1414 2408 1444 di-

1411 1452 1492 1483 citur
1515 1462 1582 1483 esse
1604 1453 1761 1483 maximus
1785 1455 1934 1485 omniurn
1962 1455 2017 1496 qui
2045 1457 2085 1486 ad
2108 1457 2262 1488 orientem
2289 1458 2408 1488 hiema-

1410 1497 1494 1527 lem:
1510 1497 1690 1528 ascendenti
1705 1498 1790 1528 enim
1808 1499 1841 1528 in
1858 1498 1943 1530 hunc
1959 1507 2089 1540 apparet
2103 1501 2192 1541 quod
2207 1508 2290 1532 extra
2310 1512 2407 1541 mare,

1412 1541 1503 1571 cuius
1527 1541 1680 1572 terminus
1696 1551 1763 1572 non
1778 1542 1884 1582 palam
1899 1543 1947 1573 his
1963 1544 2019 1584 qui
2037 1544 2120 1575 hinc.
2137 1546 2184 1575 Ex
2200 1545 2262 1576 hoc
2278 1546 2408 1586 quidem

1411 1585 1517 1616 fluunt
1547 1585 1599 1615 alii
1631 1585 1733 1623 fluvii,
1758 1593 1788 1616 et
1810 1587 1939 1617 Bactrus
1970 1595 2000 1618 et
2024 1588 2187 1629 Choaspes
2215 1597 2246 1620 et
2274 1593 2407 1621 Araxes:

1412 1630 1451 1660 ab
1475 1629 1537 1660 hoc
1553 1636 1660 1660 autem
1675 1629 1825 1661 dividitur
1848 1632 1976 1670 Tanais,
1992 1642 2063 1672 pars
2087 1633 2230 1673 existens,
2246 1633 2280 1664 in
2302 1635 2409 1665 Maeo-

1411 1674 1510 1705 tidem
1533 1674 1697 1705 Paludem.
1722 1675 1808 1705 Fluit
1823 1682 1931 1706 autem
1955 1683 1985 1707 et
2001 1677 2097 1707 Indus
2112 1687 2148 1707 ex
2163 1678 2245 1718 ipso,
2262 1679 2408 1710 omnium

1411 1718 1584 1749 fluviorum
1613 1728 1724 1749 reuma
1754 1719 1938 1759 plurimum.
1971 1721 2018 1751 Ex
2048 1721 2192 1752 Caucaso
2221 1729 2329 1753 autem
2358 1723 2409 1753 alii

1410 1763 1516 1794 fluunt
1538 1762 1631 1794 multi
1655 1770 1686 1794 et
1708 1764 1885 1794 secundum
1907 1765 2146 1796 multitudinem
2175 1774 2205 1797 et
2232 1768 2409 1798 secundum

1410 1807 1664 1847 magnitudinem
1688 1808 1890 1847 excedentes,
1914 1815 1945 1839 et
1966 1809 2085 1840 Phasis.
2117 1810 2279 1842 Caucasus
2302 1818 2409 1842 autem

1410 1851 1568 1882 maximus
1591 1862 1685 1882 mons
1709 1859 1755 1883 est
1778 1863 1890 1883 eorum
1914 1853 1970 1894 qui
1986 1855 2026 1884 ad
2042 1854 2196 1885 orientem
2219 1855 2409 1895 aestivalem,

1411 1903 1442 1927 et
1468 1895 1674 1927 multitudine
1707 1903 1737 1927 et
1766 1897 1941 1929 altitudine.
1975 1898 2070 1938 Signa
2100 1906 2208 1930 autem
2238 1899 2410 1930 altitudinis

1411 1940 1554 1981 quidem,
1578 1940 1653 1981 quia
1675 1940 1800 1972 videtur
1815 1952 1833 1972 a
1848 1942 1966 1973 vocatis
1985 1942 2156 1973 Profundis
2180 1950 2211 1974 et
2229 1954 2247 1974 a
2263 1944 2409 1984 navigan-

1410 1985 1494 2015 tibus
1517 1985 1550 2015 in
1575 1991 1740 2025 stagnum3
1763 1985 1866 2017 adhuc
1886 1994 1992 2017 autem
2015 1987 2210 2018 illustrantur
2226 1988 2292 2018 sole
2308 1988 2409 2029 ipsius

1410 2029 1609 2060 summitates
1624 2039 1726 2070 usque
1738 2030 1778 2059 ad
1789 2030 1913 2061 tertiam
1923 2038 2046 2071 partem
2057 2031 2170 2070 noctis,
2187 2038 2217 2063 et
2229 2033 2267 2062 ab
2278 2032 2409 2071 oriente,

1411 2080 1441 2105 et
1462 2074 1578 2104 iterum
1602 2084 1621 2104 a
1642 2082 1791 2114 vespera:
1815 2075 2028 2106 multitudinis
2055 2083 2180 2114 autem,
2209 2077 2284 2117 quia
2310 2077 2411 2107 multa

1409 2118 1530 2148 habens
1545 2118 1629 2158 iuga,
1645 2118 1678 2149 in
1695 2118 1812 2159 quibus
1828 2119 1969 2150 habitant
1987 2126 2094 2160 gentes
2110 2121 2240 2159 multae,
2257 2127 2287 2152 et
2302 2128 2411 2161 stagna

1410 2162 1499 2193 aiunt
1522 2173 1589 2193 esse
1612 2173 1738 2203 magna,
1762 2170 1900 2194 attamen
1924 2164 2033 2194 omnia
2055 2164 2128 2204 iuga
2152 2165 2241 2195 aiunt
2263 2175 2329 2195 esse
2344 2176 2410 2195 ma-

1410 2206 1523 2237 nifesta
1545 2217 1647 2247 usque
1663 2207 1703 2237 ad
1719 2207 1871 2238 ultimum
1885 2209 2044 2239 verticem.
2060 2209 2107 2239 Ex
2125 2209 2287 2250 Pyrenaeo
2303 2216 2410 2240 autem

1411 2249 1476 2292 (hic
1499 2257 1607 2281 autem
1630 2257 1677 2281 est
1698 2261 1792 2282 mons
1816 2252 1855 2282 ad
1878 2252 2076 2283 occidentem
2099 2253 2362 2294 aequinoctialem
2377 2254 2409 2283 in

1411 2293 1546 2337 Celtica)
1571 2294 1676 2326 fluunt
1706 2296 1783 2326 Ister
1806 2303 1837 2327 et
1859 2297 2041 2328 Tartessus:
2071 2297 2129 2327 iste
2158 2297 2288 2338 quidem
2315 2298 2411 2338 igitur

1412 2346 1496 2370 extra
1524 2339 1719 2378 Columnas,
1743 2340 1820 2370 Ister
1846 2347 1953 2371 autem
1980 2351 2037 2381 per
2063 2347 2164 2372 totam
2191 2342 2355 2382 Europam
2378 2342 2411 2371 in

1409 2384 1552 2414 Pontum
1574 2383 1745 2414 Euxinum.
1774 2384 1924 2415 Aliorum
1949 2393 2057 2416 autem
2085 2385 2258 2416 fluviorum
2280 2385 2411 2426 plurimi

1411 2428 1452 2458 ad
1475 2434 1597 2458 arctum
1620 2438 1657 2458 ex
1679 2429 1843 2460 montibus
1867 2429 2048 2471 Hercyniis:
2073 2429 2106 2460 hi
2129 2437 2237 2460 autem
2260 2437 2290 2461 et
2305 2430 2411 2460 multi-

1412 2472 1523 2503 tudine
1555 2478 1586 2503 et
1613 2472 1778 2503 altitudine
1805 2473 1934 2504 maximi
1965 2481 2039 2505 sunt
2067 2474 2147 2505 circa
2179 2474 2265 2505 hunc
2290 2474 2409 2505 locum.

1413 2517 1479 2547 Sub
1495 2516 1564 2556 ipsa
1582 2523 1690 2547 autem
1712 2518 1802 2556 Ursa,
1819 2528 1915 2558 super
1929 2518 2077 2548 ultimam
2096 2518 2268 2559 Scythiam,
2282 2525 2412 2549 vocatae

1374 2578 1380 2583 ·
1413 2561 1546 2601 Rhipae,
1562 2561 1601 2591 de
1616 2571 1754 2602 quarum
1770 2562 1988 2602 magnitudine
2010 2563 2101 2593 valde
2125 2563 2227 2593 dixere
2251 2573 2412 2593 sermones

1414 2605 1642 2646 qui'dicuntur
1665 2606 1816 2637 fabulosi:
1840 2606 1945 2637 fluunt
1966 2607 2062 2647 igitur
2079 2607 2208 2647 plurimi
2227 2614 2258 2638 et
2271 2607 2411 2645 maximi,

1414 2657 1488 2690 post
1511 2650 1641 2689 istrum,
1666 2651 1802 2681 aliorum
1825 2651 1998 2682 fluviorum
2021 2651 2110 2690 hinc,
2135 2658 2170 2682 ut
2193 2651 2290 2682 aiunt.
2320 2651 2412 2682 Simi-

1414 2695 1485 2725 liter
1507 2701 1615 2725 autem
1631 2700 1661 2725 et
1680 2695 1760 2726 circa
1779 2695 1924 2737 Libyam,
1945 2696 2001 2736 qui
2017 2695 2148 2736 quidem
2164 2705 2200 2725 ex
2216 2695 2411 2736 Aethiopicis

1415 2739 1590 2777 montibus,
1614 2745 1645 2770 et
1668 2741 1781 2779 Aegon
1806 2747 1836 2771 et
1858 2740 1966 2781 Nysis;
1991 2740 2119 2770 maximi
2143 2746 2250 2770 autem
2274 2740 2413 2779 divulga-

1415 2790 1534 2821 torum‚
1559 2782 1743 2814 Chremetes
1766 2791 1908 2822 vocatus,
1933 2784 1988 2824 qui
2011 2784 2044 2814 in
2069 2784 2201 2814 exterius
2224 2794 2310 2814 mare
2333 2783 2412 2822 fluit,

1415 2835 1446 2858 et
1463 2827 1528 2858 Nili
1543 2827 1646 2858 fluxus
1662 2828 1778 2868 primo,
1795 2839 1832 2858 ex
1846 2831 2005 2868 Argenteo
2021 2835 2135 2859 vocato
2154 2835 2273 2858 monte.
2290 2828 2413 2858 Eorum

1416 2879 1524 2903 autem
1547 2872 1603 2912 qui
1627 2872 1707 2903 circa
1730 2872 1932 2903 Hellenicum
1954 2872 2074 2910 locum,
2098 2872 2258 2902 Achelous
2282 2871 2412 2912 quidem

1416 2927 1454 2947 ex
1475 2916 1590 2955 Pindo,
1615 2923 1645 2947 et
1668 2917 1802 2947 Inachus
1823 2917 1911 2954 hinc;
1940 2916 2090 2957 Strymon
2113 2922 2220 2946 autem
2239 2922 2270 2946 et
2295 2916 2411 2946 Nestus

1417 2967 1448 2992 et
1470 2961 1612 2999 Hebrus,
1644 2971 1756 2991 omnes
1785 2967 1845 2991 tres
1876 2960 2040 2991 existentes
2064 2970 2100 2990 ex
2124 2960 2296 2998 Scombr03
2320 2959 2413 2990 multi

1417 3012 1524 3036 autem
1548 3004 1651 3035 fluxus
1675 3011 1706 3035 et
1728 3015 1764 3035 ex
1787 3005 1945 3045 Rhodope
1969 3011 2052 3035 sunt.
2083 3003 2231 3034 Similiter
2254 3010 2360 3034 autem
2384 3010 2414 3034 et

1417 3049 1496 3080 alios
1519 3049 1634 3080 fluvios
1661 3049 1799 3079 inveniet
1827 3049 1897 3089 quis
1926 3048 2036 3088 utique
2067 3047 2217 3085 fluentes,
2246 3047 2302 3078 sed
2329 3047 2412 3078 testi-

1417 3094 1518 3124 monii
1534 3094 1632 3133 gratia
1647 3093 1707 3123 hos
1722 3093 1872 3123 diximus:
1897 3092 2052 3133 quoniam
2071 3099 2101 3122 et
2117 3091 2312 3132 quicumque
2326 3091 2412 3131 ipso-

1416 3148 1489 3169 rum
1511 3138 1616 3168 fluunt
1639 3147 1675 3167 ex
1698 3137 1878 3177 paludibus,
1893 3137 2024 3176 paludes
2041 3137 2099 3166 sub
2115 3135 2279 3166 montibus
2294 3135 2413 3175 positas

1417 3192 1483 3212 esse
1507 3181 1618 3212 accidit
1641 3181 1704 3211 fere
1727 3191 1855 3220 omnes,
1879 3182 1934 3211 au't
1957 3181 2015 3211 sub
2038 3180 2116 3211 locis
2132 3180 2202 3210 altis
2226 3189 2263 3210 ex
2281 3189 2412 3220 praepa-

1415 3233 1546 3256 rat10ne.

1350 3542 1448 3580 Quod
1472 3541 1602 3582 quidem
1625 3539 1720 3580 igitur
1742 3549 1808 3569 non
1837 3545 1964 3579 oportet
1985 3545 2096 3578 putare
2116 3538 2159 3568 sic
2174 3537 2241 3568 fieri
2263 3536 2416 3577 principia

1416 3586 1589 3616 fluviorum
1605 3591 1641 3615 ut
1657 3593 1693 3614 ex
1706 3583 1918 3614 determinatis
1933 3583 2106 3621 ventribus,
2123 3582 2338 3612 manifestum.
2354 3581 2415 3611 Ne-

1416 3640 1479 3671 que
1503 3629 1589 3660 enim
1619 3628 1730 3670 utique
1752 3628 1843 3658 locus
1867 3626 2024 3658 sufficiens
2048 3633 2128 3658 esset
2158 3626 2213 3667 qui
2241 3632 2356 3664 terrae,
2381 3631 2416 3654 ut
