2690 4062
65 885 75 895 ⁸
96 885 277 932 {evagationes

65 916 94 932 ca
111 926 117 932 .

62 1595 73 1606 ⁶
88 1594 190 1622 quadam
202 1593 236 1615 ed.
247 1599 270 1619 a,

62 1623 147 1648 quater
161 1626 182 1642 c.

60 2387 218 2437 nfpiiibe‘ssssi'g
239 2394 266 2410 ‘⁰

59 2882 70 2892 ⁸
81 2882 183 2910 ponebat
197 2888 234 2904 ca.

61 2927 69 2935 “
87 2926 179 2948 dicebat
192 2933 228 2948 ca.

61 3145 69 3153 ·
85 3145 151 3164 terra
166 3143 202 3164 ed.
216 3149 240 3164 a.

63 3231 73 3241 ⁴
90 3237 128 3252 res
148 3230 174 3252 B.
188 3230 270 3252 Alber-

63 3261 108 3278 tus.

63 3407 74 3417 ⁶
89 3408 178 3428 terram
195 3406 246 3428 rab.

303 242 398 267 XXXII

305 307 515 346 elementum,
532 306 620 349 ipsae
645 306 768 349 primae
792 313 933 348 quatuor
949 301 1117 346 qualitates
1135 306 1274 343 possunt
1299 297 1362 330 dici

305 351 475 391 elementa,
493 361 569 382 cum
589 361 628 382 ex
644 350 734 393 ipsis,
752 357 788 381 ut
807 348 924 380 dicitur
939 347 973 378 in
989 345 1103 384 littera,
1121 349 1362 386 componantur

305 407 361 429 sex
385 394 644 438 coniugationes.
670 392 732 426 Vel
756 392 864 425 aliter:
895 391 971 467 quia
995 388 1058 421 alio
1082 386 1184 438 modo
1209 385 1362 418 dicuntur

305 440 464 473 elementa
487 439 611 482 primae
634 437 876 481 propositiones
923 440 1199 470 emonstrationis,
1223 441 1262 480 ex
1283 439 1361 472 qua-

305 495 378 516 rum
397 484 515 516 virtute
535 481 717 526 procedunt
741 489 863 513 ceterae
888 476 1196 514 demonstrationes,
1220 484 1255 506 in
1279 483 1359 516 quas

305 538 420 561 omnes
444 526 686 570 propositiones
718 524 797 557 aliae
826 522 1042 555 reducuntur:
1067 518 1107 552 ad
1130 518 1250 551 horum
1281 526 1361 559 ergo

305 570 551 604 similitudinem
574 571 662 613 ipsae
686 569 809 612 primae
832 564 1002 609 tangibiles
1026 562 1197 607 qualitates
1221 568 1362 604 possunt

305 615 367 649 dici
392 615 561 654 elementa,
585 614 661 658 quia
685 623 799 645 omnes
823 610 914 649 aliae,
939 617 976 641 ut
999 616 1169 641 ostensum
1193 614 1260 646 est,
1284 612 1362 637 sunt

304 659 438 693 effectus
455 670 577 698 earum,
600 666 633 690 et
648 657 682 689 in
697 667 751 688 eas
775 663 898 687 ceterae
921 652 1131 686 reducuntur.

348 704 437 736 Dicit
452 713 530 746 ergo
549 702 656 745 primo
681 699 815 732 Philoso
841 697 924 730 hus:
949 707 1025 729 cum
1053 695 1119 728 sint
1142 702 1284 739 quatuor
1307 692 1360 725 ele-

303 754 414 787 menta,
431 746 513 780 idest
537 754 676 789 quatuor
691 742 811 786 tangibi
826 753 860 775 es
884 740 1053 785 qualitates
1071 739 1120 784 (et
1135 749 1205 771 non
1220 745 1362 787 quatuor

304 792 364 824 sim
390 791 462 823 licia
486 800 622 833 corpora
654 796 690 820 ut
720 786 852 831 quidam
881 792 1070 829 exponunt:
1099 782 1251 832 nondum
1272 792 1360 814 enim

303 847 363 879 pro
388 843 458 868 atus
482 842 531 866 est
546 843 701 865 numerus
717 830 859 874 eorum),
877 838 1018 873 quatuor
1037 836 1146 860 autem
1166 825 1359 876 qualitatum

304 880 368 912 sint
391 878 472 912 duae
496 876 743 910 coniunctiones
766 877 793 915 *,
817 874 941 907 scilicet
964 871 1106 906 calidum
1130 879 1162 904 et
1185 869 1359 919 frigidum,

303 924 425 956 siccum
442 931 474 955 et
495 920 679 960 humidum,
701 931 784 963 quae
807 927 883 951 sunt
907 917 990 951 duae
1009 914 1228 960 impossibiles
1249 924 1361 946 coniu-

302 968 459 1011 gationes,
473 966 548 1010 quia
560 963 760 1008 impossibile
776 971 825 996 est
842 962 1002 995 contraria
1016 972 1086 993 esse
1102 960 1137 992 in
1153 958 1281 1010 eodem,
1294 968 1360 990 ma-

302 1010 455 1044 nifestum
479 1018 528 1042 est
547 1008 635 1053 quod
653 1007 762 1041 solum
784 1006 840 1040 reli
867 1018 926 1039 uae
949 1014 1090 1050 quatuor
1110 1010 1359 1046 coniugationes

302 1063 396 1088 erunt
418 1052 606 1098 possibileS,
629 1052 752 1085 scilicet
775 1051 835 1084 cali
859 1062 917 1084 um
941 1059 973 1083 et
995 1050 1135 1088 siccum,
1160 1046 1302 1080 calidum
1326 1054 1359 1078 et

301 1098 484 1138 humidum,
507 1096 662 1140 frigidum
681 1105 713 1129 et
729 1095 914 1135 humidum,
938 1093 1092 1137 frigidum
1109 1100 1141 1125 et
1157 1093 1292 1124 siccum.
1317 1090 1358 1123 Et

301 1143 364 1176 hoc
403 1141 470 1175 uod
494 1141 617 1175 dictum
636 1149 685 1173 est
707 1139 889 1173 secundum
903 1138 987 1172 hanc
1002 1138 1175 1176 rationem,
1192 1141 1358 1169 assecutum

300 1194 349 1227 est,
368 1154 450 1220 idest
467 1185 664 1219 conveniens
680 1193 746 1225 est,
763 1184 813 1217 his
830 1195 912 1228 quae
932 1191 1089 1227 apparent
1104 1182 1138 1214 in
1154 1178 1357 1230 simplicibus

301 1230 511 1275 corporibus,
539 1229 661 1263 scilicet
684 1230 718 1262 in
741 1229 839 1272 igne,
867 1239 939 1260 aere
954 1252 962 1267 ,
986 1238 1070 1271 aqua
1093 1234 1126 1259 et
1149 1233 1241 1258 terra.
1258 1224 1356 1275 ⁸Ignis

300 1276 386 1309 enim
403 1283 451 1308 est
468 1274 589 1307 calidus
609 1282 641 1306 et
656 1274 772 1313 siccus,
796 1281 828 1306 et
850 1272 894 1304 ita
918 1271 1127 1304 constituitur
1143 1280 1201 1313 per
1216 1279 1357 1313 primam

300 1320 395 1353 coniu
420 1319 580 1359 ationem3
605 1329 658 1351 aer
682 1317 804 1350 calidus
828 1325 860 1349 et
883 1314 1055 1355 humidus,
1078 1325 1138 1391 per
1161 1312 1339 1346 secundam
1347 1324 1356 1352 3

299 1375 382 1408 aqua
397 1330 511 1406 {rigida
527 1371 559 1396 et
574 1361 718 1402 humida,
735 1373 793 1405 per
808 1361 952 1400 tertiam;
973 1368 1057 1392 terra
1090 1357 1193 1402 rigida
1213 1366 1246 1390 et
1261 1357 1356 1408 sicca,

298 1419 356 1452 per
371 1416 527 1451 quartam.
552 1407 593 1440 Et
616 1407 662 1441 sic
685 1407 808 1450 primae
832 1404 1031 1438 differentiae
1048 1402 1241 1448 qualitatum
1258 1410 1356 1435 ratio-

298 1452 444 1485 nabiliter
460 1451 696 1485 distribuuntur
717 1450 830 1494 primis
854 1448 1056 1493 corporibus,
1076 1446 1199 1480 scilicet
1215 1455 1357 1491 quatuor

298 1496 480 1536 elementis,
504 1504 536 1529 et
559 1507 579 1528 o
606 1503 690 1528 ortet
713 1494 803 1539 quod
827 1492 1005 1527 multitudo
1030 1493 1213 1537 primorum
1238 1501 1356 1535 corpo-

298 1552 370 1574 rum
399 1541 441 1573 sit
467 1551 567 1573 secun
592 1551 649 1572 um
680 1538 878 1583 praedictam
910 1538 1093 1571 rationem:
1127 1537 1203 1581 quia
1234 1534 1357 1568 scilicet

297 1586 419 1663 primae
443 1584 612 1629 qualitates
628 1595 696 1617 non
716 1591 856 1628 possunt
879 1582 942 1615 nisi
967 1581 1222 1627 quadrupliciter
1237 1579 1253 1597 *
1269 1591 1358 1613 com-

318 1641 408 1662 inari.

351 1684 381 1706 2.
405 1673 532 1707 Deinde
557 1684 632 1706 cum
656 1672 751 1706 dicit:
772 1671 884 1706 Omnes
907 1671 985 1704 enim
1007 1670 1126 1715 quidem
1146 1678 1219 1710 etc.‚
1238 1667 1355 1702 confir-

297 1727 363 1751 mat
410 1717 476 1751 uod
495 1717 574 1751 dixit
597 1728 655 1762 per
678 1717 869 1768 opinionem
895 1715 1116 1760 antiquorum.
1141 1714 1220 1747 Duo
1244 1722 1354 1746 autem

297 1762 393 1795 dixit.
426 1761 638 1806 hilosophus:
663 1772 807 1805 primum
831 1769 880 1793 est
903 1759 994 1804 quod
1009 1758 1170 1792 elementa
1193 1770 1262 1791 non
1278 1766 1356 1791 sunt

296 1806 388 1851 plura
411 1818 509 1851 quam
533 1814 689 1851 quatuor:
714 1804 895 1838 secundum
920 1813 968 1837 est
992 1803 1082 1848 quod
1105 1804 1176 1881 ipsa
1199 1811 1301 1847 agunt
1324 1811 1356 1835 et

297 1851 462 1896 patiuntur
478 1862 535 1895 per
558 1849 752 1883 differentias
769 1849 1004 1882 contrariarum
1026 1848 1116 1892 tangi
1139 1847 1233 1880 ilium
1250 1846 1354 1892 quali-

296 1905 420 1936 tatum3
443 1895 477 1928 in
501 1894 618 1939 quibus
643 1893 770 1927 duobus
796 1893 973 1927 concordat
997 1891 1246 1937 quodammodo
1277 1903 1353 1925 cum

296 1940 445 1984 antiquis.
463 1938 560 1973 Unde
580 1938 666 1979 dicit,
689 1937 778 1983 quod
794 1949 909 1971 omnes
928 1938 1053 1982 antiqui
1077 1938 1134 1982 qui
1158 1936 1272 1970 dicunt
1295 1935 1357 1969 ele-

296 1993 404 2017 menta
427 1995 497 2017 esse
520 1983 679 2027 simplicia
708 1994 862 2027 corpora,
887 1983 1088 2016 conveniunt
1111 1982 1145 2015 in
1176 1981 1241 2014 hoc
1264 1980 1355 2026 quod

296 2040 363 2062 non
387 2028 547 2062 excedunt
568 2028 809 2070 quaternarium
832 2038 1007 2060 numerum
1015 2039 1024 2067 ;
1049 2025 1212 2060 differunt*
1226 2034 1353 2059 tamen:

296 2074 371 2118 quia
406 2072 537 2117 quidam
569 2071 680 2106 dicunt
717 2072 861 2116 primum
891 2071 1091 2105 elementum
1125 2082 1195 2104 esse
1226 2079 1354 2103 tantum

295 2129 410 2158 unum,
434 2116 567 2162 quidam
591 2116 704 2150 dicunt
727 2116 887 2150 elementa
910 2127 981 2149 esse
1006 2115 1091 2156 duo,
1118 2114 1252 2160 quidam
1276 2115 1355 2156 tria,

295 2161 427 2207 quidam
451 2170 600 2206 quatuor.
625 2161 712 2205 Ergo
742 2162 776 2194 in
806 2161 870 2194 hoc
894 2159 1073 2194 concordat
1096 2171 1172 2193 cum
1196 2160 1354 2204 antiquis,

295 2207 350 2251 qui
367 2206 607 2251 quaternarium
624 2217 799 2239 numerum
814 2217 883 2239 non
901 2204 1144 2238 transcendunt.
1165 2203 1355 2239 Concordat

294 2252 391 2284 etiam
416 2262 491 2283 cum
514 2251 560 2284 eis
583 2251 617 2283 in
647 2249 810 2284 secundo:
835 2251 911 2295 quia
934 2249 1048 2283 dicunt
1070 2250 1142 2294 ipsa
1169 2248 1354 2290 elementa,

294 2295 361 2328 sive
385 2306 488 2328 unuin
504 2295 571 2328 sive
591 2294 694 2339 plura,
709 2295 775 2339 pati
792 2306 850 2339 per
873 2295 1050 2328 contrarias
1067 2293 1248 2339 qualitates.

339 2340 550 2384 Quicumque
570 2348 679 2372 autem
702 2350 807 2372 unum
823 2339 932 2373 solum
948 2338 1061 2372 dicunt
1077 2338 1290 2379 elementum,
1307 2338 1354 2372 di-

293 2393 408 2417 xerunt
428 2383 488 2417 alia
511 2384 656 2427 generari
680 2395 719 2417 ex
734 2385 807 2428 ipso
830 2386 848 2406 *
871 2383 1028 2418 densitate
1052 2392 1084 2417 et
1113 2384 1253 2424 raritate,
1270 2394 1354 2428 quae

294 2437 368 2461 sunt
385 2429 560 2462 contrariae
577 2427 756 2472 qualitates.
774 2429 831 2462 Isti
848 2440 882 2462 er
905 2440 926 2462 o
943 2428 1094 2462 dixerunt
1110 2427 1177 2462 duo
1194 2428 1354 2473 principia

294 2481 418 2517 praeter
441 2472 639 2506 elementum
663 2474 783 2517 ipsum,
807 2485 873 2518 quo
921 2472 1070 2506 dicebant
1093 2484 1164 2506 esse
1187 2472 1353 2518 quandam

293 2517 434 2550 mediam
445 2526 594 2550 naturam
607 2529 809 2562 corpoream,
821 2517 1024 2551 subtiliorem
1037 2529 1109 2551 aere
1121 2526 1154 2551 et
1166 2517 1353 2564 densiorem

294 2562 386 2605 igne,
411 2573 449 2595 ex
472 2573 539 2606 quo
563 2573 620 2605 per
644 2561 835 2595 densitatem
860 2571 892 2595 et
919 2563 1082 2595 raritatem
1106 2563 1269 2607 contingit
1291 2561 1353 2596 alia

317 2606 449 2646 enerari,
473 2605 524 2639 vel
549 2617 607 2650 per
631 2606 771 2640 calidum
787 2615 818 2639 et
842 2605 1008 2650 frigidum,
1055 2618 1090 2640 er
1109 2606 1266 2651 frigidum
1282 2607 1353 2652 qui-

294 2618 369 2684 {em
383 2650 596 2691 condensans,
609 2662 666 2702 per
683 2650 824 2684 calidum
840 2660 950 2684 autern
962 2618 1164 2685 rareiaciens.
1179 2652 1250 2686 Hae
1264 2652 1353 2685 enim

295 2694 462 2739 qualitates
494 2706 569 2728 cum
596 2704 661 2728 sint
688 2696 883 2736 contrariae,
908 2705 1009 2740 agunt
1039 2705 1071 2729 et
1102 2697 1271 2741 patiuntur
1298 2696 1353 2730 ad-

295 2740 451 2780 invicem;
475 2751 579 2772 unum
607 2748 733 2780 autem,
757 2740 880 2774 scilicet
906 2740 1108 2785 praedictum
1132 2741 1353 2782 elementum,

295 2784 491 2828 supponitur
506 2785 552 2817 eis
568 2785 652 2817 sicut
674 2786 818 2818 materia.
844 2785 913 2825 Qui
938 2794 1048 2818 autem
1071 2785 1139 2819 duo
1162 2785 1296 2827 faciunt,
1315 2795 1352 2819 ut

295 2827 602 2874 Parmenides,jqui
626 2829 720 2873 ponit
743 2829 853 2873 ignem
877 2838 909 2863 et
932 2838 1050 2863 terram
1073 2841 1144 2864 esse
1168 2830 1329 2864 elementa
1343 2855 1352 2871 ‚

295 2872 459 2916 ponebant
481 2874 498 2894 *
521 2874 617 2906 etiam
641 2874 723 2906 inter
746 2885 783 2907 ea
807 2873 873 2907 duo
897 2874 1014 2915 media,
1038 2874 1161 2908 scilicet
1188 2887 1297 2909 aerem
1320 2884 1353 2909 et

295 2928 427 2961 aquam3
449 2929 530 2961 quae
554 2917 702 2950 dicebant
724 2919 741 2939 *
763 2917 832 2951 fieri
856 2930 895 2952 ex
916 2919 987 2952 istis
1009 2918 1138 2953 duobus
1162 2931 1220 2964 per
1242 2931 1352 2953 rarum

295 2970 327 2994 et
349 2961 507 2994 densum:
539 2962 614 3006 quia
646 2962 777 3006 quando
805 2962 913 2996 rarefit
935 2972 1019 2997 terra
1049 2973 1222 3007 generatur
1246 2976 1264 2998 a
1288 2976 1351 3005 ua,

296 3005 425 3050 quando
456 3015 563 3039 autem
597 3006 813 3040 condensatur
842 3008 926 3051 ignis
955 3017 1129 3052 generatur
1159 3020 1223 3042 aer.
1289 3008 1352 3042 nde

296 3050 354 3082 iste
378 3051 475 3083 etiam
498 3049 639 3094 ponebat
662 3063 699 3084 ea
722 3053 788 3095 pati
815 3063 874 3096 per
896 3053 1072 3086 contrarias
1096 3052 1289 3098 qualitates,
1321 3062 1353 3086 et

297 3095 329 3126 in
353 3094 415 3127 hoc
439 3095 592 3128 convenit
615 3106 691 3128 cum
706 3095 922 3140 Philosopho.
947 3096 1102 3130 Similiter
1120 3106 1231 3131 autem
1247 3107 1279 3131 et
1296 3098 1352 3142 qui

298 3137 408 3171 dicunt
427 3139 486 3171 tria
501 3139 516 3156 *
533 3150 602 3172 esse
619 3139 789 3180 elementa,
828 3150 933 3174 onunt
949 3140 1016 3174 duo
1033 3150 1176 3175 extrema
1193 3142 1352 3176 contraria

298 3191 329 3215 et
351 3194 454 3215 unum
478 3183 643 3224 medium,
666 3185 750 3217 sicut
773 3185 798 3217 P
813 3194 866 3218 ato
890 3186 924 3218 in
947 3186 1015 3218 suis
1039 3185 1273 3227 divisionibus,
1297 3186 1353 3219 ubi

298 3225 412 3260 dividit
435 3226 592 3260 elementa
608 3227 633 3260 ¹⁸².
651 3229 749 3261 Ponit
764 3230 852 3262 enim
876 3241 980 3262 unum
997 3242 1036 3263 ex
1053 3239 1142 3274 parte
1167 3230 1301 3272 formae,
1322 3239 1354 3264 et

298 3281 452 3314 magnum
476 3280 508 3304 et
530 3283 685 3315 parvum,
709 3284 792 3317 quae
816 3282 892 3307 sunt
916 3275 1086 3314 contraria,
1110 3287 1150 3308 ex
1172 3283 1262 3319 parte
1286 3287 1355 3308 ma-

299 3314 416 3355 teriae3
448 3314 524 3348 dicit
555 3316 652 3349 etiam
683 3317 849 3361 quoddam
877 3317 1024 3351 medium
1053 3330 1123 3352 esse
1151 3320 1292 3353 mixtum
1315 3331 1355 3352 ex

299 3369 418 3401 magno
442 3367 473 3391 et
497 3371 606 3403 parvo.
638 3361 717 3393 Fere
749 3370 857 3395 autem
888 3361 1001 3395 dicunt
1028 3363 1114 3396 idern
1146 3365 1201 3414 qui
1225 3372 1356 3408 ponunt

300 3400 365 3434 duo
390 3403 561 3446 principia,
585 3413 617 3436 et
636 3414 794 3448 ponentes
818 3407 877 3439 tria
900 3408 931 3439 *ε
957 3407 1086 3451 utrique
1114 3419 1202 3441 enim
1226 3417 1355 3452 ponunt

798 227 869 264 DE
899 223 1286 264 GENERATIONE
1315 221 1386 258 ET
1415 218 1799 257 CORRUPTIONE
1829 217 1923 254 LlB.
1955 218 1987 253 ΙΙ

1416 297 1483 329 duo
1508 305 1668 335 extrema3
1693 294 1751 327 sed
1772 293 1938 334 differunt,
1957 294 2034 337 quia
2052 302 2214 337 ponentes
2232 293 2299 327 duo
2316 293 2489 336 elementa,

1416 341 1500 373 sicut
1524 338 1734 372 Parmenides
1749 362 1757 378 ,
1782 346 1914 381 ponunt
1938 337 2006 370 duo
2030 337 2162 378 media,
2191 346 2354 382 ponentes
2378 347 2489 372 autem

1415 385 1475 417 tria
1497 385 1515 404 *
1538 391 1668 427 ponunt
1691 393 1797 415 unum
1821 381 1979 424 medium.

1473 438 1501 470 3.
1526 427 1655 460 Deinde
1681 437 1757 459 cum
1782 425 1876 459 dicit:
1905 425 2043 468 Quidam
2067 432 2168 459 autem
2191 432 2218 459 et
2239 437 2311 460 mox
2332 435 2405 468 etc.‚
2429 438 2488 472 po-

1415 472 1463 505 nit
1487 471 1670 515 specialiter
1700 480 1721 503 o
1747 470 1894 503 inionem
1922 469 2134 513 Empedoclis
2165 479 2197 503 et
2228 482 2302 504 eam
2325 470 2488 512 declarat,

1416 515 1527 549 dicens
1545 514 1635 559 quod
1652 482 1797 558 quitiam,
1821 514 1907 546 sicut
1923 513 2144 558 Empedocles
2167 523 2200 548 et
2228 515 2299 548 eius
2320 526 2489 560 sequaces,

1440 568 1546 593 onunt
1569 559 1679 592 statim
1703 567 1846 602 quatuor
1870 557 2041 591 elementa.
2066 559 2158 592 Dicit
2180 568 2292 592 autem
2309 571 2392 601 mox,
2411 561 2489 605 quia

1414 572 1492 637 licet
1514 603 1614 648 aliqui
1637 610 1822 647 posuerunt
1846 611 2000 646 quatuor,
2027 614 2097 636 non
2120 611 2232 637 tamen
2278 604 2488 649 rincipaliter‚

1415 648 1472 681 sed
1497 647 1565 681 duo
1589 647 1708 687 media,
1733 647 1818 679 sicut
1841 657 1950 680 aerem
1975 655 2007 680 et
2030 658 2163 692 aquam,
2186 647 2258 681 dice
2282 657 2338 681 ant
2361 660 2402 682 ex
2417 648 2489 682 aliis

1414 693 1571 736 generari.
1597 692 1664 725 Ista
1687 699 1799 724 autem
1823 699 1967 735 quatuor
1989 691 2153 725 elementa
2175 691 2303 726 reducit
2318 693 2487 737 Empedo-

1415 736 1480 769 cles
1505 737 1539 769 in
1563 735 1631 769 duo
1655 736 1838 768 contraria:
1864 747 1904 768 ex
1927 747 1993 769 una
2017 737 2106 769 enim
2130 745 2222 780 parte
2245 738 2341 781 ponit
2364 738 2487 781 ignem,

1415 790 1447 814 et
1470 792 1509 814 ex
1533 779 1594 813 alia
1618 788 1710 823 parte
1733 780 1802 823 igni
1830 780 1892 813 tria
1915 779 1977 813 alia
2001 781 2212 825 contraponit
2231 791 2257 814 α.
2284 781 2381 815 Unde
2406 793 2486 815 con-

1415 825 1527 858 cordat
1550 823 1744 857 Aristoteles
1769 835 1846 857 cum
1869 819 2072 869 Empedocle
2095 826 2130 858 in
2154 825 2297 866 duobus,
2321 825 2397 860 licet
2417 836 2487 860 non

1414 870 1564 909 omnino,
1589 868 1713 901 scilicet
1729 869 1764 902 in
1779 879 1920 902 nurnero
1944 868 2186 904 elementorum
2209 879 2242 903 et
2258 871 2495 905 contrarietate·

1413 924 1539 947 eorum.

1469 957 1616 991 Ulterius
1640 965 1751 990 autem
1775 957 1958 991 incidenter
1980 957 2123 992 declarat
2145 959 2352 1003 opinionem,
2373 959 2486 994 dicens

1413 1001 1504 1047 quod
1527 1001 1712 1035 secundum
1735 1001 1975 1053 Empedoclem
1992 1002 2161 1053 ’elementa
2190 1015 2273 1048 quae
2301 1015 2364 1038 nos
2387 1005 2486 1038 senti-

1412 1058 1499 1086 mus,
1516 1057 1585 1080 non
1609 1055 1687 1079 sunt
1710 1057 1804 1090 pura,
1823 1055 1910 1080 sicut
1931 1058 1942 1079 i
2002 1058 2018 1080 s
2042 1058 2143 1092 quem
2165 1049 2328 1082 sentimus
2350 1059 2420 1083 non
2435 1057 2487 1083 est

1412 1102 1527 1135 purus,
1551 1102 1659 1135 neque
1676 1102 1731 1124 aer
1745 1101 1807 1124 nec
1823 1089 1934 1135 aliquo
1974 1090 2127 1131 aliorum,
2143 1091 2202 1126 sed
2220 1103 2326 1126 unum
2350 1092 2419 1127 uod
2444 1105 2486 1128 ue

1412 1145 1461 1169 est
1483 1136 1634 1169 mixtum.
1668 1135 1800 1168 Tamen
1823 1134 1986 1180 simplicia
2009 1135 2172 1170 elementa
2195 1146 2273 1171 sunt
2300 1146 2332 1171 ta
2357 1138 2412 1179 a‚i
2436 1146 2487 1172 est

1411 1181 1481 1213 istis
1506 1192 1589 1225 quae
1612 1179 1765 1213 videmus
1787 1179 1919 1220 similia,
1931 1191 2001 1213 non
2027 1189 2138 1215 tamen
2156 1181 2284 1215 eadem.
2302 1181 2404 1216 Verbi
2416 1193 2487 1226 gra-

1412 1225 1456 1258 tia
1478 1224 1512 1258 id
1532 1223 1624 1269 quod
1647 1233 1696 1258 est
1719 1223 1827 1258 simile
1850 1225 1931 1269 igni,
1954 1234 2034 1269 puta
2057 1224 2210 1267 flamma,
2233 1237 2304 1260 non
2327 1234 2377 1261 est
2398 1226 2486 1271 ignis

1411 1268 1470 1302 sed
1493 1270 1609 1320 ignea:
1639 1277 1689 1302 est
1711 1269 1805 1303 enim
1825 1268 1959 1303 flamma
1989 1269 2124 1314 spiritus
2147 1270 2226 1304 sicci
2257 1270 2354 1305 ardor
2377 1280 2416 1306 ut
2437 1270 2486 1306 di-

1411 1314 1495 1347 citur
1509 1325 1544 1346 in
1560 1314 1575 1348 I
1589 1313 1816 1354 Meteororum;
1840 1322 1873 1347 et
1896 1313 1988 1358 quod
2002 1323 2052 1348 est
2067 1314 2175 1349 simile
2198 1315 2264 1349 aeri
2280 1326 2350 1349 non
2365 1324 2416 1351 est
2431 1326 2486 1350 aer

1411 1357 1469 1392 sed
1484 1369 1629 1398 aereum,
1653 1367 1686 1392 et
1701 1357 1851 1392 similiter
1873 1357 1914 1392 de
1938 1357 2019 1392 aliis.
2043 1359 2135 1394 Dicit
2149 1359 2250 1394 etiam
2265 1358 2486 1405 Empedocles

1434 1402 1502 1436 uod
1526 1403 1612 1446 ignis
1635 1403 1693 1448 qui
1717 1403 1802 1436 circa
1825 1414 1887 1437 nos
1911 1412 1960 1437 est
1974 1428 1983 1444 ,
2016 1412 2066 1437 est
2093 1403 2257 1448 quaedam
2279 1399 2484 1450 superabun-

1411 1415 1521 1481 dantia
1545 1446 1738 1488 caliditatis,
1767 1448 1852 1481 sicut
1874 1447 1995 1491 glacies
2019 1457 2069 1482 est
2093 1448 2255 1493 quaedam
2278 1448 2484 1494 superabun-

1411 1491 1520 1525 dantia
1543 1491 1740 1536 frigiditatis,
1765 1492 1838 1526 Coa

1411 1536 1629 1570 abundantiae
1653 1535 1826 1581 quaedam,
1839 1504 1932 1571 5:2oe
1955 1536 2091 1582 quidem
2114 1536 2300 1582 frigiditatis
2318 1539 2354 1573 in
2369 1535 2484 1583 glacie,

1410 1580 1491 1614 haec
1508 1590 1620 1615 autem
1636 1580 1808 1615 caliditatis
1824 1581 1859 1614 in
1874 1581 1952 1626 igne
1970 1582 2055 1615 circa
2070 1593 2134 1616 nos
2149 1583 2319 1617 existente.
2333 1583 2370 1618 Si
2383 1583 2486 1628 igitur

1410 1625 1532 1670 glacies
1555 1634 1606 1659 est
1628 1625 1969 1670 coagulatiosshumidi
1992 1635 2025 1661 et
2047 1625 2167 1671 frigidi,
2191 1636 2225 1661 et
2247 1628 2334 1672 ignis
2357 1637 2409 1663 est
2429 1639 2485 1662 su-

1410 1670 1640 1715 perabundans
1664 1671 1750 1704 arsio
1775 1669 1871 1704 calidi
1895 1679 1928 1704 et
1950 1671 2039 1711 sicci,
2063 1671 2141 1716 quia
2163 1681 2344 1717 utrumque
2366 1683 2485 1708 eorum

1410 1727 1430 1749 a
1453 1724 1715 1760 temperamento
1745 1715 1914 1749 mixtionis
1942 1715 2075 1750 recedit.
2099 1715 2180 1756 Ideo
2203 1716 2287 1750 nihil
2317 1728 2358 1752 ex
2378 1715 2484 1762 glacie

1410 1768 1595 1804 generatur,
1619 1771 1680 1794 nec
1704 1771 1744 1794 ex
1767 1760 1843 1804 igne
1860 1760 1917 1804 qui
1941 1769 1991 1794 est
2015 1760 2100 1794 circa
2116 1771 2191 1802 nos,
2207 1760 2284 1795 licet
2304 1769 2484 1808 utrumque

1410 1805 1452 1838 sit
1474 1805 1626 1838 mixtum.
1640 1823 1659 1830 -
1675 1803 1868 1839 Secundum
1891 1813 2003 1838 autem
2026 1804 2191 1850 quosdam
2210 1805 2304 1840 aliter
2317 1805 2486 1845 inducitur

1410 1849 1491 1883 haec
1514 1849 1632 1888 littera,
1652 1858 1690 1883 ut
1712 1848 1839 1893 legatur
1862 1848 2048 1883 secundum
2067 1850 2262 1894 opinionem
2284 1849 2484 1891 Aristotelis.

1466 1905 1496 1937 4.
1514 1893 1644 1928 Deinde
1661 1905 1738 1927 cum
1755 1893 1847 1928 dicit:
1863 1893 1994 1928 Entibus
2009 1900 2110 1928 autem
2125 1903 2200 1936 etc.‚
2215 1903 2366 1930 removet
2380 1903 2485 1941 quan-

1410 1938 1486 1972 dam
1503 1938 1755 1979 dubitationem,
1772 1950 1857 1983 quae
1873 1938 1946 1972 talis
1963 1947 2022 1973 est.
2047 1938 2137 1974 Cum
2153 1939 2243 1973 enim
2259 1939 2326 1975 sint
2363 1948 2485 1975 uatuor

1410 1982 1572 2028 simplicia
1596 1994 1735 2028 corpora
1767 1991 1804 2016 ut
1827 1982 2004 2027 probatum
2027 1992 2092 2024 est,
2115 1983 2246 2018 videtur
2269 1995 2314 2029 qu
2383 1995 2484 2037 opor-

1410 2036 1476 2061 teat
1491 2038 1615 2072 ponere
1632 2037 1774 2073 quatuor
1788 2027 1855 2062 loci
1870 2027 2071 2062 differentias
2090 2040 2175 2073 quae
2191 2029 2201 2062 i
2227 2029 2271 2062 sis
2288 2028 2484 2081 corporibus

1410 2081 1573 2117 aptantur.
1598 2073 1694 2106 Hanc
1709 2083 1789 2116 ergo
1806 2078 1956 2106 removet
1971 2072 2095 2114 dicens,
2119 2040 2224 2118 quod³

1409 2162 1477 2196 rius
1501 2161 1645 2196 duorum
1676 2173 1827 2207 priorum
1849 2161 2025 2203 locorum,
2053 2161 2178 2197 scilicet
2206 2161 2272 2196 loci
2295 2173 2428 2202 smsum
2451 2171 2486 2198 et

1409 2206 1475 2240 loci
1499 2206 1677 2241 deorsum:
1710 2206 1791 2240 haec
1814 2207 1904 2240 enim
1927 2215 2020 2240 sunt=
2052 2207 2154 2242 rimae
2177 2206 2385 2249 differentiae,
2400 2206 2484 2250 loci,

1410 2260 1447 2285 ut
1477 2250 1596 2285 dicitur
1626 2252 1662 2285 in
1685 2251 1718 2286 11
1745 2251 1780 2285 de
1805 2251 1897 2286 Caelo
1906 2263 1920 2291 ;
1950 2260 1983 2286 et
2012 2251 2024 2285 i
2047 2263 2092 2286 eo
2121 2251 2241 2289 dicitur
2269 2251 2324 2287 hic
2337 2252 2485 2305 pn'onm

1409 2295 1564 2330 duorum.
1596 2296 1687 2340 Ignis
1711 2297 1800 2330 enim
1830 2304 1864 2330 et
1887 2307 1942 2330 aer
1971 2305 2051 2330 sunt
2080 2295 2168 2331 illius
2192 2296 2258 2330 loci
2288 2308 2346 2349 qui
2369 2305 2421 2334 ex
2442 2296 2484 2332 ad

1409 2341 1589 2375 terminum
1613 2351 1767 2381 sursum,
1798 2349 1883 2374 terra
1907 2350 2018 2374 autem
2041 2349 2074 2375 et
2096 2352 2183 2386 aqua
2196 2350 2284 2380 sunt
2305 2341 2397 2383 illius
2416 2341 2484 2377 loci

1410 2386 1467 2437 qui
1490 2394 1540 2419 est
1563 2384 1720 2419 deorsum
1733 2411 1743 2426 ,
1770 2396 1839 2418 non
1863 2385 2002 2430 pariter,
2026 2385 2085 2420 sed
2107 2394 2253 2420 extrema
2276 2394 2355 2426 sunt
2377 2387 2484 2431 magis

1407 2441 1532 2465 sincera.
1563 2430 1656 2464 Sicut
1683 2430 1770 2474 ignis
1794 2430 1852 2475 qui
1880 2438 1933 2463 est
1952 2429 2145 2475 simpliciter
2171 2429 2274 2472 levis,
2305 2430 2383 2469 ideo
2404 2431 2484 2469 ,nima

1410 2474 1538 2519 pliciter
1560 2473 1662 2508 fertur
1686 2485 1819 2508 sursum
1832 2499 1842 2515 ,
1873 2483 1958 2508 terra
1981 2486 2062 2509 vero
2085 2474 2279 2520 simpliciter
2301 2474 2460 2515 deorsum
2473 2500 2482 2518 ,

1410 2520 1487 2571 quia
1503 2518 1695 2564 simpliciter
1709 2519 1828 2563 gravis.
1853 2518 1919 2553 Sed
1934 2518 2044 2553 media
2067 2519 2228 2554 elementa
2252 2528 2395 2566 utroque
2408 2531 2483 2566 par-

1409 2564 1562 2608 ticipant:
1587 2574 1672 2608 aqua
1695 2564 1785 2597 enim
1808 2562 1889 2597 levis
1920 2572 1970 2597 est
1993 2564 2028 2597 in
2059 2573 2161 2605 terra,
2189 2573 2222 2598 et
2243 2564 2352 2609 gravis
2375 2573 2426 2600 est
2447 2565 2483 2599 in

1409 2619 1482 2642 aere
1502 2617 1536 2642 et
1550 2608 1584 2642 in
1601 2609 1695 2652 igne;
1720 2619 1797 2642 cum
1820 2619 1901 2652 ergo
1924 2619 2010 2653 aqua
2033 2607 2109 2653 plus
2124 2607 2242 2642 habeat
2260 2608 2301 2643 de
2323 2609 2483 2654 gravitate

1410 2665 1510 2698 quam
1529 2653 1570 2688 de
1593 2652 1736 2692 levitate,
1753 2653 1859 2730 magis
1883 2654 2109 2687 communicat
2133 2664 2209 2687 cum
2226 2662 2326 2688 terra:
2351 2662 2385 2691 et
2405 2652 2483 2689 ideo

1409 2699 1540 2743 utrique
1569 2697 1663 2731 datur
1694 2708 1781 2732 unus
1825 2708 1929 2739 ocus;
1960 2697 2110 2732 similiter
2140 2707 2253 2732 autem
2283 2697 2325 2733 de
2353 2709 2429 2741 aere
2449 2707 2485 2736 et

1409 2742 1495 2787 igne.
1519 2742 1621 2777 Addit
1644 2751 1755 2776 autem
1779 2741 1820 2776 ad
1843 2741 1919 2782 hoc,
1937 2742 2028 2787 quod
2053 2743 2230 2777 constituta
2253 2751 2331 2778 sunt
2346 2754 2484 2782 excon-

1408 2788 1514 2822 trariis
1537 2796 1680 2832 quatuor
1703 2786 1912 2831 passionibus
1936 2795 1968 2821 et
1992 2787 2118 2832 primis,
2137 2799 2178 2822 ex
2195 2787 2318 2833 quibus
2339 2786 2483 2833 gravitas

1408 2841 1441 2866 et
1463 2831 1579 2866 levitas
1604 2841 1756 2866 causatur
1778 2840 1811 2865 et
1835 2840 1960 2866 ceterae
1985 2831 2157 2877 tangibiles
2180 2831 2364 2884 qualitates.

1466 2886 1494 2919 5.
1519 2875 1650 2911 Deinde
1667 2887 1744 2910 cum
1764 2875 1859 2910 dicit:
1885 2876 1940 2911 Sed
1956 2882 2056 2911 tamen
2070 2877 2244 2922 simplicata
2256 2883 2391 2922 quatuor
2405 2885 2482 2919 etc.‚

1409 2921 1552 2955 ostendit
1583 2933 1667 2966 quae
1691 2920 1830 2966 qualitas
1853 2921 1888 2954 in
1912 2920 2062 2966 quolibet
2083 2921 2249 2956 elemento
2270 2921 2482 2964 dominetur,

1408 2965 1520 3000 dicens
1571 2965 1640 3000 uod
1667 2965 1830 3000 elementa
1858 2976 1934 2999 cum
1965 2966 2032 3000 sint
2062 2974 2223 3011 quatuor,
2247 2975 2281 3000 et
2310 2965 2482 3012 quodlibet

1408 3009 1526 3044 habeat
1571 3021 1629 3044 uas
1654 3009 1838 3055 qualitates,
1861 3021 1931 3044 non
1954 3019 2067 3044 tamen
2089 3010 2188 3046 habet
2210 3022 2265 3045 eas
2288 3009 2482 3056 aequaliter,

1408 3054 1466 3088 sed
1482 3055 1715 3100 unumquodque
1728 3061 1769 3089 est
1791 3055 1895 3096 unius,
1912 3053 1997 3089 idest
2018 3055 2053 3089 in
2069 3066 2276 3107 unoquoque
2292 3054 2483 3091 domimum

1408 3110 1493 3140 una,
1517 3100 1603 3132 sicut
1632 3100 1666 3133 in
1689 3108 1773 3134 terra
1805 3100 1910 3144 magis
1939 3098 2129 3134 dominatur
2151 3100 2280 3134 siccitas
2325 3111 2404 3135 uam
2426 3099 2482 3135 fri-

1408 3143 1548 3187 giditas,
1579 3144 1613 3177 in
1646 3154 1731 3188 aqua
1760 3144 1865 3189 magis
1893 3143 2053 3189 frigiditas
2081 3155 2183 3189 quam
2213 3143 2308 3179 humi
2334 3144 2341 3153 '
2403 3169 2416 3186 ‚
2445 3144 2480 3179 in

1409 3199 1482 3221 aere
1505 3188 1610 3231 magis
1634 3188 1812 3222 humiditas
1837 3200 1937 3234 quam
1961 3187 2118 3229 caliditas,
2143 3189 2179 3223 in
2202 3189 2279 3233 igne
2306 3200 2386 3223 vero
2408 3199 2479 3224 ma-

1409 3232 1458 3283 gis
1492 3231 1679 3266 dominatur
1709 3232 1855 3267 caliditas
1889 3244 1989 3278 quam
2017 3233 2156 3268 siccitas.
2179 3233 2259 3268 Non
2290 3242 2340 3268 est
2369 3242 2480 3268 autem

1409 3275 1678 3320 intelligendum,
1702 3286 1739 3310 ut
1796 3277 1908 3312 uidam
1939 3277 2068 3318 dicunt,
2098 3277 2189 3323 quod
2219 3287 2304 3313 terra
2330 3277 2409 3312 licet
2438 3277 2482 3313 sit

1410 3321 1514 3371 inagis
1538 3321 1623 3354 sicca
1647 3333 1745 3366 quam
1770 3289 1886 3366 prigida
1900 3349 1908 3363 ‚
1933 3321 2023 3367 quod
2050 3331 2187 3374 propter
2209 3322 2275 3356 hoc
2297 3322 2341 3358 sit
2361 3322 2481 3357 siccior

1411 3376 1498 3408 igne,

1410 3420 1527 3453 persua
1551 3418 1592 3443 et.
1625 3410 1720 3444 Duae
1751 3411 1840 3444 enim
1869 3420 1946 3444 sunt
1981 3423 2098 3446 causae
2129 3411 2303 3446 siccitatis:
2334 3422 2402 3446 una
2430 3418 2480 3445 est

351 3551 378 3584 α)
398 3559 435 3577 ex
453 3553 507 3577 alia
522 3557 602 3585 parte
617 3554 672 3586 igni
687 3555 740 3579 tria
755 3556 808 3579 alia
827 3557 1004 3588 contraponit.
1017 3571 1036 3576 -ι
1050 3564 1087 3582 ex
1101 3557 1155 3582 alia
1176 3562 1257 3590 parte
1277 3558 1333 3592 igni
1351 3562 1425 3584 terra
1443 3559 1498 3584 alia
1516 3561 1651 3592 componit
1664 3561 1704 3586 ed.
1721 3568 1747 3591 a,
1763 3562 1834 3595 quod
1848 3562 1869 3587 C
1884 3562 1987 3595 corrigit
2001 3562 2041 3587 in:
2060 3569 2098 3588 ex
2109 3562 2165 3588 alia
2178 3565 2262 3595 paru
2276 3561 2348 3596 ignis
2361 3564 2480 3588 terrm:

297 3587 351 3612 alia
370 3588 511 3619 componit.

1886 1491 1966 1526 latio
1989 1493 2080 1526 enim
2103 1501 2136 1527 et
2159 1493 2247 1527 arsio
2270 1503 2350 1528 sunt
2370 1505 2496 1540 super—-

2230 2084 2308 2108 cum
2321 2085 2339 2108 s
2470 2093 2484 2100 -

1409 2126 1486 2151 tuor
1508 2116 1671 2162 simplicia
1695 2128 1846 2169 corpora,
1869 2117 2134 2163 unumquodque
2157 2118 2310 2162 ipsorum
2332 2082 2411 2158 ἐξεζ-Κ
2427 2085 2493 2160 ut}

1545 3366 1599 3399 uia
1622 3365 1727 3399 littera
1751 3365 1816 3400 hoc
1839 3368 1856 3388 *
1879 3366 1975 3408 dicit3
2000 3375 2083 3401 ratio
2107 3378 2197 3401 enim
2220 3367 2255 3400 in
2278 3366 2480 3403 contrarium
2507 3371 2518 3382 '

2517 386 2527 395 '
2542 387 2632 408 terram
2645 386 2690 411 m
