2554 4062
2301 282 2386 308 XXXX

301 348 571 390 Venceslaus
607 347 788 402 Crispus
823 346 1059 388 editionem
1092 361 1121 388 a
1154 348 1430 403 transcripsit,
1456 354 1498 390 et
1531 349 1640 390 inter
1671 349 1948 391 scribendum
1972 351 2182 408 castigare
2206 360 2385 394 conatus

175 418 252 461 est,
288 411 367 453 sed
401 425 498 452 raro
533 411 571 452 ei
605 410 689 452 hoc
722 423 801 464 pro
836 415 944 450 voto
980 409 1124 451 cessit..
1154 410 1283 451 Plura
1316 411 1475 452 menda
1508 413 1883 468 typographorum
1907 413 2078 455 retinet:
2115 427 2150 455 e.
2175 429 2232 470 g.,
2257 416 2328 458 lib.
2353 417 2383 465 Ι,

173 487 231 524 v1,
261 490 290 513 ω
313 476 548 515 tenuerunt
575 486 655 528 pro
682 473 946 519 timuerunt,·
978 485 1065 521 vm,
1088 489 1108 511 υ
1128 473 1310 514 eandem
1332 487 1583 516 consumere
1605 488 1684 530 pro
1709 469 1883 516 tandem
1907 480 2204 526 consunzetur,·
2237 478 2307 520 lib.
2332 480 2382 528 II,

173 551 216 587 11,
247 539 266 582 ζ
297 536 600 578 substantialis
631 535 700 576 rei
727 548 807 590 pro
840 535 1012 576 subtilis·
1044 536 1198 583 terrez'‚·
1230 549 1286 585 1x,
1317 535 1337 575 δ
1365 538 1610 579 societatem
1653 551 1732 593 pro
1765 542 1978 579 socratem
1992 555 2010 587 ,·
2044 545 2086 580 et
2118 539 2202 580 alia
2220 573 2223 577 .
2238 541 2382 583 multa.

118 630 122 633 -
174 600 272 642 Lib.
296 600 346 648 ΙΙ,
375 613 417 648 v,
442 612 558 640 num.
586 610 610 639 2
637 598 702 653 (cs.
733 598 788 652 β),
819 611 908 639 non
941 598 1247 639 animadvertit
1267 598 1402 640 lineas
1426 613 1523 642 esse
1547 600 1760 651 inversas;
1789 615 1829 650 x,
1855 615 1970 642 num.
2003 614 2056 642 10
2080 602 2154 656 (cf.
2185 603 2240 658 ν),
2265 603 2331 645 ed.
2356 618 2384 645 a

174 663 292 719 legit,
316 662 461 717 inepta
492 661 831 716 transpositione
865 660 1119 709 verborum,
1146 663 1332 716 propter
1361 666 1502 704 motus
1523 664 1567 704 in
1591 677 1674 717 quo
1697 667 1764 705 est
1781 664 1931 712 locum,
1958 664 2036 706 sed
2059 664 2163 719 ipse,
2195 679 2381 707 errorem

175 725 357 767 credens
389 724 760 781 grammaticalem
785 736 895 773 esse,
931 723 1108 779 corrigit
1126 726 1313 778 propter
1331 728 1496 766 motum
1527 726 1571 766 z'n
1595 740 1679 780 quo
1701 730 1768 768 est
1793 727 1921 768 locus.
1946 727 2157 769 Eiusdem
2186 728 2382 771 lectionis

175 800 380 844 magnam
406 792 572 842 partem
606 786 681 841 (cf.
711 787 756 841 γ)
780 786 1042 842 typographi
1065 786 1303 841 Papienses
1327 793 1685 842 transposuerunt
1707 790 1748 830 in
1778 790 2007 831 lectionem
2035 797 2302 845 sequentem,
2327 792 2385 833 ita

174 856 222 891 ut
254 855 440 905 utroque
473 850 573 891 loco
608 862 764 891 sensus
803 849 983 890 omnino
1018 849 1210 890 deficiat:
1246 849 1516 892 Venceslaus
1557 851 1615 892 ibi
1651 852 1754 907 legit
1787 858 1834 893 ut
1866 866 1915 902 a,
1950 853 2029 894 sed
2063 853 2151 903 hic,
2186 854 2260 894 ubi
2300 855 2383 895 sci-

131 952 137 961 ,
173 912 274 954 licet
305 925 462 954 sensus
495 912 622 954 nimis
657 912 873 954 absurdus
908 918 994 961 est,
1029 912 1151 953 addit
1186 912 1269 954 sed
1295 913 1337 954 in
1377 913 1588 969 principio
1622 914 1754 969 partis
1791 915 2090 970 transpositae,
2128 922 2170 958 et
2208 916 2250 957 in
2284 917 2381 966 fine,

173 981 352 1031 propter
383 975 634 1016 moriuntur
663 976 868 1023 homines,
895 981 1031 1016 mutat
1053 975 1175 1030 quod
1197 975 1394 1030 sequitur
1419 979 1464 1017 et
1491 990 1576 1018 non
1594 981 1819 1030 generata,
1853 978 1894 1018 in
1928 981 1972 1018 et
1994 991 2080 1019 non
2097 982 2382 1032 generantur.

174 1038 276 1080 Alia
309 1037 468 1080 menda
500 1038 587 1079 iam
620 1039 875 1093 transcripta
908 1038 1112 1080 correxit:
1149 1051 1183 1079 e.
1209 1052 1265 1094 g.,
1300 1038 1371 1080 lib.
1400 1039 1429 1088 I,
1465 1052 1510 1080 111
1543 1054 1595 1089 ηη
1631 1040 1754 1081 calor
1795 1053 1873 1095 pro
1912 1041 2049 1089 c0l0r‚·
2081 1055 2122 1090 ν,
2157 1058 2210 1092 ηη
2244 1042 2383 1082 inten-

174 1101 332 1143 &mem
364 1114 445 1157 pro
478 1102 875 1156 anteremptzbnem:
906 1114 979 1150 v11,
1000 1118 1022 1140 κ
1051 1101 1250 1156 difi’rant
1278 1115 1357 1156 pro
1380 1101 1606 1150 deserant:
1638 1115 1756 1152 xxm,
1792 1116 1907 1144 num.
1932 1105 1972 1152 6,
2005 1103 2113 1144 inter
2141 1104 2250 1145 duas
2284 1118 2383 1146 sen-

173 1163 331 1221 tentias
353 1177 383 1214 a
405 1164 529 1220 ponit
562 1164 694 1206 crude
717 1167 800 1205 aut
813 1167 902 1219 pro
923 1167 967 1206 et
985 1165 1154 1219 absque
1185 1177 1339 1213 sensu;
1375 1164 1529 1206 eadem
1551 1164 1672 1205 addit
1696 1165 1744 1214 C,
1767 1165 1845 1206 sed
1869 1166 2037 1221 punctis
2068 1167 2242 1216 claudit;
2267 1180 2382 1216 xx1v,

174 1231 291 1269 niun.
318 1238 358 1281 7,
393 1227 468 1268 ubi
502 1241 531 1269 a
565 1227 756 1282 corrupit
787 1227 947 1282 o‘ptebit
965 1227 1008 1268 in
1030 1227 1210 1274 Ondebit,
1246 1226 1395 1268 scribit
1419 1227 1666 1275 ostendebz‘t,
1703 1228 1781 1269 sed
1805 1241 1994 1270 errorem
2017 1229 2382 1279 animadvertens,

175 1290 388 1346 expungit
420 1290 466 1331 bi
495 1296 539 1331 et
572 1290 693 1331 addit
725 1303 791 1331 ur.
826 1290 929 1331 Non
963 1290 1097 1331 semel
1130 1289 1315 1344 ipsemet
1346 1289 1578 1331 scribendo
1613 1297 1739 1339 errat,
1775 1297 1833 1339 et,
1869 1304 1922 1332 ne
1961 1292 2272 1346 pulcherrimus
2307 1306 2382 1334 co-

174 1352 262 1394 dex
294 1352 430 1394 lituris
462 1353 719 1402 foedaretur,
754 1352 828 1393 tali
861 1352 997 1393 modo
1021 1358 1187 1393 textum
1210 1353 1371 1402 alterat,
1405 1359 1452 1394 ut
1485 1366 1640 1394 sensus
1673 1353 1828 1394 adesse
1863 1354 2078 1395 videatur:
2115 1368 2149 1396 e.
2176 1369 2231 1411 g.,
2257 1355 2381 1404 lib.I,

173 1427 232 1466 m,
261 1432 291 1456 ω
322 1429 404 1471 pro
436 1414 758 1470 difficultatem,
791 1414 1061 1470 facultatem
1092 1429 1169 1456 seu
1201 1414 1529 1470 difficultatem,-
1561 1429 1657 1465 v111,
1694 1429 1809 1457 num.
1845 1415 1891 1466 5,
1926 1430 2006 1471 pro
2039 1417 2121 1458 sed
2157 1418 2383 1459 dicendum

173 1478 300 1534 quod,
333 1477 416 1520 sed
443 1477 731 1519 dubitandum
763 1490 849 1518 non
882 1481 951 1519 est
979 1477 1208 1519 dicendum
1241 1481 1386 1519 autem
1413 1478 1551 1532 quod,·
1583 1479 1654 1520 lib.
1679 1480 1737 1528 II,
1763 1493 1802 1527 X,
1839 1492 1954 1520 num.
1981 1479 2020 1528 5,
2055 1493 2135 1534 pro
2169 1483 2381 1535 tempus...

174 1541 311 1583 habet
337 1553 569 1582 numerum
602 1540 948 1588 determinatum,
974 1543 1196 1596 tempus
1220 1541 1354 1582 habet
1383 1544 1552 1596 tempus
1583 1541 1917 1582 determinatum
1945 1545 1988 1582 et
2017 1555 2257 1584 numerum.
2294 1544 2382 1584 Ra-

173 1603 346 1646 tissima
379 1603 539 1645 menda
571 1603 650 1644 rite
685 1603 882 1652 correxit,
916 1617 1140 1658 nunquam
1173 1610 1319 1645 tamen
1352 1605 1562 1646 correctio
1600 1604 1728 1645 nobis
1762 1604 1966 1652 occurrit,
2002 1617 2114 1659 quae
2149 1618 2202 1646 ex
2235 1605 2381 1660 aliquo

173 1665 327 1709 codice
362 1666 593 1721 desumpta
615 1679 712 1708 esse
735 1666 954 1708 videatur:
990 1679 1145 1708 omnes
1178 1666 1323 1722 potius
1359 1667 1698 1716 emendationes,
1734 1667 1862 1708 etiam
1897 1667 2049 1715 bonas,
2074 1680 2127 1708 ex
2149 1668 2384 1724 sagacitate

175 1729 318 1786 Crispi
353 1735 471 1771 ortas
521 1742 617 1771 esse
661 1729 896 1778 credimus,
932 1729 1012 1770 nisi
1051 1730 1160 1771 sorte
1193 1729 1423 1784 aliquoties
1466 1736 1631 1772 textum
1666 1730 1912 1772 Aristotelis
1949 1729 2207 1780 adhibuerit,
2253 1745 2384 1786 quem

172 1792 429 1835 transcribit.
1568 1831 1571 1833 ,

291 1855 459 1897 Codex
492 1868 600 1911 ergo
635 1855 671 1896 C
706 1868 858 1910 parum
902 1868 984 1897 nos
1029 1855 1195 1897 adiuvit
1232 1855 1275 1896 in
1309 1861 1428 1897 textu
1470 1856 1607 1898 Piano
1647 1854 1941 1904 emendando,
1988 1868 2086 1896 cum
2130 1855 2232 1897 nihil
2266 1855 2382 1897 aliud

173 1918 232 1961 sit
263 1932 397 1974 quam
431 1918 565 1960 editio
599 1932 629 1959 a
661 1918 839 1973 proprio
884 1924 1020 1960 marte
1059 1924 1102 1959 et
1134 1919 1270 1974 vulgo
1314 1919 1425 1960 male
1470 1925 1679 1968 correcta;
1719 1918 1949 1974 plurimum
1994 1931 2100 1959 vero
2145 1918 2285 1960 codex
2318 1920 2381 1968 A,

174 1981 430 2038 praesertim
464 1981 507 2023 in
541 1981 690 2037 primis
724 1981 995 2030 lectionibus,
1030 1982 1105 2023 ubi
1139 1981 1336 2023 codicem
1370 1982 1405 2023 B
1441 1982 1750 2023 conserendum
1783 1980 2026 2022 habuimus.
2061 1981 2176 2022 Inter
2207 1982 2249 2022 A
2284 1987 2325 2023 et
2346 1983 2382 2023 B

174 2057 289 2101 quae
322 2044 475 2086 relatio
510 2044 585 2094 sit,
622 2044 897 2086 determinari
932 2058 1021 2086 non
1069 2050 1234 2100 potest:
1270 2045 1472 2100 quamvis
1512 2045 1626 2086 enim
1660 2044 1833 2100 saepius
1868 2050 1910 2085 et
1943 2044 2124 2085 multum
2159 2043 2381 2094 differunt,

174 2120 329 2164 parum
362 2107 464 2149 inde
499 2107 588 2149 erui
624 2108 742 2156 licet,
779 2108 921 2149 donec
954 2108 1204 2150 alterutrum
1239 2121 1338 2149 cum
1371 2107 1566 2163 pluribus
1601 2107 1825 2149 codicibus
1859 2106 2106 2148 conferendi
2148 2106 2272 2148 detur
2303 2120 2384 2162 op-

174 2170 430 2227 portunitas.
466 2171 501 2211 B
547 2170 752 2212 exhibere
796 2171 1094 2212 recensionem
1135 2170 1347 2220 criticam,
1383 2184 1437 2212 ex
1479 2171 1624 2212 multis
1664 2171 1756 2212 eius
1789 2169 2055 2211 variantibus
2101 2175 2270 2210 constat
2308 2169 2380 2224 (cf.

176 2233 379 2275 Prooem.
411 2233 450 2284 β,
481 2247 519 2281 ι,
556 2248 587 2282 ι,
624 2249 647 2271 κ
686 2239 728 2274 et
756 2247 804 2284 μς
839 2245 865 2282 1,
899 2234 933 2284 β,
963 2249 1002 2284 η,
1033 2249 1075 2283 e,
1107 2234 1133 2285 ψ
1167 2240 1209 2275 et
1238 2247 1281 2283 ιι;
1315 2246 1356 2282 11,
1388 2236 1424 2283 θ,
1461 2249 1483 2272 κ
1517 2239 1560 2275 et
1586 2247 1648 2283 νν;
1683 2246 1749 2282 111,
1781 2235 1820 2285 β,
1851 2234 1888 2282 ζ,
1919 2249 1954 2282 ο,
1992 2233 2033 2277 ζζ
2067 2238 2109 2274 et
2134 2232 2210 2286 oo):
2240 2232 2318 2273 sed
2341 2233 2383 2274 A

174 2301 342 2338 textum
377 2295 670 2338 materialibus
704 2296 882 2351 quidem
916 2296 1135 2338 erroribus
1169 2296 1470 2352 defiguratum,
1505 2297 1719 2338 sincerum
1752 2302 1895 2338 tamen
1920 2309 1998 2337 nec
2022 2296 2166 2351 inepta
2199 2295 2384 2351 castiga-

174 2358 294 2401 tione
327 2358 627 2408 adulteratum,
662 2359 853 2414 praebet.

878 2489 1690 2542 METEOROLOGICORUM

305 2609 334 2651 I.
370 2609 512 2650 LmER
545 2621 642 2650 IPSE
675 2609 1041 2650 AmSTOTEL1s.‘-
1064 2609 1216 2650 Nexus
1251 2609 1420 2665 logicus
1457 2609 1584 2650 huius
1626 2609 1721 2650 libri
1765 2621 1863 2649 cum
1896 2608 2167 2664 praecedenti
2206 2607 2384 2649 manife-

176 2677 314 2714 statur
346 2686 372 2712 a
404 2671 630 2713 s.Thoma
662 2671 706 2712 in
739 2671 949 2727 principio
985 2672 1293 2713 commentarii.
1331 2672 1443 2713 Cum
1478 2671 1604 2720 enim,
1628 2671 1738 2712 sicut
1770 2670 1891 2712 initio
1920 2671 2201 2712 Praefationis
2224 2670 2385 2711 dictum

178 2740 256 2783 est,
291 2733 470 2775 scientia
502 2747 592 2775 non
626 2734 682 2775 sit
713 2734 911 2789 perfecta,
951 2734 1034 2775 nisi
1067 2749 1093 2776 a
1126 2734 1431 2775 communibus
1464 2734 1520 2775 ad
1554 2734 1822 2789 particularia
1855 2734 2101 2782 descendat,
2126 2733 2224 2774 ideo
2264 2739 2385 2788 post-

178 2810 313 2852 quam
347 2796 608 2838 Aristoteles
641 2797 684 2838 in
718 2797 829 2838 libro
862 2796 916 2838 de
954 2797 1242 2838 Generatz'one
1274 2800 1318 2838 et
1346 2797 1629 2852 Corruptione
1652 2796 1954 2837 determinavit
1987 2796 2040 2837 de
2063 2796 2385 2837 transmutatio-

178 2860 308 2901 nibus
337 2860 652 2901 elementorum
676 2859 718 2900 in
743 2859 976 2908 communi,
1001 2860 1292 2901 necessarium
1325 2860 1403 2900 suit
1435 2859 1491 2900 ad
1525 2859 1891 2914 complementum
1925 2859 1991 2900 sui
2025 2864 2238 2907 tractatus,
2265 2857 2385 2913 quod

181 2921 239 2963 de·
259 2922 441 2978 singulis
463 2922 693 2977 speciebus
716 2922 1124 2963 transmutationum
1158 2928 1318 2978 ageret,
1343 2935 1455 2976 quae
1490 2922 1600 2962 circa
1633 2922 1727 2976 ipsa
1750 2922 1962 2962 elementa
1983 2921 2191 2962 accidunt.
2228 2920 2385 2961 Subie-

180 2990 298 3025 ctum
331 2984 461 3040 igitur
501 2984 628 3025 huius
672 2984 767 3025 libri
802 2990 902 3025 sunt
934 2985 1080 3026 variae
1113 2985 1282 3040 species
1325 2984 1693 3026 transmutationis
1728 2984 2051 3024 elementorum.
2100 2983 2213 3023 Hinc
2247 2988 2385 3023 totum

182 3059 295 3101 opus
329 3046 518 3088 divisum
552 3053 618 3088 est
649 3047 692 3088 in
727 3047 836 3088 duas
869 3053 1012 3102 partes
1046 3047 1324 3102 principales:
1369 3060 1470 3088 nam
1503 3047 1547 3087 in
1580 3047 1716 3087 tribus
1750 3046 1964 3101 prioribus
2007 3045 2124 3086 libris
2157 3045 2299 3099 agitur
2332 3043 2386 3085 de

179 3108 508 3164 particularibus
542 3110 856 3151 elementorum
889 3110 1344 3159 transmutationibus,
1390 3110 1550 3164 quibus
1584 3109 1823 3150 secundum
1869 3121 1916 3148 se
1949 3113 2309 3156 transmutantur;
2343 3106 2386 3147 in

182 3176 338 3226 quarto
374 3170 429 3211 de
458 3172 891 3213 transmutationibus
926 3173 1260 3221 elementorum,
1299 3172 1540 3213 secundum
1575 3171 1695 3226 quod
1738 3171 1843 3211 haec
1877 3170 2057 3211 veniunt
2089 3170 2132 3210 in
2167 3169 2386 3224 composi-

180 3234 346 3274 tionem
381 3233 513 3274 mixti.
549 3233 640 3274 Sed
674 3240 721 3274 ut
752 3241 1056 3290 argumentum
1090 3235 1216 3276 huius
1250 3235 1346 3276 libri
1380 3234 1646 3276 manifestius
1680 3238 1894 3287 appareat,
1928 3232 2159 3287 praecipua
2192 3231 2283 3272 eius
2307 3231 2387 3272 do-

180 3296 342 3353 ctrinae
376 3295 517 3350 capita
549 3296 869 3338 annotabimus.

308 3359 359 3399 II.
384 3359 712 3399 ARISTOTELICI
744 3370 924 3400 TExrus
957 3371 1179 3401 SYNOPSIS.
1209 3383 1228 3390 -
1252 3360 1446 3400 LIBERI.
1482 3358 1627 3399 Primo
1663 3357 1800 3412 capite
1833 3357 2066 3412 praemittit
2097 3356 2388 3411 Philosophus

181 3420 480 3476 prooemium,
522 3420 565 3461 in
599 3434 688 3475 quo
735 3420 924 3461 breviter
963 3428 1187 3463 enumerat
1229 3427 1320 3462 tum
1356 3434 1407 3462 ea
1440 3420 1494 3461 de
1529 3420 1688 3474 quibus
1725 3419 1923 3460 tractavit
1955 3419 1998 3460 in
2030 3419 2388 3474 praecedentibus

182 3483 387 3525 scientiae
420 3483 624 3525 naturalis
658 3483 789 3532 libris,
825 3488 917 3524 tum
953 3497 1004 3524 ea
1037 3483 1092 3524 de
1125 3484 1285 3538 quibus
1318 3484 1408 3539 agit
1442 3480 1730 3537 inpraesenti
1759 3482 1882 3531 libro,
1907 3488 1998 3522 tum
2022 3481 2210 3536 denique
2244 3482 2313 3522 illa
2336 3480 2389 3521 de

180 3546 343 3601 quibus
390 3546 611 3602 agendum
655 3551 787 3587 restat
819 3545 862 3586 in
897 3546 1266 3600 consequentibus
1310 3546 1436 3587 huius
1481 3544 1731 3599 disciplinae
1763 3545 1893 3586 libris.
1937 3545 1986 3585 In
2025 3544 2218 3585 secundo
2253 3543 2389 3598 capite

180 3608 363 3649 resumit
395 3609 602 3664 principia
634 3608 1042 3650 transmutationum
1077 3608 1130 3648 de
1165 3608 1324 3662 quibus
1357 3620 1487 3663 agere
1522 3607 1720 3656 intendit;
1760 3607 1803 3648 in
1836 3607 1961 3648 tertio
1995 3613 2140 3647 autem
2173 3606 2388 3661 quaedam

182 3671 430 3712 necessario
464 3671 508 3712 in
541 3671 825 3726 sequentibus
859 3670 1147 3725 supponenda
1180 3670 1378 3719 declarat,
1403 3675 1508 3725 puta
1531 3669 1727 3711 ordinem
1767 3670 2080 3711 elementorum
2104 3669 2145 3709 in
2169 3669 2387 3714 universo,
