2782 4134
1083 482 1534 569 INDEX

552 651 772 694 EORUM
806 651 980 705 QUAE
1011 653 1073 694 IN
1106 654 1234 696 HOC
1266 656 1590 700 VOLUMINE
1623 659 2064 705 CONTINENTUR

205 922 350 952 Praefatio
372 944 2189 965 ............................................................

448 1028 521 1080 ΙΝ
561 1027 813 1082 LIBROS
852 1029 1316 1083 ARISTOTELIS
1354 1032 1444 1084 DE
1483 1032 1722 1088 CAELO
1763 1036 1847 1089 ET
1885 1038 2157 1092 MUNDO

1160 1146 1446 1180 EXPOSITIO

506 1354 739 1383 PROOEMIUM
760 1355 789 1383 S.
808 1354 977 1383 THOMAE

202 1421 248 1451 De
267 1420 371 1450 ordine
398 1420 486 1450 huius
513 1420 580 1450 libri
607 1421 646 1450 ad
670 1420 744 1450 alios
770 1420 908 1450 scientiae
934 1420 1074 1450 naturalis

261 1461 362 1491 libros.
383 1477 404 1484 α
423 1461 494 1490 Eius
514 1461 636 1491 materia
656 1467 685 1490 et
705 1460 868 1491 subiectum
883 1483 1074 1491 .......

683 1528 749 1550 CAP.
770 1528 791 1549 1.

592 1581 694 1610 LECT
695 1581 734 1610 10
755 1581 875 1610 PRIMA
906 1586 910 1589 '

200 1652 246 1681 De
266 1649 373 1698 quibus
393 1649 432 1679 ad
452 1647 602 1678 scientiam
626 1648 790 1678 naturalem
809 1647 952 1685 pertineat
977 1647 1072 1676 deter-

261 1699 373 1721 minare
384 1710 1071 1720 .......................

561 1755 704 1784 LECTIO
726 1755 906 1784 SECUNDA

197 1819 244 1849 De
263 1817 440 1857 perfectione
459 1815 588 1846 universi
609 1824 699 1854 quam
718 1816 806 1844 habet
825 1822 890 1844 tum
910 1816 1072 1845 secundum

259 1858 407 1889 rationem
427 1866 617 1887 communem
644 1856 791 1894 corporis,
817 1863 881 1886 tum
909 1857 1070 1886 secundum

258 1899 405 1930 rationem
424 1898 576 1937 propriam
596 1907 667 1928 suae
686 1897 880 1927 universitatis
908 1920 1068 1927 ......

673 1965 738 1987 car.
760 1966 791 1987 11.

581 2011 724 2041 LECTIO
744 2012 888 2040 TERTIA

195 2053 407 2099 Praenotioaes
428 2066 575 2104 quaedam
599 2065 639 2093 ad
667 2065 882 2094 ostendendum
908 2074 943 2094 ex
963 2064 1070 2103 quibus

254 2107 386 2147 partibus
419 2106 627 2146 principalibus
660 2105 800 2144 perfectio
833 2106 961 2136 universi
995 2106 1069 2135 inte-

254 2155 354 2189 gretur
355 2169 1064 2178 ........................

566 2215 708 2244 LECTIO
731 2215 892 2250 QUARTA

194 2278 335 2316 Quinque
355 2276 516 2306 rationibus
536 2275 700 2304 ostenditur
720 2276 801 2312 quod
815 2281 929 2312 praeter
942 2281 1069 2313 quatuor

255 2319 400 2349 elementa
419 2326 537 2346 necesse
559 2322 602 2345 est
622 2315 685 2344 dari
705 2315 785 2344 aliud
806 2326 912 2354 corpus
933 2316 1065 2353 simplex.

666 2384 731 2406 car.
753 2385 794 2406 m.

575 2430 718 2459 LECTlO
740 2431 888 2465 QUlNTA

193 2487 239 2516 Ex
257 2484 380 2514 notione
400 2483 496 2521 gravis
517 2489 546 2512 et
565 2482 635 2512 levis
660 2482 825 2512 ostenditur
852 2493 959 2521 corpus
984 2486 1066 2522 quod

254 2524 431 2555 circulariter
451 2529 585 2553 movetur
609 2532 671 2553 non
691 2523 799 2552 habere
823 2524 992 2562 gravitatem
1012 2534 1065 2554 ne-

255 2575 313 2604 que
332 2565 479 2595 levitatem
504 2586 1061 2595 ...................

583 2631 685 2660 LECT
685 2631 725 2660 10
746 2631 874 2660 SEXTA

167 2676 170 2678 A
191 2690 363 2723 Ostenditur
383 2699 490 2728 corpus
515 2690 637 2719 caeleste
664 2699 727 2719 esse
752 2689 948 2728 ingenerabile
968 2697 997 2720 et
1017 2690 1062 2720 in-

251 2731 439 2769 corruptibile
466 2752 1058 2761 ....................

562 2798 704 2827 LECTIO
726 2798 894 2828 SEPTIMA

189 2857 362 2888 Ostenditur
382 2867 488 2895 corpus
509 2857 631 2886 caeleste
656 2866 718 2885 non
739 2866 801 2886 esse
826 2858 988 2887 subiectum
1009 2868 1060 2888 ne-

251 2908 308 2938 que
322 2905 479 2938 augmento
494 2906 523 2928 et
537 2896 739 2933 deminutioni,
754 2908 850 2937 neque
863 2899 1061 2930 alterationi.—

250 2940 472 2970 Manifestantur
490 2949 544 2977 per
564 2939 710 2977 quaedam
728 2939 810 2978 signa
823 2949 858 2968 ea
872 2949 948 2977 quae
961 2940 992 2969 in
1005 2942 1060 2971 hac

250 2986 280 3010 et
292 2980 476 3018 praecedeuti
489 2979 613 3010 lectione
626 2989 680 3018 per
693 2980 837 3010 rationem
847 2982 973 3018 probata
984 2989 1059 3012 sunt.

623 3049 706 3070 carr.
727 3050 771 3077 111,
791 3050 831 3070 1v.

561 3093 704 3122 LECTIO
726 3093 887 3123 OCTAVA

186 3148 236 3177 Ad
253 3146 448 3185 integritatem
461 3146 588 3175 universi
601 3155 664 3175 non
677 3146 833 3184 requiritur
845 3155 960 3184 praeter
973 3149 1059 3186 quin-

249 3197 307 3225 que
328 3197 454 3225 corpora
473 3186 614 3224 simplicia
634 3186 755 3225 aliquod
775 3188 855 3218 aliud
869 3198 975 3227 corpus
989 3190 1058 3218 sim-

248 3228 323 3265 plex.
345 3228 530 3257 -Probatur
550 3228 644 3256 motui
672 3228 802 3257 circulari
830 3239 892 3258 non
919 3239 981 3259 esse
1006 3231 1058 3259 ali-

249 3278 338 3306 quem
359 3274 473 3297 motum
494 3268 672 3297 cona-arium
681 3290 1055 3299 .............

663 3337 728 3358 ΕΑΡ.
749 3338 779 3358 V.

586 3382 728 3411 LECTIO
750 3383 859 3411 NONA

186 3431 273 3461 Ratio
294 3441 385 3469 quare
404 3439 472 3470 post
491 3434 652 3471 praemissa
671 3434 877 3472 inquirendum
898 3435 935 3464 sit
955 3436 991 3464 de
1011 3435 1056 3464 in-

248 3471 359 3501 finitate
385 3474 497 3502 mundi.
519 3491 540 3496 -
561 3476 628 3510 Quo
656 3474 760 3503 ordine
787 3476 1015 3511 procedendum.
1037 3492 1057 3497 -

249 3512 347 3542 Prima
366 3513 441 3543 ratio
456 3515 494 3543 ad
507 3516 694 3551 probandum
715 3515 797 3553 quod
817 3515 996 3552 impossibile
1014 3522 1057 3544 est

249 3561 355 3590 corpus
377 3554 458 3591 quod
479 3554 654 3584 circulariter
675 3562 808 3584 movetur
829 3565 892 3584 esse
911 3555 1057 3583 infinitum

248 3593 411 3623 secundum
431 3595 662 3632 magnitudinem
681 3618 1055 3625 .............

1113 1470 1188 1501 pag·
1215 1448 1218 1451 ’

1130 2329 1146 2344 1>

1260 1471 1269 1490 l

1233 2318 1265 2346 13

1229 2580 1263 2607 ¹9

1224 2742 1261 2763 22

1222 2993 1259 3022 27

1221 3273 1252 3300 31

1202 1240 1360 1278 LIBER
1387 1242 1402 1278 Ι

1707 1359 1848 1389 LECTIO
1870 1362 2018 1391 DECIMA

1328 1414 1463 1444 Secunda
1483 1422 1511 1444 et
1531 1417 1615 1446 tertia
1635 1418 1709 1447 ratio
1728 1420 1766 1447 ad
1783 1421 1970 1456 probandum
1988 1430 2094 1458 corpus
2115 1422 2196 1459 quod

1388 1455 1564 1485 circulariter
1584 1464 1717 1487 movetur
1737 1469 1799 1488 non
1820 1469 1883 1489 esse
1903 1461 2048 1490 infinitum
2064 1482 2192 1490 .....

1682 1526 1824 1555 LECTIO
1845 1527 2046 1556 UNDECIMA

1327 1581 1411 1610 Aliae
1431 1588 1490 1611 tres
1503 1583 1631 1614 rationes
1644 1586 1683 1614 ad
1695 1587 1882 1622 probandum
1896 1589 1977 1626 quod
1991 1597 2098 1625 corpus
2112 1589 2194 1626 quod

2228 945 2306 976 pag.

2227 1471 2304 1502 pag.

1387 1622 1563 1653 circulariter
1590 1633 1724 1655 movetur
1749 1636 1812 1656 non
1836 1635 1933 1665 potest
1960 1638 2023 1658 esse
2050 1628 2196 1658 infinitum
2257 1640 2272 1655 »

1795 1702 1861 1723 CAP.
1883 1703 1923 1724 VI.

1664 1754 1806 1783 LECTIO
1827 1755 2058 1784 DUODECIMA

1325 1809 1403 1837 Tum
1424 1810 1537 1840 ratione
1558 1820 1675 1851 sumpta
1692 1823 1727 1843 ex
1740 1821 1822 1852 parte
1841 1815 1984 1851 locorum,
2005 1822 2068 1844 tum
2081 1815 2194 1845 ratione

1385 1858 1502 1889 sumpta
1523 1862 1557 1882 ex
1577 1861 1659 1891 parte
1672 1855 1819 1893 gravitatis
1833 1862 1862 1884 et
1874 1855 2010 1892 levitatis,
2032 1856 2195 1885 ostenditur

1385 1901 1447 1920 non
1468 1902 1530 1922 esse
1551 1894 1696 1924 infinitum
1717 1905 1825 1933 corpus
1846 1897 1927 1933 quod
1952 1902 2086 1925 movetur
2109 1902 2193 1925 motu

1385 1939 1482 1970 recto,
1503 1935 1548 1963 vel
1568 1944 1586 1964 a
1606 1936 1705 1965 medio
1726 1936 1833 1965 scilicet
1852 1937 1899 1965 vel
1919 1937 1957 1966 ad
1977 1936 2107 1966 medium
2123 1958 2130 1965 .
2153 1958 2159 1965 .
2183 1958 2189 1965 .

1757 2012 1840 2032 cm.
1861 2012 1901 2040 w,
1921 2012 1972 2033 vn.

1633 2058 1775 2086 LECTIO
1797 2059 2088 2088 DECIMATERTIA

1323 2116 1447 2146 Ratione
1467 2117 1590 2146 naturali
1609 2124 1638 2147 et
1652 2118 1878 2148 demonstrativa
1897 2120 2050 2156 desumpta
2064 2128 2098 2148 ex
2111 2126 2192 2157 pane

1383 2163 1481 2186 motus
1502 2158 1616 2194 localis,
1638 2159 1800 2188 ostenditur
1819 2159 2017 2188 universaliter
2031 2161 2112 2197 quod
2125 2160 2191 2189 nul-

1383 2198 1445 2226 lum
1465 2207 1572 2235 corpus
1592 2199 1722 2228 naturale
1742 2205 1839 2236 potest
1859 2208 1922 2228 esse
1942 2200 2128 2229 infinitum..
2152 2222 2159 2228 .
2183 2222 2190 2229 .

1620 2260 1722 2288 LECT
1722 2260 1761 2288 10
1783 2261 2092 2296 DECIMAQUARTA

1322 2311 1492 2341 Ostenditur
1511 2312 1624 2340 nullum
1645 2321 1752 2350 corpus
1772 2312 1907 2341 sensibile
1935 2322 1997 2342 esse
2025 2313 2187 2350 infinitum,

1381 2359 1493 2381 ratione
1520 2359 1638 2399 accepta
1664 2362 1699 2381 ex
1724 2354 1838 2399 actione
1859 2359 1888 2382 et
1907 2353 2058 2390 passione,
2081 2363 2132 2382 seu
2153 2363 2187 2382 ex

1380 2399 1463 2430 parte
1483 2400 1582 2423 motus
1602 2403 1633 2422 m
1654 2403 1805 2423 commum
1814 2415 2187 2423 .............

1625 2461 1727 2490 LECT
1728 2461 1767 2489 10
1788 2460 2084 2496 DECIMAQUINTA

1319 2521 1489 2590 Ostfflitur
1508 2520 1670 2549 rationibus
1690 2519 1791 2558 logicis
1811 2520 1924 2549 nullum
1939 2529 2001 2549 esse
2015 2529 2122 2558 corpus
2143 2520 2188 2549 in-

1431 2568 1494 2590 tum
1507 2582 2186 2590 .......................

1778 2629 1844 2650 CAP.
1866 2629 1928 2650 vm.

1630 2675 1772 2704 LECTIO
1793 2675 2069 2704 DECIMASEXTA

1315 2732 1437 2760 Duabus
1457 2729 1619 2759 rationibus
1645 2729 1769 2766 sumptis
1791 2738 1825 2757 ex
1845 2729 2028 2758 inferioribus
2054 2729 2186 2767 corpori-

1375 2772 1430 2800 bus
1444 2770 1607 2800 ostenditur
1620 2779 1683 2799 esse
1697 2771 1904 2798 tantummodo
1917 2779 2011 2798 unum
2029 2771 2181 2799 mundum.

1611 2837 1752 2865 LECTIO
1774 2837 2088 2865 DECIMASEPTIMA

1316 2898 1415 2927 Tertia
1435 2896 1509 2925 ratio
1530 2905 1564 2925 ex
1585 2895 1756 2933 corporibus
1782 2894 1964 2924 inferioribus
1992 2896 2030 2923 ad
2057 2896 2184 2932 proban-

1376 2939 1445 2967 dam
1465 2937 1607 2966 unitatem
1627 2936 1738 2964 mundi.
1758 2954 1777 2958 -
1796 2936 1966 2964 Ostenditur
1986 2944 2110 2972 corpora
2130 2945 2182 2964 na-

1375 2978 1480 3007 turalia
1499 2977 1606 3006 habere
1627 2977 1817 3006 determinata
1837 2977 1917 3012 loca,
1944 2977 1981 3004 ad
2003 2985 2077 3013 quae
2097 2982 2182 3004 natu-

1375 3018 1473 3048 raliter
1492 3018 1623 3046 feruntur
1645 3037 2180 3046 ..................

1613 3083 1754 3112 LECTIO
1776 3082 2084 3111 DECIMAOCTAVA

1314 3145 1483 3174 Excluditur
1503 3143 1604 3181 opinio
1625 3143 1706 3180 quod
1727 3150 1852 3178 corpora
1871 3141 2014 3170 naturalia
2027 3150 2089 3170 non
2107 3150 2172 3170 rno-

1374 3191 1478 3213 ventur
1497 3183 1666 3213 naturaliter
1686 3183 1723 3211 ad
1744 3182 1808 3210 loca
1830 3181 2028 3210 determinata.
2039 3199 2059 3204 -
2074 3182 2179 3211 Osten-

1374 3225 1452 3253 ditur
1471 3224 1566 3253 unitas
1587 3223 1689 3251 mundi
1710 3231 1762 3259 per
1783 3231 1906 3259 corpora
1927 3222 2076 3258 superiora
2105 3244 2111 3250 .
2137 3245 2142 3251 .
2169 3245 2174 3252 .

1781 3295 1846 3316 cAP.
1869 3296 1909 3316 11.

1633 3341 1773 3370 LECTIO
1795 3342 2051 3370 DECIMANONA

1312 3395 1440 3424 Solvitur
1459 3394 1534 3423 ratio
1555 3403 1589 3423 ex
1610 3403 1669 3431 qua
1686 3393 1798 3422 videtur
1819 3394 1933 3422 ostendi
1948 3396 2028 3432 quod
2041 3395 2178 3432 possibile

1373 3435 1409 3463 sit
1429 3444 1492 3463 esse
1512 3434 1609 3471 plures
1629 3435 1756 3462 mundos
1766 3456 2174 3464 ..............

1672 3501 1813 3529 LECTIO
1834 3502 2015 3530 VIGESIMA

1311 3555 1481 3584 Ostenditur
1501 3555 1645 3583 mundum
1666 3562 1799 3583 constare
1824 3564 1858 3583 ex
1879 3556 1961 3584 omni
1981 3565 2104 3593 corpore
2124 3566 2176 3586 na-

1370 3595 1455 3624 turali
1476 3602 1504 3624 et
1524 3595 1667 3632 sensibili,
1689 3597 1770 3633 quod
1791 3602 1833 3624 est
1854 3596 1975 3625 materia
1995 3597 2056 3626 eius
2078 3620 2085 3626 .
2108 3620 2114 3626 .
2139 3620 2145 3627 .
2168 3620 2174 3627 .

2253 2211 2269 2226 ἲ

2251 2405 2267 2420 1>

2250 2571 2266 2587 2

2378 946 2401 966 V

2355 1472 2395 1499 40

2353 2199 2385 2228 ⁵1

2352 2394 2386 2422 55

2344 2770 2380 2798 63

2342 3235 2375 3262 71

2338 3599 2376 3626 8ο
