2580 4094
240 274 317 320 452

575 349 606 384 B

239 423 346 447 Bonitas
366 436 400 440 —
418 422 518 446 Ventus
543 419 663 451 frigidus,
687 418 782 443 faciens
807 417 934 441 hiemem:

277 465 365 491 quare.
385 457 409 488 Ι,
428 464 477 485 ιιν,
501 455 540 480 15.
558 455 592 484 ΙΙ,
609 462 643 483 νι,
657 462 683 485 4.
701 467 721 472 -
738 453 766 477 ln
786 453 868 476 Ponto
888 450 934 491 ali-

277 493 382 526 quando
407 496 495 517 causat
517 498 619 520 rorem,
644 497 697 514 non
721 488 747 512 in
772 487 827 512 aliis
853 487 933 510 locis:

277 536 367 561 quare.
385 528 403 558 1,
418 535 467 558 x1v,
491 534 522 558 14
541 533 601 558 sqq.
614 538 635 543 -
648 525 696 549 Est
715 523 789 548 nobis
809 527 933 550 serenus,

276 571 392 596 aquosus
407 567 493 587 autem
513 561 538 586 In
552 559 770 585 meridionalibus.
784 557 812 587 11,
826 564 860 585 vx,
874 564 901 587 4.
915 569 934 574 —

278 600 334 624 Flat
347 606 361 623 a
376 598 438 623 locis
452 597 500 622 sub
515 597 576 629 polo
589 595 689 620 arctico.
705 594 733 624 11,
748 600 791 622 vn,
811 599 850 616 10.
864 599 897 621 xx,
907 590 933 615 8.

276 643 300 665 ι,
309 642 336 666 4.
345 647 364 652 -
373 634 431 658 Νοιι
445 633 558 657 multum
572 630 695 663 procedit.
710 629 738 656 ΙΙ,
748 636 771 656 x,
781 634 807 658 4.
816 640 835 645 —
850 626 933 650 Causa

276 669 454 694 vehementiae
473 667 537 692 eius.
554 667 582 696 ΙΙ,
595 674 618 696 x,
635 665 659 690 6.
678 679 695 683 —
714 663 819 688 Plurimi
839 661 933 685 boreae

276 705 338 730 flant
356 704 445 728 nobis:
465 710 553 735 quare.
567 702 595 731 11,
609 709 632 730 x,
647 707 672 731 4.
686 713 705 718 -
722 698 797 723 Venti
812 697 932 721 boreales

276 741 339 765 flant
356 744 416 772 post
434 737 572 763 solstitium
587 735 721 760 aestivale:
741 740 831 766 quare.
850 732 879 761 ΙΙ,
898 739 932 761 xx,

278 784 302 808 7,
321 775 347 800 8.
369 775 409 808 Cf.
428 774 548 798 Exasxsa.
769 804 774 809 ¹

241 812 399 836 Bospnoaus
418 823 451 827 —
470 807 599 832 Invenitur
618 812 722 837 semper
740 807 894 828 minoratus.
908 802 931 831 Ι,

276 854 327 871 ινιι
373 863 380 870 .

240 853 413 906 Bornv'm7—
429 878 554 912 Bothyni,
570 884 616 902 seu
629 875 779 909 voragines,
795 873 933 907 aliquando

277 921 400 949 apparent
419 915 444 939 in
463 914 548 939 caelo:
567 919 655 945 quare.
675 911 692 940 1.
711 918 765 941 vm,
789 918 810 941 ι,
833 909 856 934 3.

571 1001 602 1037 C

239 1093 349 1118 Casum
362 1105 395 1109 —
409 1091 524 1121 Caelum,
538 1096 585 1113 seu
601 1096 696 1121 corpus
710 1088 828 1116 caeleste,
843 1086 934 1111 dicitur

275 1128 387 1160 primum
407 1127 571 1153 elementum,
586 1131 632 1149 seu
651 1123 766 1157 primum
785 1130 890 1155 corpuS.
910 1122 932 1152 Ι,

274 1171 292 1194 ι,
308 1162 332 1187 5.
346 1170 382 1191 111,
399 1161 422 1187 5.
435 1169 469 1192 xv,
487 1169 507 1190 1,
524 1160 547 1185 5.
561 1173 580 1178 -
593 1160 653 1190 Quo
668 1167 747 1184 sensu
767 1158 864 1183 dicatur
881 1157 933 1182 ele-

275 1203 400 1223 mentum.
415 1197 432 1226 1,
445 1204 462 1225 1,
479 1195 502 1220 5.
517 1209 535 1214 -
548 1195 699 1227 Appellatur
717 1194 823 1219 aether:
843 1200 932 1226 quare.

274 1234 292 1263 Ι,
312 1241 348 1264 ιιι,
369 1232 392 1258 5.
410 1246 429 1251 -
448 1231 537 1262 Qualis
557 1230 590 1255 sit
604 1235 710 1255 naturae
729 1230 874 1254 secundum
889 1236 933 1253 an-

275 1270 370 1301 tiquos.
385 1267 447 1292 ibid.
465 1281 485 1286 -
503 1267 640 1291 Formatur
654 1274 685 1290 ex
703 1265 793 1298 quinta
806 1265 932 1294 essentia,

275 1312 342 1337 quae
361 1309 400 1328 est
414 1302 569 1336 principium
587 1301 706 1326 omnium
722 1308 862 1333 corporum
875 1308 932 1326 cae-

274 1339 386 1364 lestium.
405 1339 423 1370 1,
442 1346 469 1368 ιι,
491 1345 514 1362 2.
533 1345 570 1367 ιιι,
591 1336 614 1362 5.
626 1351 645 1356 -
661 1337 719 1361 Non
737 1341 778 1361 est
796 1335 870 1369 ignis,
886 1343 934 1361 nec

273 1383 325 1406 aer,
341 1382 388 1399 nec
407 1379 555 1406 utrumque.
573 1373 591 1402 1.
610 1380 648 1403 ιιι,
667 1372 683 1398 6
703 1379 762 1404 sqq.
781 1379 815 1401 xv,
834 1371 856 1401 3,
875 1379 902 1403 4,
915 1385 934 1390 -

274 1411 370 1435 Natura
389 1410 444 1434 eius
463 1409 597 1442 quomodo
615 1409 734 1433 ordinem
753 1408 896 1440 participet.
915 1407 933 1438 1,

273 1454 291 1476 1,
312 1445 336 1470 5.
354 1445 383 1474 11.
401 1453 435 1474 vx,
457 1445 479 1469 3.
498 1458 516 1463 —-
535 1444 637 1477 Corpus
661 1444 771 1468 caeleste
791 1442 868 1468 habet
886 1442 934 1468 dit-

273 1482 395 1506 ferentias
414 1481 440 1505 in
458 1480 590 1505 nobilitate
613 1485 640 1504 et
658 1479 762 1504 virtute.
781 1478 798 1508 Ι,
818 1486 852 1508 xv,
870 1486 897 1510 4.
914 1492 934 1498 -

273 1517 332 1542 Νοιι
351 1521 392 1541 εει
409 1523 488 1549 grave
506 1523 592 1548 neque
614 1515 680 1540 leve.
699 1514 723 1544 Ι,
741 1522 776 1545 ιι,
796 1521 821 1539 2.
838 1528 858 1533 -
875 1515 934 1540 Νοιι

274 1558 314 1578 est
332 1551 453 1577 calidum.
467 1552 486 1582 Ι,
500 1559 533 1580 ιν,
549 1558 572 1576 2.
590 1558 615 1580 v,
627 1558 653 1582 4,
667 1558 694 1584 9.
705 1563 725 1569 -
736 1550 854 1575 Movetur
867 1550 933 1575 circa

273 1587 398 1613 medium.
417 1587 439 1617 Ι,
458 1594 492 1617 ιι,
513 1594 537 1612 2.
554 1600 574 1605 -
592 1586 655 1611 Eius
675 1591 762 1611 motus
782 1591 822 1611 est
841 1593 933 1619 perpe-

271 1629 341 1648 tuus.
360 1623 378 1652 Ι,
397 1630 424 1652 ιι,
444 1621 467 1647 5.
486 1630 523 1652 ιιι,
544 1621 568 1647 5.
586 1635 605 1641 -
623 1621 741 1646 Movetur
764 1622 796 1647 ad
815 1622 933 1647 occiden-

273 1664 336 1684 tem.
355 1659 384 1688 ΙΙ,
401 1666 456 1687 vm,
476 1666 498 1683 x.
509 1672 529 1678 -
542 1658 658 1690 Corpora
672 1657 807 1690 superiora
825 1665 934 1682 moven—

271 1700 314 1720 tur
333 1695 416 1719 multo
434 1694 551 1718 velocius
570 1701 650 1726 quam
668 1692 798 1719 inferiora.
818 1693 835 1722 Ι,
849 1700 894 1722 vn,
909 1693 933 1718 5.

308 1730 432 1754 Diversos
451 1729 559 1754 effectus
578 1728 604 1753 in
623 1728 787 1754 inferioribus
806 1729 932 1761 producit.

273 1766 292 1796 1,
310 1773 343 1795 xv,
364 1764 389 1790 5.
402 1773 427 1796 v,
441 1772 466 1797 7.
479 1772 539 1795 xvu,
557 1772 577 1795 x,
596 1771 620 1789 2.
633 1764 712 1789 —Est
729 1764 844 1796 primum
862 1764 934 1797 prin—

273 1802 366 1834 cipium
380 1800 561 1834 generationis.
575 1800 592 1829 Ι,
607 1807 642 1830 xv,
653 1798 678 1824 5.
691 1813 710 1819 -
723 1800 811 1825 Movet
825 1805 851 1825 et
865 1800 932 1833 regit

273 1836 400 1861 inferiora.
415 1836 433 1865 Ι,
442 1843 470 1865 ιι,
485 1835 499 1860 3
515 1843 604 1868 sqq.—
616 1835 703 1860 Motus
718 1835 776 1860 facti
791 1843 805 1860 a
818 1835 890 1860 caelo
906 1836 932 1860 in

272 1872 435 1897 inferioribus
460 1876 522 1896 sunt
540 1871 602 1903 ipsis
625 1871 768 1895 naturales:
787 1871 932 1904 quomodo.

273 1908 301 1937 ΙΙ,
314 1915 368 1937 vm,
386 1915 408 1932 x.
425 1921 446 1926 —-
464 1907 605 1937 Quomodo
624 1911 712 1931 causet
731 1906 887 1932 caliditatem
906 1907 931 1932 in

272 1943 446 1968 inferioribus.
464 1943 482 1972 Ι,
500 1950 535 1972 xv,
555 1950 578 1972 2,
596 1941 620 1968 5.
637 1949 662 1973 ν,
678 1941 692 1967 5
713 1950 774 1975 sqq.
785 1957 805 1963 -
817 1942 933 1975 Corpora

274 1979 407 2011 superiora
421 1986 474 2003 non
484 1978 587 2003 aluntur
600 1986 630 2003 ex
643 1978 792 2011 vaporibus.
802 1979 832 2008 ΙΙ,
841 1986 869 2010 ιι,
879 1978 906 2005 6.
914 1994 933 1999 -

275 2015 305 2039 In
324 2015 414 2043 caelo,
434 2013 500 2038 idest
518 2015 543 2039 in
562 2021 622 2039 aere
645 2013 782 2047 superiori.
802 2015 828 2045 Ι,
847 2022 887 2044 vx,
911 2024 931 2045 ι,

273 2057 326 2079 vxu,
350 2058 371 2075 x.

309 2085 430 2115 Caelum,
455 2085 522 2110 idest
544 2084 667 2110 mundus.
691 2085 756 2110 Vide
774 2087 895 2112 Μυιωυε.
913 2100 933 2107 -·

273 2121 424 2146 Subiectum
442 2121 498 2146 libri
519 2121 552 2146 de
568 2121 657 2146 Caelo.
676 2121 693 2152 1,
712 2129 730 2153 ι,
745 2121 769 2147 3.
781 2135 802 2142 -
815 2122 933 2147 Citantur

272 2157 305 2182 D.
319 2156 438 2181 Thomae
457 2156 642 2181 commentaria
659 2157 685 2181 in
704 2156 772 2182 hunc
789 2157 894 2183 librum.
913 2159 931 2188 Ι,

271 2199 330 2222 xvxx,
350 2191 375 2217 8.
400 2192 464 2217 Vide
481 2193 670 2217 Aius-romanas.

237 2228 358 2253 emma
375 2242 409 2246 —
428 2227 486 2253 Una
504 2235 534 2252 ex
553 2227 642 2259 primis
661 2228 826 2261 qualitatibus
850 2230 933 2262 tangi-

272 2263 377 2288 bilibus.
395 2263 413 2292 Ι,
432 2271 459 2294 ιι,
481 2270 505 2288 2.
527 2263 567 2297 Cs.
586 2262 604 2294 Ι,
622 2270 646 2293 v,
665 2270 692 2295 4.
705 2277 725 2283 ·-
738 2264 785 2289 Est
804 2265 869 2294 leve,
884 2273 931 2290 seu

273 2298 421 2324 naturaliter
434 2298 516 2324 fertur
530 2305 646 2324 sursum.
665 2299 683 2330 Ι,
697 2307 732 2330 νι,
747 2307 772 2326 2.
783 2307 828 2330 vn,
841 2307 863 2330 2,
878 2308 904 2333 4.
914 2316 932 2320 -

273 2334 322 2359 Per
331 2334 480 2359 violentiam
492 2334 574 2359 fertur
583 2334 624 2359 vel
634 2342 741 2360 sursum
752 2336 794 2361 vel
808 2336 932 2362 deorsum

271 2370 313 2394 vel
332 2369 448 2403 oblique.
467 2370 484 2400 Ι,
498 2377 543 2398 vu,
557 2377 585 2401 4.
601 2383 621 2389 -
639 2370 702 2395 Eius
721 2376 762 2396 est
780 2372 931 2398 rarefacere.

273 2405 291 2435 1,
305 2412 339 2435 xv,
356 2405 380 2430 3.
397 2413 431 2435 vx,
448 2413 472 2430 2.
489 2420 508 2424 -
525 2405 565 2430 De
583 2405 669 2430 calore
683 2411 789 2431 causato
807 2415 823 2432 a
841 2407 932 2433 stellis.

278 2440 342 2466 Vide
361 2441 479 2466 Castum.

237 2476 349 2501 exucta
366 2490 401 2494 —
419 2476 575 2509 Principium
595 2476 685 2502 Cancri
702 2482 742 2502 est
755 2478 870 2511 tropicus
890 2486 932 2504 ae-

273 2511 364 2537 stivus.
382 2511 412 2541 ΙΙ,
429 2519 474 2543 vn,
497 2519 536 2536 ιο.
554 2519 588 2541 ιι,
606 2519 634 2543 4.
651 2520 676 2543 ι,
699 2520 720 2544 ι,
741 2520 765 2538 2.

239 2546 321 2572 Came
339 2561 373 2566 —
392 2547 456 2572 Post
467 2552 554 2572 ortum
569 2547 656 2578 Canis,
670 2555 718 2573 seu
733 2548 880 2582 Caniculae,
893 2555 934 2575 est

274 2582 356 2607 maior
372 2583 463 2643 8calor:
489 2590 521 2607 eo
545 2587 663 2616 tempore
688 2583 750 2608 flant
774 2585 878 2611 etesiae.
898 2585 932 2615 ΙΙ,

274 2625 308 2649 1¹2
327 2625 353 2649 4,
390 2635 398 2643 ·

239 2653 350 2678 Canus
368 2667 402 2672 -—
427 2653 491 2679 Vide
508 2654 606 2679 Amas.

240 2688 429 2714 Carmcoauus
447 2703 482 2708 —
500 2689 564 2714 Eius
587 2689 742 2723 principium
761 2696 802 2716 est
819 2691 934 2725 tropicus

274 2723 402 2750 hiemalis.
421 2724 450 2754 ΙΙ,
463 2732 513 2755 vu,
536 2732 576 2750 ιο.
594 2732 618 2756 ι,
641 2733 662 2756 ι,
684 2732 707 2751 2.

239 2759 359 2784 Casama
377 2773 411 2778 —
435 2760 499 2785 Vide
518 2760 632 2786 Pom-us.

239 2795 379 2820 Caucasus
389 2809 423 2814 —
433 2796 508 2821 Unus
523 2803 554 2820 ex
568 2796 686 2822 maximis
701 2797 833 2823 montibus
843 2798 934 2823 Asiae:

274 2835 315 2855 est
333 2831 364 2855 ad
389 2836 477 2856 ortum
501 2830 654 2857 hiemalem:
674 2840 705 2858 ex
732 2834 791 2867 ipso
815 2833 935 2859 oriuntur

274 2865 344 2891 fluvii
363 2866 437 2892 multi
456 2871 482 2892 et
500 2867 612 2892 maximi.
631 2868 649 2898 Ι,
668 2875 719 2899 xvx,
739 2877 764 2902 7.

239 2901 330 2926 Causa
347 2915 382 2920 —
402 2902 504 2928 Primae
518 2910 611 2928 causae
629 2908 735 2930 naturae
749 2912 816 2938 quae
835 2904 894 2936 sint,
910 2910 936 2930 et

274 2936 318 2961 ubi
345 2937 377 2962 de
401 2938 438 2962 eis
463 2943 595 2964 tractetur.
614 2938 639 2970 1,
658 2947 679 2969 ι,
700 2939 725 2966 3.
742 2954 762 2959 -
779 2940 819 2965 De
843 2941 934 2966 ordine

274 2979 422 3000 causarum.
442 2974 460 3005 1,
479 2981 507 3005 11,
525 2982 552 3006 4.

239 3007 362 3067 Cafiom
376 3023 414 3069 8—
434 3009 472 3034 De
487 3010 558 3035 fonte
576 3017 659 3043 aquae
675 3011 760 3036 salsae
772 3011 798 3036 in
810 3011 933 3037 Chaonia.

298 3062 304 3074 ,
322 3051 356 3072 vx,
394 3062 401 3069 .

240 3078 391 3104 Cnaavanxs
410 3094 443 3098 —
468 3080 532 3106 Vide
550 3082 680 3108 Assorus.

240 3113 319 3139 stus
332 3129 365 3133 —
379 3115 544 3148 Superfluum
563 3117 620 3147 cibi,
631 3125 679 3142 seu
698 3118 821 3150 alimenti,
836 3118 861 3143 in
877 3126 934 3144 cor-

274 3149 382 3181 poribus
406 3151 555 3177 animalium
574 3157 614 3178 est
639 3154 739 3179 salsum
758 3159 784 3179 et
806 3161 934 3180 amarum.

276 3184 304 3213 ΙΙ,
323 3192 350 3217 ιι,
370 3194 395 3219 7.
413 3194 450 3218 ιιι,
472 3186 494 3212 5.
513 3195 547 3217 νι,
568 3195 592 3213 2.
610 3203 629 3208 -
647 3189 694 3214 Est
713 3189 881 3215 subtilissima
896 3191 935 3215 in-

274 3224 314 3244 ter
331 3228 424 3247 omnes
443 3223 641 3256 superfluitates.
660 3225 689 3256 11,
707 3233 742 3256 vx,
763 3233 787 3251 2.

241 3254 313 3279 mes
333 3270 367 3275 -—
386 3257 433 3283 Est
457 3258 591 3284 residuum
611 3260 642 3285 ab
667 3261 767 3286 actione
791 3262 884 3287 caloris
908 3262 933 3287 in

276 3291 384 3317 adustis.
402 3293 430 3322 ΙΙ,
448 3301 482 3323 vx,
503 3301 526 3324 2,
545 3302 571 3326 4.
589 3309 608 3314 -
632 3295 695 3321 Vide
713 3297 801 3328 Aous,
817 3297 898 3323 lame.

242 3325 404 3366 Cruenta-1⁸10
423 3343 457 3348 —
476 3330 567 3362 Magna
585 3331 714 3356 circulatio
728 3332 786 3364 (seu
798 3333 932 3366 periodus)

277 3361 396 3388 dividitur
414 3371 461 3396 per
479 3372 600 3398 magnam
625 3366 738 3392 hiemem
762 3373 788 3393 et
812 3376 933 3402 magnam

278 3402 411 3423 aestatem.
430 3399 448 3430 Ι,
467 3407 527 3431 xvxx,
548 3400 571 3426 5.

242 3430 374 3458 Cmcuaus
393 3448 426 3452 —
446 3434 473 3459 In
496 3435 554 3468 ipso
577 3444 630 3461 non
653 3442 692 3462 est
716 3438 830 3471 accipere
854 3438 934 3464 finem

277 3466 303 3508 in
322 3473 393 3493 actu:
413 3470 545 3502 quodlibet
563 3477 686 3503 punctum
701 3473 788 3499 datum
807 3479 848 3499 εει
864 3475 935 3508 prin-

279 3504 372 3536 cipium
393 3509 418 3528 et
436 3504 502 3530 finis.
522 3506 539 3537 Ι,
560 3514 586 3536 ιι,
607 3507 631 3532 5.

243 3536 415 3564 Commu-xo
432 3554 468 3559 —
491 3541 555 3566 Vide
573 3542 752 3568 Cononem-xo.

243 3571 364 3598 Comata
377 3588 410 3592 —
424 3575 531 3600 Colores
541 3577 679 3610 aliquando
690 3579 722 3603 de
735 3585 811 3605 nocte
824 3580 849 3605 in
863 3581 934 3606 caelo

279 3615 414 3642 apparent:
434 3610 578 3643 assignatur
598 3620 681 3638 causa.
702 3614 719 3644 Ι,
738 3622 792 3645 vm,
816 3623 823 3640 ι
847 3624 906 3649 sqq.

1040 266 1205 302 INDEX
1234 263 1637 300 ALPHABETICUS

991 344 1136 375 Commissa:
1156 343 1291 367 Hanctms
1310 355 1344 359 —
1364 342 1429 366 Sunt
1452 342 1526 373 quasi
1545 340 1571 365 in
1594 340 1687 365 ultimo

1026 380 1136 403 termino
1155 377 1303 402 occidentis.
1324 376 1352 405 ΙΙ,
1366 385 1390 406 ι,
1407 376 1430 401 3.
1444 389 1463 396 -·
1475 376 1514 400 De
1533 377 1598 400 mari
1617 381 1688 401 extra

1027 413 1179 438 Columnas.
1198 413 1226 442 ΙΙ,
1246 420 1263 443 ι,
1284 411 1308 442 6,
1329 419 1354 444 7.

991 449 1067 473 Com
1086 463 1120 467 —
1144 448 1209 472 Vide
1228 447 1362 478 Cous-rsa,
1383 447 1469 478 Luxu,
1489 447 1550 471 Sox..

990 483 1116 508 eonem
1135 497 1169 501 —
1189 483 1319 512 CometeS,
1339 489 1420 515 quare
1439 482 1477 506 sic
1501 482 1592 507 dictus.
1612 482 1630 512 Ι,
1648 489 1687 512 ιι,

1025 527 1052 551 4.
1070 532 1091 537 —·
1108 519 1176 543 Tres
1195 518 1339 542 sententiae
1363 517 1528 551 antiquorum
1549 518 1581 542 de
1600 524 1688 543 come-

1025 555 1067 580 tis.
1086 554 1105 584 Ι,
1124 562 1150 578 ιι
1164 560 1216 585 per
1234 556 1283 578 tot.
1305 553 1345 587 Cf.
1363 553 1381 582 Ι,
1399 560 1433 584 ιι,
1453 560 1479 585 7.
1496 566 1516 572 ·-
1535 553 1685 585 Reproban-

1025 595 1074 615 tur.
1094 590 1111 620 Ι,
1130 597 1146 614 x
1160 596 1213 621 per
1232 591 1280 613 tot.
1298 603 1318 608 —
1336 588 1427 618 Qualis
1453 589 1579 613 certitudo
1604 588 1688 620 possit

1025 625 1114 650 haberi
1133 625 1158 649 in
1177 624 1225 649 hac
1244 624 1360 649 materia.
1373 624 1390 654 Ι,
1404 631 1438 654 ιι,
1458 631 1479 648 ι.
1492 637 1512 643 -·
1525 624 1594 648 Vera
1609 631 1687 649 causa

1026 660 1191 693 apparitionis
1210 664 1336 684 cometae.
1354 659 1377 691 Ι,
1397 667 1431 690 ιι,
1451 666 1478 691 4.
1496 666 1550 690 ιιιι,
1569 667 1619 684 ι.-
1636 659 1686 684 Co-

1025 701 1108 720 metes
1131 695 1289 728 quandoque
1305 699 1345 720 est
1365 695 1448 726 stella,
1464 702 1551 720 errans
1573 695 1615 720 vel
1635 702 1687 719 non

1025 739 1123 762 errans,
1143 738 1245 756 comam
1265 730 1380 756 habens:
1399 730 1540 762 explicatur
1557 730 1621 756 haec
1638 738 1685 763 ap-

1025 767 1126 800 paritio.
1145 766 1169 796 Ι,
1188 774 1218 798 ι,
1238 765 1264 791 6.
1282 773 1315 797 ιι,
1335 765 1360 791 6.
1378 773 1437 795 xm,
1458 772 1483 790 2.
1500 779 1519 784 -
1537 765 1688 791 Differentia

1025 804 1091 827 inter
1115 802 1181 826 duos
1207 802 1302 826 modos
1327 801 1493 834 apparitionis
1517 805 1688 826 cometarum.

1025 839 1049 868 Ι,
1064 846 1101 869 ιι,
1121 845 1146 870 7.
1165 845 1224 868 xxxx,
1245 844 1269 861 2.
1287 850 1307 856 -
1325 837 1447 862 Cometes
1471 841 1637 869 comparatur
1655 837 1688 861 ad

1026 874 1129 899 stellam
1149 873 1293 897 cadentem.
1311 872 1330 903 1,
1348 879 1382 902 xx,
1404 871 1428 897 5.
1445 885 1465 891 -
1483 872 1629 897 Differentia
1648 872 1687 897 in-

1025 915 1064 934 ter
1083 916 1185 934 comam
1205 913 1230 933 et
1248 908 1318 933 halo.
1336 908 1354 937 1,
1373 915 1407 939 xx,
1427 906 1452 939 6,
1472 915 1498 940 7.
1516 915 1570 938 ιιιι,
1591 915 1615 932 2.

1060 945 1119 970 Νοιι
1137 943 1203 969 fiunt
1221 948 1338 968 cometae
1353 943 1427 968 multi
1446 947 1472 967 et
1486 950 1577 975 saepe:
1597 950 1688 976 quare.

1025 982 1043 1011 Ῑ,
1062 988 1096 1011 ιι,
1115 987 1141 1014 9.
1156 987 1209 1009 xm,
1223 987 1248 1012 7.
1261 992 1281 999 —
1294 979 1378 1011 Saepe
1389 978 1438 1003 visi
1458 983 1519 1003 sunt
1530 978 1619 1011 plures
1633 985 1688 1003 uno

1025 1017 1104 1042 simul
1122 1015 1189 1040 facti.
1206 1015 1224 1046 1,
1239 1023 1262 1045 x,
1279 1022 1303 1040 2.
1315 1028 1335 1033 -·
1348 1014 1425 1039 Fiunt
1438 1015 1520 1047 magis
1535 1019 1606 1038 extra
1618 1013 1687 1038 viam

1025 1053 1097 1082 solis,
1110 1059 1190 1084 quam
1209 1051 1287 1075 intra:
1308 1058 1396 1083 quare.
1413 1050 1431 1080 Ι,
1446 1057 1479 1081 ιι,
1495 1058 1520 1083 9.
1534 1056 1588 1079 xxxx,
1601 1057 1628 1081 4.
1646 1050 1687 1082 Cf.

1026 1089 1044 1119 Ι,
1063 1097 1087 1119 ι,
1108 1095 1132 1112 2.
1150 1099 1170 1106 --
1187 1085 1246 1111 Non
1264 1084 1331 1110 fiunt
1348 1091 1450 1111 tantum
1475 1086 1508 1110 ad
1532 1085 1688 1118 septentrio-

1025 1132 1095 1155 nem,
1116 1130 1163 1147 nec
1182 1127 1302 1155 tempore
1325 1122 1441 1146 aestivali
1467 1121 1562 1146 solum.
1581 1120 1599 1151 1,
1618 1128 1642 1150 x,
1661 1128 1687 1152 4,

1028 1160 1051 1185 5.
1074 1160 1113 1193 Cf.
1133 1158 1151 1189 Ι,
1170 1165 1203 1189 ιι,
1223 1157 1249 1182 6.
1266 1171 1286 1176 -
1304 1157 1429 1182 Cometae
1452 1155 1597 1190 significant
1615 1156 1688 1181 sicci-

1025 1201 1091 1221 tates
1110 1199 1136 1219 et
1153 1198 1255 1218 νειιιοε.
1275 1193 1293 1224 Ι,
1311 1200 1346 1224 ιι,
1365 1191 1391 1218 8.

1061 1231 1100 1256 De
1119 1237 1215 1262 magno
1234 1234 1336 1253 comete
1354 1230 1380 1254 in
1399 1228 1496 1253 Achaia
1509 1227 1575 1252 viso.
1589 1227 1608 1258 Ι,
1622 1235 1646 1257 ι,
1660 1235 1687 1259 4,

1026 1275 1051 1300 7.
1069 1274 1103 1298 ιι,
1123 1265 1148 1296 8,
1166 1279 1185 1284 -
1203 1265 1243 1289 De
1261 1264 1311 1289 alio
1334 1264 1391 1289 viso
1414 1269 1533 1296 tempore
1551 1263 1687 1288 cuiusdam

1025 1301 1147 1335 principis
1166 1300 1376 1326 Atheniensium.
1390 1300 1408 1331 1,
1427 1308 1451 1331 ι,
1466 1299 1490 1324 5.
1503 1314 1523 1318 -
1536 1299 1575 1324 De
1594 1307 1626 1324 eo
1642 1298 1689 1332 qui

1024 1338 1098 1363 visus
1117 1342 1157 1362 est
1176 1336 1226 1361 sub
1245 1335 1362 1369 principe
1380 1334 1548 1360 Nicomacho.
1566 1335 1589 1364 Ι,
1608 1342 1642 1365 ιι,
1661 1333 1687 1359 8.

989 1374 1162 1399 Conomno
1181 1385 1215 1390 —
1234 1371 1374 1402 Quoddam
1389 1370 1527 1396 conferens
1546 1371 1578 1396 ad
1598 1370 1689 1396 celeri-

1025 1414 1104 1435 tatem
1124 1407 1310 1441 coagulationis
1329 1415 1376 1432 seu
1395 1407 1590 1439 congelationis.
1609 1406 1628 1437 1,
1646 1414 1686 1436 xv,

1029 1445 1068 1470 13.
1082 1458 1101 1463 -
1119 1443 1261 1476 Congelata
1278 1451 1332 1468 non
1349 1442 1423 1468 facile
1441 1443 1596 1467 adunantur.
1615 1442 1633 1473 Ι,
1646 1449 1687 1473 ιν,

1027 1480 1052 1506 5.
1069 1493 1089 1500 ·-
1106 1479 1166 1504 Non
1184 1478 1312 1504 exhalant.
1331 1478 1360 1510 11,
1379 1486 1414 1509 ιι,
1434 1477 1459 1504 5.
1472 1491 1493 1499 -—
1514 1477 1579 1503 Vide
1597 1478 1687 1503 Aous.

990 1517 1149 1542 comeum
1167 1528 1202 1534 -—
1222 1514 1292 1545 Quid
1310 1514 1351 1539 sit.
1371 1514 1388 1544 1,
1407 1521 1435 1546 xx,
1456 1513 1480 1540 3.

990 1552 1147 1577 Con-rmum
1166 1564 1201 1569 -·
1219 1550 1258 1575 Ex
1277 1550 1365 1575 multis
1387 1549 1475 1582 parvis
1500 1557 1553 1574 non
1577 1553 1688 1581 possunt

1026 1587 1081 1612 fieri
1100 1586 1182 1612 multa
1201 1593 1296 1619 magna
1314 1585 1443 1610 continua.
1459 1585 1478 1617 1,
1492 1593 1533 1614 ιν,
1549 1584 1573 1614 5,
1586 1598 1606 1604 -
1618 1584 1687 1609 Con-

1025 1624 1134 1653 tinuum,
1148 1622 1215 1647 idest
1228 1621 1388 1653 contiguum.
1401 1621 1420 1650 1,
1434 1628 1462 1651 ιι,
1478 1620 1502 1646 3.
1514 1628 1540 1652 v,
1556 1628 1580 1645 2.
1594 1627 1649 1645 xm.
1662 1619 1687 1644 8.

989 1659 1102 1684 Conona
1121 1672 1155 1676 —
1175 1657 1345 1682 constellatio
1365 1657 1484 1682 Coronae
1501 1655 1531 1681 fit
1548 1655 1624 1681 nobis
1643 1663 1687 1680 su-

1025 1702 1072 1727 per
1090 1693 1268 1719 summitatem
1283 1693 1398 1725 capitum
1415 1699 1477 1718 cum
1499 1691 1577 1717 fuerit
1594 1692 1621 1716 in
1639 1691 1688 1716 cir-

1026 1730 1086 1755 culo
1105 1728 1257 1754 meridiano.
1277 1728 1305 1758 ΙΙ,
1324 1736 1348 1759 ι,
1369 1735 1393 1752 2.

989 1766 1097 1791 Connus
1116 1779 1150 1783 —
1170 1764 1286 1796 Corpora
1305 1763 1457 1797 corporibus
1482 1762 1623 1795 contiguari
1643 1762 1687 1787 de-

1025 1801 1102 1826 bent:
1117 1807 1207 1833 quare.
1222 1799 1240 1828 1,
1254 1807 1282 1830 ιι,
1294 1798 1318 1824 3.
1335 1813 1355 1818 -
1373 1799 1490 1832 Corpora
1508 1799 1644 1831 superiora
1662 1803 1688 1824 et

1025 1835 1154 1861 inferiora.
1173 1835 1192 1867 1,
1210 1842 1239 1867 11,
1260 1841 1285 1860 2.
1307 1834 1373 1860 Vide
1388 1834 1508 1863 Canum
1521 1834 1643 1860 Μυιωυι.

1319 1925 1354 1962 D

989 2015 1058 2040 Dan
1076 2028 1111 2033 --
1130 2013 1197 2045 Dali,
1211 2021 1258 2038 seu
1276 2013 1395 2044 titiones,
1417 2017 1543 2045 apparent
1561 2012 1587 2037 in
1606 2012 1687 2037 caelo.

1025 2050 1043 2079 Ι,
1062 2057 1096 2079 vx,
1120 2058 1141 2074 1.
1159 2063 1179 2069 -
1197 2049 1346 2075 Differentia
1363 2049 1457 2074 harum
1474 2048 1506 2073 ad
1525 2048 1589 2074 alias
1607 2055 1687 2081 appa-

1025 2085 1140 2111 ritiones.
1159 2085 1178 2117 1,
1196 2092 1231 2117 vx,
1252 2084 1276 2110 5.
1294 2099 1314 2105 —
1331 2085 1369 2110 Ex
1387 2084 1499 2110 hiatibus
1518 2084 1644 2109 excidunt.
1664 2083 1687 2115 Ι,

1025 2129 1080 2153 vm,
1101 2121 1126 2147 3.

989 2158 1127 2183 Damius
1145 2171 1180 2176 —
1202 2156 1268 2182 Vide
1286 2156 1372 2182 ism.
1408 2187 1410 2190 ι

988 2193 1107 2218 Dssu’ms
1126 2206 1160 2212 —
1179 2191 1297 2225 Delphis,
1312 2199 1359 2217 seu
1378 2190 1540 2217 constellatio
1558 2190 1687 2224 Delphini,

1025 2233 1066 2254 est
1084 2228 1111 2253 in
1130 2229 1213 2253 lacteo
1232 2227 1339 2253 circulo.
1358 2227 1376 2257 1,
1394 2234 1439 2258 ιιι,
1457 2226 1484 2252 8.

988 2265 1161 2290 Ducem-us
1180 2278 1215 2283 --
1234 2263 1332 2296 Opinio
1351 2263 1407 2288 eius
1425 2263 1459 2288 de
1477 2262 1596 2288 cometis.
1615 2262 1634 2293 1,
1653 2269 1686 2293 xx,

1027 2308 1051 2326 2.
1068 2313 1088 2320 -
1105 2299 1277 2333 Improbatur.
1302 2299 1327 2331 Ι,
1346 2307 1370 2331 ι,
1396 2298 1412 2324 6
1437 2306 1497 2332 sqq.
1515 2312 1535 2319 —
1556 2298 1635 2329 Item,
1655 2298 1688 2323 de

1023 2336 1130 2369 galaxia-
1149 2335 1173 2365 Ι,
1192 2343 1241 2366 ιιι,
1260 2342 1279 2367 4
1297 2342 1358 2368 sqq.
1375 2348 1397 2354 -
1418 2334 1458 2360 De
1476 2334 1578 2360 defectu
1591 2334 1688 2359 maris:

1025 2371 1195 2404 improbatur.
1209 2371 1238 2400 ΙΙ,
1253 2378 1288 2402 xv,
1302 2370 1317 2395 3
1331 2377 1392 2403 sqq.
1646 2384 1647 2389 =

990 2407 1119 2432 Dsoasmt
1137 2421 1172 2426 -
1195 2406 1261 2432 Vide
1278 2407 1389 2436 Sus-rus,
1407 2406 1524 2431 sumna.

988 2443 1108 2468 onasra
1126 2456 1166 2466 —.
1180 2442 1277 2467 Omnia
1294 2441 1394 2474 digesta
1411 2441 1532 2467 videntur
1549 2440 1688 2474 inspissata

1026 2485 1086 2503 esse
1104 2486 1119 2503 a
1137 2478 1232 2503 calore.
1251 2477 1280 2508 ΙΙ,
1298 2484 1333 2506 vx,
1354 2484 1378 2502 2.

990 2514 1123 2539 Βιιυνιιιιι
1141 2527 1175 2532 -
1194 2513 1234 2538 De
1252 2513 1350 2538 diluvio
1367 2517 1487 2546 tempore
1512 2511 1687 2537 Deucalionis.

1026 2549 1044 2579 1,
1062 2556 1123 2580 xvn,
1143 2548 1168 2574 5.

990 2585 1126 2610 Dtooanas
1146 2599 1179 2603 --
1197 2584 1238 2609 De
1252 2584 1418 2617 generatione
1432 2588 1457 2609 et
1475 2583 1580 2608 defectu
1599 2582 1687 2608 maris.

1026 2620 1056 2651 11,
1074 2627 1092 2652 Ι,
1110 2627 1138 2652 4·

990 2656 1082 2681 Dasea
1101 2670 1135 2674 —
1159 2655 1207 2680 Est
1235 2655 1318 2688 magis
1347 2655 1441 2681 subtile
1468 2662 1549 2689 quam
1577 2654 1687 2680 salsum.

1027 2691 1056 2722 ΙΙ,
1074 2699 1110 2722 vx,
1130 2690 1155 2716 5.
1176 2691 1217 2726 Cs.
1235 2691 1350 2716 Sensus«.

991 2727 1089 2752 nunna
1107 2741 1142 2746 —
1161 2727 1232 2752 Dura
1245 2726 1344 2752 nonita
1358 2727 1503 2752 adunantur
1522 2726 1589 2752 sicut
1602 2725 1687 2751 humi—

1027 2763 1108 2788 diora.
1127 2762 1144 2792 1.
1163 2770 1204 2795 xv,
1225 2762 1248 2788 5.

1321 2852 1355 2890 E

991 2942 1127 2967 Ense-ms
1147 2955 1181 2960 —
1201 2941 1371 2966 Diversorum
1385 2941 1479 2966 diversi
1499 2946 1560 2966 sunt
1572 2940 1686 2966 effectus.

1027 2977 1056 3009 ΙΙ,
1074 2985 1119 3007 vn,
1139 2976 1165 3003 6.

991 3013 1136 3038 Ensuawrs
1154 3027 1188 3032 —
1207 3013 1246 3038 De
1265 3012 1400 3038 elementis
1416 3012 1460 3038 ubi
1479 3013 1513 3038 sit
1531 3012 1687 3038 determina-

1026 3054 1091 3074 tum.
1111 3049 1129 3079 Ι,
1143 3055 1160 3078 ι,
1176 3055 1199 3078 2,
1217 3048 1241 3074 3.
1253 3062 1272 3068 -
1285 3048 1349 3073 Sunt
1363 3048 1486 3081 principia
1505 3048 1615 3073 aliorum
1630 3055 1686 3074 cor-

1026 3091 1130 3117 porum.
1144 3083 1162 3114 1,
1175 3091 1203 3114 xx,
1218 3091 1241 3109 2.
1254 3098 1274 3103 -
1286 3084 1421 3109 Elementa
1439 3083 1593 3116 corporalia
1606 3091 1687 3117 quare

1027 3119 1065 3145 sic
1083 3119 1158 3145 dicta.
1178 3120 1196 3150 Ι,
1221 3127 1245 3151 ι,
1267 3119 1290 3145 3.
1307 3133 1327 3139 -
1345 3120 1420 3150 Quae
1442 3119 1502 3145 sint.
1522 3119 1543 3149 Ι,
1562 3127 1589 3150 ι,
1610 3119 1635 3145 3.
1653 3128 1686 3152 ιι,

1028 3162 1052 3180 2.
1074 3155 1115 3189 Cf.
1130 3155 1148 3186 Ι,
1167 3163 1205 3185 ιιι,
1221 3162 1246 3180 2.
1258 3168 1277 3175 -
1290 3155 1405 3180 Veniunt
1423 3155 1449 3180 in
1469 3155 1686 3188 compositionem

1026 3191 1107 3216 mixti.
1125 3191 1149 3222 Ι,
1167 3199 1194 3223 ι,
1215 3190 1239 3216 5.
1257 3204 1277 3210 -
1294 3191 1372 3216 Fiunt
1395 3198 1426 3216 ει
1449 3191 1573 3216 invicem:
1597 3199 1687 3224 quare.

1027 3227 1045 3256 Ι,
1063 3234 1101 3258 ιιι,
1122 3234 1146 3252 2.
1163 3240 1185 3247 -
1201 3227 1275 3252 Ordo
1294 3227 1494 3252 elementorum.
1509 3227 1526 3256 Ι,
1545 3234 1579 3258 xv,
1598 3225 1623 3252 6.
1646 3227 1687 3261 Q‘.

1026 3263 1045 3294 Ι,
1063 3270 1088 3292 v,
1109 3269 1132 3288 2.
1150 3270 1185 3293 vx,
1201 3269 1225 3287 2.
1243 3270 1266 3292 ι,
1287 3262 1354 3292 3.11,
1373 3270 1400 3294 ιι,
1421 3270 1446 3294 2,
1464 3270 1491 3295 4.
1503 3275 1522 3282 -
1534 3262 1574 3288 De
1593 3270 1687 3296 aequa—

1027 3298 1098 3323 litate
1121 3298 1297 3332 proportionis
1321 3299 1387 3323 inter
1409 3299 1546 3323 elementa.
1566 3298 1588 3328 Ι,
1617 3306 1650 3330 ιι,
1670 3307 1685 3332 7

1026 3341 1087 3367 sqq.
1101 3341 1135 3365 rv,
1150 3333 1174 3359 3.
1191 3347 1211 3355 -
1229 3333 1312 3359 Unius
1331 3334 1452 3359 elementi
1472 3339 1512 3359 est
1530 3342 1599 3359 unus
1622 3342 1687 3360 ocus

1027 3369 1172 3395 continuus.
1192 3369 1225 3400 ΙΙ,
1244 3377 1277 3399 ιι,
1298 3377 1322 3394 2.
1340 3383 1360 3389 ——
1377 3370 1464 3395 Motus
1489 3370 1611 3395 naturalis
1634 3371 1687 3395 ele-

1026 3405 1107 3430 menti
1125 3405 1227 3430 videtur
1251 3413 1311 3430 esse
1334 3405 1488 3439 principium
1512 3410 1537 3430 et
1561 3406 1686 3431 terminus

1027 3446 1114 3466 motus
1139 3441 1257 3466 omnium
1286 3448 1354 3474 quae
1376 3446 1438 3466 sunt
1463 3441 1495 3466 de
1521 3447 1612 3467 natura
1634 3441 1687 3467 illa.

1025 3476 1089 3501 ibid.
1103 3490 1123 3496 -
1135 3476 1223 3501 Omne
1237 3477 1397 3502 elementum
1411 3477 1437 3501 in
1452 3477 1558 3510 proprio
1578 3478 1637 3502 loco
1650 3478 1687 3502 vi-

1027 3511 1101 3536 detur
1126 3512 1352 3537 intransmutatum
1373 3518 1399 3538 et
1424 3512 1572 3537 naturaliter
1595 3520 1624 3538 se
1642 3512 1688 3538 ha-

1025 3547 1100 3572 bens.
1119 3547 1149 3572 ΙΙ.
1166 3555 1194 3579 ιι,
1213 3547 1236 3572 3.
1253 3561 1273 3567 -
1296 3547 1360 3573 Vide
1378 3548 1498 3578 cliuus,
1518 3548 1686 3573 ΝΑτιιιιΑιιιε.

990 3582 1165 3608 ΕκΡιιοοσιιιε
1184 3597 1218 3602 -
1238 3583 1373 3608 Elementa
1392 3591 1423 3608 ex
1438 3583 1549 3608 invicem
1568 3582 1622 3609 fieri
1642 3591 1687 3609 ne-

1026 3617 1102 3650 gavit.
1122 3618 1146 3649 Ι,
1166 3625 1208 3647 ιιι,
1229 3625 1259 3649 2,
1279 3626 1304 3652 9.
1322 3632 1342 3638 —
1360 3619 1422 3644 Eius
1445 3618 1532 3652 opinio
1552 3619 1584 3644 de
1609 3627 1687 3644 causa

1778 342 1915 367 salsedinis
1941 342 2029 367 maris.
2053 342 2090 373 ΙΙ,
2108 350 2131 372 ι,
2150 350 2177 374 4.
2198 350 2230 372 v,
2248 350 2275 375 4.
2293 357 2312 364 -
2335 343 2442 370 Metrice

1778 378 1889 411 scripsit,
1909 383 1935 402 et
1953 378 2087 410 probabile
2106 382 2146 402 est
2164 378 2237 411 quod
2257 380 2340 404 multa
2358 385 2440 405 meta-

1778 413 1884 445 phorice
1903 413 2047 446 protulerit.
2066 413 2095 442 ΙΙ,
2114 421 2138 443 v,
2157 421 2184 445 4.

1742 447 1874 474 Esses-ru
1892 463 1927 467 —
1947 448 2044 479 Quinta
2062 448 2175 473 essentia
2193 450 2256 482 quid
2275 450 2317 475 sit.
2336 450 2354 479 Ι,
2372 457 2400 480 ιι,
2415 457 2440 476 2.

1742 483 1857 509 Erasxss
1871 498 1906 502 ——
1921 483 1972 514 Qui
1989 484 2060 509 venti
2079 485 2131 509 sint
2149 485 2253 510 etesiae.
2273 485 2302 515 11,
2321 493 2355 515 ιι,
2379 493 2399 515 ι,
2413 494 2441 518 4.

1781 520 1822 553 Cf.
1841 516 1908 549 11,‘x‚
1928 519 1954 544 6.
1965 533 1985 539 -
1999 519 2112 550 Quando
2125 519 2197 545 flent.
2215 520 2245 551 11,
2257 528 2291 550 ιι,
2308 529 2329 550 ι,
2343 528 2369 553 4,
2383 520 2409 546 8.
2422 535 2442 541 -

1779 554 1867 585 Quare
1879 555 1978 588 spirent
1993 555 2075 588 magis
2090 555 2123 580 de
2137 556 2187 585 die,
2197 556 2363 589 maximeque
2375 556 2442 582 cirea

1778 597 1933 623 vesperum;
1952 595 2029 615 nocte
2041 598 2104 615 vero
2119 590 2247 616 deficiant.
2261 591 2290 621 11,
2299 599 2333 621 ιι,
2349 591 2374 623 5,
2387 591 2441 617 6.·-

1779 626 1879 651 Etesias
1899 626 2039 659 aliquando
2062 631 2234 659 praecurrunt
2252 626 2293 652 alii
2312 627 2391 652 venti.
2411 628 2440 657 ΙΙ,

1778 669 1812 691 ιι,
1836 669 1857 686 ι.
2439 685 2442 689 .

1743 696 1834 722 Eunus
1853 711 1887 716 —
1907 697 1985 722 Extra
2009 705 2082 722 mare
2101 697 2230 730 Libycum
2254 697 2317 723 flant
2335 698 2442 731 plurimi

1779 732 1843 758 euri.
1861 732 1891 762 ΙΙ,
1909 741 1933 762 ι,
1951 740 1978 764 4.

1743 768 1917 793 Evnoano
1936 783 1970 787 —
1993 767 2060 793 Vide
2076 769 2183 794 Vama.

1742 803 1897 828 Exusta-no
1910 817 1946 823 —-
1960 804 2062 836 Duplex
2076 803 2212 829 exhalatio.
2226 804 2245 835 Ι,
2258 811 2293 834 vx,
2310 811 2335 830 2.
2353 804 2383 830 11.
2396 812 2443 835 vu,

1780 846 1804 868 2,
1817 846 1844 870 4,
1854 838 1880 869 6,
1894 853 1913 859 -
1922 840 2036 864 Humida
2047 844 2155 864 vocatur
2169 847 2263 872 vapor.
2275 839 2305 870 11,
2319 847 2364 870 vxx,
2379 847 2403 870 2,
2417 840 2442 866 3.

1781 874 1822 908 Cf.
1841 874 1860 905 Ι,
1873 882 1906 904 rv,
1925 874 1952 900 6.
1965 882 2000 906 vx,
2021 882 2044 900 2.
2058 888 2078 894 —-
2090 875 2162 900 Sicca
2187 875 2279 900 dicitur
2290 875 2387 909 fumus
2397 877 2440 901 vel

1779 909 1864 942 ignis,
1883 910 1943 935 licet
1961 910 2111 943 improprie.
2126 911 2144 941 Ι,
2162 918 2196 940 vx,
2218 918 2242 940 2,
2263 910 2287 936 3.
2305 911 2334 941 ΙΙ,
2352 919 2397 943 vn,
2418 919 2442 942 2,

1780 944 1805 970 3.
1824 945 1865 979 Cf.
1884 945 1902 975 1,
1921 953 1956 977 xv,
1974 945 2001 971 6.
2019 954 2073 977 ιιιι,
2097 954 2119 971 ι.
2131 960 2151 966 -
2166 947 2352 972 Admiscentur
2370 946 2442 972 adin-

1778 980 1874 1006 vicem.
1892 980 1928 1010 ΙΙ,
1945 988 1990 1010 vn,
2011 989 2035 1011 2,
2053 989 2080 1013 4.
2095 981 2137 1016 cy.
2156 982 2185 1012 ΙΙ,
2204 990 2238 1013 vx,
2257 982 2281 1007 3.
2292 995 2312 1001 -
2326 982 2443 1016 Utraque

1779 1015 1961 1041 denominatur
1972 1017 2004 1042 ab
2019 1024 2052 1042 eo
2065 1016 2137 1050 qnod
2151 1018 2259 1043 excedit.
2273 1018 2308 1047 11.
2320 1025 2370 1048 vu,
2387 1025 2412 1043 2.
2422 1031 2444 1038 -

1780 1051 1920 1081 Quomodo
1939 1057 2087 1077 causentur.
2106 1052 2124 1082 Ι,
2143 1060 2178 1082 vx,
2198 1060 2212 1078 2
2242 1053 2271 1083 ΙΙ,
2289 1061 2334 1083 vn,
2355 1053 2378 1083 3,
2399 1053 2424 1079 5.

1814 1086 1948 1112 Exhalatio
1967 1087 2035 1112 sicca
2053 1093 2094 1112 est
2116 1070 2239 1120 supremis
2267 1096 2328 1121 pars
2351 1089 2443 1114 mundi

1778 1121 1915 1147 inferioris.
1933 1123 1952 1153 Ι,
1970 1130 2005 1152 vx,
2026 1122 2050 1148 3.
2068 1131 2102 1153 ιι,
2123 1123 2147 1148 3.
2164 1137 2184 1142 —
2202 1123 2411 1150 circumducitur
2427 1132 2444 1151 a

1779 1163 1853 1183 motu
1872 1158 1944 1183 caeli.
1958 1158 1977 1188 I,
1989 1166 2024 1189 vx,
2043 1166 2070 1191 4.
2086 1166 2121 1189 ιι,
2143 1158 2167 1184 3.
2179 1173 2200 1179 -
2212 1159 2260 1184 Εει
2278 1159 2386 1185 materia
2403 1160 2443 1186 in-

1779 1194 1876 1219 cendii:
1895 1193 2044 1227 frequenter
2067 1194 2163 1227 ignitur
2181 1202 2213 1220 ex
2230 1200 2305 1220 motu
2323 1195 2396 1221 caeli.
2414 1195 2443 1226 Ι,

1778 1237 1813 1259 xv,
1835 1229 1858 1254 5.
1875 1237 1910 1260 vx,
1932 1229 1956 1254 3.
1974 1237 2008 1260 ιι,
2028 1229 2052 1255 3.
2069 1243 2090 1250 -
2107 1230 2230 1255 Abundat
2253 1230 2279 1255 in
2302 1235 2379 1256 terra.
2402 1231 2442 1263 n,

1778 1273 1813 1294 vx,
1830 1265 1853 1290 3.
1862 1277 1882 1284 ·-
1891 1265 1938 1290 Est
1950 1265 2085 1290 residuum
2098 1266 2130 1291 ab
2145 1265 2246 1291 actione
2259 1266 2363 1292 ealoris.
2376 1266 2442 1293 ibid.

1777 1313 1798 1321 -
1806 1301 1854 1326 Est
1868 1308 1947 1326 causa
1961 1301 2100 1326 materialis
2113 1301 2304 1334 apparitionum
2317 1301 2345 1327 in
2359 1302 2442 1328 melo.

1777 1336 1796 1367 Ι,
1811 1344 1846 1368 vx,
1861 1335 1884 1362 3.
1896 1350 1916 1356 -
1934 1336 2030 1362 Causat
2048 1337 2207 1362 salsedinem
2225 1337 2315 1363 maris.
2333 1337 2364 1369 11,
2375 1344 2412 1370 vt,
2426 1337 2442 1364 3

1778 1380 1839 1405 sqq.
1852 1385 1873 1392 —
1886 1372 1934 1397 Est
1947 1372 2102 1405 principium
2113 1377 2263 1399 ventorum.
2272 1373 2302 1404 ΙΙ,
2315 1380 2361 1404 vu,
2377 1372 2400 1404 3,
2414 1381 2442 1406 4.

1784 1408 1849 1433 Vide
1867 1408 1947 1439 lotus,
1967 1409 2074 1433 vnon.

1742 1444 1890 1469 Eat-mma
1909 1458 1943 1462 —
1967 1443 2032 1469 Vide
2050 1444 2167 1470 Μιιυιιιιι.

2075 1515 2106 1552 F

2352 1571 2363 1579 ,,
2372 1563 2385 1573 ι’
2395 1562 2440 1579 ai„

1742 1585 1848 1611 Fxom
1866 1599 1900 1604 —
1914 1586 2036 1612 Rotunda
2050 1590 2091 1611 eet
2104 1586 2275 1620 capacissima
2286 1585 2441 1621 fim-

1778 1621 1796 1650 1.
1814 1629 1866 1652 xvx,
1885 1629 1911 1654 7.

1742 1656 1816 1682 ans
1834 1671 1869 1677 -
1889 1657 1937 1682 Est
1955 1665 2042 1684 eausa.
2061 1658 2080 1687 1.
2098 1664 2116 1688 ι,
2132 1657 2157 1683 3.
2174 1671 2195 1677 -
2212 1657 2444 1692 Quomodo-ydor

1778 1698 1878 1725 agente.
1898 1693 1916 1722 1.
1935 1700 1963 1723 ιι,
1980 1701 2008 1726 4.
2403 1708 2405 1710 ·
2454 1720 2458 1725 ,

1742 1727 2001 1760 Fauna-Quid
2019 1729 2159 1760 sit.l,vx,
2179 1728 2444 1763 3.-Non·enper

1778 1769 1867 1789 manet
1885 1764 1987 1790 eadem.
2005 1764 2035 1794 11.
2053 1772 2080 1794 ιι,
2100 1763 2125 1796 6,
2143 1772 2179 1796 vx,
2201 1773 2224 1791 1.
2239 1778 2262 1786 ·-
2277 1765 2339 1792 Non
2359 1765 2444 1792 nutri-

1777 1804 1829 1825 tur.
1848 1799 1877 1829 11,
1895 1807 1924 1830 ιι,
1943 1799 1968 1826 6.
1985 1813 2006 1820 -
2023 1800 2158 1826 Flammae
2173 1808 2302 1828 accensae
2316 1806 2443 1836 ‘amnt

1779 1834 1808 1860 in
1826 1835 1913 1861 caelo:
1933 1835 2066 1868 quare.·1,
2085 1843 2126 1866 vx,
2150 1844 2178 1866 x,
2199 1835 2224 1862 5.
2241 1850 2262 1856 -
2277 1835 2400 1864 Flu-n
2416 1837 2443 1862 in

1779 1869 1853 1895 firmo
1871 1869 1930 1896 fecit
1943 1871 2063 1897 diversos
2077 1871 2190 1897 colores.
2204 1871 2223 1902 1,
2236 1878 2352 1905 vasa-9
2360 1872 2443 1901 udor

1778 1905 1886 1932 flamma
1909 1907 2045 1940 quomodo
2072 1907 2227 1933 exterminet
2249 1907 2389 1935 mim
2405 1907 2443 1940 B.

1778 1949 1817 1972 ιι,
1840 1949 1862 1967 ι.
2360 1963 2363 1969 ,

1742 1976 1858 2003 vaxus
1876 1991 1911 1997 —
1930 1978 1970 2004 De
1987 1978 2155 2012 generatione
2173 1978 2322 2005 fluviorum.
2339 1978 2366 2010 Ι.
2381 1986 2443 2010 m.

1780 2012 1795 2038 3
1815 2021 1875 2047 sqq.
1894 2013 1923 2044 ΙΙ,
1942 2021 1996 2044 vm,
2018 2014 2042 2040 3.
2059 2029 2079 2034 -
2097 2014 2136 2040 De
2162 2014 2296 2040 duratione
2313 2019 2342 2042 et
2358 2019 2443 2043 wans-

1779 2050 1922 2075 mutatione
1940 2050 2069 2083 ipsorum.
2086 2050 2106 2082 Ι,
2124 2057 2230 2083 xvxper
2243 2052 2294 2076 tot.
2310 2050 2352 2085 (ἵ.
2365 2049 2443 2083 En.

1779 2092 1806 2118 7.
1823 2099 1843 2104 -
1860 2085 2044 2111 Pei-mutantur
2061 2093 2147 2120 aquae
2164 2086 2315 2112 fluviorum.
2332 2086 2353 2119 1,
2365 2093 2396 2119 -v,
2416 2093 2442 2113 2.

1779 2120 1814 2152 ΙΙ,
1832 2128 1866 2151 ιι,
1887 2128 1912 2147 2.
1930 2129 1969 2152 vx,
1992 2129 2014 2147 ι.
2031 2135 2051 2141 -
2067 2122 2116 2148 Est
2137 2122 2233 2148 dulcis:
2252 2129 2343 2156 quare.
2359 2121 2398 2154 ΙΙ,
2414 2128 2443 2155 v,

1781 2155 2191 2191 3.vx‚7.-Contingitquod
2214 2157 2442 2192 situl-aquo-

1779 2193 1870 2218 modo.
1888 2192 1922 2224 11,
1941 2200 1982 2223 vx,
2001 2192 2028 2219 8.
2044 2206 2064 2213 -
2081 2193 2185 2219 Omnes
2208 2193 2283 2220 fluvii
2303 2200 2358 2221 nm
2379 2198 2444 2220 sunt

1778 2235 1856 2254 unus.
1875 2228 1894 2258 1,
1909 2236 1959 2258 xvx,
1974 2236 1999 2255 2.
2011 2242 2032 2250 -
2045 2229 2154 2254 Plurimi
2171 2229 2257 2255 fluunt
2268 2236 2301 2256 α
2316 2228 2442 2257 batibu-

1779 2263 1867 2295 1,xvx.
1886 2263 1912 2290 8.
1934 2265 1976 2298 Cf.
1995 2265 2102 2295 1,xvn,
2123 2265 2246 2297 2.11,ι,
2265 2263 2443 2299 5.ν1.7.φ

1778 2299 1867 2333 Aliqui
1885 2307 1917 2326 ex
1935 2300 2084 2333 paludibus.
2103 2301 2127 2331 l,
2145 2308 2200 2332 xvx,
2220 2308 2245 2334 7,
2263 2299 2292 2327 8.
2306 2300 2443 2328 mmmm

1778 2335 1897 2368 ipsorum
1915 2336 2018 2361 videtur
2041 2343 2102 2362 esse
2120 2344 2151 2362 ex
2175 2335 2322 2367 montibus,
2339 2340 2366 2363 ot
2385 2343 2443 2363 ma-

1778 2370 1840 2396 ximi
1859 2371 1929 2397 fluvii
1943 2379 1975 2398 ea
1993 2371 2112 2398 maximis
2130 2372 2273 2398 montibusa.
2286 2371 2306 2404 Ι,
2319 2379 2370 2403 m.
2384 2379 2412 2406 7.
2423 2382 2444 2393 -

1779 2407 1891 2432 Maiores
1905 2413 1966 2433 sunt
1978 2407 1996 2433 ii
2015 2407 2060 2441 qui
2072 2415 2119 2441 per
2138 2409 2244 2441 longam
2257 2407 2327 2434 viam
2343 2407 2443 2435 fluunt:

1779 2450 1870 2476 quare.
1888 2442 1922 2473 ΙΙ,
1945 2450 1988 2475 ιιι,
2005 2451 2034 2475 4.
2050 2456 2070 2464 -
2093 2443 2235 2469 Tessuinus
2260 2443 2267 2450 '
2399 2447 2444 2470 ut

1778 2485 1860 2504 mare.
1879 2478 1917 2508 ΙΙ,
1935 2486 1963 2510 ιι,
1985 2485 2010 2504 2.
2027 2486 2065 2510 ιιι,
2083 2486 2110 2511 4.
2135 2479 2177 2514 q.
2196 2479 2225 2510 ΙΙ,
2243 2486 2269 2510 v,
2288 2478 2351 2504 3..-
2367 2478 2443 2505 Mum

1778 2513 1952 2540 absorbentur
1970 2521 1986 2539 ι
2003 2514 2112 2544 tes-rad,
2130 2522 2181 2546 xvx,
2199 2513 2226 2540 8.
2244 2514 2274 2545 n,
2291 2521 2311 2546 x,
2327 2513 2443 2541 5.-se

1779 2549 1894 2574 cundum
1921 2549 2058 2575 Platonem
2082 2549 2208 2576 'rami-m
2236 2555 2278 2576 est
2298 2549 2443 2576 mnium

1778 2584 1913 2610 refutatur.
1932 2585 1962 2615 ΙΙ,
1980 2593 2009 2616 ιι,
2029 2584 2053 2617 3,
2071 2593 2099 2618 4.
2110 2599 2131 2606 -
2143 2586 2172 2612 ln
2189 2585 2278 2612 hieme
2300 2590 2343 2612 est
2358 2586 2443 2612 unior

1779 2619 1863 2646 fluxu·
1882 2628 1963 2654 quaxn
1977 2620 2003 2646 in
2021 2626 2128 2647 aestate.
2142 2621 2161 2652 1,
2174 2629 2226 2652 xvx,
2240 2621 2265 2648 3.
2277 2633 2298 2643 ···
2310 2621 2351 2648 ne
2362 2621 2444 2648 &uvis

1779 2656 1936 2682 circulariter
1959 2656 2056 2682 fluente
2074 2657 2142 2683 circa
2158 2662 2265 2684 terram.
2278 2657 2298 2688 1,
2315 2663 2368 2690 nv,
2386 2663 2413 2691 7.
2423 2670 2444 2678 -—

1780 2691 1959 2723 Proverbium,
1979 2692 2094 2719 Sursum
2106 2693 2266 2728 fluviorum.
2284 2692 2314 2724 11.
2324 2698 2366 2725 m,
2378 2699 2407 2726 4.
2421 2705 2444 2713 ·

1784 2727 1848 2754 Vide
1865 2727 1954 2753 Mans.

1743 2762 1848 2789 Fons-ss
1867 2777 1901 2783 -
1920 2765 2013 2797 Aquae
2025 2763 2137 2790 fontales
2150 2771 2219 2798 quae
2236 2764 2299 2791 sint.
2309 2763 2340 2795 11.
2348 2771 2369 2795 ι,
2383 2763 2410 2790 5.
2422 2776 2444 2784 -

1779 2799 1846 2825 Sunt
1865 2799 2035 2825 manufactae.
2054 2800 2119 2826 ibid.
2134 2814 2154 2820 -
2171 2800 2270 2826 Fontes
2287 2805 2350 2826 nant
2365 2799 2443 2826 vicht

1778 2835 1928 2866 montibu„
1947 2843 2038 2869 quare.
2057 2836 2081 2867 l,
2098 2843 2156 2868 xvx,
2175 2843 2202 2869 7.
2217 2848 2238 2856 -
2255 2835 2285 2862 ln

1779 2875 1841 2896 sunt
1859 2871 1933 2904 pauci
1959 2871 2071 2905 separati
2091 2879 2107 2897 ι
2123 2871 2219 2897 fluviis.
2237 2870 2303 2897 ihu.
2319 2884 2343 2895 -ι,

1778 2906 1957 2932 exsiccationis
1970 2906 2089 2933 fontium.
2102 2907 2121 2937 Ι,
2133 2914 2196 2939 xvxx,
2211 2913 2237 2932 2.
2249 2919 2270 2926 -
2280 2906 2359 2933 Fan
2371 2906 2442 2937 novi,

1779 2942 1913 2968 exsiccatis
1942 2942 2009 2968 aliis.
2034 2942 2098 2968 ibid.
2119 2956 2140 2962 -
2161 2943 2255 2976 Aquae
2278 2941 2390 2969 fontium
2415 2941 2443 2968 Ιιι

1778 2983 1878 3004 aestate
1905 2983 1947 3004 est
1963 2977 2072 3011 frigida,
2091 2978 2118 3004 in
2136 2977 2223 3004 hieme
2248 2985 2315 3004 vem
2340 2977 2441 3005 calide:

1779 3021 1869 3047 quare.
1888 3013 1906 3043 1.
1925 3021 1965 3044 xv,
1988 3021 2028 3040 xo.
2045 3027 2065 3035 ·-
2084 3013 2172 3045 Quare
2191 3014 2225 3040 sit
2242 3013 2336 3040 dulcis.
2353 3013 2384 3044 n.
2401 3020 2442 3045 π.

1779 3057 1804 3083 7.
1822 3062 1842 3069 -
1860 3049 2025 3083 Quandoque
2042 3055 2084 3075 est
2102 3050 2186 3076 salsa:
2204 3057 2295 3084 quare.
2313 3049 2344 3080 11.
2361 3055 2397 3080 π.
2415 3047 2442 3075 8.

1784 3085 1849 3110 Vide
1867 3085 2000 3111 eunomii.

1742 3120 1838 3146 Forum
1856 3135 1891 3140 —
1910 3121 1958 3146 Est
1982 3121 2090 3147 effectus
2114 3121 2255 3148 moventis.
2277 3120 2306 3153 Ι,
2323 3127 2362 3153 ι.
2379 3127 2406 3153 4.
2422 3133 2444 3141 -

1778 3157 1881 3183 Omnes
1899 3156 2000 3182 formae
2022 3156 2174 3182 inferiorum
2363 3156 2442 3182 redu-

1777 3198 1872 3218 cuntur
1890 3193 1916 3217 in
1928 3200 2038 3225 corpora
2055 3193 2176 3218 caelestia
2188 3192 2256 3218 sicut
2273 3192 2300 3218 in
2311 3191 2443 3226 qxnedam

1778 3228 1910 3261 principia.
1929 3228 1947 3259 Ι,
1965 3236 1990 3258 v,
2010 3235 2036 3261 7.
2053 3241 2074 3248 -
2094 3228 2160 3254 Vide
2178 3228 2312 3254 Mamu-

1742 3264 1875 3289 quoxnms
1893 3277 1928 3283 —
1946 3263 1995 3289 Est
2012 3263 2123 3297 qualitas
2141 3263 2282 3297 tangibilia.
2298 3263 2318 3294 Ι,
2336 3270 2365 3295 ιι,
2385 3269 2411 3289 a.
2422 3276 2443 3283 -

1778 3299 1873 3332 Frigidi
1893 3305 1933 3325 est
1950 3299 2102 3332 inspissare.
2121 3299 2140 3331 Ι,
2159 3307 2194 3331 xv,
2212 3299 2236 3325 3.
2249 3306 2275 3329 v.
2289 3298 2316 3325 5.
2326 3311 2347 3319 -
2359 3298 2442 3332 Frigi-

1778 3335 1918 3360 dissimum
1928 3339 1969 3360 est
1978 3336 2061 3369 magis
2074 3340 2204 3361 remotum
2215 3342 2230 3360 a
2239 3339 2314 3360 motu
2327 3334 2441 3360 ael-eu.

1779 3371 1797 3400 Ι,
1808 3378 1842 3401 xv,
1857 3370 1882 3396 6.
1894 3384 1914 3390 -
1926 3371 1966 3396 De
1984 3370 2079 3404 frigido
2091 3371 2275 3396 circumstante
2289 3369 2403 3396 calidum
2415 3374 2442 3396 et

1777 3406 1919 3432 viceversa.
1938 3406 1956 3437 Ι,
1975 3414 2025 3436 xxv,
2049 3405 2088 3432 16.
2107 3414 2148 3438 xv,
2172 3414 2211 3438 ιο,
2234 3405 2275 3432 ι3.

1742 3442 1865 3467 Fuumu
1883 3456 1918 3461 -
1938 3442 1976 3467 De
1995 3449 2058 3468 casu
2076 3441 2216 3467 fulminum
2239 3442 2324 3475 agitur
2341 3441 2368 3467 in
2385 3440 2440 3467 Me-

1776 3477 1928 3510 teomlogia.
1948 3477 1966 3509 Ι,
1979 3485 1996 3509 ι,
2013 3477 2040 3504 8.
2053 3491 2072 3497 -
2091 3477 2178 3508 Quare
2197 3478 2289 3503 cadant
2307 3477 2440 3502 deornm.

1777 3513 1795 3543 l,
1813 3521 1858 3543 vn,
1879 3520 1903 3538 2.

1741 3548 1832 3574 Funus
1851 3563 1885 3568 —
1906 3549 1974 3579 Quid
1993 3549 2035 3574 sit.
2054 3549 2084 3579 ΙΙ,
2102 3556 2146 3578 vn,
2167 3555 2190 3578 2,
2207 3547 2231 3573 3.
2242 3561 2263 3568 -
2276 3547 2325 3574 Est
2341 3547 2440 3573 calidus

1777 3589 1803 3609 et
1821 3583 1915 3609 siccus.
1934 3584 1963 3613 ΙΙ,
1983 3591 2026 3613 vxi,
2047 3591 2070 3614 2,
2090 3583 2115 3609 6.
2129 3598 2150 3604 -
2163 3583 2201 3609 Ex
2220 3583 2297 3616 lignis
2314 3582 2439 3608 viridibus

1777 3619 1860 3644 maior
1878 3619 1979 3644 exhalat
1997 3619 2086 3644 fumus
2099 3627 2179 3652 quaxn
2199 3626 2230 3644 ex
2247 3618 2332 3644 siccis.
2351 3617 2382 3649 ΙΙ,
2395 3625 2439 3649 νιι,
