2690 4062
60 341 71 350 ⁶
90 340 215 360 extremum
222 342 270 358 om·

60 516 70 525 ·
84 514 154 536 Num.
169 519 217 541 seq.

58 817 69 827 ‘
83 818 107 838 et
118 816 142 838 in
158 821 207 837 om.
221 821 242 837 c.

56 1121 65 1131 ·
79 1120 149 1142 Num.
164 1125 213 1147 seq.

59 1299 68 1309 ·
82 1298 213 1320 immediate
226 1303 263 1319 ca.

55 1343 65 1353 ‘
80 1344 103 1363 et
115 1348 162 1364 om.
177 1342 228 1364 cab.

53 1644 63 1654 ⁶
77 1643 146 1666 Num.
161 1649 209 1671 seq.

58 2261 66 2270 ·
83 2260 206 2290 contingat
228 2266 256 2282 ca

53 2289 75 2308 et
89 2290 119 2308 na
133 2292 197 2308 mox.

147 2397 163 2423 Υ

152 2655 166 2680 ὃ

53 2786 62 2796 *
71 2786 95 2806 in
102 2786 206 2808 siccitate
215 2793 262 2808 om.

53 2817 92 2833 ca.

296 267 342 292 XL

299 330 441 365 ostendit
464 329 553 374 quod
576 341 683 373 neque
706 326 1126 361 extremum*elementum
1149 331 1258 367 potest
1281 332 1350 371 esse

298 374 506 419 principium,
529 385 636 417 neque
655 372 799 405 medium
824 371 1023 404 elementum
1046 376 1154 412 potest
1177 378 1247 399 esse
1263 376 1350 409 prin-

299 419 431 462 cipium.
455 417 496 450 Et
512 418 595 450 circa
617 417 681 449 hoc
698 415 763 449 duo
780 414 871 447 facit:
895 414 1003 457 primo
1020 410 1162 444 ostendit
1177 409 1266 454 quod
1281 419 1350 459 non

298 470 497 501 extremum;
520 460 665 493 secundo
689 459 778 503 quod
801 469 907 501 neque
930 456 1087 495 medium,
1110 454 1168 486 ibi:
1196 452 1350 495 Quomam

298 511 396 539 autem
418 515 509 548 neque
531 504 659 537 medium
674 503 689 519 *
706 511 766 535 etc.
1098 542 1104 548 ·
1154 541 1160 547 ι

353 549 442 581 Dicit
457 559 535 591 ergo
552 548 669 591 primo,
683 545 771 589 quod
788 545 863 588 quia
879 544 1038 576 elementa
1054 541 1235 574 admvmem
1250 548 1350 572 trans-

298 600 472 631 mutantur,
485 589 683 634 impossibile
697 597 745 622 est
757 586 888 631 aliquod
898 588 1045 630 ipsorum
1058 596 1127 617 esse
1140 583 1349 628 principium,

297 647 403 679 neque
425 634 571 667 medium
598 644 703 676 neque
731 640 919 664 extremum.
950 628 1053 669 Quod
1081 636 1262 661 extremum
1285 626 1350 659 ele-

297 687 444 711 mentum
467 689 534 710 non
558 685 665 720 potest
688 687 757 708 esse
781 674 977 717 principium
1001 671 1210 704 manifestum
1238 679 1288 704 est
1311 681 1350 702 ex

297 733 394 766 supra
410 721 517 754 dictis:
535 721 561 752 si
578 720 664 752 enim
682 718 805 751 dicatur
824 717 913 761 quod
929 725 1081 756 extrema,
1094 716 1178 748 sicut
1193 715 1278 758 ignis
1294 722 1349 746 aut

297 775 389 805 terra,
406 773 481 797 sunt
496 763 664 807 prIncipia,
682 773 756 794 cum
780 762 848 804 ipsa
868 769 900 793 et
916 761 949 793 in
961 761 980 779 ⁴*
992 760 1262 792 transmutatione
1278 769 1349 801 per-

296 817 456 848 maneant,
473 807 583 840 omnia
606 813 700 839 erunt
722 805 817 848 ignis,
841 803 931 848 quod
955 811 1004 836 est
1026 802 1196 836 manifeste
1212 802 1348 841 falsum;

296 861 327 886 et
350 851 462 885 eadem
484 851 566 884 ratio
591 858 639 882 est
662 848 701 882 de
725 857 819 881 terra.

351 907 378 938 3.
396 894 522 928 Deinde
539 905 614 926 cum
630 893 720 926 dicit:
741 892 895 934 Quoniam
911 897 1011 924 autem
1025 902 1117 935 neque
1131 890 1261 924 medium
1275 898 1347 928 etc.‚

295 938 435 973 ostendit
449 937 538 982 quod
553 948 659 981 neque
675 935 820 969 medium
837 935 1036 968 elementum
1053 943 1161 978 potest
1177 945 1247 967 esse
1263 933 1349 976 prin-

295 984 426 1026 cipium,
450 983 533 1014 sicut
555 980 601 1013 illi
625 979 774 1013 dicebant
820 980 853 1012 ui
877 978 1043 1023 ponebant
1065 990 1133 1011 non
1157 978 1268 1010 omnia
1284 976 1347 1010 ele-

293 1035 402 1059 menta
425 1025 605 1058 adinvicem
648 1024 780 1056 enerari.
833 1031 846 1056 t
862 1024 946 1056 circa
961 1022 1025 1056 hoc
1041 1022 1108 1055 duo
1124 1021 1215 1054 facit:
1239 1021 1347 1064 primo

291 1070 525 1114 praesupponit
548 1079 614 1112 quo
639 1067 713 1101 dam
729 1066 875 1100 medium
891 1066 931 1100 ad
947 1067 1157 1111 propositum
1173 1064 1347 1098 ostenden-

293 1114 386 1154 dum;
410 1112 553 1146 secundo
572 1111 688 1155 probat
702 1112 920 1155 propositum,
945 1110 1005 1143 ibi:
1037 1110 1132 1144 Terra
1151 1110 1190 1142 sit
1212 1108 1242 1142 G
1257 1110 1346 1141 *etc.

341 1157 500 1201 Proponit
515 1167 593 1199 ergo
610 1156 718 1199 primo
734 1155 824 1199 quod
838 1166 907 1188 non
923 1154 1032 1187 solum
1049 1165 1103 1187 aer
1117 1161 1299 1186 mutaretur
1312 1153 1345 1185 in

291 1212 417 1245 aquam,
440 1199 497 1234 sed
512 1209 544 1233 et
559 1201 592 1232 in
615 1200 736 1243 ignem,
753 1210 813 1232 nec
829 1210 912 1243 aqua
932 1198 1041 1231 solum
1058 1199 1091 1231 in
1107 1209 1226 1237 aerem,
1242 1196 1300 1230 sed
1316 1205 1348 1229 et

290 1246 323 1278 in
346 1254 460 1278 terram
473 1256 482 1285 ;
511 1243 589 1283 sed,
618 1252 655 1276 ut
677 1243 722 1276 illi
746 1243 916 1283 dicebant,
945 1251 1088 1275 extrema
1114 1253 1183 1274 non
1206 1240 1347 1285 amplius

290 1288 496 1322 mutabantur
515 1288 548 1320 in
564 1287 709 1320 medium
724 1288 750 1320 *.
776 1286 840 1320 Sed
864 1295 995 1330 oportet
1010 1287 1043 1319 in
1059 1286 1129 1319 istis
1150 1293 1346 1319 transmuta-

290 1332 431 1366 tionibus
455 1343 524 1365 esse
548 1339 668 1364 statum
691 1330 753 1364 et*
768 1342 837 1364 non
861 1331 906 1363 ire
937 1331 971 1363 in
995 1329 1174 1363 infinitum:
1202 1330 1230 1362 si
1257 1329 1346 1362 enim

290 1377 388 1409 iretur
407 1377 441 1408 in
461 1375 634 1416 infinitum,
659 1384 737 1408 tunc
760 1376 794 1408 in
817 1386 885 1407 uno
909 1383 941 1407 et
964 1373 1082 1407 eodem
1105 1382 1214 1407 essent
1236 1372 1344 1406 infini-

288 1429 338 1454 tae
355 1421 593 1453 contrarietates
599 1431 608 1460 ;
631 1427 663 1452 et
678 1419 741 1452 hoc
757 1427 806 1452 est
821 1418 903 1451 infra
919 1419 1022 1462 magis
1039 1417 1261 1451 manifestum.

342 1475 373 1507 4.
397 1462 524 1498 Deinde
541 1475 615 1496 cum
632 1463 725 1496 dicit:
758 1462 853 1497 Terra
875 1463 914 1496 sit
939 1462 969 1496 G
992 1471 1064 1503 etc.‚
1089 1461 1206 1506 probat
1226 1473 1346 1506 propo-

289 1509 397 1541 situm.
430 1508 471 1541 Et
495 1508 578 1540 circa
604 1508 668 1540 hoc
697 1507 763 1541 duo
791 1506 887 1540 facit:
919 1507 1027 1551 primo
1060 1507 1154 1551 ponit
1184 1507 1346 1539 rationem

288 1563 400 1593 suam;
423 1551 567 1585 secundo
592 1551 707 1595 probat
730 1550 896 1596 quoddam
920 1550 1009 1595 quod
1032 1558 1262 1595 supposuerat,
1286 1550 1346 1583 sci-

288 1596 362 1629 licet
385 1595 474 1641 quod
504 1596 538 1628 in
561 1595 729 1628 elementis
759 1604 808 1628 est
836 1603 938 1628 status
969 1596 1003 1628 in
1026 1594 1232 1628 ascendendo
1246 1619 1255 1635 ,
1279 1593 1344 1627 ibi:

292 1640 445 1683 Quoniam
467 1645 565 1673 autem
587 1640 620 1672 in
642 1640 795 1684 infinitum
810 1638 826 1656 *
841 1647 900 1672 etc.

341 1685 428 1718 Dicit
444 1695 522 1727 ergo
538 1684 655 1727 primo,
672 1683 762 1728 quod
780 1684 807 1716 si
827 1694 881 1716 aer
903 1691 1048 1716 mutetur
1070 1683 1104 1715 in
1129 1694 1247 1727 aquam
1263 1690 1296 1716 et
1311 1683 1345 1715 in

288 1729 418 1772 ignem,
445 1728 627 1761 necessario
651 1738 706 1760 aer
732 1736 763 1760 et
786 1728 870 1771 ignis
900 1736 932 1760 et
959 1739 1044 1772 aqua
1072 1735 1228 1771 poterunt
1255 1726 1344 1760 adin-

287 1774 392 1805 vicem
407 1772 624 1805 transmutari.
642 1771 691 1805 Sit
707 1782 784 1815 ergo
809 1780 893 1804 terra
909 1771 940 1805 G
956 1771 987 1812 β,
1011 1780 1043 1805 et
1061 1783 1146 1816 aqua
1161 1771 1207 1812 Y,
1231 1782 1286 1804 aer
1301 1771 1344 1811 A,

288 1817 298 1849 i
346 1817 370 1849 is
394 1817 431 1849 P.
456 1816 490 1849 Si
513 1827 591 1859 ergo
614 1816 659 1856 A,
683 1815 772 1860 quod
797 1824 845 1848 est
867 1815 1000 1859 signum
1023 1816 1124 1856 aeris,
1147 1823 1293 1848 mutatur
1309 1815 1342 1848 in

289 1827 355 1894 dgiib
378 1859 553 1900 elementa,
577 1859 699 1893 scilicet
721 1860 755 1892 in
779 1859 804 1892 P
828 1868 860 1892 et
883 1860 917 1892 in
940 1860 986 1900 Y,
1010 1859 1074 1893 hoc
1097 1868 1147 1893 est
1174 1859 1208 1892 in
1231 1859 1343 1903 ignem

289 1913 320 1938 et
335 1905 368 1937 in
385 1915 512 1948 aquam,
536 1912 665 1948 oportet
688 1903 778 1948 quod
802 1915 856 1937 aer
878 1903 995 1937 habeat
1009 1903 1152 1948 aliquam
1168 1903 1344 1936 contrarie-

289 1957 387 1981 tatem
418 1959 493 1981 cum
517 1948 541 1980 P
565 1948 657 1991 igne:
687 1948 762 1992 quia
786 1959 854 1981 non
878 1957 1135 1981 transmutantur
1162 1947 1345 1981 adinvicem

288 1993 350 2025 nisi
367 1993 534 2025 contraria.
549 1992 598 2025 Sit
616 2000 725 2025 autem
742 1991 821 2025 haec
839 1992 1059 2032 contrarietas,
1072 1992 1174 2036 gratia
1193 1991 1344 2036 exempli,

289 2035 402 2069 albedo
426 2045 458 2068 et
481 2035 627 2087 nigredo,
651 2036 695 2069 ita
734 2035 802 2069 uod
825 2036 910 2080 ignis
928 2037 970 2069 sit
987 2047 1106 2080 corpus
1130 2037 1262 2080 nigrum
1285 2037 1345 2069 sic-

289 2091 374 2120 cum,
387 2088 419 2113 et
431 2091 484 2113 aer
502 2089 543 2113 slt
559 2091 677 2124 corpus
694 2080 724 2113 al
746 2091 804 2113 um
820 2080 954 2113 siccum.
968 2081 1094 2115 Rursus
1111 2081 1209 2114 etiam
1226 2080 1302 2125 quia
1314 2081 1344 2114 A

288 2135 351 2165 aer,
366 2125 479 2157 transit
494 2124 528 2157 in
544 2124 574 2157 Y
590 2135 717 2168 aquam,
734 2132 865 2168 oportet
880 2136 950 2158 esse
966 2124 1062 2158 aliam
1084 2125 1346 2158 contrarietatem

287 2169 370 2201 inter
392 2179 499 2201 aerem
515 2177 546 2201 et
562 2179 694 2212 aquam;
718 2177 751 2201 et
765 2169 807 2201 sit
830 2168 910 2202 haec
934 2169 1144 2202 contrarietas
1167 2169 1295 2202 siccitas
1314 2177 1347 2202 et

288 2211 630 2246 humiditas:·siccitas
649 2212 848 2257 significetur
871 2224 930 2257 per
951 2212 1091 2246 litteram
1115 2213 1147 2246 X
1172 2221 1205 2246 et
1227 2224 1346 2246 conve-

288 2257 355 2289 niat
366 2256 381 2273 *
394 2257 468 2297 aeri,
488 2255 663 2290 humiditas
679 2256 880 2300 significetur
894 2268 952 2302 per
972 2256 1112 2290 litteram
1129 2257 1159 2290 Y
1179 2266 1211 2290 et
1227 2268 1344 2291 conve-

288 2300 355 2333 niat
378 2311 489 2345 aquae.
513 2301 600 2344 Ergo
624 2312 678 2334 aer
699 2310 844 2334 mutatur
865 2302 898 2334 in
919 2312 1048 2346 aquam,
1072 2313 1157 2346 aqua
1180 2310 1346 2337 remaneat

289 2343 374 2377 alba:
400 2345 474 2389 quia
491 2344 600 2378 album
616 2345 681 2378 aeri
697 2354 729 2378 et
745 2357 846 2390 aquae
863 2354 911 2378 est
928 2346 1139 2390 contingens3
1159 2346 1220 2379 erit
1235 2354 1345 2379 autem

289 2399 371 2439 aqua
386 2388 520 2422 humida
536 2397 568 2422 et
583 2388 653 2422 alba
671 2399 697 2424 γ.
715 2389 749 2423 Si
762 2398 871 2423 autem
887 2389 997 2423 album
1013 2401 1082 2423 non
1094 2390 1136 2423 sit
1151 2390 1346 2434 contingens

289 2441 434 2477 utrique,
458 2444 533 2466 cum
557 2444 611 2466 aer
626 2442 770 2467 mutatur
793 2434 826 2467 in
850 2445 983 2478 aquam,
1007 2434 1068 2468 erit
1091 2445 1176 2479 aqua
1198 2435 1291 2478 nigra
1313 2443 1346 2467 et

289 2475 432 2517 humida,
445 2488 519 2510 cum
535 2488 589 2510 aer
604 2486 809 2522 supponatur
824 2477 915 2511 albus
933 2487 965 2511 et
976 2479 1097 2512 siccus:
1115 2487 1246 2522 oportet
1257 2479 1345 2512 enim

290 2520 378 2564 quod
402 2521 508 2554 omnis
525 2522 662 2554 mutatio
679 2522 719 2555 sit
734 2522 817 2555 inter
838 2523 1006 2556 contraria.
1032 2523 1071 2557 In
1095 2522 1150 2556 tali
1173 2534 1253 2566 ergo
1274 2534 1346 2555 mu-

290 2564 410 2597 tatione
427 2573 556 2609 oportet
571 2577 689 2610 aquam
713 2577 782 2599 esse
806 2565 911 2599 albam
931 2566 983 2600 vel
1002 2567 1140 2610 nigram,
1165 2567 1192 2600 si
1211 2578 1266 2600 aer
1290 2567 1346 2612 qui

290 2617 338 2641 est
357 2609 444 2652 prior
459 2621 552 2653 aqua,
569 2618 708 2654 ponatur
731 2621 800 2643 esse
825 2621 944 2654 corpus
969 2610 1093 2645 album:
1141 2611 1195 2644 uia
1211 2611 1238 2644 si
1255 2622 1346 2645 com-

290 2653 457 2685 municant
473 2654 505 2686 in
522 2665 609 2687 mera
628 2653 774 2688 albedine
793 2655 821 2695 ὃ,
838 2663 915 2688 tunc
931 2666 1015 2700 aqua
1031 2664 1080 2688 est
1095 2655 1125 2688 al
1148 2667 1177 2696 a,
1192 2655 1219 2688 si
1236 2662 1346 2688 autem

290 2707 368 2737 non,
391 2705 468 2730 tunc
484 2706 533 2730 est
547 2698 648 2741 nigra.
674 2698 828 2732 Similiter
851 2699 948 2732 etiam
973 2711 1048 2733 cum
1072 2711 1125 2733 aer
1144 2708 1290 2733 mutatur
1312 2700 1345 2732 in

290 2741 409 2791 ignem,
428 2741 490 2785 ipsi
513 2742 550 2782 P,
569 2741 632 2775 hoc
649 2752 697 2776 est
712 2743 791 2786 igni,
807 2744 961 2787 convenit
984 2744 1126 2777 siccitas:
1144 2744 1346 2777 conveniunt

290 2796 377 2817 emm
400 2796 453 2818 aer
476 2794 507 2818 et
522 2786 606 2829 ignis
629 2787 663 2819 in
686 2787 827 2820 siccitate
844 2789 874 2827 *;
894 2799 970 2821 cum
986 2799 1064 2831 ergo
1082 2788 1166 2832 ignis
1182 2789 1224 2822 sit
1239 2788 1346 2822 siccus

290 2837 321 2861 et
343 2829 449 2872 niger,
473 2838 504 2862 et
527 2841 610 2881 aqua
633 2830 767 2864 humida
791 2839 823 2864 et
846 2831 926 2871 alba,
950 2831 1159 2865 manifestum
1182 2840 1232 2866 est
1255 2831 1345 2884 quod

290 2881 442 2916 poterunt
460 2873 640 2907 adinvicem
656 2876 873 2916 transmutari,
889 2887 965 2908 cum
981 2876 1046 2909 sint
1061 2876 1236 2910 contraria:
1260 2877 1345 2920 ignis

290 2916 375 2948 enim
395 2925 444 2950 est
459 2918 550 2960 niger
572 2926 604 2950 et
627 2919 747 2959 siccus,
771 2930 854 2963 aqua
878 2919 1013 2953 humida
1037 2928 1069 2953 et
1088 2919 1168 2954 alba.
1194 2920 1248 2954 Sic
1265 2931 1344 2964 ergo

290 2959 496 2993 manifestum
513 2970 561 2994 est
577 2962 666 3006 quod
683 2963 793 2996 omnia
810 2962 970 2996 elementa
987 2963 1170 2997 adinvicem
1187 2973 1346 2997 transmu-

290 3012 407 3044 tantur,
423 3005 498 3048 quia
514 3014 546 3038 et
562 3006 596 3039 in
613 3006 659 3046 G,
677 3007 766 3051 quod
783 3006 943 3050 significat
959 3017 1087 3048 terram,
1108 3016 1185 3042 sunt
1202 3008 1346 3053 reliquae

291 3047 372 3080 duae
389 3048 567 3092 qualitates,
591 3050 713 3084 scilicet
736 3051 910 3085 humidum
933 3061 965 3084 et
988 3052 1129 3095 nigrum,
1146 3060 1178 3085 et
1194 3052 1262 3086 duo
1286 3052 1346 3086 ele-

291 3101 399 3124 menta
422 3101 515 3126 erunt
537 3093 685 3138 symbola
709 3106 784 3128 cum
807 3095 877 3139 ipsa
901 3104 998 3136 terra,
1022 3107 1104 3140 quae
1129 3104 1177 3129 est
1199 3097 1291 3140 nigra
1315 3105 1347 3130 et

291 3134 444 3186 humida:
476 3139 695 3171 communicat
718 3139 805 3172 enim
834 3139 867 3172 in
895 3140 989 3183 nigro
1018 3151 1094 3172 cum
1122 3140 1219 3183 igne,
1252 3149 1284 3173 et
1312 3141 1346 3173 in

292 3177 427 3226 humido
451 3191 525 3213 cum
550 3193 649 3226 aqua;
674 3182 753 3216 haec
776 3183 874 3223 enirn,
898 3183 1020 3217 scilicet
1043 3183 1217 3218 humidum
1241 3193 1274 3218 et
1296 3185 1346 3218 ni-

293 3233 397 3265 grum,
417 3234 584 3269 nunquam
609 3227 803 3270 contingunt
826 3238 896 3260 esse
920 3238 995 3260 cum
1019 3227 1228 3271 qualitatibus
1252 3229 1345 3268 aeris,

347 3337 370 3370 β)
386 3341 458 3363 terra
475 3341 506 3364 G.
516 3353 533 3358 -
548 3343 621 3365 terra
635 3340 718 3370 TPb,·
733 3342 838 3366 eaedem
854 3342 955 3374 signant
973 3350 1066 3375 aquarn
1082 3344 1111 3373 L,
1128 3343 1214 3375 ignem
1229 3344 1245 3368 1
1263 3343 1345 3376 (exce-

294 3377 338 3404 pto
357 3373 381 3397 in
396 3381 467 3399 num.
483 3373 495 3398 5
510 3373 553 3399 ubi
571 3380 596 3399 et
614 3375 684 3407 ipsae
702 3376 727 3400 P
737 3376 851 3408 hebent),
871 3377 1011 3402 siccitatem
1022 3379 1054 3408 Α,
1071 3378 1189 3411 quintum
1204 3386 1298 3412 corpus
1313 3379 1335 3403 S
1339 3386 1347 3408 ,-

295 3408 449 3432 correximus
469 3410 611 3434 secundum
629 3411 730 3436 codices
749 3411 883 3442 versionis,
902 3412 932 3437 B.
945 3413 1081 3438 Albermm
1101 3418 1126 3438 et
1144 3414 1283 3439 editionem
1301 3421 1328 3439 α.

347 3443 373 3475 γ)
395 3443 467 3475 Ergo
485 3451 532 3469 aer
581 3448 607 3469 et
624 3445 695 3470 alba.
711 3459 730 3464 -
748 3447 818 3471 Haec
842 3448 966 3472 sententia
990 3447 1026 3473 sic
1051 3448 1213 3474 reformanda
1231 3449 1346 3475 videtur:

297 3477 370 3510 Ergo
388 3477 411 3502 si
428 3485 490 3503 aere
508 3482 609 3504 mutato
629 3480 654 3504 in
673 3487 769 3512 aquam
786 3488 856 3513 aqua
875 3485 1011 3508 remaneat
1025 3483 1093 3511 alba,
1108 3483 1170 3516 quia
1188 3484 1276 3509 album
1289 3484 1348 3510 aeri

296 3514 322 3536 et
339 3518 423 3543 aquae
441 3515 480 3537 est
497 3520 643 3542 commune,
667 3515 719 3540 erit
736 3522 806 3548 aqua
829 3516 938 3541 humida
957 3520 983 3542 et
1000 3518 1075 3546 albas
1094 3519 1123 3543 Β.
1137 3519 1259 3543 Albertus
1278 3520 1347 3544 enim

297 3547 369 3578 legit:
387 3556 398 3568 ‹
412 3547 571 3580 Quapropter
590 3549 610 3573 si
624 3549 648 3573 in
662 3550 769 3574 transitu
788 3551 852 3575 aeris
871 3551 896 3575 in
916 3559 1010 3584 aquam
1027 3558 1128 3578 maneat
1147 3553 1234 3578 album
1251 3554 1347 3579 utrobi-

298 3588 348 3613 que
367 3589 512 3612 commune,
527 3583 559 3608 ita
573 3584 642 3616 quod
661 3591 703 3608 ner
721 3589 746 3610 et
765 3593 831 3618 aqua
849 3585 959 3611 habeant
977 3587 1134 3620 symbolum,
1148 3594 1208 3614 tunc
1222 3596 1289 3622 aqua
1301 3590 1347 3614 erit

777 253 847 289 DE
877 248 1262 288 GENERATIONE
1291 246 1362 283 ET
1392 243 1773 281 CORRUPTIONE
1803 243 1897 279 LIB.
1928 243 1960 278 11

1406 331 1489 364 quae
1504 319 1520 336 *
1539 327 1616 352 sunt
1639 318 1750 351 album
1778 327 1811 351 et
1838 319 1974 358 siccum,
1999 326 2031 351 et
2045 318 2080 339 **
2096 326 2179 351 terra
2207 329 2284 351 cum
2310 330 2384 352 aere
2403 331 2472 354 non

1405 363 1502 396 habet
1525 362 1724 407 symbolum.

1460 405 1709 440 Advertendum
1733 414 1782 438 est
1806 405 1897 450 quod
1916 406 1997 438 istae
2017 405 2188 449 qualitates
2211 417 2280 439 non
2301 415 2378 440 sunt
2396 419 2471 452 pro-

1405 451 1493 494 priae
1529 450 1769 483 elementorum
1785 475 1795 489 ,
1830 449 1888 482 sed
1921 449 2025 482 utitur
2059 450 2105 482 eis
2140 450 2334 483 Aristoteles
2408 452 2471 485 atia

1405 493 1563 538 exempli:
1583 504 1700 537 parum
1716 493 1806 525 enim
1822 493 1948 526 curavit
1963 492 2188 537 Philosophus
2205 493 2245 527 de
2262 506 2378 539 exemp
2393 496 2420 528 is
2448 505 2470 529 ε.

1405 538 1486 571 Inde
1513 537 1591 570 dicit
1621 537 1873 570 Commentator
1900 537 1934 569 in
1962 537 1995 570 II
2018 537 2053 570 de
2074 538 2215 571 Anima:
2247 537 2287 571 de
2318 538 2471 583 exemplo

1403 590 1514 614 autem
1537 592 1606 613 non
1630 579 1811 613 intenditur
1833 580 1897 613 nisi
1921 580 2159 621 manifestatio,
2187 592 2257 614 non
2279 582 2469 616 verificatio.

1404 625 1453 659 Ex
1476 624 1630 658 omnibus
1654 625 1724 657 istis
1747 623 1854 658 verbis
1877 623 2018 657 intendit
2045 624 2099 658 hic
2122 625 2347 670 Philosophus
2371 627 2471 660 talem

1403 670 1575 702 rationem.
1601 668 1844 712 Quaecumque
1867 677 1945 701 sunt
1969 669 2130 702 contraria
2153 668 2347 710 adinvicem,
2366 679 2471 704 trans-

1403 721 1589 752 mutantur;
1618 711 1676 745 sed
1701 712 1812 745 omnia
1835 712 1996 745 elementa
2024 713 2092 745 sive
2116 712 2256 746 habeant
2280 713 2471 758 symbolum

1404 757 1472 790 sive
1496 768 1580 796 non,
1605 764 1683 789 sunt
1706 756 1868 789 contraria
1890 756 1925 789 in
1949 755 2106 789 ambabus
2129 756 2182 790 vel
2210 758 2245 790 in
2268 757 2367 791 altera
2391 770 2470 802 qua-

1403 801 1514 841 litate;
1545 811 1624 844 ergo
1653 800 1766 833 omnia
1792 799 1954 833 elementa
1984 800 2169 834 adinvicem
2199 810 2469 836 transmutantur.

1403 845 1445 878 Et
1474 844 1538 877 hoc
1569 853 1619 877 est
1649 852 1762 876 contra
1789 844 1983 888 opinionem
2011 844 2191 878 dicentium
2219 845 2381 890 quaedam
2412 846 2470 880 sed

1402 900 1471 921 non
1495 888 1607 921 omnia
1630 887 1815 921 adinvicem
1837 889 2056 929 transmutari,
2079 897 2117 922 ut
2141 888 2267 923 dictum
2285 898 2345 931 est,
2369 901 2470 935 quam

1403 931 1628 976 Philosophus
1651 931 1705 964 hic
1729 931 1895 966 destruere
1918 932 2067 966 intendit.

1459 986 1488 1018 5.
1513 975 1642 1009 Deinde
1666 987 1743 1008 cum
1763 975 1862 1009 dicit:
1891 975 2047 1018 Quoniam
2063 983 2164 1010 autem
2178 977 2212 1011 in
2227 977 2382 1022 infinitum
2397 986 2470 1019 etc.‚

1403 1019 1547 1053 ostendit
1577 1019 1668 1064 quod
1695 1021 1927 1053 transmutatio
1953 1019 2196 1055 elementorum
2219 1032 2289 1055 non
2319 1021 2470 1066 procedit

1402 1065 1436 1097 in
1466 1063 1643 1097 infinitum.
1681 1063 1716 1097 Si
1747 1064 1836 1097 enim
1871 1063 1936 1097 hoc
1964 1073 2107 1108 ponatur
2127 1089 2136 1105 ‚
2170 1074 2354 1110 sequuntur
2388 1070 2497 1110 qua-⁰

1401 1117 1478 1141 tuor
1506 1108 1780 1141 inconvenientia.
1806 1108 1965 1148 Quorum
1988 1109 2134 1152 primum
2157 1118 2207 1142 est
2229 1108 2320 1154 quod
2343 1109 2379 1142 in
2400 1121 2469 1144 uno

1402 1151 1566 1186 elemento
1596 1161 1693 1186 erunt
1723 1151 1868 1185 infinitae
1892 1152 2074 1197 qualitates.
2099 1153 2135 1186 Si
2159 1153 2248 1186 enim
2271 1153 2357 1197 ignis
2377 1153 2470 1198 quod

1401 1205 1451 1230 est
1474 1205 1627 1241 quartum
1651 1196 1874 1237 elementum,
1902 1205 2049 1230 mutetur
2076 1197 2111 1230 in
2134 1196 2224 1231 aliud
2247 1197 2338 1242 quod
2361 1198 2405 1231 sit
2419 1197 2470 1239 X,

1402 1249 1434 1274 et
1449 1252 1518 1274 non
1533 1240 1730 1281 revolvatur,
1743 1241 1788 1274 ita
1803 1240 1927 1274 scilicet
1943 1241 2034 1286 quod
2049 1252 2119 1274 non
2134 1250 2280 1275 mutetur
2295 1242 2330 1275 in
2346 1242 2470 1286 ignem,

1402 1296 1478 1318 cum
1505 1286 1614 1318 omnis
1642 1293 1783 1318 mutatio
1810 1284 1867 1318 fiat
1893 1285 1979 1319 inter
2006 1286 2186 1326 contraria,
2213 1294 2347 1330 oportet
2376 1285 2470 1331 quod

1400 1329 1485 1362 inter
1508 1329 1533 1362 P
1558 1337 1592 1362 et
1614 1329 1647 1363 X
1670 1330 1712 1362 sit
1735 1328 1797 1362 alia
1821 1330 2054 1370 contrarietas,
2086 1329 2214 1363 diversa
2242 1341 2263 1363 a
2291 1330 2468 1364 contrarie·

1401 1373 1520 1407 tatibus
1544 1381 1686 1418 quatuor
1709 1373 1971 1407 elementorum:
1997 1373 2074 1418 quia
2097 1373 2208 1418 ipsum
2232 1374 2388 1419 quintum
2403 1373 2468 1408 ele-
2521 1378 2526 1383 ’

1400 1426 1552 1451 mentum
1579 1417 1671 1462 quod
1694 1426 1744 1451 est
1762 1417 1806 1457 X,
1830 1429 1900 1450 non
1920 1418 2056 1462 ponitur
2071 1429 2143 1451 esse
2163 1417 2252 1452 idem
2273 1417 2371 1452 alicui
2389 1428 2469 1463 qua·

1400 1470 1477 1495 tuor
1499 1461 1748 1495 elementorum.
1779 1461 1846 1496 Sed
1870 1473 1947 1495 cum
1974 1462 2084 1495 omnis
2113 1461 2325 1495 contrarietas
2353 1462 2397 1496 sit
2417 1473 2470 1496 se*

1400 1505 1548 1540 cundum
1571 1505 1744 1550 qualitates
1757 1532 1766 1546 ,
1794 1514 1927 1550 oportet
1954 1505 2045 1550 quod
2073 1505 2183 1551 aliqua
2205 1505 2345 1551 qualitas
2368 1506 2412 1540 sit
2433 1507 2469 1540 in

1399 1549 1411 1583 i
1458 1562 1476 1583 e
1495 1549 1678 1584 secundum
1695 1561 1795 1594 quam
1819 1550 2036 1583 contrariatur
2057 1550 2121 1594 ipsi
2143 1550 2195 1584 X:
2219 1559 2252 1583 et
2269 1550 2313 1583 sit
2328 1549 2469 1595 qualitas

1399 1561 1454 1627 iffi
1477 1594 1524 1635 R;
1547 1602 1580 1627 et
1603 1593 1752 1638 similiter
1775 1605 1796 1627 o
1822 1602 1908 1627 ortet
1931 1593 2022 1645 quod
2044 1594 2079 1627 in
2102 1595 2177 1638 ipso
2201 1594 2234 1628 X
2258 1594 2378 1639 quinto
2399 1593 2468 1628 ele-

1399 1646 1513 1672 mento
1537 1638 1578 1671 sit
1601 1638 1710 1682 aliqua
1734 1649 1778 1682 qu
1813 1638 1872 1671 ‘tas
1900 1637 1947 1671 ilh
1971 1639 2153 1672 contraria:
2181 1647 2215 1672 et
2243 1639 2286 1672 sit
2307 1637 2364 1673 illa
2383 1650 2468 1691 qua.-

1399 1681 1472 1715 litas
1496 1682 1531 1716 F.
1556 1681 1616 1716 Illa
1643 1691 1754 1716 autem
1781 1681 1921 1727 qualitas
1944 1682 1974 1717 R
1997 1693 2066 1716 non
2096 1681 2207 1716 solum
2237 1683 2299 1716 erit
2327 1683 2363 1717 in
2391 1693 2468 1727 lpso

1399 1727 1497 1771 igne,
1529 1725 1587 1760 sed
1616 1727 1718 1759 etiam
1745 1726 1780 1759 in
1808 1725 1962 1760 omnibus
1993 1734 2136 1771 quatuor
2165 1726 2359 1767 elementis,
2389 1727 2469 1772 quia

1399 1771 1512 1804 omnia
1534 1779 1675 1815 possunt
1697 1771 1817 1803 mutari
1833 1771 1893 1803 ini
1919 1781 1994 1804 sum
2017 1771 2068 1804 X:
2093 1771 2201 1804 omnis
2218 1771 2307 1804 enim
2325 1771 2467 1805 mutatio

1399 1823 1448 1848 est
1464 1815 1549 1848 inter
1564 1815 1744 1854 contraria;
1767 1823 1800 1848 et
1822 1825 1890 1859 quo
1929 1814 1994 1848 'bet
2016 1813 2210 1848 inferiorum
2226 1813 2468 1849 elementorum

1398 1858 1530 1892 habebit
1545 1867 1610 1892 tres
1626 1858 1798 1903 qualitates
1816 1859 1948 1902 primas.
1970 1858 2092 1892 Utrum
2107 1867 2219 1892 autem
2235 1859 2390 1903 quintum
2400 1859 2469 1893 (sit

1399 1902 1599 1937 elementum
1622 1902 1774 1936 nondum
1790 1911 1840 1936 est
1860 1902 2131 1936 demonstratum.
2156 1901 2222 1936 Sed
2237 1911 2349 1937 tamen
2362 1903 2468 1937 mani-

1398 1946 1520 1981 festum
1535 1956 1586 1981 est
1601 1946 1692 1998 quod
1708 1947 1736 1980 si
1752 1958 1865 1980 rursus
1884 1946 1965 1980 illud
1982 1948 2135 1991 quintum
2153 1955 2301 1981 mutetur
2315 1947 2352 1980 in
2365 1946 2468 1988 aliud,

1399 2000 1448 2025 est
1459 1992 1558 2025 etiam
1574 1991 1637 2025 aha
1653 1992 1864 2024 contrarietas
1881 1991 1966 2024 inter
1981 1991 2135 2036 quintum
2147 1999 2180 2024 et
2191 1999 2332 2032 sextum,
2339 1989 2469 2025 diversa

1399 2047 1418 2069 a
1441 2036 1667 2069 contrarietate
1691 2036 1843 2068 omnium
1866 2034 2075 2076 inferiorum3
2097 2043 2132 2068 et
2153 2035 2201 2068 sic
2222 2046 2244 2069 ο
2269 2043 2354 2069 ortet
2376 2034 2468 2087 quod

1399 2091 1465 2114 una
1477 2079 1540 2114 alia
1552 2079 1690 2125 qualitas
1706 2080 1784 2113 insit
1800 2079 1955 2113 omnibus
1970 2078 2190 2120 inferioribus,
2202 2091 2241 2113 ea
2265 2090 2319 2113 em
2329 2087 2468 2114 ratione.

1399 2124 1442 2158 Et
1457 2125 1504 2157 sic
1519 2123 1574 2158 illa
1590 2132 1732 2168 quatuor
1748 2123 1910 2157 elementa
1925 2124 2034 2168 priora
2050 2122 2216 2158 habebunt
2231 2131 2375 2168 quantor
2389 2134 2468 2169 qua-

1399 2168 1506 2202 litates
1529 2169 1670 2213 primas3
1694 2176 1727 2201 et
1742 2168 1790 2203 sic
1806 2167 1918 2202 addito
1934 2179 2003 2203 uno
2027 2167 2279 2208 elementorum,
2294 2166 2470 2205 adderetur

1399 2224 1465 2247 una
1489 2212 1626 2257 qualitas
1646 2221 1678 2246 et
1694 2223 1760 2246 una
1783 2211 2246 2256 contrarietas.„Quapropter
2261 2212 2289 2246 si
2305 2220 2355 2246 est
2369 2212 2417 2246 sic
2432 2212 2468 2246 in

1400 2256 1593 2302 corporibus
1613 2255 1817 2300 simplicibus
1840 2255 2081 2290 elementorum
2101 2255 2279 2301 procedere
2302 2257 2338 2291 in
2359 2255 2468 2291 infini-

1398 2309 1487 2341 tum,
1512 2302 1546 2334 in
1569 2311 1638 2335 uno
1663 2310 1695 2334 et
1718 2300 1838 2334 eodem
1861 2309 1958 2334 erunt
1980 2299 2126 2334 infinitae
2149 2300 2412 2342 contrarietates,
2435 2308 2469 2334 et

1399 2344 1544 2379 infinitae
1591 2345 1758 2379 ualitates:
1783 2353 1816 2378 et
1833 2344 1899 2378 hoc
1918 2345 2063 2390 primum
2083 2353 2132 2378 est
2148 2345 2194 2379 im
2220 2343 2363 2382 ossibile.

1456 2357 1647 2423 Secundum
1678 2389 1915 2423 inconveniens
1948 2389 2044 2433 ponit
2071 2400 2148 2423 cum
2215 2389 2280 2423 cit:
2312 2388 2346 2424 Si
2366 2394 2469 2423 autem

1398 2433 1451 2468 boc
1473 2442 1546 2474 etc.‚
1570 2433 1682 2467 dicens
1706 2432 1797 2478 quod
1820 2433 1848 2466 si
1871 2433 1936 2466 hoc
1959 2442 2019 2474 est,
2042 2432 2168 2467 scilicet
2191 2432 2283 2478 quod
2305 2433 2372 2467 sint
2393 2431 2468 2466 infi-

1398 2478 1468 2511 nita
1490 2477 1651 2511 elementa
1682 2486 1714 2511 et
1738 2476 1884 2510 infinitae
1907 2476 2080 2522 qualitates
2093 2503 2102 2517 ,
2126 2488 2196 2511 non
2215 2477 2277 2510 erit
2299 2476 2435 2511 definire
2451 2475 2468 2494 ⁸
2494 2484 2505 2494 ·

2500 332 2690 364 'mamni

2499 361 2690 411 wana:

1399 2533 1461 2556 nec
1483 2533 1638 2566 generare
1654 2521 1679 2555 ¹¹¹.
1705 2521 1796 2562 Quia
1823 2521 1851 2554 si
1874 2520 2009 2572 aliquod
2033 2520 2148 2555 debeat
2170 2521 2290 2555 mutari
2306 2521 2340 2554 in
2361 2519 2468 2562 aliud,
2494 2527 2520 2542 ·
2559 2539 2561 2542 v
2584 2539 2587 2541 Δ

1400 2575 1531 2611 oportet
1555 2565 1645 2618 quod
1669 2564 1811 2599 infinitas
1844 2565 2016 2610 qualitates
2047 2574 2268 2610 pertranseat;
2300 2564 2359 2599 sed
2390 2574 2468 2599 cum

1399 2611 1434 2644 in
1458 2609 1594 2644 infinitis
1617 2609 1743 2644 infinita
1770 2610 1835 2643 sint
1857 2609 1966 2643 media
1979 2633 1989 2650 ,
2020 2618 2053 2643 et
2080 2608 2207 2643 infinita
2234 2620 2304 2643 non
2327 2609 2371 2643 sit
2392 2619 2467 2654 per-

1399 2655 1534 2688 transire
1570 2663 1607 2688 ut
1629 2653 1748 2687 dicitur
1777 2654 1812 2688 in
1835 2653 1919 2688 VIII
1941 2653 2074 2699 Physic„
2099 2654 2248 2698 sequitur
2278 2652 2370 2699 quod
2392 2652 2470 2688 talia

1399 2710 1468 2732 nun
1493 2710 1570 2732 uam
1594 2697 1777 2732 adinvicem
1801 2697 2025 2732 mutabuntur.

1491 2743 1610 2776 ertium
1633 2742 1870 2776 inconveniens
1897 2742 1992 2787 ponit
2017 2753 2093 2775 cum
2121 2741 2216 2775 dicit:
2242 2741 2387 2787 Amplius
2412 2751 2469 2776 au-

1400 2793 1457 2821 tem
1469 2796 1542 2828 etc.‚
1553 2786 1664 2820 dicens
1681 2785 1772 2838 quod
1788 2787 1887 2820 etiam
1903 2786 2092 2831 proximum
2109 2785 2311 2820 elementum
2323 2796 2393 2820 non
2408 2796 2468 2831 po-

1400 2832 1475 2865 terit
1489 2831 1609 2864 mutari
1625 2831 1659 2864 in
1675 2830 1736 2864 sibi
1752 2831 1953 2875 proximum,
1966 2831 2052 2864 sicut
2067 2830 2153 2874 ignis
2169 2841 2341 2875 nunquam
2356 2829 2468 2864 transi-

1400 2875 1493 2909 bitin
1508 2887 1628 2916 aerem,
1641 2886 1702 2908 nec
1715 2886 1732 2908 e
1745 2884 1922 2908 converso:
1939 2875 2017 2920 quia
2028 2875 2062 2908 in
2075 2873 2224 2919 quolibet
2234 2875 2376 2908 istorum
2390 2881 2470 2908 sunt

1400 2919 1545 2953 infinitae
1569 2919 1757 2964 qualitates,
1782 2930 1863 2964 quas
1889 2917 2093 2963 impossibile
2117 2927 2166 2952 est
2190 2918 2396 2963 pertransite.

1457 2964 1624 3004 Quartum
1648 2963 1884 2997 inconveniens
1908 2963 2003 3007 ponit
2027 2974 2103 2996 cum
2127 2962 2220 2996 dicit:
2249 2962 2345 2996 Fiunt
2367 2968 2469 2996 autem

1399 3014 1425 3042 et
1448 3009 1551 3042 omnia
1574 3017 1652 3048 etc.‚
1680 3007 1791 3042 dicens
1816 3006 1907 3052 quod
1934 3007 2046 3040 omnia
2075 3006 2202 3040 infinita
2228 3015 2326 3040 erunt
2350 3017 2467 3047 unum.

1401 3052 1492 3093 Quia
1511 3063 1626 3086 omnes
1643 3051 1815 3096 qualitates
1830 3051 2071 3085 elementorum
2111 3063 2171 3085 uae
2190 3059 2268 3084 sunt
2286 3061 2386 3096 supra
2401 3050 2428 3084 P
2440 3051 2468 3092 ¹³,
2496 3057 2506 3067 ”

1401 3095 1490 3140 quod
1515 3105 1564 3129 est
1588 3096 1688 3140 ignis,
1713 3096 1915 3130 conveniunt
1939 3096 2037 3129 etiam
2060 3095 2095 3128 in
2109 3094 2280 3136 erioribus,
2303 3102 2336 3128 et
2358 3105 2468 3129 econ-

1400 3151 1512 3181 verso;
1537 3151 1679 3184 quorum
1704 3149 1815 3173 autem
1838 3141 1962 3184 primae
1987 3138 2158 3184 qualitates
2178 3147 2255 3172 sunt
2273 3137 2419 3180 eaedem,
2434 3146 2468 3172 et

1401 3185 1472 3228 ipsa
1495 3193 1572 3217 sunt
1594 3184 1725 3225 eadem;
1748 3195 1828 3228 ergo
1853 3185 1965 3218 omnia
1988 3182 2114 3217 infinita
2137 3191 2232 3217 erunt
2256 3181 2469 3228 unumquod-

1401 3240 1464 3272 que
1489 3227 1529 3262 de
1553 3227 1771 3269 inferioribus,
1795 3228 1840 3261 ita
1863 3227 1955 3273 quod
1978 3226 2242 3272 unumquodque
2266 3226 2337 3261 erit.

1398 3343 1456 3369 alba
1475 3349 1500 3369 et
1518 3344 1622 3369 humida
1635 3353 1659 3369 ι.
1673 3358 1691 3364 -
1705 3345 1756 3369 Pro
1774 3334 1930 3378 contingens
1950 3344 2064 3377 utrique,
2077 3343 2236 3377 contingens
2254 3346 2368 3377 uer-oque
2381 3342 2423 3370 ed.
2435 3349 2469 3373 a,-

1399 3380 1538 3412 legendum
1556 3379 1658 3404 videtur
1674 3387 1814 3405 commune
1832 3379 1952 3412 utrique,-
1970 3379 2003 3405 cf.
2022 3380 2079 3405 lect.
2098 3386 2184 3412 praec.
2203 3384 2258 3404 not.
2274 3386 2300 3413 γ.

1451 3413 1475 3447 ὃ)
1495 3415 1692 3440 communicant
1711 3415 1737 3440 in
1757 3422 1832 3440 mera
1853 3415 1983 3440 albedine.
2001 3428 2020 3435 —
2037 3414 2217 3441 communicat
2235 3414 2262 3439 ἰιι
2282 3412 2330 3439 md*
2345 3413 2468 3440 albedine

1399 3450 1440 3475 ed.
1453 3457 1484 3479 a,
1503 3450 1682 3475 communicat
1700 3450 1726 3475 in
1747 3450 1862 3475 materia
1880 3450 2012 3476 albedinis
2030 3450 2061 3476 C.

1452 3485 1474 3517 ε)
1494 3485 1526 3510 de
1545 3485 1682 3517 exemplis.
1695 3499 1714 3504 -
1728 3485 1761 3510 de
1779 3485 1818 3510 eis
1837 3485 1889 3514 Ca,·
1908 3490 2019 3519 pergunt
2037 3488 2068 3511 ut
2086 3484 2152 3511 dscit
2168 3485 2368 3510 Commentator-
2382 3484 2409 3510 in
2425 3482 2472 3510 111

1399 3519 1432 3544 de
1450 3520 1548 3545 Anima
1566 3525 1591 3545 et
1609 3521 1730 3545 omittunt
1750 3521 1783 3546 de
1801 3522 1924 3553 exemplo
1973 3520 2128 3554 verificari«)-

1452 3555 1478 3587 ζ)
1502 3555 1596 3580 Utrum
1615 3559 1705 3580 autem
1723 3556 1854 3588 quintum.
1868 3570 1887 3575 —
1909 3556 2007 3581 Ultt'mo
2026 3559 2116 3582 autem
2135 3558 2263 3589 quantum
2282 3555 2347 3588 pCa,
2371 3554 2466 3580 Utrum

1399 3593 1488 3615 autem
1509 3590 1547 3615 ita
1565 3591 1615 3619 Pb,·
1634 3590 1792 3616 correximus
1811 3598 1841 3615 ex
1860 3591 1890 3616 B.
1903 3591 2018 3616 Alberto.
2351 3600 2355 3604 ⁴
