2782 4134
1119 301 1230 338 CAP.
1259 301 1310 348 V,
1340 301 1491 337 LECT.
1522 301 1611 337 XIV

277 378 428 407 recedente
454 377 552 414 aliquo
574 379 655 414 quod
677 385 719 406 est
747 384 812 406 actu
834 384 984 415 quantum.
1007 395 1026 400 -
1048 379 1074 407 3.
1097 380 1138 407 Ex
1159 379 1204 407 his
1225 378 1344 416 emergit

277 417 428 446 dubitatio.
451 418 525 444 Nam
546 416 624 445 iuxta
645 418 817 454 praemissas
843 418 1070 454 suppositiones,
1093 425 1208 455 oportet
1229 418 1345 447 cuilibet

276 457 351 495 parti
373 456 434 484 eius
455 457 536 493 quod
556 463 686 493 augetur,
702 457 812 494 aliquid
832 457 910 485 addi.
933 458 998 485 Hoc
1013 464 1110 486 autern
1125 459 1205 495 quod
1220 458 1344 493 additur,

277 503 327 526 aut
348 503 391 525 est
405 505 578 532 corporeum
599 502 649 524 aut
663 496 880 533 incorporeum.
903 497 960 524 Sed
981 497 1004 524 si
1019 503 1145 533 ponatur
1165 507 1227 525 esse
1249 497 1343 525 incor-

276 545 408 574 poreum,
424 535 554 572 sequitur
567 536 648 572 quod
662 536 782 564 materia
795 536 890 572 prima
910 536 946 564 sit
959 543 1091 573 separata
1104 538 1141 564 ab
1156 537 1237 565 omni
1252 546 1345 574 quan-

276 577 357 605 titate
372 574 529 612 corporali,
551 576 632 612 quod
653 581 696 603 est
715 575 905 612 impossibile.
927 575 1061 611 Interius,
1076 575 1100 604 si
1114 583 1188 604 esset
1208 576 1344 612 incorpo-

276 626 368 652 reum,
390 625 451 644 non
471 621 570 652 posset
590 615 682 643 facere
697 615 790 643 maius
805 615 965 643 secundum
981 615 1180 652 quantitatem.
1202 615 1232 643 Si
1246 622 1343 643 autem

277 656 388 685 dicatur
401 664 464 683 esse
485 664 669 691 corporeum,
691 654 821 691 sequitur
840 654 918 683 aliud
936 654 1123 691 impossibile,
1145 664 1250 691 nempe
1265 656 1345 691 quod

277 697 337 725 duo
351 704 477 732 corpora
490 695 547 723 sint
561 694 647 723 simul
659 694 691 722 in
705 695 809 723 eodem
823 694 900 722 loco.
921 695 968 722 Ad
982 701 1136 731 utramque
1150 704 1218 731 ergo
1232 700 1344 730 partem

277 735 407 773 sequitur
426 734 643 763 inconveniens.
664 750 683 754 -—
703 743 732 769 4.
758 733 893 762 obviatio
915 740 1017 762 contra
1037 734 1113 762 hanc
1133 732 1343 762 difficultatem.

276 776 475 820 Augmentum
496 774 558 802 fieri
578 779 675 811 potest
694 773 775 802 nullo
797 773 855 802 alio
876 773 1026 810 apposito,
1048 773 1121 802 sicut
1140 773 1253 801 videtur
1273 782 1343 801 con-

242 819 245 823 ’
276 814 386 852 tingere
407 814 527 851 quando
547 822 581 842 ex
602 822 680 850 aqua
699 819 853 850 generatur
872 822 931 841 aer.
946 830 966 835 -
982 813 1105 842 Solutio.
1126 812 1343 841 Transmutatio

276 863 371 892 aquae
391 854 422 882 in
441 862 536 882 aerem
558 862 620 882 non
641 859 684 881 est
704 859 892 890 augmentum
914 862 1009 890 neque
1029 853 1103 882 aeris
1124 862 1220 890 neque
1240 861 1342 897 aquae,

276 903 372 931 neque
392 893 477 922 ullius
491 893 607 922 alterius
622 893 704 930 quod
716 892 848 921 videatur
868 902 931 921 esse
952 902 1109 922 commune
1122 902 1216 930 aquae
1231 899 1259 921 et
1275 892 1343 928 aeri,

276 943 383 971 nempe
404 933 549 979 corporis·
572 933 623 961 sed
648 933 712 961 talis
740 933 862 961 mutatio
888 939 931 961 est
957 933 1103 969 corruptio
1131 942 1223 970 aquae
1247 939 1275 960 et
1295 942 1344 970 ge-

276 973 388 1002 neratio
409 973 492 1001 aeris.
522 973 647 1009 Oportet
667 972 746 1001 enim
767 972 798 1000 in
818 972 899 1001 omni
926 982 962 1001 eo
983 973 1064 1010 quod
1085 979 1220 1010 augetur,
1242 971 1344 1001 salvari

276 1022 312 1042 ea
332 1022 408 1050 quae
428 1019 495 1041 sunt
515 1013 552 1040 de
573 1012 686 1041 ratione
714 1012 878 1050 augmenti:
907 1022 1033 1049 quorum
1055 1013 1115 1041 duo
1135 1022 1223 1049 supra
1244 1014 1291 1048 (n.
1307 1013 1344 1047 2)

275 1053 372 1090 posita
391 1059 468 1088 sunt,
482 1052 599 1081 tertium
613 1059 656 1080 est
669 1053 750 1089 quod
771 1052 842 1081 illud
857 1053 937 1090 quod
951 1059 1071 1090 augetur
1084 1059 1252 1089 permaneat
1266 1052 1344 1080 idem

275 1101 400 1121 numero
421 1092 452 1120 in
472 1101 526 1120 suo
553 1101 624 1120 esse.
653 1092 684 1120 Si
711 1099 809 1121 autern
837 1092 1039 1121 transmutatio
1068 1101 1126 1129 qua
1155 1101 1188 1120 ex
1215 1101 1292 1129 aqua
1313 1091 1345 1119 fit

275 1141 335 1168 aer,
349 1138 424 1161 esset
445 1131 651 1170 augmentatio,
667 1138 835 1169 sequeretur
849 1138 877 1160 et
891 1133 972 1169 quod
993 1132 1103 1169 aliquid
1123 1137 1244 1169 augetur
1263 1131 1344 1159 nullo

420 1264 431 1275 .
480 1255 488 1266 ι
500 1264 514 1283 ,.
539 1244 716 1286 ostquam
736 1237 992 1286 Philosophus
1008 1235 1274 1274 determinavit
1294 1235 1341 1272 de

408 1317 427 1329 Μ
498 1294 746 1349 “augmento
778 1301 823 1326 ex
850 1297 956 1349 parte
986 1289 1064 1326 eius
1096 1289 1202 1338 quod
1230 1301 1341 1336 auge-

343 1342 370 1381 “,
398 1339 432 1370 2⁴¹
472 1348 494 1382 ς
510 1347 527 1391 ,ξ
539 1350 619 1391 tur
648 1342 709 1380 hic
737 1342 889 1391 inquirit
917 1343 964 1380 de
1003 1354 1048 1379 eo
1084 1354 1162 1401 quo
1200 1341 1342 1389 aliquid

343 1416 365 1429 -.⁷
430 1428 433 1432 .
487 1393 523 1425 1²3¹
540 1402 698 1444 augetur
724 1395 755 1433 ²¹².
777 1396 827 1433 Et
845 1395 971 1444 primo
991 1394 1174 1444 proponit
1197 1394 1245 1431 de
1265 1406 1341 1443 quo

277 1457 334 1488 est
360 1448 529 1487 intentio.
551 1449 601 1486 Et
628 1448 716 1486 dicit
743 1425 858 1497 quod,
885 1460 973 1485 cum
1002 1448 1049 1485 de
1078 1447 1223 1484 ratione
1253 1459 1342 1495 aug-

276 1502 394 1541 menti
421 1501 468 1539 sit
503 1502 607 1551 quod
634 1501 681 1538 sit
717 1501 1019 1539 additamentum
1053 1500 1343 1549 magnitudinis,

275 1557 352 1594 hoc
371 1554 492 1603 magis
518 1554 670 1592 videtur
688 1566 772 1591 esse
796 1553 1080 1603 suscipiendum
1099 1553 1148 1591 ad
1166 1565 1344 1602 praesen—

276 1617 355 1647 tem
391 1607 756 1655 considerationem,
785 1606 880 1644 sieut
907 1606 1115 1654 difficilius,
1145 1606 1253 1656 quasi
1281 1606 1344 1643 ali-

277 1662 383 1712 quod
408 1660 636 1710 principium
669 1660 899 1709 quaestionis
927 1659 1126 1707 facientes,
1157 1660 1268 1709 quale
1301 1659 1347 1696 sit

275 1714 316 1753 id
349 1726 426 1763 quo
464 1713 604 1763 aliquid
642 1720 801 1761 augetur
834 1714 897 1750 vel
935 1712 1190 1759 deminuitur3
1223 1720 1266 1750 ut
1293 1712 1346 1749 sic

277 1766 528 1816 augmentiet
555 1765 823 1804 deminutionis
842 1778 976 1803 causas
1000 1766 1272 1803 convenientes
1291 1765 1346 1802 in-

278 1820 484 1871 quiramus.

333 1873 512 1911 Secundo
540 1872 609 1909 ibi:
643 1872 797 1910 Videtur
823 1872 948 1921 itaque
974 1872 1053 1909 eius
1080 1880 1163 1919 etc.,
1194 1871 1346 1921 exequi-

277 1933 339 1964 tur
355 1925 607 1975 propositum.
624 1926 674 1962 Et
691 1925 816 1974 primo
835 1925 1015 1974 proponit
1035 1925 1310 1962 dubitationem
1329 1931 1347 1946 ⁰²

277 1979 531 2030 principaliter
557 1978 758 2026 intentam;
783 1978 953 2015 secundo
982 1978 1209 2027 inquirendo
1237 1978 1347 2015 inter-

278 2032 387 2083 ponit
405 2032 517 2069 aliam
545 2031 821 2080 quaestionem,
843 2031 912 2068 ibi:
946 2032 1111 2074 Quaeret
1127 2037 1252 2069 autem
1280 2031 1347 2068 ali-

279 2086 362 2135 quis
379 2084 400 2108 '⁸‘
424 2091 512 2131 etc.;
541 2084 650 2122 tertio
671 2084 784 2122 solvit
801 2084 1066 2133 quaestionem
1085 2085 1345 2134 principalem,

279 2138 348 2176 ibi:
374 2138 562 2180 Quoniam
587 2143 713 2175 autem
741 2138 788 2175 de
822 2137 879 2174 his
912 2138 1121 2186 quaesitum
1149 2143 1205 2175 est
1228 2137 1249 2160 *
1277 2145 1346 2174 etc.

281 2191 393 2228 Circa
428 2190 597 2240 primum
635 2191 706 2228 tria
733 2190 844 2228 facit:
873 2190 999 2239 primo
1036 2191 1217 2240 proponit
1253 2191 1348 2228 duas

281 2244 579 2293 suppositiones;
605 2244 774 2281 secundo
808 2251 941 2280 movet
968 2244 1257 2290 dubitationem,
1278 2243 1347 2280 ibi:

279 2297 444 2335 Necesse
470 2302 596 2334 autem
624 2296 905 2347 augmentari*
930 2304 1018 2344 etc.;
1049 2297 1156 2334 tertio
1186 2296 1349 2334 excludit

280 2350 476 2399 quandam
513 2349 796 2398 obviationem,
826 2349 898 2386 ibi:
928 2350 1004 2387 Sed
1031 2362 1100 2387 nec
1125 2350 1180 2387 sic
1207 2350 1348 2386 contin-

278 2401 339 2454 gz‘t
361 2402 382 2425 *
410 2410 479 2439 etc.

334 2468 370 2493 2.
390 2456 520 2493 Prima
544 2467 634 2503 ergo
663 2455 885 2505 suppositio,
908 2467 1025 2504 quam
1051 2455 1178 2504 primo
1206 2467 1348 2504 propo-

280 2508 354 2556 nit,
385 2516 440 2546 est
466 2509 582 2545 haec:
618 2507 757 2545 scilicet
790 2507 897 2556 quod
926 2508 1006 2545 eius
1034 2509 1139 2558 quod
1173 2516 1347 2556 augetur,

280 2561 472 2610 quaelibet
498 2574 586 2611 pars
613 2561 766 2599 videtur
785 2573 867 2598 esse
892 2569 1152 2609 augmentata;
1183 2569 1219 2598 et
1247 2561 1348 2598 simi-

277 2615 361 2652 liter
393 2615 441 2652 de
474 2614 754 2662 deminutione,
789 2614 980 2663 quaelibet
1010 2627 1099 2664 pars
1132 2614 1212 2651 eius
1243 2615 1349 2663 quod

280 2667 524 2715 deminuitur,
543 2667 695 2705 videtur
710 2679 792 2704 esse
809 2668 908 2708 facta
928 2667 1055 2705 minor
1067 2666 1096 2705 β.
1119 2668 1237 2704 Cuius
1253 2668 1347 2705 ratio

105 2741 126 2774 .'
160 2733 254 2780 ’.‚'.³.
280 2728 438 2770 apparet
466 2732 511 2757 ex
540 2733 587 2757 eo
615 2721 722 2770 quod
751 2720 885 2757 dicitur
912 2720 951 2757 in
978 2721 1015 2758 V
1041 2722 1190 2770 Physic.
1211 2721 1347 2758 *Illud

281 2774 382 2811 enim
412 2773 518 2810 cuius
546 2773 673 2822 aliqua
699 2786 788 2822 pars
816 2780 1006 2821 movetur,
1035 2774 1170 2811 dicitur
1197 2774 1346 2811 moveri

279 2826 493 2864 secundum
507 2834 667 2876 partem,
685 2833 721 2862 et
735 2839 814 2863 non
829 2826 1046 2875 simpliciter
1058 2832 1091 2872 7;
1112 2827 1207 2864 sicut
1226 2828 1346 2864 homo

280 2879 411 2918 dicitur
436 2879 627 2917 vulnerari
656 2879 868 2916 secundum
891 2887 1053 2928 partem,
1075 2879 1181 2916 cuius
1209 2892 1346 2916 manus

280 2940 335 2970 est
361 2933 570 2970 vulnerata.
600 2932 663 2969 Ad
690 2933 765 2969 hoc
794 2944 883 2980 ergo
912 2933 1017 2980 quod
1046 2932 1187 2981 aliquid
1209 2945 1278 2982 per
1306 2945 1346 2969 se

279 2993 316 3023 et
334 2985 552 3035 simpliciter
579 2993 792 3032 moveatur,
814 2985 1014 3033 requiritur
1032 2986 1138 3034 quod
1158 2986 1348 3034 quaelibet

332 3144 360 3177 α)
381 3144 581 3169 dubitationem.
599 3159 616 3163 —
636 3144 792 3169 divisionem
813 3145 888 3169 codd.
907 3149 933 3169 et
951 3145 1018 3174 edd„
1033 3145 1080 3169 sed
1095 3145 1126 3169 de
1139 3145 1208 3168 nulla
1223 3145 1348 3169 divisione

277 3179 318 3204 hic
337 3187 425 3204 sermo
444 3185 495 3210 est;
515 3187 530 3204 e
549 3179 676 3204 contrario
695 3187 725 3204 ex
744 3185 862 3204 contextu
887 3180 963 3204 huius
987 3180 1104 3204 lectionis
1130 3184 1156 3204 et
1174 3187 1204 3204 ex
1222 3179 1346 3211 principio

278 3214 413 3247 sequentis
427 3219 499 3247 patet
510 3214 551 3240 hic
566 3222 715 3239 sermonem
728 3214 782 3239 fieri
793 3215 825 3239 de
837 3214 924 3247 aliqua
939 3215 1111 3246 dubitatione;
1122 3222 1168 3247 pro
1182 3214 1346 3247 corruptione

278 3250 312 3275 cf.
330 3255 384 3275 not.
397 3258 418 3274 ε.
435 3263 454 3267 -
473 3250 631 3282 inquirendo
650 3258 703 3274 om.
717 3250 801 3274 PCab.

332 3283 358 3317 β)
377 3292 457 3317 quam
472 3285 563 3317 primo
583 3285 747 3316 proponit...
756 3285 835 3318 sacta
854 3285 951 3309 minor.
968 3299 987 3303 -
1004 3292 1084 3317 quam
1103 3285 1196 3316 primo
1220 3284 1346 3316 supponit

278 3322 319 3345 est
336 3320 408 3350 haec,
427 3320 528 3345 seilicet
545 3320 616 3352 quod
634 3320 690 3344 eius
709 3320 781 3351 quod
798 3323 916 3352 augetur
929 3320 1060 3351 quaelibet
1072 3327 1141 3352 pars
1159 3322 1200 3344 est
1217 3327 1344 3352 augmen-

279 3358 353 3384 tata3
371 3358 398 3380 et
415 3356 454 3380 sic
473 3355 499 3379 in
520 3355 701 3379 deminutione
724 3355 855 3386 quaelibet
872 3362 942 3386 pars
965 3362 1033 3386 quae
1056 3355 1220 3380 deminuitur
1239 3355 1345 3379 uidetur

278 3397 334 3415 esse
353 3390 442 3415 minor
458 3391 491 3414 A.

331 3424 359 3457 γ)
378 3425 542 3456 simpliciter.
559 3438 579 3443 -
592 3423 782 3456 principaliter
795 3424 826 3452 Α,
841 3429 867 3448 et
885 3424 920 3448 ita
937 3429 998 3456 post
1012 3424 1076 3448 duas
1089 3424 1178 3448 lineas.
1189 3437 1209 3442 -
1221 3424 1272 3448 Pro
1287 3424 1343 3448 vul-

279 3459 372 3484 nerari
390 3460 534 3484 secundum
549 3462 657 3491 partem
676 3459 750 3484 cuius
769 3466 863 3483 manus
881 3462 921 3483 est
939 3460 1092 3488 vulnerata,
1115 3459 1252 3483 vulnerari
1269 3459 1343 3483 cuius

274 3502 343 3527 pars
354 3502 448 3519 manus
461 3494 552 3525 (cuius
566 3501 661 3518 manus
673 3494 700 3518 in
710 3497 792 3525 parte
806 3494 834 3523 C,
842 3501 911 3525 pars
925 3501 979 3518 om.
991 3494 1046 3524 Pb)
1060 3494 1200 3518 vulnerata
1210 3497 1249 3518 est
1258 3493 1342 3518 PCab.

333 3528 357 3562 δ)
368 3533 484 3562 augetur
492 3529 681 3554 adveniente...
695 3529 841 3553 recedente.
855 3542 873 3547 -
883 3531 1076 3561 augmentatur
1089 3529 1178 3560 aliquo
1188 3528 1343 3553 adveniente

278 3565 432 3590 extrinseco
451 3562 630 3596 (extrinsecus
647 3564 804 3588 adveniente
822 3563 863 3595 C),
878 3567 903 3588 et
917 3563 1040 3588 similiter
1060 3563 1223 3588 deminuitur
1241 3563 1343 3595 aliquid

278 3600 369 3632 aliquo
387 3600 525 3625 recedente
543 3599 634 3629 PCab,·
653 3599 699 3623 sed
718 3599 739 3623 si
758 3599 908 3624 extrinseco
926 3599 1071 3631 requiritur.
1091 3606 1143 3623 non
1162 3599 1243 3630 liquet
1261 3606 1342 3630 quare

280 3640 341 3667 post
359 3635 497 3660 recedente
515 3642 567 3659 non
581 3634 728 3667 requiratur
747 3634 898 3659 intrinseco.
913 3648 932 3652 -
950 3634 1000 3658 Pro
1018 3634 1081 3666 quia
1100 3637 1217 3665 oportet,
1237 3636 1343 3665 oportet

2388 304 2457 340 311

1399 378 1582 414 adveniente,
1604 385 1632 407 et
1653 379 1734 416 quod
1754 378 1784 406 id
1805 380 1886 415 quod
1913 385 2033 416 augetur
2060 388 2120 407 non
2144 386 2256 414 manet,
2279 380 2347 417 quia
2367 389 2462 418 neque

1398 428 1475 456 aqua
1489 425 1586 447 manet
1604 428 1699 456 neque
1714 428 1834 455 corpus:
1857 418 1928 446 nihil
1949 418 2026 446 enim
2048 425 2113 447 actu
2135 428 2185 447 ens
2199 426 2227 447 et
2241 419 2318 447 idem
2339 429 2462 449 numero

1398 459 1558 486 secundum
1580 458 1779 494 substantiam,
1794 465 1836 486 est
1857 467 2013 486 commune
2035 458 2061 486 ei
2083 460 2163 495 quod
2184 459 2377 495 corrumpitur
2394 466 2422 487 et
2436 460 2463 488 ei

1398 499 1478 535 quod
1492 505 1652 535 generatur.
1663 513 1684 519 -·
1700 498 1725 526 5.
1737 498 1884 526 instantia.
1907 498 1987 526 Sicut
2000 498 2032 526 fit
2045 498 2155 535 aliquid
2176 498 2267 535 magis
2289 499 2386 526 album
2401 509 2462 527 non

1398 538 1583 574 superaddito
1604 538 1663 566 alio
1684 538 1767 573 albe,
1789 538 1840 566 sed
1867 547 1919 574 per
1947 537 2141 566 intensionem
2167 538 2308 566 albedinis
2335 539 2463 575 praeexi-

1398 577 1506 613 stentis‚
1521 577 1561 606 ita
1574 578 1683 614 absque
1697 577 1846 606 additione
1862 577 1982 606 alicuius
2003 577 2134 614 corporis
2154 584 2249 614 potest
2270 577 2380 614 aliquid
2401 578 2462 606 fieri

1398 616 1507 652 maius,
1529 626 1581 653 per
1601 618 1658 645 hoc
1679 618 1759 654 quod
1787 617 1907 645 materia
1934 626 2008 654 quae
2035 617 2114 654 prius
2143 624 2204 645 erat
2229 618 2281 645 sub
2302 617 2397 654 parvis
2419 617 2462 645 di-

1398 656 1605 691 mensionibus,
1621 656 1746 685 maiores
1767 656 1964 685 dimensiones
1985 657 2112 693 suscipit,
2127 657 2377 693 quemadmodum
2398 666 2461 685 ma·
2476 654 2481 657 Α

1398 695 1498 723 nifeste
1519 703 1637 732 apparet
1657 696 1687 724 in
1708 696 1937 725 condensatione
1958 703 1986 725 et
2003 696 2192 725 rarefactione
2206 696 2288 725 aeris.
2302 712 2323 717 —
2337 696 2461 726 Solutio.

1397 735 1475 763 Talis
1496 736 1698 764 transmutatio
1726 745 1787 764 non
1808 743 1850 764 est
1870 736 1988 773 proprie
2008 743 2212 774 augmentum,
2234 737 2286 764 sed
2313 736 2460 764 alteratio:

1398 774 1430 801 fit
1450 774 1527 802 enim
1549 775 1708 803 secundum
1730 776 2001 804 transmutationem
2021 775 2200 813 passibilium
2218 775 2398 812 qualitatum,
2412 785 2462 804 va-

1397 813 1481 841 riatio
1502 820 1599 842 autem
1621 814 1786 850 quantitatis
1813 824 1843 843 se
1864 816 1950 844 habet
1970 825 2004 844 ex
2025 815 2223 852 consequenti.
2238 832 2258 837 -
2272 816 2299 843 6.
2323 815 2462 850 Quaestio

1397 853 1574 889 interposita.
1597 854 1675 887 Quid
1694 854 1730 882 sit
1743 854 1813 882 illud
1834 856 1914 892 quod
1935 856 2070 892 augetur?
2092 856 2196 884 Utrum
2210 854 2316 884 scilicet
2329 855 2400 883 illud
2414 865 2462 884 so-

1397 893 1458 920 lum
1473 892 1519 921 cui
1533 893 1643 930 aliquid
1656 893 1820 930 apponitur,
1835 904 1896 923 non
1910 902 2006 923 autem
2022 896 2103 932 quod
2116 893 2289 932 apponitur:
2306 895 2351 923 vel
2365 894 2462 932 potius

1397 938 1518 969 augetur
1531 933 1706 969 utrumque?
1721 949 1739 953 -
1755 943 1781 969 7.
1797 934 1918 962 Solutio.
1940 935 2015 969 Quia
2029 941 2144 971 oportet
2158 935 2238 972 quod
2259 941 2380 971 augetur
2400 944 2462 963 ma-

1397 981 1466 1000 nere
1491 973 1651 1000 secundum
1674 973 1872 1008 substantiam,
1895 973 1961 1002 ideo
1982 981 2103 1011 augetur
2123 974 2153 1002 id
2174 974 2220 1002 cui
2241 973 2351 1011 aliquid
2369 983 2461 1011 appo-

1397 1011 1483 1047 nitur,
1498 1021 1560 1040 non
1575 1018 1673 1040 autem
1694 1012 1764 1040 illud
1786 1014 1865 1049 quod
1886 1014 2050 1050 apponitur.
2072 1013 2170 1042 Simile
2191 1014 2301 1050 aliquid
2321 1014 2463 1051 contingit

1398 1051 1428 1079 in
1449 1051 1587 1080 mixtione
1609 1058 1637 1079 et
1657 1051 1834 1080 alteratione.
1855 1069 1874 1074 -
1894 1054 1926 1080 In
1947 1060 2030 1082 motu
2051 1053 2198 1091 augmenti
2218 1053 2307 1082 virtus
2328 1054 2461 1090 alterans,

1398 1101 1473 1128 quae
1488 1098 1530 1119 est
1550 1091 1724 1128 principium
1739 1098 1845 1128 motus,
1860 1101 1921 1120 non
1942 1099 1985 1121 est
2005 1093 2035 1120 in
2056 1102 2091 1122 eo
2113 1094 2194 1130 quod
2214 1093 2338 1129 additur,
2359 1093 2411 1121 sed
2431 1093 2462 1122 in

1400 1140 1436 1159 eo
1458 1131 1504 1159 cui
1525 1131 1650 1159 additur.

1394 1246 1482 1284 pars
1511 1234 1593 1271 eius
1621 1243 1834 1272 moveatur.
1852 1235 1968 1282 Quod
1996 1236 2152 1285 quidem
2180 1237 2293 1274 etiam
2313 1237 2352 1274 in
2372 1250 2460 1286 aug-

1395 1294 1547 1334 mento,
1578 1295 1615 1324 et
1641 1287 1680 1324 in
1708 1288 1887 1325 omnibus
1915 1288 1995 1325 aliis
2019 1288 2039 1310 *
2065 1289 2244 1338 motibus,
2265 1291 2499 1328 observari

1396 1347 1558 1388 oportet.

1451 1393 1630 1430 Secunda
1657 1393 1867 1442 suppositio
1897 1402 1964 1443 est,
1985 1394 2090 1443 quod
2118 1407 2233 1432 omne
2262 1396 2368 1443 quod
2397 1409 2462 1433 au-

1397 1453 1515 1494 getur,
1535 1453 1694 1494 augetur
1712 1446 1940 1484 adveniente
1969 1447 2114 1496 aliquo:
2145 1455 2180 1484 et
2208 1447 2376 1486 similiter
2398 1449 2462 1486 de-

1397 1498 1579 1535 minuitur
1598 1499 1724 1548 aliquo
1745 1500 1946 1536 recedente
1966 1497 1990 1537 ⁸.
2013 1500 2131 1537 Cuius
2159 1501 2253 1537 ratio
2282 1509 2349 1549 est,
2374 1502 2463 1550 quia

1399 1559 1548 1600 oportet
1575 1552 1716 1600 aliquid
1743 1552 1782 1589 in
1810 1560 1938 1589 actum
1967 1553 2096 1590 reduci
2123 1565 2192 1602 per
2218 1553 2257 1590 id
2284 1555 2388 1603 quod
2409 1562 2463 1592 est

1399 1612 1500 1641 actu:
1520 1605 1622 1642 unde
1642 1605 1732 1642 illud
1751 1605 1858 1653 quod
1877 1613 1934 1642 est
1955 1606 1994 1642 in
2013 1606 2182 1655 potentia
2200 1606 2249 1643 ad
2275 1607 2462 1644 maiorem

1399 1658 1660 1706 quantitatem,
1686 1658 1875 1695 reducitur
1901 1659 1941 1696 in
1969 1667 2096 1696 actum
2123 1658 2219 1696 illius
2247 1660 2462 1708 quantitatis

1398 1721 1468 1760 per
1495 1710 1636 1760 aliquid
1664 1712 1768 1760 quod
1795 1712 1911 1748 habet
1947 1719 2031 1748 actu
2065 1712 2311 1761 quantitatem
2339 1713 2460 1761 illam;

1401 1772 1437 1801 et
1472 1765 1548 1801 hoc
1576 1772 1632 1800 est
1659 1765 1765 1812 quod
1792 1764 1964 1802 adiicitur
1990 1764 2010 1786 ’¹‘
2038 1765 2072 1801 ei
2101 1765 2206 1814 quod
2239 1774 2407 1814 augetur.

1457 1818 1491 1854 3.
1512 1817 1662 1854 Deinde
1678 1830 1765 1854 cum
1786 1818 1936 1855 dicitur:
1955 1818 2119 1855 Necesse
2136 1824 2261 1855 autem
2280 1831 2463 1869 augmen-

1400 1871 1476 1907 tari
1502 1878 1586 1918 etc.,
1613 1871 1794 1919 proponit
1822 1871 2095 1908 dubitationem
2115 1877 2137 1918 ¹,
2168 1884 2267 1920 quae
2295 1872 2465 1920 sequitur

1401 1936 1447 1960 ex
1481 1923 1630 1960 duabus
1662 1924 1881 1972 praemissis
1917 1924 2252 1973 suppositionibus.
2292 1925 2332 1962 Si
2361 1925 2463 1962 enim

1401 1977 1482 2013 eius
1511 1976 1615 2026 quod
1644 1985 1802 2025 augetur
1829 1985 1979 2026 oportet
2002 1977 2209 2026 quamlibet
2231 1985 2378 2026 partem
2398 1991 2463 2015 au-

1401 2030 1497 2078 geri,
1529 2037 1565 2067 et
1592 2042 1706 2067 omne
1735 2038 1983 2079 augmentum
2012 2030 2056 2067 fit
2081 2042 2151 2079 per
2177 2030 2332 2068 alicuius
2361 2031 2465 2069 addi-

1401 2083 1564 2131 tionem,
1595 2095 1835 2131 consequens
1870 2091 1926 2120 est
1944 2083 2056 2133 —quod
2085 2083 2236 2120 cuilibet
2261 2084 2358 2132 parti
2387 2085 2465 2122 eius

1402 2137 1508 2185 quod
1533 2144 1702 2184 augetur,
1723 2145 1897 2186 oporteat
1924 2136 2066 2186 aliquid
2093 2136 2192 2173 addi.
2223 2138 2391 2174 Necesse
2411 2144 2466 2174 est

1402 2201 1492 2237 ergo
1521 2189 1542 2211 '⁸
1570 2189 1660 2227 illud
1698 2190 1804 2238 quod
1831 2189 2003 2237 additur,
2037 2202 2115 2238 quo
2155 2189 2289 2227 dicitur
2324 2190 2465 2240 aliquid

1402 2242 1542 2290 augeri,
1564 2250 1627 2279 aut
1655 2255 1737 2279 esse
1766 2243 2036 2292 incorporeum
2062 2250 2126 2279 aut
2145 2255 2386 2292 corporeum.
2416 2245 2466 2281 Et

1402 2295 1433 2332 si
1461 2295 1594 2332 dicitur
1621 2297 1725 2344 quod
1763 2295 1808 2332 sit
1844 2295 2136 2345 incorporeum,
2166 2296 2334 2345 sequitur
2361 2297 2465 2345 quod

1402 2360 1602 2386 commune
1642 2348 1817 2385 omnium
1857 2349 2129 2397 generabilium
2168 2357 2204 2385 et
2245 2349 2466 2398 corruptibi-

2513 1299 2570 1321 aliie
2584 1305 2632 1321 om.
2645 1306 2669 1321 Α.

2489 1775 2498 1783 ·
2515 1773 2611 1796 additur
2624 1780 2647 1795 A.

2589 1885 2599 1901 Ε

2492 2202 2501 2211 ·
2508 2199 2572 2228 quod
2576 2199 2628 2222 add.
2635 2200 2702 2222 καὶ).

1402 2401 1516 2449 lium,
1546 2401 1686 2439 scilicet
1722 2401 1879 2438 materia
1914 2402 2059 2450 prima,
2094 2401 2140 2438 sit
2172 2409 2388 2450 separatum
2417 2403 2465 2439 ab
2511 2432 2514 2433 γ

1403 2454 1509 2491 omni
1546 2455 1750 2504 quantitate
1787 2454 1974 2504 corporali
2002 2454 2027 2491 ζ.
2068 2455 2145 2492 Sed
2178 2455 2274 2492 sicut
2310 2468 2425 2504 supra
2446 2455 2467 2477 *

1403 2515 1599 2545 ostensum
1625 2515 1690 2555 est,
1710 2507 1946 2556 impossibile
1966 2515 2021 2544 est
2040 2508 2146 2556 quod
2169 2508 2325 2544 materia
2345 2508 2391 2545 sit
2409 2521 2466 2545 se·-

1400 2569 1532 2610 parata
1551 2574 1573 2598 a
1592 2561 1867 2609 magnitudine:
1895 2560 1997 2598 unde
2016 2567 2119 2610 patet
2143 2561 2249 2609 quod
2268 2561 2358 2598 illud
2386 2573 2464 2610 quo

1401 2613 1544 2663 aliquid
1571 2622 1746 2662 augetur,
1776 2626 1855 2651 non
1882 2621 2007 2663 potest
2035 2626 2116 2651 esse
2145 2614 2414 2663 incorporeum
2432 2614 2463 2651 ²².

1402 2669 1452 2704 Et
1478 2667 1626 2714 iterum,
1646 2667 1677 2704 si
1706 2674 1804 2704 esset
1821 2667 2104 2716 incorporeum,
2125 2679 2203 2704 non
2232 2674 2329 2704 esset
2347 2679 2465 2716 quan-

1401 2728 1483 2757 tum
1501 2721 1540 2757 in
1559 2727 1665 2757 actu:
1685 2720 1788 2757 unde
1817 2720 1883 2761 sui,
1903 2720 2140 2769 appositione
2169 2732 2247 2756 non
2284 2720 2423 2756 faceret
2449 2726 2464 2744 '¹

1402 2774 1523 2810 maius
1552 2773 1764 2810 secundum
1793 2773 2050 2822 quantitatem.
2068 2795 2091 2801 -
2109 2773 2148 2810 Si
2175 2781 2302 2810 autem
2323 2773 2465 2810 dicatur

1400 2827 1492 2863 illud
1511 2839 1588 2876 quo
1609 2826 1737 2864 addito
1758 2826 1898 2875 aliquid
1921 2833 2090 2874 augetur,
2111 2838 2192 2862 esse
2222 2838 2462 2874 corporeum,

1401 2886 1623 2927 sequeretur
1638 2879 1715 2916 duo
1737 2892 1899 2928 corpora
1917 2879 2029 2916 simul
2046 2891 2127 2915 esse
2148 2879 2187 2915 in
2207 2879 2344 2915 eodem
2363 2879 2461 2925 loco,

1401 2932 1541 2969 scilicet
1569 2945 1706 2981 corpus
1735 2932 1840 2981 quod
1869 2940 2036 2979 augetur,
2063 2939 2098 2968 et
2127 2944 2263 2979 corpus
2292 2931 2462 2968 additum

1402 2985 1507 3033 quod
1527 2993 1638 3032 auget
1647 2983 1670 3021 ⁰.
1693 2986 1785 3022 Non
1805 2985 1906 3021 enirn
1924 2991 2049 3034 potest
2068 2984 2140 3021 dici
2165 2984 2269 3032 quod
2290 2996 2462 3020 seorsum

1402 3145 1470 3168 enim
1490 3146 1522 3169 A.
1540 3158 1559 3162 -
1578 3145 1628 3168 Pro
1648 3145 1718 3169 unde
1737 3144 1810 3173 illud,
1827 3143 1896 3168 unde
1914 3143 1938 3167 si
1956 3143 2002 3173 Ca,
2017 3143 2088 3175 quod
2102 3142 2138 3167 Pb
2157 3143 2287 3176 corrigunt
2301 3143 2327 3168 in
2342 3144 2411 3169 unde
2423 3151 2463 3169 se-

1401 3180 1516 3204 cundum
1536 3179 1585 3204 hoc
1604 3179 1640 3204 id.

1454 3215 1475 3246 ε)
1490 3214 1690 3239 dubitationem.
1702 3228 1722 3232 -
1734 3213 1888 3238 divisionem
1902 3213 1965 3237 Cab.
1978 3226 1997 3231 -
2010 3213 2060 3237 Pro
2079 3213 2309 3244 suppositionibus,
2324 3214 2395 3246 quod
2408 3222 2463 3239 orn.

1400 3250 1431 3279 A,
1446 3250 1618 3274 divisionibus
1638 3249 1729 3277 PCab,·
1748 3249 1793 3273 sed
1813 3248 1864 3272 duo
1883 3247 2026 3279 praemissa
2044 3255 2096 3272 non
2116 3253 2188 3272 erant
2203 3248 2351 3274 divisiones.
2365 3263 2384 3268 —-
2395 3250 2463 3274 Ante

1401 3284 1432 3308 Si
1440 3284 1518 3312 enim,
1529 3285 1551 3308 A
1561 3284 1699 3315 praemittit
1710 3283 1849 3308 Dubitatio
1861 3286 1901 3307 est
1913 3282 1992 3312 haec,-
2006 3283 2067 3307 item
2077 3291 2131 3308 om.
2141 3283 2283 3314 quamlibet
2330 3287 2462 3316 oporteat.

1452 3318 1476 3350 ζ)
1495 3322 1544 3343 aut
1562 3325 1616 3343 esse
1635 3318 1852 3349 incorporeum..
1867 3318 2041 3348 corporali.-
2052 3321 2100 3342 aut
2118 3325 2173 3343 esse
2185 3325 2341 3350 corporeum
2359 3322 2409 3344 aut
2421 3319 2461 3344 in-

1399 3361 1555 3385 corporeum
1574 3356 1726 3385 separatum
1740 3353 1773 3377 ab
1792 3352 1864 3377 omni
1882 3353 2031 3384 quantitate
2048 3354 2185 3385 corporali
2198 3354 2260 3383 Pub,
2275 3354 2460 3386 incorporeum

1399 3392 1447 3413 aut
1464 3395 1619 3419 corporeum
1639 3388 1674 3418 C;
1694 3388 1740 3412 sed
1759 3389 1858 3412 omisso
1880 3388 1914 3412 Et
1929 3388 1953 3412 si
1966 3388 2089 3413 dicitur..
2091 3389 2228 3413 ‚materia
2241 3389 2342 3421 prima,
2357 3389 2462 3422 inexpli-

1399 3428 1454 3448 cata
1473 3428 1577 3447 manent
1590 3423 1669 3447 verba
1681 3427 1765 3447 textus
1778 3420 1849 3447 ἔσται
1867 3419 1997 3457 χωριστὸν
2016 3419 2046 3447 τὸ
2067 3422 2138 3448 κενόν
2154 3422 2207 3456 (vel
2222 3422 2315 3453 κοινόν,
2329 3432 2409 3457 quam
2423 3426 2460 3449 le-

1398 3459 1518 3487 ctionem,
1538 3463 1767 3482 commemoratam
1787 3465 1801 3482 a
1820 3458 1971 3490 Philopono,
1990 3457 2085 3482 habent
2104 3459 2144 3483 ed.
2159 3459 2277 3484 Tauchn.
2293 3465 2319 3484 et
2332 3465 2461 3484 corrector

1398 3494 1454 3517 cod.
1474 3493 1520 3517 Bk.
1539 3493 1572 3523 F,
1593 3498 1617 3517 et
1636 3493 1676 3517 cui
1695 3493 1879 3524 correspondet
1897 3498 1984 3518 nostra
2002 3493 2108 3526 versio).
2127 3495 2150 3518 A
2168 3502 2216 3526 pro
2239 3502 2377 3520 commune
2400 3495 2461 3528 legit

1397 3528 1540 3553 secundum
1559 3535 1704 3556 commune,
1719 3533 1744 3552 et
1759 3536 1806 3560 pro
1821 3528 1935 3553 materia
1944 3528 2044 3560 prima,
2060 3529 2174 3553 materia
2187 3529 2280 3561 prima
2298 3530 2423 3555 secunda.

1450 3563 1478 3595 η)
1497 3563 1539 3587 sui
1557 3563 1722 3595 appositione
1741 3571 1791 3588 non
1805 3563 1918 3596 faceret,
1932 3577 1951 3581 -
1969 3563 1995 3588 in
2015 3571 2064 3588 sua
2082 3564 2249 3595 appositione
2267 3573 2319 3590 non
2332 3566 2415 3598 fieret
2427 3566 2459 3590 A.

1451 3597 1475 3630 θ)
1494 3605 1590 3630 corpus
1607 3598 1730 3623 additum
1748 3599 1820 3631 quod
1837 3602 1928 3631 auget.
1945 3612 1963 3617 -
1981 3606 2077 3631 corpus
2096 3600 2166 3631 quod
2184 3600 2307 3625 additum
2325 3604 2408 3634 auget
2425 3601 2460 3631 A,

1397 3634 1468 3666 quod
1486 3641 1539 3658 om.
1554 3634 1601 3658 ab.

2593 2453 2607 2482 ζ

2494 2490 2503 2498 ·
2518 2487 2581 2509 Lect.
2595 2492 2636 2514 xn,
2651 2492 2675 2508 n.
2687 2491 2708 2508 2.

2492 2622 2507 2670 ζ
2511 2623 2645 2649 separatum
2653 2621 2706 2642 add.

2589 2729 2604 2752 η
