2782 4134
23 809 35 820 ·
47 807 189 845 Arietatelee
200 813 223 830 Α.

22 1020 39 1070 ;
49 1019 86 1075 0⁷5.
95 1019 150 1042 lect.
159 1025 238 1048 praee.

23 1125 113 1148 ‘'I-eet.
127 1131 177 1154 neq.

120 1179 138 1197 a

1132 274 1243 311 CAP.
1274 275 1325 322 Π,
1355 273 1507 310 LECT.
1538 273 1590 310 1v

266 367 286 374 -·
301 352 328 380 6.
351 350 495 385 Secundo,
517 349 618 386 nequit
638 358 700 377 esse
715 349 824 386 aliquid
845 350 1061 387 incorporeum.
1081 352 1155 380 Nam
1171 353 1199 387 a)
1214 351 1237 379 si
1252 352 1333 388 quod

266 389 411 428 egreditur
428 399 446 418 a
459 388 657 426 magnitudine
677 389 803 416 totaliter
830 389 920 417 divisa
940 399 1002 418 non
1023 390 1059 418 sit
1085 400 1204 427 corpus,
1226 391 1277 419 sed
1298 391 1334 419 sit

265 431 361 459 forma
380 429 478 466 aliqua
497 428 542 457 vel
561 428 659 465 passio
678 428 845 464 separabilis
859 438 877 457 a
891 429 1030 464 subiecto,
1052 436 1080 457 et
1101 439 1130 458 se
1152 431 1262 459 habens
1283 439 1334 466 per

266 470 390 498 modum
410 468 510 506 puncti
523 468 568 497 vel
582 474 683 503 tactus,
706 467 836 504 sequitur
855 467 951 504 primo
973 469 1054 505 quod
1067 470 1238 506 magnitudo
1253 479 1334 498 com-

265 509 384 546 ponitur
401 517 436 537 ex
456 517 517 536 non
538 506 793 545 magnitudinibus.
817 507 907 541 Quod
928 513 970 535 est
984 507 1206 537 inconveniens:
1228 519 1334 537 unum-

266 549 406 586 quodque
431 547 510 576 enim
538 546 722 576 constituitur
747 555 780 574 ex
808 547 894 574 rebus
922 547 966 574 sui
986 547 1107 583 generis.
1128 564 1149 568 -
1170 558 1196 585 7.
1219 549 1247 583 b)
1269 548 1334 576 Sive

266 587 436 625 magnitudo
457 593 584 624 ponatur
604 585 744 623 componi
764 594 798 614 ex
818 586 932 622 punctis
953 586 1057 621 motis,
1080 586 1138 614 sive
1163 596 1196 615 ex
1220 587 1334 623 punctis

265 637 327 656 non
348 627 435 656 motis
455 633 594 664 tanquam
616 635 650 655 ex
669 625 808 663 panibus,
823 631 939 662 oportet
959 625 1105 662 assignare
1125 626 1175 654 ubi
1190 627 1246 654 sint
1260 636 1334 663 pun-

266 674 320 696 cta.
342 668 401 696 Sed
421 667 479 695 hoc
499 672 542 695 est
562 664 740 702 impossibile
755 665 785 693 in
799 665 965 701 hypothesi:
982 665 1050 701 quia
1062 672 1202 701 punctum
1216 675 1278 694 non
1293 672 1335 694 est

265 706 344 735 aliud
365 715 454 744 quam
475 705 655 734 continuatio
669 705 714 733 vel
729 704 831 733 divisio
845 704 970 741 partium
990 704 1204 742 magnitudinis,
1226 711 1254 733 et
1267 705 1334 733 ideo

348 933 355 943 ,
383 922 396 931 ³
414 915 418 917 “
473 909 511 954 *fij
523 904 596 940 tior
615 911 694 940 erat
709 915 825 952 quam
841 903 971 951 opinio
988 903 1166 950 Platonis,
1189 910 1225 939 et
1239 902 1333 940 ratio

328 984 351 989 W
415 990 417 993 .
524 955 734 993 Democriti
763 963 842 992 erat
862 956 983 1004 magis
1002 956 1169 1005 propria,
1192 956 1239 993 ad
1259 956 1335 993 hoc

264 1010 587 1048 manifestandum
616 1008 760 1046 inducit
788 1009 975 1046 rationem
1004 1009 1214 1046 Democriti
1229 1008 1260 1045 ²¹⁸.
1282 1010 1332 1046 Et

263 1063 388 1113 primo
407 1063 516 1112 ponit
534 1074 637 1108 eam3
659 1062 828 1099 secundo
858 1062 980 1110 solvit,
1000 1062 1069 1099 ibi:
1098 1062 1173 1099 Sed
1190 1067 1227 1098 et
1241 1063 1335 1099 haec

263 1117 481 1155 tentandum
514 1121 568 1153 est
592 1115 738 1152 solvere
756 1115 776 1137 ’¹‘
805 1122 875 1152 etc.
906 1115 1017 1152 Circa
1048 1115 1218 1164 primum
1253 1115 1331 1152 duo

263 1170 366 1208 facit:
385 1169 512 1219 primo
528 1169 636 1219 ponit
651 1168 837 1206 rationem
857 1168 1080 1216 Democriti,
1098 1168 1301 1205 ducentem
1316 1174 1334 1189 ⁴²

263 1223 313 1271 ad
328 1224 407 1261 hoc
421 1222 667 1273 impoSsibile,
688 1221 828 1259 scilicet
841 1221 947 1270 quod
966 1234 1104 1270 corpus
1119 1221 1166 1258 sit
1180 1221 1333 1258 omnino

225 1271 237 1274 ⁶
263 1276 446 1324 divisum,
474 1276 571 1314 idest
594 1283 947 1324 quantumcumque
967 1274 1085 1312 dividi
1107 1281 1247 1323 potest;
1277 1286 1334 1310 se-

21 1384 34 1396 ·
45 1383 120 1408 Nm.
129 1390 156 1412 4.

2 1522 155 1572 ¹'‘Inung.

121 1648 138 1683 β

263 1330 391 1367 cundo
407 1329 571 1367 ostendit
584 1330 660 1366 hoc
675 1341 757 1366 esse
772 1327 1018 1376 impossibile,
1039 1327 1106 1364 ibi:
1127 1327 1227 1369 Quid
1239 1339 1333 1377 ergo

262 1383 371 1420 erit*
400 1389 469 1420 etc.
500 1382 611 1419 Circa
638 1381 808 1431 primum
833 1380 911 1418 duo
940 1380 1047 1417 facit:
1071 1379 1198 1429 primo
1226 1380 1334 1429 ponit

263 1436 450 1474 rationem
479 1436 681 1473 ducentem
710 1435 758 1472 ad
781 1435 857 1472 hoc
885 1433 1140 1483 impossibile;
1161 1433 1331 1470 secundo

262 1489 478 1527 manifestat
505 1488 769 1526 necessitatem
798 1487 919 1525 dictae
948 1486 1115 1534 rationis,
1136 1486 1205 1523 ibi:
1230 1486 1331 1528 Qua-

256 1548 415 1592 propter
442 1548 477 1579 et
502 1541 706 1579 secundum
734 1541 899 1578 medium
917 1538 938 1561 '⁸‘
966 1546 1035 1576 etc.

318 1607 354 1634 2.
377 1595 489 1632 Circa
506 1593 678 1643 primum
706 1593 1028 1631 considerandum
1048 1592 1153 1641 quod
1182 1599 1333 1641 oportet

261 1661 407 1699 ponere
437 1659 576 1696 corpus
602 1648 665 1685 vel
699 1646 881 1696 componi
903 1644 922 1675 Ρ
951 1658 995 1683 ex
1023 1645 1329 1692 indivisibilibus,

261 1702 326 1740 vel
345 1713 429 1739 esse
458 1700 643 1738 divisibile
671 1701 843 1748 omnino,
871 1699 969 1737 idest
995 1699 1172 1746 totaliter,
1198 1711 1331 1735 secun-

263 1754 357 1793 dum
377 1754 653 1805 quodcumque
681 1753 844 1802 signum.
874 1754 924 1790 Et
951 1752 1039 1790 ideo
1068 1751 1330 1800 Democritus,

263 1807 313 1846 ad
332 1807 614 1846 ostendendum
643 1807 748 1856 quod
777 1819 916 1856 corpus
935 1806 981 1843 sit
1010 1805 1265 1854 compositum
1286 1817 1331 1842 ex

261 1861 554 1899 indivisibilibus
582 1860 819 1909 corporibus,
845 1867 1004 1897 conatur
1031 1858 1232 1896 ostendere
1261 1858 1331 1895 im-

261 1914 443 1964 possibile
459 1926 542 1951 esse
562 1913 666 1962 quod
687 1925 826 1962 corpus
854 1912 1044 1958 sensibile,
1065 1919 1157 1961 puta
1186 1911 1329 1959 lignum

263 1975 328 2006 aut
354 1967 460 2017 lapis,
490 1967 537 2004 sit
555 1966 741 2004 divisibile
769 1966 923 2004 omnino
943 1970 970 2012 ⁷,
992 1965 1088 2002 idest
1116 1965 1329 2002 secundum

262 2021 538 2071 quodcumque
567 2019 718 2068 signum
746 2019 877 2057 datum
906 2019 945 2056 in
973 2030 1145 2067 corpore.
1167 2018 1216 2055 Et
1243 2017 1330 2055 ideo

262 2073 352 2112 dicit
378 2075 504 2123 quod,
534 2073 566 2111 si
597 2073 682 2122 quis
709 2079 829 2122 ponat
860 2071 1017 2120 aliquod
1045 2083 1204 2121 corpus,
1239 2078 1332 2120 puta

262 2127 451 2174 sensibile,
475 2134 511 2164 et
542 2125 846 2174 magnitudinem
879 2136 1165 2175 quamcumque
1193 2121 1218 2171 δ,
1238 2131 1330 2173 puta

262 2180 506 2230 superficiem
532 2180 596 2217 vel
614 2179 768 2227 lineam,
794 2178 1022 2217 divisibilem
1051 2190 1134 2215 esse
1163 2178 1329 2224 omnino,

260 2233 358 2271 idest
385 2233 600 2270 secundum
628 2232 902 2282 quodcumque
935 2231 1086 2280 signum
1114 2232 1264 2279 datum,
1294 2238 1331 2268 et

262 2286 294 2324 si
319 2293 486 2336 ponatur
511 2287 587 2323 hoc
615 2298 696 2323 esse
724 2285 916 2335 possibile,
946 2291 1118 2321 remanet
1141 2284 1329 2333 quaestio:

263 2339 356 2389 quid
375 2347 431 2377 est
457 2339 549 2376 illud
573 2339 677 2388 quod
697 2338 832 2389 effugit
849 2338 1080 2384 divisionem,
1101 2337 1198 2375 idest
1225 2337 1331 2386 quod

262 2400 436 2430 remanet
447 2399 536 2441 post
550 2390 809 2430 divisionem?
828 2392 999 2429 Necesse
1015 2397 1071 2428 est
1089 2390 1191 2427 enim
1212 2391 1330 2439 quod,

263 2445 386 2483 diviso
416 2457 663 2494 quocumque
687 2445 864 2482 divisibili
890 2450 913 2492 ⁸,
935 2451 1157 2481 remaneant
1183 2443 1331 2493 aliquae

261 2505 388 2548 partes
417 2498 638 2547 divisibiles,
668 2498 706 2535 in
726 2510 822 2547 quas
849 2498 892 2535 fit
911 2497 1060 2535 divisio.
1087 2497 1178 2534 Ideo
1204 2504 1332 2534 autem

263 2551 623 2603 dicit-Democritus
650 2552 726 2588 hoc
753 2551 896 2588 habere
924 2550 1200 2600 quaestionem,
1230 2550 1331 2599 quia,

263 2604 295 2642 si
315 2617 454 2654 corpus
482 2605 528 2642 sit
555 2605 722 2651 omnino,
751 2604 848 2641 idest
875 2603 1087 2641 secundum
1115 2610 1251 2651 totum,
1278 2603 1332 2640 di-

262 2657 422 2705 visibile,
452 2665 488 2695 et
506 2658 582 2695 hoc
601 2657 647 2694 sit
664 2657 857 2706 possibile,
879 2669 1118 2705 consequens
1138 2656 1208 2693 erit
1227 2656 1333 2705 quod

263 2710 356 2747 nihil
375 2710 577 2760 prohibeat
596 2723 734 2760 corpus
755 2722 837 2747 esse
862 2710 973 2747 simul
993 2709 1160 2747 divisum
1180 2709 1195 2736 ς
1214 2721 1332 2757 quan-

263 2762 517 2812 tumcumque
552 2763 670 2801 dividi
701 2770 843 2812 potest,
881 2762 948 2800 etsi
986 2762 1122 2800 divisio
1157 2774 1236 2799 non
1264 2762 1332 2799 fiat

264 2816 389 2865 simul,
410 2817 478 2854 sed
494 2816 725 2862 successive3
742 2816 838 2853 sicut
852 2815 882 2852 si
896 2815 1076 2865 possibile
1093 2822 1148 2852 est
1162 2815 1327 2863 aliquem

318 2983 346 3017 ιι)
368 2984 448 3016 ponit
471 2979 604 3017 rationem
633 2981 797 3011 Democriti,
818 2981 966 3006 ducentem.
990 2995 1009 3000 —
1033 2980 1165 3005 rationem
1185 2979 1334 3004 Democriti

265 3019 340 3045 ducit
357 3019 390 3044 A.
408 3032 428 3038 -
444 3019 508 3043 ABa
526 3026 580 3043 om.
598 3018 713 3048 scilicet,·
732 3025 779 3050 pro
798 3017 897 3042 scilicet
919 3016 992 3049 quod
1015 3023 1113 3048 corpus
1132 3015 1214 3041 sit...
1228 3014 1266 3039 ad
1283 3015 1333 3039 hoc

265 3054 432 3087 impossibile,
448 3054 487 3078 Ca
500 3053 563 3078 nihil
582 3053 678 3078 habent
693 3058 796 3086 praeter
809 3057 907 3077 textum
921 3052 1076 3082 Aristotelis,
1096 3051 1132 3076 ibi
1140 3058 1148 3074 .·
1163 3050 1234 3081 Quia
1248 3050 1333 3084 igitur

265 3093 306 3115 est
324 3090 384 3123 (pro
398 3089 470 3119 Quid
482 3096 548 3121 ergo
561 3088 623 3121 erit)
638 3096 686 3121 pro
701 3088 770 3113 idest
782 3091 1032 3121 quantumcumque,
1052 3087 1121 3111 idest
1139 3086 1333 3119 quantumlibet

265 3125 316 3153 Pb,
335 3125 493 3157 inquantum
511 3125 542 3149 B.
559 3137 579 3144 -
596 3124 648 3149 Pro
665 3124 704 3149 ad
721 3124 771 3149 hoc
795 3123 968 3156 impossibile,
987 3122 1024 3147 ad
1043 3122 1201 3154 impossibile
1221 3121 1332 3154 praedi-

265 3163 338 3186 ctum
356 3161 380 3184 Α
398 3160 475 3184 bene.

321 3194 347 3229 β)
361 3202 465 3227 ponere
483 3201 579 3227 corpus
598 3195 640 3220 vel
657 3194 788 3226 componi.
800 3206 818 3214 --
825 3194 894 3227 poni
911 3200 1008 3225 corpus
1027 3194 1069 3218 vel
1085 3192 1208 3225 componi
1225 3192 1256 3222 A,
1273 3199 1333 3217 cor-

262 3238 316 3263 pus
334 3230 458 3262 componi
474 3230 506 3255 B.
522 3244 543 3249 —
559 3230 667 3255 omnino
685 3237 740 3255 om.
753 3229 799 3260 Ca,
819 3230 866 3254 sed
885 3229 906 3254 C
924 3229 1068 3262 transponit
1086 3227 1206 3253 totaliter
1220 3227 1297 3252 idest.

319 3266 346 3300 γ)
367 3265 526 3298 impossibile
544 3272 633 3291 esse...
647 3265 764 3291 omnino.
782 3279 802 3285 —-
820 3264 979 3290 indivisibile
998 3271 1054 3289 esse
1078 3270 1174 3295 corpus
1198 3262 1333 3287 sensibile.-

262 3304 334 3334 puta
352 3301 457 3334 lignum
480 3304 530 3329 aut
552 3301 621 3333 lapis
639 3304 703 3326 sunt
727 3300 870 3326 divisibilia
894 3300 1002 3324 omnino
1022 3299 1075 3330 Ca;
1094 3298 1253 3330 impossibile
1277 3303 1332 3322 esse

268 3337 427 3361 indivisibile
446 3336 587 3369 (divisibile
605 3336 636 3369 P)
656 3343 711 3361 esse
728 3343 825 3368 corpus
843 3334 971 3364 sensibile,
985 3338 1056 3366 puta
1074 3334 1145 3366 quod
1163 3333 1265 3365 lignum
1284 3335 1333 3356 aut

267 3372 336 3404 lapis
354 3372 409 3397 sint
426 3371 573 3397 divisibilia
591 3371 698 3396 omnino
718 3371 762 3396 Pb.

321 3405 347 3439 δ)
366 3414 565 3439 quamcumque.
577 3420 597 3426 -
615 3410 856 3439 quantumcumque
874 3405 904 3429 B.
916 3419 934 3424 —
947 3411 1003 3430 esse
1020 3412 1074 3429 om.
1089 3403 1174 3428 PCab.
1185 3416 1204 3421 -
1219 3402 1270 3427 Pro
1285 3401 1332 3426 da-

268 3445 325 3467 tum
344 3445 370 3467 et
387 3442 419 3471 si,
439 3442 533 3467 dicunt
550 3442 631 3467 etiam
649 3442 722 3474 quod
739 3442 763 3467 si
781 3442 813 3466 A.

322 3476 345 3509 ε)
364 3477 450 3502 diviso
468 3484 631 3509 quocumque
649 3477 783 3502 divisibili.
796 3490 814 3495 —
830 3481 1009 3508 quaecumque
1027 3472 1170 3498 divisibilia
1189 3472 1236 3497 Ca.
1249 3485 1269 3491 -
1281 3472 1332 3496 Pro

269 3512 295 3537 in
315 3519 382 3545 quas
393 3513 430 3545 fit
448 3512 550 3542 divisio,
565 3519 617 3544 per
635 3519 701 3545 quas
712 3512 765 3544 fiet
784 3510 878 3536 divisio
897 3510 929 3534 A.

322 3547 347 3580 ζ)
366 3547 446 3572 simul
464 3547 587 3572 divisum.
605 3561 624 3566 -
641 3551 703 3572 actu
723 3547 837 3571 divisum
855 3546 885 3570 B.
904 3545 976 3569 Idem
995 3544 1075 3569 codex
1094 3543 1125 3568 ad
1143 3542 1223 3567 verba
1237 3548 1332 3574 perve-

269 3582 329 3607 nire
346 3582 384 3607 ad
401 3582 515 3615 aliquem
534 3583 632 3613 locum,
652 3581 720 3612 finit;
740 3582 771 3606 cs.
786 3580 871 3606 Praef-

322 3617 350 3650 η)
364 3617 490 3650 prohibet
507 3625 567 3644 eum
581 3618 744 3650 pervenisse.
763 3630 781 3636 —
795 3616 920 3648 prohibet
933 3621 1035 3646 ponere
1050 3613 1202 3646 pervenisse
1220 3619 1279 3637 eum
1294 3612 1317 3636 Α
1323 3620 1331 3643 ;

2378 285 2454 321 277

1387 360 1448 379 non
1469 357 1512 379 est
1526 351 1580 379 nisi
1595 351 1624 379 in
1638 351 1767 388 partibus
1788 350 2002 388 magnitudinis,
2018 360 2092 388 quae
2106 351 2214 379 habent
2231 351 2453 379 determinatum

1387 391 1474 419 situm
1494 390 1525 418 in
1546 390 1759 428 magnitudine,
1788 397 1816 419 et
1836 399 1910 427 quae
1931 397 1998 418 sunt
2017 390 2096 419 aliud
2116 396 2230 427 praeter
2256 390 2318 426 ipsa
2338 397 2453 427 puncta.

1387 431 1450 458 Hae
1471 436 1567 459 autem
1589 437 1683 467 partes
1698 430 1728 458 in
1743 430 1895 467 hypothesi
1916 439 1977 458 non
1998 431 2112 458 dantur.
2127 446 2148 451 —
2162 430 2190 458 8.
2211 431 2238 465 c)
2259 430 2370 458 Eadem
2387 436 2454 458 sunt

1388 469 1418 498 in
1439 479 1514 507 quae
1535 479 1641 507 corpus
1662 470 1806 506 dividitur,
1828 476 1856 499 et
1871 479 1904 498 ex
1919 470 2023 507 quibus
2045 469 2239 506 componitur.
2266 469 2297 497 Si
2318 478 2387 506 ergo
2408 469 2453 497 di-

1387 509 1505 538 visionis
1523 510 1671 538 residuum
1693 509 1804 538 dicatur
1824 518 1885 538 esse
1900 509 1997 546 aliqua
2017 509 2123 546 passio,
2145 518 2250 545 corpus
2271 509 2454 546 generabitur

1389 558 1423 576 ex
1436 549 1629 585 passionibus,
1645 556 1673 577 et
1689 549 1839 586 passiones
1854 555 1939 578 erunt
1952 556 2115 586 separatae:
2130 554 2286 585 utrumque
2300 554 2396 576 autem
2411 555 2454 576 est

1388 588 1574 624 impossibile.
1595 605 1615 610 -
1635 589 1825 617 Concluditur
1845 598 1923 626 ergo,
1945 588 2023 617 iuxta
2043 587 2252 623 Democritum,
2275 588 2364 624 quod,
2386 596 2454 616 curn

1388 627 1558 664 magnitudo
1579 635 1704 665 nequeat
1725 628 1863 666 componi
1877 638 1912 657 ex
1925 628 2048 657 tactibus
2069 635 2119 657 aut
2139 627 2263 664 punctis,
2280 636 2396 655 necesse
2411 634 2453 656 est

1388 675 1497 702 ponere
1514 668 1657 704 quaedam
1679 677 1803 705 corpora
1823 667 2015 704 indivisibilia,
2037 677 2112 706 quae
2129 667 2186 696 sint
2205 667 2300 704 prima
2312 666 2454 704 principia

1389 705 1512 734 aliorum
1534 715 1699 743 corporum.

1390 797 1589 834 hominem
1617 799 1817 846 pervenire
1837 800 1886 836 ad
1905 800 2070 849 aliquem
2090 800 2232 847 locum,
2253 798 2345 835 nihil
2362 811 2451 848 pro-

1389 850 1494 886 hibet
1517 862 1607 887 eum
1635 852 1854 899 pervenisse
1872 858 1887 876 '¹
1906 853 2002 900 illuc,
2023 853 2109 889 licet
2135 864 2215 889 non
2234 852 2357 899 simul,
2383 852 2452 889 sed
2577 860 2593 884 η

1389 903 1604 939 successive
1633 905 1841 952 perveniat.
1871 906 1921 941 Et
1948 906 1978 942 si
2005 906 2080 942 hoc
2098 912 2274 954 ponatur,
2303 905 2450 942 nullum

1388 955 1622 1004 impossibile
1658 956 1772 993 debet
1808 957 1939 1005 sequi:
1968 958 2076 1006 quia,
2105 958 2275 1007 possibili
2301 957 2449 1006 posito,

1389 1021 1468 1045 non
1505 1008 1675 1056 sequitur
1715 1009 1869 1058 aliquod
1905 1010 2137 1059 impossibile
2170 1009 2202 1059 ⁰,
2237 1010 2449 1048 secundum
2574 1013 2588 1039 ⁰

1387 1061 1664 1110 Philosophum
1692 1061 1731 1098 in
1759 1063 1772 1098 Ι
1801 1062 1982 1099 Priorum
2001 1063 2031 1100 ²⁸.
2476 1069 2559 1122 fxssgdh
2569 1075 2669 1118 cgp-xu

1443 1115 1477 1152 3.
1499 1114 1646 1152 Deinde
1676 1126 1764 1151 cum
1794 1114 1895 1151 dicit:
1924 1116 2159 1164 Quapropter
2186 1122 2221 1152 et
2245 1116 2449 1153 secundum
2562 1111 2568 1118 ’
2598 1111 2604 1118 ’

1387 1167 1551 1204 medium
1581 1175 1672 1215 ete.,
1702 1167 1915 1204 manifestat
1942 1169 2202 1206 necessitatem
2236 1169 2449 1218 praedictae

1388 1219 1540 1257 rationis
1554 1225 1573 1257 ·.
1591 1220 1630 1257 Si
1651 1219 1751 1256 enirn
1766 1227 1930 1268 ponatur
1944 1221 2098 1270 aliquod
2116 1234 2254 1270 corpus
2270 1222 2449 1260 divisibile
2580 1229 2588 1245 ⁸

1385 1285 1456 1322 per
1483 1273 1670 1321 medium,
1701 1280 1737 1309 et
1763 1280 1927 1321 ponatur
1963 1286 2044 1311 esse
2082 1274 2244 1311 divisum
2272 1287 2342 1323 per
2369 1287 2449 1313 me-

1387 1326 1505 1372 dium,
1535 1326 1682 1363 nullum
1711 1326 1879 1374 sequitur
1905 1326 2186 1364 inconveniens.
2216 1328 2265 1364 Et
2291 1328 2367 1364 hoc
2394 1335 2450 1365 est

1387 1380 1494 1427 quod
1512 1379 1615 1416 dicit:
1641 1379 1887 1427 Quapropter,
1916 1379 2004 1427 quia
2032 1380 2170 1416 scilicet
2187 1380 2310 1429 posito
2329 1387 2343 1402 ²²
2361 1393 2449 1429 pos·
2572 1387 2588 1404 ¹

1386 1432 1480 1469 sibili
1503 1433 1650 1469 nullum
1679 1432 1846 1480 sequitur
1872 1432 2112 1481 impossibile,
2143 1433 2306 1470 similiter
2325 1434 2392 1470 erit
2419 1434 2449 1471 si

1384 1484 1524 1534 aliquid
1551 1492 1717 1534 ponatur
1745 1497 1828 1521 esse
1854 1485 2034 1522 divisibile
2062 1493 2099 1522 et
2126 1485 2287 1523 divisum
2316 1499 2449 1523 secun-

1386 1538 1480 1575 dum
1500 1538 1690 1584 medium3
1721 1545 1757 1574 et
1783 1537 2055 1585 universaliter,
2078 1538 2107 1575 si
2135 1551 2272 1587 corpus
2301 1547 2356 1576 est
2383 1551 2448 1576 na-

1384 1599 1466 1628 tum
1492 1603 1574 1628 esse
1594 1591 1775 1628 divisibile
1795 1591 1960 1637 omnino,
1980 1591 2075 1628 idest
2098 1592 2308 1628 secundum
2328 1592 2447 1641 quod-

1385 1656 1551 1692 cumque
1580 1644 1741 1692 signum,
1766 1644 1800 1681 si
1825 1644 2028 1691 dividatur,
2058 1644 2152 1681 idest
2180 1644 2210 1681 si
2237 1644 2257 1666 ’¹‘
2283 1653 2448 1694 ponatur
2476 1658 2651 1681 nioman.

1385 1710 1468 1734 esse
1488 1697 1663 1744 divisum,
1680 1697 1824 1734 nullum
1843 1697 1915 1733 erit
1932 1697 2156 1745 impossibile
2170 1710 2337 1744 nascens,
2353 1699 2449 1736 idest

1384 1763 1430 1788 ex
1448 1751 1524 1788 hoc
1543 1763 1621 1787 non
1642 1750 1756 1788 debet
1784 1750 2014 1799 impossibile
2043 1750 2145 1787 nasci
2162 1748 2195 1787 λε
2216 1751 2303 1799 quia
2322 1763 2447 1800 neque
2572 1761 2591 1788 λ

1384 1804 1414 1841 si
1433 1803 1571 1853 aliquid
1599 1811 1656 1841 est
1684 1803 1866 1841 divisibile
1884 1803 1922 1840 in
1950 1804 2050 1840 mille
2069 1803 2180 1840 millia
2207 1804 2382 1852 partium,
2413 1812 2450 1842 et

1383 1864 1548 1906 ponatur
1563 1869 1646 1894 esse
1666 1856 1841 1904 divisum,
1862 1857 2007 1893 nullum
2028 1856 2195 1905 sequitur
2207 1857 2446 1906 impossibile,

1384 1910 1452 1948 etsi
1471 1911 1594 1947 nullus
1614 1909 1757 1947 dividat
1776 1917 1872 1947 actu.
1893 1910 1942 1946 Et
1959 1909 2008 1946 ita
2026 1909 2175 1947 videtur
2194 1911 2309 1959 quod,
2331 1910 2411 1948 sive
2429 1917 2449 1938 ι’*
2568 1920 2586 1945 μ

1384 1964 1539 2012 aliquod
1567 1975 1707 2012 corpus
1727 1963 1771 2000 sit
1789 1963 1969 2000 divisibile
1993 1963 2031 2000 in
2049 1975 2190 2012 paucas
2217 1971 2342 2012 partes
2370 1964 2449 2001 sive

1383 2017 1422 2054 in
1454 2017 1592 2054 multas
1630 2017 1710 2054 sive
1742 2016 1919 2064 totaliter,
1953 2028 2032 2054 non
2063 2016 2215 2053 videtur
2251 2016 2356 2065 sequi
2388 2017 2449 2053 ali-

1385 2070 1490 2119 quod
1518 2069 1761 2119 impossibile,
1783 2069 1812 2106 si
1832 2076 1995 2118 ponatur
2023 2069 2159 2118 aliquid
2184 2082 2266 2106 esse
2287 2069 2448 2107 divisum

1383 2124 1610 2172 inquantum
1638 2122 1659 2145 *
1687 2130 1743 2159 est
1762 2122 1954 2160 divisibile.
1977 2123 2077 2169 Quia
2095 2122 2214 2171 igitur,
2235 2123 2448 2160 secundum
2475 2132 2519 2153 'in
2529 2131 2686 2160 quodcumque

1384 2184 1572 2226 ponentes
1601 2188 1740 2225 corpus
1769 2176 1937 2212 naturale
1965 2188 2043 2212 non
2078 2176 2257 2225 componi
2285 2188 2330 2212 ex
2356 2175 2449 2213 indi·
2476 2164 2497 2179 ‘¹'

1383 2229 1590 2268 visibilibus
1611 2229 1844 2278 corporibus,
1863 2236 1919 2265 est
1938 2228 2117 2266 divisibile
2137 2229 2301 2275 omnino,
2318 2228 2415 2266 idest
2436 2234 2449 2249 ⁸
2573 2240 2586 2258 ν

1385 2283 1597 2320 secundum
1626 2289 1765 2329 totum,
1794 2289 1958 2331 ponatur
1986 2293 2067 2318 esse
2095 2282 2307 2318 secundum
2326 2289 2448 2318 totum

1386 2336 1560 2373 divisum.
1579 2335 1656 2373 Sed
1674 2336 1750 2372 hoc
1765 2343 1821 2372 est
1838 2335 2089 2384 impossibile:
2110 2347 2199 2382 ergo
2220 2342 2257 2371 et
2269 2335 2446 2384 primurn,

1386 2389 1522 2426 scilicet
1550 2388 1656 2438 quod
1684 2388 1728 2425 sit
1757 2388 1938 2425 divisibile
1972 2387 2184 2424 secundum
2217 2395 2350 2425 toturn.
2380 2388 2449 2424 Est

1387 2455 1476 2491 ergo
1497 2441 1754 2490 compositum
1775 2454 1820 2478 ex
1847 2441 2140 2478 indivisibilibus.

1438 2507 1476 2543 4.
1493 2495 1641 2532 Deinde
1657 2507 1746 2532 cum
1762 2494 1863 2531 dicit:
1885 2494 1984 2536 Quid
1996 2505 2089 2543 ergo
2104 2493 2176 2530 erit
2188 2500 2270 2540 ete.,
2287 2493 2449 2531 ostendit

1387 2561 1470 2586 esse
1498 2548 1729 2597 impossibile
1748 2547 1854 2597 quod
1874 2560 2012 2596 corpus
2031 2547 2075 2583 sit
2093 2546 2251 2584 totaliter
2270 2546 2444 2594 divisum,

1387 2614 1431 2638 ex
1451 2602 1526 2638 hoc
1545 2601 1649 2650 quod
1678 2613 1756 2637 non
1785 2600 1853 2637 erit
1870 2600 1890 2622 '¹‘
1910 2600 2000 2637 dare
2020 2599 2109 2648 quid
2138 2607 2333 2636 remaneat
2362 2607 2449 2648 post
2476 2608 2485 2617 ·
2499 2606 2613 2629 enecab-

1387 2654 1623 2692 divisionem.
1640 2654 1769 2691 Primo
1786 2666 1875 2701 ergo
1892 2653 2054 2690 ostendit
2069 2652 2173 2702 quod
2188 2664 2266 2689 non
2283 2652 2349 2689 erit
2359 2653 2447 2689 dare

1386 2707 1478 2757 quid
1508 2714 1702 2744 remaneat
1730 2719 1775 2744 ex
1804 2706 2003 2753 divisione,
2034 2718 2131 2754 quae
2153 2713 2207 2742 est
2233 2705 2448 2754 principalis

1385 2773 1490 2809 pars;
1519 2760 1689 2797 secundo
1710 2760 1815 2808 quod
1834 2772 1913 2796 non
1933 2759 2001 2796 erit
2020 2760 2109 2796 dare
2130 2758 2219 2807 quid
2238 2766 2447 2805 remaneat,

1386 2813 1493 2862 quod
1506 2826 1551 2850 ex
1565 2813 1743 2850 incidenti
1759 2813 1803 2850 sit
1818 2813 2001 2861 elapsum,
2013 2812 2080 2848 ibi:
2093 2812 2167 2848 Sed
2175 2817 2212 2848 et
2221 2812 2256 2848 si
2263 2823 2337 2859 qua
2347 2811 2367 2832 ’¹‘
2378 2818 2446 2847 etc.
2474 2819 2485 2830 ⁸
2500 2818 2570 2840 Num·
2584 2823 2634 2845 uq-

1386 2979 1434 3003 sed
1453 2979 1511 3003 addi
1525 2977 1628 3011 pon‘ere
1647 2987 1699 3004 non
1719 2984 1759 3004 est
1777 2978 1859 3011 magis
1885 2977 2061 3003 necessarium
2081 2976 2122 3001 hic
2141 2984 2220 3009 quam
2239 2984 2317 3008 supra
2335 2976 2367 3001 ad
2380 2984 2447 3008 pro-

1387 3014 1476 3039 hibeat
1493 3021 1590 3046 corpus
1609 3022 1664 3039 esse
1681 3014 1760 3040 simul
1778 3014 1900 3038 divisum.

1440 3047 1465 3082 0)
1478 3050 1588 3082 aliquod
1602 3050 1768 3082 impossibile.
1783 3063 1802 3068 —
1816 3048 1925 3080 aliquod
1942 3047 2035 3072 omittit
2050 3048 2109 3071 Α.-
2124 3047 2174 3071 Pro
2190 3046 2207 3071 I
2216 3046 2354 3075 Priorum,
2376 3047 2447 3079 quod

1386 3085 1410 3109 A
1429 3086 1570 3118 corrumpit
1588 3085 1614 3109 in
1630 3086 1646 3110 1
1657 3085 1777 3118 Physic„
1797 3084 1834 3108 Pb
1851 3084 1959 3108 habeut:
1980 3082 1997 3106 Ι
2010 3082 2135 3107 Priorum
2149 3089 2208 3113 cap.
2221 3081 2336 3106 secundo
2355 3084 2381 3106 et
2399 3082 2452 3106 VII

1387 3120 1502 3154 Physic„
1523 3121 1569 3145 sed
1587 3120 1673 3145 obstat
1696 3119 1766 3152 quod
1784 3120 1826 3143 tali
1845 3118 1924 3143 modo
1942 3126 1964 3142 s.
1978 3116 2094 3142 Thomas
2112 3117 2279 3141 Aristotelem
2298 3116 2375 3141 citare
2394 3124 2447 3141 non

1386 3161 1530 3180 consuevit.

1440 3191 1458 3223 ι)
1480 3191 1601 3215 rationis.
1610 3204 1629 3209 -
1643 3189 1769 3214 illationis
1781 3189 1816 3220 A;
1831 3193 1857 3213 et
1869 3188 1963 3220 pergit:
1978 3187 2010 3212 Si
2021 3187 2089 3212 enim
2109 3187 2217 3212 dicatur
2228 3186 2338 3218 aliquod
2350 3193 2447 3218 corpus

1386 3233 1442 3251 esse
1460 3226 1598 3251 divisibile.
1616 3238 1634 3244 --
1653 3225 1691 3249 Ca
1710 3232 1763 3248 om.
1782 3227 1808 3248 et
1820 3226 1941 3256 ponatur
1959 3229 2014 3247 esse
2033 3222 2146 3247 divisum
2160 3229 2213 3253 per
2232 3221 2355 3246 medium.

1440 3260 1466 3293 κ)
1485 3261 1549 3293 quia
1566 3260 1666 3285 scilicet
1679 3259 1778 3291 posito.
1791 3272 1810 3277 -
1827 3258 1925 3283 scilicet
1943 3265 1997 3282 om.
2015 3257 2090 3281 PCab
2108 3269 2127 3275 —
2145 3256 2196 3281 Pro
2215 3257 2315 3281 nullum
2329 3256 2448 3289 sequitur

1387 3296 1554 3328 impossibile,
1575 3302 1626 3320 non
1645 3294 1764 3326 sequitur
1781 3293 1884 3325 aliquid
1903 3292 2062 3324 impossibile
2079 3292 2112 3317 A.

1438 3330 1467 3363 λ)
1488 3331 1556 3355 idest
1574 3337 1644 3354 ex...
1659 3329 1739 3354 nasci.
1753 3341 1773 3346 -
1787 3329 1855 3353 idest
1873 3328 1973 3352 nullum
1992 3326 2151 3359 impossibile
2169 3333 2207 3351 ex
2222 3327 2271 3351 hoc
2283 3326 2359 3351 debet
2372 3327 2447 3352 nasci

1386 3367 1418 3391 A.
1435 3381 1454 3385 -
1473 3366 1524 3390 Pro
1536 3365 1586 3390 etsi
1604 3365 1691 3389 nullus
1710 3363 1814 3388 dividat
1826 3366 1895 3392 actu,
1911 3363 1960 3387 etsi
1974 3363 2046 3387 nullo
2061 3361 2139 3387 modo
2153 3361 2257 3387 dividat
2268 3364 2357 3387 actum
2371 3362 2410 3386 ed.
2420 3369 2446 3391 a,

1386 3402 1436 3426 etsi
1455 3401 1527 3425 nullo
1546 3400 1626 3424 modo
1645 3399 1783 3423 dividatur
1801 3402 1862 3423 actu
1882 3398 1919 3429 (in
1938 3401 1999 3423 actu
2019 3397 2117 3430 C)PCb.

1440 3435 1468 3470 μ)
1488 3435 1566 3467 quod,
1585 3435 1648 3459 sive.
1661 3448 1680 3452 —
1691 3434 1746 3458 sive
1763 3441 1816 3458 om.
1831 3433 1919 3462 PCab;
1938 3438 1963 3457 et
1978 3437 2006 3457 ut
2024 3432 2124 3465 phrasis
2139 3431 2281 3463 cohaereat,
2300 3436 2360 3464 post
2378 3435 2447 3457 tota-

1386 3472 1455 3502 liter,
1476 3470 1546 3502 quod
1565 3473 1734 3501 corrumpunt
1752 3469 1777 3492 in
1796 3469 1898 3497 totaIes,
1918 3468 2015 3492 addunt
2033 3471 2059 3492 et
2077 3470 2175 3492 tamen.

1439 3505 1462 3538 v)
1483 3508 1522 3530 est
1541 3504 1670 3529 divisibile
1688 3503 1803 3532 omnino,
1824 3503 1899 3528 idest.
1913 3516 1931 3522 -
1949 3503 2049 3535 Nempe
2068 3510 2162 3535 corpus
2182 3502 2309 3533 naturale3
2331 3509 2386 3527 esse
2407 3502 2448 3526 di-

1385 3541 1485 3566 visibile
1500 3540 1567 3564 idest
1586 3539 1626 3564 ed.
1641 3539 1655 3564 b
1661 3547 1670 3569 ;
1689 3542 1715 3564 et
1730 3545 1785 3563 esse
1803 3538 1932 3563 divisibile
1950 3538 2030 3563 etiam
2050 3538 2082 3568 P;
2101 3537 2185 3569 (Quia
2196 3538 2339 3563 secundum
2354 3540 2447 3569 partes

1385 3583 1481 3608 corpus
1495 3575 1713 3606 naturalepotest
1722 3581 1759 3599 ex
1773 3573 1972 3598 indivisibilibus
1986 3573 2153 3606 corporibus)
2166 3580 2221 3598 esse
2236 3573 2366 3598 divisibile
2380 3572 2448 3597 idest

1387 3611 1434 3636 Ca.
1451 3624 1470 3629 —
1487 3611 1606 3635 Alterum
1625 3610 1768 3635 secundum
1788 3612 1872 3634 totum
1890 3616 1943 3633 om.
1962 3608 2007 3634 Pb.
