2782 4134
59 2274 63 2281 “
189 2285 240 2302 om.

61 2432 73 2435 “
100 2462 103 2463 ⁷
147 2439 240 2461 κνοω.

1136 288 1248 324 CAP.
1277 288 1328 335 V,
1358 288 1510 325 LECT.
1540 289 1591 325 XI

271 371 327 400 est
353 364 612 411 augmentatio
642 367 730 413 (per
748 377 866 413 quam
895 364 1035 412 aliquid
1063 372 1334 402 transmutatur

270 417 319 454 de
345 429 467 465 parvo
495 417 534 454 in
562 419 769 465 magnum)
799 425 836 454 et
863 417 1071 454 deminutio
1101 421 1188 466 (per
1216 431 1333 466 quam

269 469 410 518 aliquid
438 477 710 507 transmutatur
751 470 798 507 de
834 481 975 517 magno
1004 470 1043 506 in
1078 483 1243 518 parvum
1272 474 1330 517 y);

269 523 531 559 transmutatio
552 530 679 559 autem
699 535 797 571 quae
818 530 874 558 est
893 522 991 558 circa
1013 523 1218 571 passiones,
1239 523 1336 560 idest

267 575 465 624 passibiles
493 575 701 624 qualitates,
724 582 778 612 est
797 575 977 611 alteratio.
1008 576 1057 611 Et
1075 576 1164 623 quia
1192 576 1335 612 dixerat

269 629 374 676 quod
403 628 594 676 generatio
625 635 680 665 est
707 627 971 664 transmutatio
997 640 1042 664 ex
1060 628 1268 665 substantia
1295 629 1334 665 in

267 681 438 730 potentia
455 681 494 718 in
513 681 763 718 substantiam
790 680 830 717 in
854 687 952 728 actu,
974 688 1015 716 ut
1031 680 1135 718 idem
1155 681 1333 728 intelliga-

268 741 329 771 tur
357 733 471 770 etiarn
501 733 548 770 de
567 733 588 755 ’¹‘
615 733 696 770 aliis
725 733 874 770 duabus
902 733 1175 770 mutationibus
1203 746 1334 782 supra-

269 786 396 833 dictis,
436 786 627 834 subiungit
654 786 759 834 quod
787 786 1049 823 transmutatio
1084 793 1333 834 utrorumque

267 839 563 889 praedictorum,
584 839 724 876 scilicet
751 839 1020 886 magnitudinis
1050 847 1086 876 et
1104 839 1293 888 passionis
1309 837 1332 886 ὃ,

269 899 326 930 est
344 905 390 929 ex
412 892 584 941 potentia
610 892 650 929 in
678 899 827 929 actum:
857 900 913 928 est
941 892 1044 929 enim
1073 900 1201 929 motus
1229 900 1335 929 actus

149 975 156 987 ‚
193 975 199 982 .
235 967 240 986 ;
270 945 460 983 existentis
486 945 527 981 in
553 945 738 993 potentia,
767 953 809 982 ut
837 945 972 982 dicitur
999 945 1037 983 in
1067 947 1116 982 III
1144 946 1294 994 Physic.
1314 945 1334 966 ⁹¹⁶

325 999 360 1036 3.
381 998 531 1046 Deinde
551 1010 638 1034 cum
658 998 761 1035 dicit:
790 999 869 1034 Aut
894 998 1006 1035 etiam
1027 999 1158 1035 modus
1178 1006 1261 1046 etc.,
1278 1011 1334 1035 as-

269 1050 392 1100 signat
404 1057 415 1072 ·
434 1051 548 1088 aliam
569 1050 833 1099 differentiam,
851 1063 897 1087 ex
916 1052 1035 1088 modo
1055 1051 1334 1088 transmutatio-

269 1104 339 1142 nis.
359 1104 410 1142 Et
422 1104 547 1153 primo
566 1104 675 1153 ponit
690 1104 960 1150 differentiam;
982 1106 1151 1142 secundo
1168 1104 1333 1154 exponit,

269 1156 343 1194 ibi:
370 1157 458 1195 Alio
486 1162 612 1194 autem
640 1158 752 1194 modo
775 1157 795 1179 '⁵‘
824 1165 894 1194 etc.
914 1178 938 1184 -
959 1157 1058 1194 Dicit
1088 1170 1177 1205 ergo
1207 1158 1333 1207 primo

269 1210 376 1260 quod
411 1210 451 1248 in
486 1210 686 1259 praedictis
728 1210 1000 1247 mutationibus
1042 1210 1155 1247 etiam
1195 1211 1335 1248 modus

208 1286 232 1290 —
263 1263 592 1301 transmutationis
613 1263 736 1300 differt
755 1266 858 1310 (non
886 1270 1015 1300 autem
1036 1264 1149 1300 refert
1167 1271 1296 1300 utrum
1315 1263 1336 1285 ’¹‘

267 1317 365 1354 haec
382 1316 502 1354 littera
520 1317 666 1364 legatur
683 1316 951 1364 interrogative
964 1317 1027 1354 vel
1047 1316 1271 1363 remissive).
1293 1317 1335 1352 In

268 1369 344 1407 hoc
372 1369 475 1407 enim
498 1369 629 1410 ,differt
652 1369 792 1407 modus
810 1369 1090 1418 praedictarum
1108 1377 1334 1406 transmuta-

269 1422 439 1470 tionum,
469 1422 645 1472 quodid
673 1423 778 1472 quod
806 1423 993 1470 alteratur,
1023 1434 1102 1459 non
1131 1434 1177 1459 ex
1204 1434 1334 1459 neces-

268 1475 377 1514 sitate
404 1483 675 1513 transmutatur
697 1475 910 1512 secundum
938 1475 1083 1522 locum,
1114 1482 1150 1512 et
1168 1475 1336 1512 similiter

270 1528 384 1566 etiam
404 1541 530 1578 neque
554 1529 660 1578 quod
686 1535 903 1577 generatur:
932 1527 1001 1565 sed
1028 1540 1184 1565 necesse
1213 1536 1269 1565 est
1297 1528 1335 1565 id

269 1583 376 1632 quod
396 1589 663 1631 augmentatur
681 1588 747 1618 aut
774 1580 1018 1628 deminuitur,
1039 1582 1251 1619 secundum
1280 1582 1334 1618 lo-

270 1647 359 1683 cum
379 1634 632 1672 transmutari.
662 1634 786 1671 Huius
805 1641 935 1671 autem
956 1634 1190 1672 differentiae
1210 1634 1305 1672 ratio
1321 1635 1335 1661 ζ

270 1695 346 1736 est,
381 1688 471 1736 quia
507 1689 615 1725 locus
652 1694 985 1725 commensuratur
1015 1688 1162 1736 locato,
1197 1695 1234 1725 et
1259 1688 1336 1725 hoc

269 1742 482 1779 secundum
510 1741 827 1789 magnitudinem,
856 1752 935 1778 non
963 1748 1092 1778 autern
1121 1742 1334 1784 secundum

269 1794 488 1844 qualitatem
515 1795 578 1831 vel
611 1793 878 1831 substantiam:
909 1801 946 1830 et
973 1794 1060 1831 ideo
1095 1806 1251 1831 necesse
1281 1802 1336 1831 est

268 1847 396 1896 quod,
425 1847 579 1896 quando
618 1854 786 1884 mutatur
817 1847 1041 1895 magnitudo
1068 1847 1200 1895 locati,
1231 1847 1335 1897 quod

269 1900 384 1952 etiam
421 1901 489 1938 fiat
522 1900 785 1938 transmutatio
823 1900 1038 1938 secundum
1070 1901 1217 1948 locumg
1255 1913 1334 1938 non

268 1961 399 1991 autern
441 1953 596 2003 quando
637 1961 906 1991 transmutatur
943 1953 1083 2002 aliquid
1122 1955 1334 1992 secundum

269 2007 519 2044 substantiam
546 2007 610 2045 vel
638 2007 850 2044 secundum
871 2006 892 2028 '¹‘
919 2007 1152 2055 qualitatem.
1180 2029 1204 2035 -
1231 2007 1336 2045 Sicut

269 2068 399 2098 autem
428 2060 752 2098 commensuratio
782 2059 894 2096 locati
913 2059 963 2097 ad
982 2061 1110 2097 locum
1134 2061 1337 2098 attenditur

269 2113 482 2151 secundum
510 2113 824 2162 magnitudinem,
854 2113 905 2149 ita
933 2114 1226 2151 connaturalitas
1245 2120 1259 2137 ’¹
1283 2121 1336 2151 at—

267 2166 434 2204 tenditur
462 2168 676 2204 secundum
704 2167 870 2204 formam
898 2167 1196 2214 substantialem,
1226 2175 1263 2204 et
1290 2179 1336 2203 ex

269 2220 518 2269 consequenti
536 2220 751 2258 secundum
771 2220 938 2268 aliquam
957 2220 1188 2270 qualitatem,
1204 2232 1337 2257 secun-

269 2272 364 2311 dum
378 2273 398 2295 '¹‘
416 2281 510 2322 puta
527 2273 751 2322 gravitatem
765 2274 828 2311 vel
847 2273 1052 2311 levitatem.
1073 2274 1123 2310 Et
1136 2273 1236 2320 ideo,
1252 2273 1338 2310 licet

269 2326 462 2376 generatio
492 2333 529 2363 et
556 2326 724 2364 alteratio
758 2327 879 2375 possit
907 2338 989 2363 esse
1018 2326 1098 2363 sine
1126 2326 1335 2363 mutatione

267 2379 390 2427 locali,
407 2380 533 2429 aliqua
551 2386 679 2417 tamen
698 2379 890 2428 generatio
912 2387 948 2416 et
967 2379 1136 2416 alteratio
1154 2387 1208 2416 est
1223 2391 1337 2416 eausa

268 2433 375 2482 quod
412 2432 554 2481 aliquid
591 2440 795 2471 moveatur
829 2433 1047 2470 naturaliter
1073 2432 1094 2454 ²¹⁸
1122 2433 1335 2470 secundum

267 2487 414 2534 locum3
440 2494 544 2535 puta,
566 2498 655 2523 cum
679 2487 722 2523 fit
749 2485 845 2534 ignis
862 2486 926 2523 vel
950 2493 1062 2533 terra,
1082 2486 1126 2522 fit
1143 2498 1259 2533 grave
1274 2485 1337 2522 vel

267 2540 366 2578 leve.
395 2561 420 2568 -
448 2539 671 2577 Differentia
699 2546 828 2576 autem
865 2539 1023 2576 aliarum
1057 2538 1338 2576 transmutatio-

268 2605 376 2641 num,
391 2605 461 2642 per
480 2592 808 2642 comparationem
827 2592 878 2630 ad
897 2600 1048 2629 motum
1067 2592 1241 2639 localem,
1258 2604 1337 2629 non

217 2672 222 2676 -
269 2654 326 2684 est
352 2646 510 2684 omnino
538 2658 608 2695 per
636 2645 829 2683 accidens:
859 2653 1055 2683 ostensum
1084 2653 1141 2682 est
1168 2645 1270 2682 enim
1298 2644 1336 2681 in

284 2818 285 2821 ¹
320 2807 348 2841 γ)
367 2807 553 2841 augmentatio
572 2807 638 2839 (per
656 2813 735 2838 quam
787 2806 814 2831 in
829 2807 975 2838 parvum).
993 2819 1013 2824 -
1030 2805 1078 2830 Ed.
1092 2812 1110 2830 a
1129 2804 1271 2837 corrumpit
1284 2811 1336 2836 per

266 2850 347 2876 quam
366 2843 392 2867 in
406 2845 560 2875 postquam,
576 2847 602 2867 et
616 2842 762 2867 deminutio
785 2841 811 2866 in
836 2841 1010 2870 dc'mratum,·
1029 2841 1064 2865 Pb
1084 2841 1189 2872 legunt:
1208 2847 1336 2872 augmen—

267 2878 336 2904 tatio
349 2881 493 2911 postquam
513 2875 597 2910 (puta
615 2877 722 2910 quando
741 2876 779 2911 P)
798 2876 901 2909 aliquid
925 2879 1124 2901 transmutatur
1150 2875 1183 2900 de
1201 2882 1290 2906 parvo
1309 2875 1335 2899 in

275 2917 279 2920 ”
369 2921 395 2939 m
415 2914 480 2946 (om.
494 2916 521 2938 et
533 2913 715 2938 deminutio...
730 2912 757 2937 in
768 2912 913 2944 parvum);
933 2912 968 2936 C:
988 2912 1046 2944 ipsa
1058 2911 1252 2944 augmentatio.
1260 2914 1336 2942 post-

267 2956 348 2983 quam
366 2948 470 2982 aliquid
488 2951 687 2974 transmutatur
712 2948 744 2973 de
770 2955 868 2981 magno
893 2947 919 2971 in
934 2954 1052 2979 parvum
1072 2949 1112 2971 est
1131 2945 1290 2975 deminutio,
1310 2948 1336 2970 et

268 2984 376 3017 quando
393 2984 498 3017 aliquid
516 2986 716 3009 transmutatur
733 2983 767 3008 de
781 2990 870 3015 parvo
889 2982 915 3007 in
935 2989 1034 3015 magno
1053 2984 1094 3007 est
1110 2981 1303 3014 augmentatio.

321 3019 346 3053 ὃ)
364 3019 463 3045 scilicet
488 3019 684 3053 magnitudinis
707 3022 734 3043 et
753 3018 898 3051 passionis.
916 3032 936 3036 -
953 3018 1010 3042 Hoc
1033 3025 1086 3042 om.
1105 3017 1139 3047 C,
1159 3017 1220 3049 quia
1237 3024 1255 3041 a
1274 3016 1336 3041 nihil

267 3054 346 3080 habet
357 3059 458 3087 praeter
467 3055 567 3080 scilicet
581 3062 634 3079 ma.
647 3068 666 3073 —
680 3054 730 3079 Pro
743 3057 783 3079 est
796 3054 866 3079 enim
881 3056 976 3083 motus,
987 3057 1013 3078 et
1026 3052 1107 3078 etiam
1123 3055 1209 3077 motus
1223 3054 1263 3076 est
1272 3051 1334 3081 Pab,

267 3090 363 3116 etenim
383 3093 470 3116 motus
484 3093 524 3118 est
536 3090 566 3115 C.
578 3104 598 3109 —
612 3090 662 3114 Pro
676 3093 705 3114 ut
719 3090 819 3115 dicitur
834 3089 859 3114 in
875 3089 920 3113 ΙΙΙ
930 3089 1044 3122 Physic„
1060 3091 1090 3113 ut
1103 3087 1203 3112 dicitur
1210 3094 1262 3119 per
1275 3094 1334 3111 eum

268 3125 296 3151 in
315 3125 396 3151 tertio
413 3126 481 3151 libro
499 3126 675 3159 Pl1ysicorum
696 3125 725 3150 C.

321 3160 343 3193 ε)
363 3161 493 3194 assignat.
510 3175 530 3180 -
548 3161 672 3194 designat
690 3161 722 3184 A.
739 3174 759 3178 -
776 3161 827 3185 Pro
846 3159 1039 3194 differentiam,
1059 3159 1191 3184 rationem
1211 3158 1240 3183 di
1260 3165 1334 3182 eren-

268 3196 323 3221 tiae
341 3196 371 3222 C.
388 3210 408 3216 -
426 3197 463 3221 Et
470 3196 595 3229 primo...
609 3195 843 3221 transmutationis
861 3203 915 3219 om.
930 3195 984 3224 Ca‚·
1003 3195 1050 3219 sed
1065 3194 1094 3224 C,
1108 3198 1137 3219 ut
1150 3193 1268 3226 corrigat,
1281 3201 1336 3217 om.

268 3231 346 3257 etiam
365 3232 464 3266 differt.

321 3266 346 3300 ζ)
366 3267 455 3292 Huius
474 3267 554 3292 ratio.
567 3280 587 3285 -
599 3266 763 3292 Huiusmodi
781 3266 887 3297 (Huius
905 3265 960 3297 Pb)
979 3265 1045 3290 dicti
1062 3264 1134 3289 ratio
1152 3264 1237 3289 PCab.

321 3302 349 3334 η)
368 3303 589 3328 connaturalitas.
607 3316 627 3321 —
643 3302 745 3334 Nempe
764 3301 839 3326 locati
859 3301 891 3325 ad
909 3301 1010 3330 locum;
1029 3299 1146 3332 qualitas
1165 3299 1250 3323 PCab.

321 3335 346 3370 θ)
362 3338 468 3370 primus
484 3337 671 3370 principalior.
689 3350 709 3356 -
722 3337 829 3369 primus
847 3339 874 3360 et
894 3335 1054 3368 principalis
1074 3338 1160 3359 motus
1179 3333 1264 3358 PCab.

2376 291 2449 327 303

1386 367 1474 403 VIII
1493 367 1642 415 Physic.
1662 367 1682 389 ²⁸
1702 367 1808 416 quod
1828 375 1954 404 motus
1973 368 2102 405 localis
2123 376 2179 405 est
2201 369 2346 417 primus
2366 380 2450 405 mo-

1387 427 1497 456 tuum
1517 427 1553 456 et
1566 420 1814 468 principalior
1827 418 1849 467 ⁰,
1873 428 1909 457 et
1928 433 2042 457 causa
2070 421 2230 458 aliorum
2260 429 2449 458 motuum.

1440 484 1477 519 4.
1507 473 1658 510 Deinde
1695 485 1784 510 cum
1813 473 1921 510 dicit:
1950 473 2036 510 Alio
2064 479 2189 510 autem
2218 475 2328 510 modo
2359 481 2449 521 etc.,

1388 525 1602 562 manifestat
1638 526 1744 574 quod
1782 526 1943 572 dixerat,
1978 526 2119 563 scilicet
2147 526 2252 574 quod
2279 526 2318 563 id
2346 527 2451 575 quod

1380 586 1653 666 {augmentatur
1679 579 1742 615 vel
1771 579 2014 626 deminuitur,
2044 586 2211 616 mutatur
2238 579 2448 615 secundum

1400 643 1526 667 ocum.
1558 632 1607 667 Et
1623 631 1749 680 primo
1777 632 1992 669 manifestat
2009 633 2084 669 hoc
2101 644 2171 681 per
2199 631 2450 669 differentiam

1388 682 1437 719 ad
1465 691 1615 720 motum
1642 685 1809 732 localem
1846 692 2010 731 rectum;
2040 684 2209 722 secundo
2241 697 2311 733 per
2345 683 2450 721 diffe-

1388 735 1547 772 rentiam
1568 736 1617 772 ad
1636 745 1786 774 motum
1805 738 1966 774 localem
1987 737 2240 786 sphaericum,
2260 737 2327 774 ibi:
2356 738 2448 774 Non

1388 788 1702 835 quemadmodum
1732 802 1828 837 quae
1854 792 2037 838 sphaerae
2063 790 2084 812 ’¹‘
2113 798 2182 827 etc.

1442 840 1541 877 Dicit
1570 853 1658 888 ergo
1686 842 1810 889 primo
1845 843 1949 890 quod
1975 844 2048 880 alio
2078 843 2196 880 modo
2226 850 2451 888 transmutat

1388 894 1518 930 locum
1536 893 1574 932 id
1593 894 1699 942 quod
1714 904 1978 942 augmentatur
1994 897 2058 933 vel
2073 895 2314 943 deminuitur,
2331 908 2451 944 quam

1388 946 1426 983 id
1446 947 1551 995 quod
1570 948 1710 995 fertur,
1731 947 1826 984 idest
1853 956 2051 986 movetur‘
2080 956 2328 986 moturecto.
2355 949 2451 986 Illud

1390 999 1492 1036 enim
1521 999 1626 1048 quod
1649 1000 1776 1047 fertur,
1799 1009 1907 1037 motu
1926 1002 2063 1038 scilicet
2083 1009 2197 1049 recto,
2219 1002 2447 1047 universum,

1388 1052 1484 1089 idest
1511 1052 1723 1090 secundum
1761 1065 1801 1089 se
1838 1061 1980 1100 totum,
2018 1054 2140 1091 variat
2174 1056 2322 1091 locum:
2360 1054 2451 1091 illud

1389 1113 1518 1142 autem
1539 1106 1645 1154 quod
1663 1114 1938 1154 augmentatur,
1959 1114 2079 1144 mutat
2097 1108 2225 1144 locum
2244 1107 2340 1144 sicut
2359 1107 2452 1144 illud

1389 1158 1490 1206 quod
1515 1159 1710 1195 deducitur
1736 1165 1769 1205 χ,
1798 1166 1889 1207 puta
1917 1160 2111 1196 metallum
2146 1173 2216 1208 per
2243 1160 2450 1197 malleatio-

2479 384 2487 392 '
2503 383 2560 410 Cap.
2576 389 2620 409 vn,
2635 389 2659 404 n.
2674 389 2687 405 2

2478 415 2538 436 sqq.;
2550 409 2625 430 S.Th.
2634 410 2687 431 lect.

2478 441 2524 462 xiv,
2540 441 2563 457 n.

2572 442 2588 487 ᾖ
2600 442 2652 463 sqq-

2478 798 2487 806 “
2501 798 2572 819 Num.
2587 804 2637 826 seq.

1388 1223 1492 1259 nem,
1512 1212 1575 1248 vel
1595 1211 1707 1248 etiam
1731 1211 1934 1249 humidum
1954 1212 1992 1249 in
2010 1225 2101 1250 vase
2121 1225 2189 1261 per
2207 1213 2448 1260 infusionem,
2484 1216 2487 1219 ’

1389 1264 1470 1301 sive
1495 1264 1765 1312 quodcumque
1785 1265 2002 1302 huiusmodi
2022 1277 2177 1314 corpus;
2198 1278 2276 1315 quo
2296 1266 2450 1314 quidem

1389 1317 1426 1354 in
1456 1317 1595 1354 eodem
1624 1318 1709 1354 loco
1733 1325 1924 1366 manente,
1944 1326 2069 1367 partes
2090 1318 2170 1355 eius
2198 1325 2449 1355 transmutan-

1388 1378 1449 1407 tur
1476 1370 1689 1407 secundum
1713 1371 1854 1418 locum,
1882 1372 1945 1408 vel
1964 1371 1984 1392 ²¹²
2010 1383 2079 1420 per
2107 1371 2366 1408 extensionem
2385 1371 2449 1408 vel

1389 1435 1633 1471 quocumque
1662 1423 1734 1460 alio
1765 1424 1895 1461 modo.

1446 1478 1478 1513 5.
1499 1476 1649 1513 Deinde
1669 1489 1758 1513 cum
1778 1476 1882 1513 dicit:
1908 1477 1999 1513 Non
2019 1477 2334 1525 quemadmodum
2354 1488 2451 1525 quae

1387 1531 1570 1578 sphaerae
1597 1537 1680 1575 etc.,
1702 1529 1916 1566 manifestat
1943 1529 2049 1577 quod
2078 1529 2221 1566 dixerat
2246 1542 2316 1578 per
2344 1529 2450 1566 diffe-

1390 1582 1550 1619 rentiam
1563 1580 1576 1603 λ
1604 1582 1653 1619 ad
1672 1590 1822 1618 motum
1841 1582 2003 1619 localem
2023 1581 2273 1631 sphaericum.
2295 1583 2344 1619 Et
2363 1581 2451 1619 dicit

1389 1636 1494 1684 quod
1521 1642 1646 1684 partes
1667 1634 1747 1671 eius
1776 1635 1880 1684 quod
1908 1642 2181 1682 augmentatur,
2202 1642 2350 1672 mutant
2369 1635 2449 1683 qui—

1389 1689 1479 1726 dem
1507 1689 1657 1735 locum,
1687 1689 1754 1725 sed
1782 1700 1861 1724 non
1889 1688 2028 1725 eodem
2057 1687 2176 1725 modo
2205 1687 2300 1724 sicut
2325 1695 2451 1737 partes

1389 1742 1585 1791 sphaerae.
1621 1742 1752 1778 Partes
1781 1741 1884 1778 enim
1913 1741 2096 1789 sphaerae
2133 1748 2449 1788 transmutantur,

1389 1802 1469 1832 toto
1498 1801 1676 1831 manente
1714 1794 1752 1830 in
1790 1794 1928 1831 eodem
1961 1795 2067 1840 loco,
2103 1793 2243 1830 scilicet
2279 1794 2448 1830 subiecto

1389 1847 1583 1896 (quamvis
1613 1847 1726 1883 etiam
1764 1854 1887 1883 totum
1924 1854 2043 1883 mutet
2079 1847 2207 1883 locum
2241 1846 2450 1883 secundum

1391 1901 1589 1947 rationem,
1611 1908 1652 1937 ut
1680 1900 1815 1937 dicitur
1842 1900 1880 1936 in
1907 1900 1958 1936 VI
1978 1900 2126 1948 Physic.
2147 1899 2198 1946 *):
2229 1899 2295 1936 sed
2322 1907 2448 1948 partes

1388 1954 1539 1991 variant
1571 1954 1700 1990 locum
1738 1953 1852 1990 etiam
1887 1952 2077 2000 subiecto,
2113 1952 2208 1989 sicut
2242 1965 2331 2001 pars
2360 1952 2452 1989 caeli

1389 2019 1489 2056 quae
1518 2006 1637 2044 modo
1676 2013 1731 2043 est
1758 2006 1797 2042 in
1834 2005 1998 2054 oriente,
2031 2006 2280 2054 postmodum
2309 2005 2378 2042 erit
2413 2006 2453 2042 in

1390 2060 1609 2097 occidente:
1639 2059 1707 2096 sed
1733 2066 1861 2095 tamen
1889 2059 1971 2095 talis
1998 2058 2260 2095 transmutatio
2287 2058 2453 2107 partium

1391 2114 1574 2162 sphaerae
1603 2113 1646 2149 fit
1664 2119 1683 2139 μ
1710 2112 1747 2149 in
1774 2111 1888 2149 simili
1914 2113 2016 2159 loco,
2046 2111 2141 2149 idest
2168 2123 2293 2160 neque
2319 2111 2455 2148 maiori

1391 2179 1518 2215 neque
1546 2165 1696 2202 minori.
1728 2165 1805 2202 Sed
1823 2172 1949 2214 partes
1969 2164 2139 2213 corporis
2159 2164 2265 2212 quod
2284 2172 2451 2212 augetur,

1391 2231 1545 2268 semper
1573 2219 1824 2256 extenduntur
1857 2218 1896 2254 in
1924 2218 2110 2254 maiorem
2144 2218 2294 2254 locum:
2328 2225 2453 2266 partes

1391 2281 1519 2310 autem
1549 2271 1630 2308 eius
1658 2271 1762 2321 quod
1783 2270 2023 2318 deminuitur,
2045 2283 2198 2319 semper
2216 2270 2454 2307 retrahuntur

1391 2325 1431 2362 in
1457 2325 1649 2362 minorem
1677 2325 1817 2361 locum.

1443 2378 1586 2416 Ultimo
1616 2385 1743 2414 autem
1769 2377 1996 2426 epilogando
2023 2375 2213 2413 concludit
2240 2375 2344 2424 quod
2372 2387 2453 2413 ma-

1391 2431 1570 2469 nifestum
1599 2438 1655 2468 est
1678 2436 1690 2450 ¹'
1719 2443 1763 2467 ex
1795 2429 2015 2479 praedictis,
2049 2429 2155 2477 quod
2190 2428 2453 2466 transmutatio

1391 2485 1472 2521 eius
1500 2484 1606 2532 quod
1634 2491 1834 2531 generatur
1853 2491 1889 2520 et
1911 2483 2086 2519 alteratur
2114 2490 2151 2518 et
2178 2489 2452 2530 augmentatur,

1393 2538 1572 2575 differunt
1599 2549 1678 2574 non
1705 2537 1830 2573 solum
1858 2536 1896 2572 in
1925 2536 2027 2572 circa
2051 2535 2149 2584 quid,
2170 2534 2266 2572 idest
2285 2547 2330 2571 ex
2348 2542 2454 2583 parte

1392 2590 1538 2639 generis
1571 2590 1610 2627 in
1643 2602 1720 2638 quo
1759 2596 1846 2626 sunt
1881 2589 1974 2626 istae
2008 2588 2257 2636 mutationes,
2287 2588 2353 2625 sed
2380 2588 2454 2634 sic,

1391 2644 1488 2682 idest
1516 2656 1561 2680 ex
1589 2650 1694 2692 parte
1722 2642 1830 2680 modi
1857 2641 2143 2679 transmutandi.

1443 2804 1462 2837 ι)
1474 2805 1576 2838 fertur,
1597 2803 1666 2828 idest
1688 2806 1818 2828 movetur.
1835 2816 1854 2821 -
1865 2802 1958 2836 fertur
1980 2801 2079 2827 scilicet
2104 2801 2190 2826 PCab.
2207 2815 2227 2820 -
2244 2800 2281 2825 lbi
2307 2800 2396 2825 variat
2415 2801 2455 2825 lo-

1391 2847 1461 2869 cum,
1481 2840 1504 2863 A
1523 2847 1576 2864 om.
1595 2839 1691 2863 locum.

1443 2875 1468 2907 κ)
1487 2874 1557 2899 sicut
1575 2874 1643 2898 illud
1660 2873 1732 2906 quod
1751 2873 1899 2898 deducitur.
1912 2886 1931 2890 -
1943 2871 2086 2897 secundum
2105 2871 2172 2895 illud
2186 2871 2257 2903 quod
2270 2870 2410 2895 deducitur
2421 2871 2452 2899 Α,

1390 2910 1459 2935 sicut
1478 2910 1544 2934 illud
1562 2909 1634 2942 quod
1657 2908 1815 2934 extenditur
1832 2909 1852 2932 P
1872 2906 1923 2941 (hic
1943 2912 1968 2932 et
1986 2907 2011 2931 in
2034 2905 2163 2941 versione)
2170 2913 2177 2936 ;
2198 2906 2229 2931 cf.
2247 2905 2325 2930 finem
2345 2913 2417 2930 num.
2434 2919 2454 2923 —

1390 2946 1441 2970 Pro
1459 2944 1617 2978 infusionem
1637 2942 1870 2977 (diffusionemP),
1890 2943 1912 2966 Α
1927 2943 2028 2966 videtur
2052 2941 2147 2965 habere
2165 2940 2348 2966 concisionem-
2365 2954 2384 2959 —
2402 2940 2452 2964 Pro

1391 2988 1443 3013 quo
1461 2980 1600 3013 quidem...
1614 2983 1749 3007 manente,
1769 2986 1820 3011 quo
1833 2978 1928 3010 quid...
1941 2980 2031 3002 manet
2049 2977 2100 3005 Ca,
2120 2977 2168 3000 sed
2186 2977 2218 3001 ad
2237 2975 2416 3008 corrigendum
2431 2975 2452 2999 C

1390 3017 1452 3049 legit
1469 3018 1496 3041 et
1509 3018 1616 3047 partes;
1634 3022 1686 3047 quo
1705 3014 1842 3046 quidem...
1856 3015 1945 3038 manet
1963 3013 2002 3036 ed.
2017 3012 2040 3037 b.

1442 3050 1471 3082 λ)
1491 3050 1646 3084 manifestat
1664 3050 1736 3082 quod
1754 3049 1864 3074 dixerat
1882 3055 1934 3079 per
1957 3046 2143 3080 differentiam.
2161 3060 2180 3065 —
2198 3045 2353 3078 manifestat
2375 3045 2452 3078 diffe-

1391 3086 1505 3111 rentiam
1524 3086 1608 3114 PCab,
1629 3085 1675 3110 sed
1694 3085 1726 3109 cf.
1741 3083 1892 3108 divisionem
1910 3087 1995 3107 textus
2013 3083 2040 3106 in
2058 3089 2130 3106 num.
2145 3089 2230 3113 praec.

1444 3122 1472 3155 μ)
1491 3121 1539 3146 sed
1557 3124 1645 3146 tamen
1665 3120 1726 3145 talis
1769 3119 1815 3151 fit.
1833 3132 1852 3136 -
1869 3118 1917 3143 sed
1929 3117 2021 3142 talis...
2034 3120 2097 3142 sunt
2114 3117 2198 3141 PCab.
2211 3130 2230 3135 —
2242 3116 2293 3140 Pro
2313 3114 2384 3147 quod
2402 3122 2452 3140 au-

1388 3160 1468 3190 getur
1480 3163 1584 3188 semper
1595 3155 1786 3184 extenduntur,
1798 3160 1865 3186 quae
1878 3159 1980 3184 semper
1994 3155 2128 3185 augentur
2141 3151 2326 3176 extenduntur
2339 3149 2451 3175 Peos.-

1391 3193 1442 3216 Pro
1456 3195 1551 3223 partes
1570 3194 1658 3216 autem
1677 3190 1765 3215 eius...
1778 3189 1804 3214 in
1819 3188 1947 3213 minorem
1963 3187 2056 3216 Iocum,
2071 3187 2142 3220 quod
2155 3194 2209 3212 om.
2222 3186 2268 3215 Ca,
2282 3186 2339 3211 eius
2352 3192 2414 3210 vero
2424 3202 2450 3211 ...

1391 3227 1417 3252 in
1437 3227 1564 3251 minorem
1584 3226 1628 3251 Pb.

1443 3262 1466 3294 ν)
1481 3261 1553 3294 quod
1567 3261 1736 3293 manifestum
1749 3262 1797 3284 est.
1810 3272 1829 3277 -
1841 3258 2008 3290 manifestum
2023 3263 2078 3282 esse
2088 3256 2172 3281 PCab.
2186 3271 2205 3275 -
2218 3256 2270 3280 Pro
2282 3259 2308 3281 et
2320 3262 2451 3288 augmen-

1390 3300 1478 3326 tatur,
1497 3299 1523 3321 et
1545 3299 1661 3329 augetur
1678 3294 1763 3319 PCab.
1780 3307 1799 3314 ›-
1816 3294 1866 3318 Pro
1888 3293 1936 3318 sed
1957 3293 1996 3318 sic
2015 3293 2083 3318 idest
2100 3290 2140 3322 A,
2165 3292 2212 3318 sed
2229 3291 2298 3317 sicut
2316 3290 2382 3321 Pab,
2401 3290 2450 3316 sed

1390 3332 1470 3357 etiam
1490 3331 1524 3361 C;
1544 3331 1576 3356 cf.
1590 3336 1658 3359 text„
1679 3329 1722 3354 ubi
1741 3329 1760 3353 Ρ
1780 3337 1827 3361 pro
1845 3329 1883 3354 sic
1901 3328 1978 3353 habet
1996 3335 2033 3353 ex
2046 3330 2135 3359 parte.

2477 1384 2486 1392 ·
2505 1382 2542 1404 vel
2555 1388 2603 1404 om.
2618 1382 2684 1404 mab.

2477 1908 2561 1956 §.citt

2479 1967 2501 1982 n.
2517 1967 2546 1983 12.

2568 1915 2604 1935 rx,
2619 1915 2642 1930 n.
2654 1915 2683 1935 11;

2581 1936 2632 1957 lect.
2646 1941 2684 1960 xi.
