2782 4134
72 461 82 470 ⁶
97 460 140 481 hoc
155 464 201 481 om.
216 466 239 480 A.

72 677 80 685 ·
89 675 152 703 quod
158 674 283 696 codd.exc.

72 709 93 723 Λ.
102 713 113 716 -
122 707 194 729 supra
205 707 253 722 om.
262 708 281 722 P.

75 730 83 738 ·
99 728 163 749 Lect.
173 734 214 754 xu,
226 734 247 749 n.
259 734 282 749 10

70 761 122 782 sqq.

70 994 78 1001 ·
93 991 164 1013 Num.
174 997 223 1018 seq.

71 1049 206 1070 *solutionis
214 1055 238 1073 P;
250 1047 279 1069 cf.

69 1081 133 1096 num.
142 1081 173 1096 ιο.

72 1104 91 1111 ··
107 1101 221 1122 Num.10.

68 1262 77 1270 '¹
82 1259 249 1286 antiquissimis
257 1265 278 1280 Λ.

70 1421 77 1428 ·
87 1418 193 1440 naturali
199 1420 222 1439 et
229 1425 276 1440 om.

66 1452 150 1498 5'Cap.
165 1477 235 1498 111,n⁴
246 1478 275 1497 4;

68 1498 92 1520 S.
101 1498 144 1519 Th.
156 1498 206 1519 lect.
218 1504 249 1519 ιν.

69 1581 79 1591 “
94 1582 204 1607 tanquam
218 1586 239 1606 A,
255 1582 279 1601 et

71 2004 79 2011 “
96 2001 125 2023 de
138 2001 191 2023 add.
200 2007 222 2022 Λ.

312 271 385 307 208

311 352 392 397 tius,
415 350 510 387 idest
529 348 726 386 modicum
755 347 1038 395 intelligentium
1060 347 1106 383 de
1131 353 1264 382 natura
1292 345 1372 381 uni-

310 404 410 441 versi
425 402 448 440 θ.
479 405 553 440 Per
578 402 683 450 quod
712 402 814 438 dedit
833 401 1034 448 intelligere
1064 400 1169 446 quod
1199 410 1243 433 ex
1273 398 1372 434 defe-

312 465 373 494 ctu
392 457 598 494 intellectus
617 455 793 503 provenit
816 454 920 503 quod
939 454 1013 489 hoc
1069 451 1182 499 aliqui
1202 450 1375 486 dixerunt

312 511 393 547 solo
414 522 490 556 ore,
514 521 601 545 cum
625 508 777 544 interius
807 506 1084 543 consideratum
1114 516 1192 540 non
1212 503 1257 539 sit
1275 502 1372 539 veri-

312 563 480 600 simile.-
498 562 583 598 Fuit
610 569 737 598 autem
768 566 964 596 contentus
994 557 1212 594 Aristoteles
1232 556 1278 592 de
1299 556 1371 592 hac

311 615 556 664 Empedoclis
589 613 901 662 reprehensione,
940 619 1021 647 tum
1049 618 1203 659 propter
1231 609 1372 657 impro-

312 669 542 706 babilitatem
572 667 650 703 eius
679 666 783 715 quod
813 665 965 710 dicitur,
996 671 1077 700 tum
1108 663 1220 699 etiam
1249 662 1371 709 quia*

311 735 424 770 supra
451 722 490 758 in
518 720 640 769 primo
659 721 678 740 ’³³
703 726 897 754 ostensum
928 724 982 753 est
1010 716 1114 765 quod
1143 728 1221 752 non
1248 722 1373 763 potest

311 787 393 812 esse
421 774 582 822 gravitas
611 772 766 809 infinita.

364 829 398 864 6.
429 826 576 863 Deinde
606 837 692 861 cum
722 823 830 860 dicit:
859 823 918 859 Hi
944 829 1068 859 autem
1093 823 1129 859 in
1159 834 1259 870 aqua
1289 829 1370 868 ete.,

309 880 548 929 prosequitur
573 877 779 915 secundam
809 876 1051 913 solutionem.
1073 877 1122 912 Et
1141 875 1265 924 primo
1286 887 1372 923 pro-

308 934 416 982 ponit
436 944 536 977 eam;
563 931 730 968 secundo
758 930 961 978 improbat,
982 929 1049 966 ibi:
1079 930 1275 976 Tanquam
1297 940 1370 964 non

309 987 437 1023 eadem
465 987 483 1006 ⁹⁸
512 993 607 1029 etc.;
642 983 749 1020 tertio
784 983 947 1030 assignat
985 982 1169 1019 rationem
1204 981 1371 1018 defectus

308 1037 525 1076 huiusmodi
550 1037 782 1074 solutionum
805 1036 834 1082 ³¹²,
856 1036 922 1072 ibi:
949 1037 1023 1072 Sed
1039 1036 1212 1072 videntur
1234 1035 1275 1055 *²²⁴
1301 1041 1369 1070 etc.

361 1091 460 1128 Dicit
489 1103 576 1138 ergo
605 1090 730 1138 primo
761 1089 876 1138 quod,
904 1089 999 1125 sicut
1026 1088 1206 1138 praedicti
1234 1100 1372 1137 posue-

309 1153 392 1181 runt
429 1152 567 1180 terram
606 1143 804 1179 sustentari
832 1155 853 1179 a
881 1150 978 1179 terra
1011 1142 1048 1178 in
1081 1141 1291 1187 infinitum,
1321 1141 1372 1177 ita

308 1197 462 1245 quidam
484 1197 656 1234 dixerunt
675 1203 814 1232 terram
834 1195 926 1244 poni
947 1208 1061 1244 super
1085 1207 1238 1243 aquam.
1260 1195 1370 1241 Quae

308 1251 462 1298 quidem
484 1257 538 1286 est
557 1249 817 1297 antiquissima
830 1250 848 1270 =÷=
864 1248 1006 1297 opinio,
1024 1261 1153 1296 quarn,
1169 1255 1211 1284 ut
1230 1247 1370 1295 dicunt,

307 1304 448 1340 Thales
469 1302 640 1339 Milesius
669 1301 806 1351 posuit,
828 1302 894 1349 qui
914 1302 981 1338 fuit
1008 1314 1108 1338 unus
1138 1301 1185 1338 de
1211 1302 1368 1349 Septem

305 1357 368 1405 qui
389 1356 475 1393 dicti
495 1363 581 1392 sunt
597 1355 805 1404 Sapientes,
823 1362 859 1391 et
877 1355 1023 1403 primus
1043 1367 1083 1391 se
1103 1354 1305 1391 intromisit
1324 1354 1371 1391 de

304 1409 545 1458 philosophia
564 1408 734 1455 naturali,
757 1416 793 1445 et
809 1409 828 1429 ἕ
847 1408 976 1457 posuit
997 1420 1138 1456 aquam
1169 1419 1249 1444 esse
1269 1407 1371 1456 prin-

306 1463 443 1511 cipium
463 1462 637 1498 omnium
658 1474 797 1508 rerum,
812 1469 854 1498 ut
874 1461 1007 1498 dicitur
1025 1461 1064 1498 in
1083 1462 1097 1497 Ι
1117 1461 1334 1509 Metaphys.
1352 1461 1371 1480 ⁴*

304 1516 416 1553 Unde
438 1523 473 1552 et
490 1515 617 1564 posuit
636 1522 775 1551 terram
797 1527 879 1551 esse
898 1515 1060 1551 locatam
1082 1526 1196 1562 super
1215 1526 1369 1561 aquam,

304 1576 345 1605 ut
365 1571 383 1587 ὓ
405 1568 573 1616 quiescat
592 1568 642 1604 ibi
660 1580 729 1616 per
750 1567 912 1604 modum
933 1567 1260 1616 supernatationis,
1277 1568 1372 1604 sicut

305 1622 439 1659 accidit
476 1622 523 1659 de
551 1621 652 1669 ligno
691 1629 726 1658 et
756 1621 803 1658 de
831 1619 1041 1666 ‘similibus3
1080 1633 1245 1669 quorum
1280 1619 1371 1656 nihil

305 1674 523 1711 naturaliter
551 1682 679 1711 manet
707 1674 746 1710 in
775 1686 882 1720 aere,
917 1674 983 1711 sed
1012 1674 1051 1710 in
1086 1686 1186 1721 aqua
1214 1681 1372 1710 manent

305 1727 523 1764 huiusmodi
541 1735 696 1776 propter
714 1727 1075 1776 supernatationem.
1105 1728 1154 1763 Et
1178 1726 1298 1764 simile
1319 1726 1371 1763 di-

307 1781 442 1817 cebant
470 1780 640 1817 accidere
670 1780 717 1817 de
746 1788 855 1817 terra.

360 1846 395 1882 7.
419 1833 567 1870 Deinde
589 1846 676 1870 cum
697 1833 800 1870 dicit:
826 1835 1023 1881 Tanquam
1045 1845 1118 1869 non
1140 1833 1269 1869 eadem
1285 1839 1369 1879 etc.,

306 1887 495 1936 improbat
523 1886 628 1935 quod
657 1886 799 1923 dictum
827 1894 896 1933 est,
926 1886 1044 1922 tribus
1074 1885 1292 1922 rationibus.
1324 1886 1372 1922 Et

309 1940 396 1977 dicit
415 1941 519 1988 quod
540 1940 592 1976 sic
612 1939 798 1987 assignata
828 1947 882 1976 est
909 1939 1102 1988 praedicta
1121 1938 1269 1985 solutio,
1290 1946 1370 1976 tan-

309 2005 425 2041 quam
454 2005 532 2029 non
569 1992 614 2029 sit
643 1993 778 2029 eadem
809 1992 901 2029 ratio
933 1992 979 2029 de
1008 2000 1126 2038 terra,
1158 2000 1193 2029 et
1223 1993 1242 2013 ’Κ
1271 2005 1371 2041 aqua

308 2059 425 2094 quarn
452 2054 601 2094 ponunt
628 2053 835 2082 sustentare
872 2054 1023 2082 terram.
1054 2045 1239 2082 Videmus
1269 2046 1370 2082 enim

308 2099 411 2148 quod
431 2099 526 2136 sicut
553 2106 662 2145 terra,
693 2099 723 2135 si
753 2100 935 2145 elevetur,
965 2111 1043 2136 non
1072 2107 1202 2135 manet
1220 2098 1290 2135 nisi
1310 2111 1371 2135 su-

307 2159 487 2189 stentetur
514 2153 561 2188 ab
591 2152 729 2200 aliquo,
751 2152 800 2188 ita
823 2164 894 2188 nec
914 2164 1015 2199 aqua
1044 2152 1189 2188 elevata
1209 2159 1296 2189 nata
1317 2160 1372 2188 est

306 2217 481 2251 manere,
517 2205 583 2242 sed
614 2212 763 2253 oportet
791 2205 894 2253 quod
924 2205 969 2241 sit
997 2205 1035 2241 in
1064 2204 1188 2253 aliquo
1224 2213 1370 2242 susten-

305 2265 418 2305 tante,
439 2258 487 2295 ad
506 2259 581 2294 hoc
610 2258 714 2306 quod
744 2259 922 2305 qui'escat.
953 2258 1002 2294 Et
1030 2257 1116 2294 ideo
1137 2258 1167 2294 si
1190 2266 1290 2295 terra
1309 2271 1369 2295 su—

306 2318 528 2348 stentaretur
552 2311 599 2347 ab
620 2323 731 2358 aqua,
748 2318 960 2348 remaneret
989 2311 1125 2348 eadem
1155 2311 1367 2359 difficultas,

307 2377 329 2401 a
357 2377 433 2412 quo
464 2371 732 2401 sustentaretur
759 2377 869 2413 aqua.

361 2419 395 2454 8.
426 2418 642 2455 Secundam
663 2417 848 2454 rationem
870 2416 977 2466 ponit
997 2417 1064 2454 ibi:
1090 2418 1224 2454 Adhuc
1243 2423 1367 2454 autem

306 2470 619 2519 quemadmodum
650 2478 717 2508 etc.
753 2471 801 2507 Et
834 2470 920 2507 dicit
954 2470 1059 2518 quod
1093 2470 1188 2507 sicut
1221 2483 1285 2507 aer
1314 2478 1370 2508 est

307 2523 426 2560 levior
455 2536 569 2572 quam
600 2536 717 2572 aqua,
747 2523 797 2560 ita
826 2531 862 2560 et
895 2536 994 2572 aqua
1024 2531 1079 2560 est
1102 2524 1222 2560 levior
1250 2536 1367 2572 quam

306 2584 423 2624 terra,
457 2578 518 2613 vel
556 2577 681 2614 minus
719 2576 853 2625 gravis.
885 2577 952 2613 Est
985 2584 1113 2614 autem
1147 2577 1195 2614 de
1225 2577 1368 2614 ratione

306 2630 477 2677 levioris,
507 2630 611 2678 quod
644 2630 924 2679 superemineat
955 2630 1118 2677 graviori
1156 2631 1369 2667 secundum

307 2690 491 2720 naturam.
531 2684 622 2720 Non
660 2693 714 2720 est
751 2696 840 2732 ergo
883 2683 1063 2732 possibile
1101 2683 1206 2732 quod
1244 2696 1367 2732 aqua,

306 2748 404 2785 quae
434 2743 488 2772 est
516 2736 653 2783 levior,
688 2744 851 2785 ponatur
879 2736 999 2784 magis
1033 2736 1214 2774 deorsum
1252 2749 1368 2786 quam

306 2796 419 2836 terra,
450 2801 546 2837 quae
572 2798 626 2826 est
645 2790 806 2837 gravior,
837 2790 1048 2827 secundum
1078 2797 1271 2835 naturam;
1301 2790 1370 2827 nisi

307 2842 401 2879 forte
430 2842 513 2890 quis
533 2843 631 2880 dieat
659 2843 762 2892 quod
781 2851 906 2892 partes
934 2843 1068 2880 mundi
1097 2856 1175 2880 non
1204 2851 1291 2880 sunt
1311 2855 1370 2880 or-

360 2999 383 3032 0)
404 3001 440 3025 Et
458 3001 532 3025 dixit
549 3001 651 3033 quod..
665 3001 698 3026 de
717 3005 816 3026 natura
835 3002 959 3028 universi.
973 3017 991 3022 —
1005 3003 1042 3027 Ex
1061 3003 1192 3028 codicibus
1211 3003 1368 3028 correximus

307 3035 424 3067 Pianam;
440 3036 473 3061 ita
487 3042 514 3060 ut
527 3044 574 3068 pro
590 3037 790 3070 intelligentiam
810 3038 975 3070 posuerimus
994 3038 1207 3071 intelligentium,
1223 3039 1368 3063 secundum

307 3079 399 3095 omnes
418 3071 507 3100 codd„
527 3076 552 3096 et
570 3077 629 3103 post
647 3072 767 3097 ultimum
787 3073 855 3098 idest
873 3074 1047 3098 addiderimus
1067 3074 1198 3099 modicum
1219 3074 1368 3107 intelligen-

310 3106 387 3135 tium,
406 3111 434 3130 ut
453 3107 529 3131 iidem
555 3108 671 3132 innuunt.
691 3109 823 3133 Vax-{antes
848 3114 947 3134 ceterae
973 3114 1047 3135 sunt:
1069 3117 1116 3142 pro
1135 3117 1202 3134 vane
1227 3110 1295 3135 idest
1313 3110 1369 3135 sine

308 3141 428 3170 ratione,
449 3149 518 3166 vana
537 3143 604 3167 idest
623 3143 728 3168 ratione
742 3145 777 3174 Α;
803 3152 850 3176 pro
865 3152 916 3176 per
935 3145 1054 3178 linguam
1076 3146 1236 3175 multorum,
1256 3149 1370 3177 propter

309 3176 426 3209 linguam
446 3184 536 3202 eorum
556 3179 697 3203 multorum
717 3179 811 3204 horum
832 3181 866 3210 A;
891 3188 938 3213 pro
957 3181 1034 3212 quasi
1053 3181 1165 3210 diceret,
1185 3181 1261 3214 quasi
1280 3182 1370 3207 dicens

310 3211 345 3240 E,
364 3212 439 3244 quasi
458 3213 529 3237 dicat
548 3213 602 3243 AG,
617 3214 748 3246 aequivoci
769 3215 813 3244 Εἰς
834 3223 881 3247 pro
901 3216 1033 3241 modicum
1053 3216 1265 3250 intelligentium,
1285 3217 1368 3242 modi-

309 3253 367 3270 cam
387 3247 586 3280 intelligentiam
604 3249 735 3281 BCEFGI,
755 3251 886 3276 modicum
906 3252 936 3276 A.

1010 268 1080 304 DE
1111 266 1285 303 CAELO
1316 266 1387 302 ET
1416 264 1611 302 MUNDO
1641 265 1735 301 LIB.
1767 264 1798 299 II

1432 344 1580 381 dinatae
1615 344 1827 382 secundum
1862 351 2057 389 naturam,
2097 342 2203 391 quod
2234 349 2289 379 est
2321 342 2501 380 inconve-

1431 397 1537 433 niens
1566 403 1584 432 ¹.

1485 462 1520 497 9.
1552 449 1722 486 Tertiam
1744 450 1930 486 rationem
1950 449 2058 498 ponit
2076 448 2142 485 ibi:
2168 448 2304 485 Adhuc
2326 454 2451 485 autem
2470 449 2504 485 si

1430 503 1578 551 quidem
1595 510 1682 548 etc.;
1699 515 1798 551 quae
1815 503 1907 539 ratio
1924 503 1944 522 *
1961 502 2042 539 talis
2059 510 2125 539 est.
2144 501 2248 538 Sicut
2263 502 2301 538 in
2314 501 2440 551 primo
2458 503 2502 523 *²³

1428 555 1600 592 habitum
1631 563 1700 602 est,
1730 555 1835 593 idem
1863 563 1919 592 est
1938 563 2065 592 motus
2094 554 2292 601 naturalis,
2324 562 2360 591 et
2388 555 2501 592 etiam

1429 609 1537 658 quies
1559 605 1622 645 'est
1642 610 1661 630 ⁵⁵
1682 609 1828 655 eadem,
1859 609 1973 645 totius
1993 616 2113 645 terrae
2139 616 2174 645 et
2202 608 2317 657 partis
2347 608 2439 645 eius.
2462 609 2502 645 Si

1430 674 1519 709 ergo
1549 670 1628 698 tota
1655 670 1754 699 terra
1781 670 1870 699 nata
1899 670 1955 699 est
1982 674 2140 699 manere
2173 661 2213 699 in
2237 674 2349 710 aqua,
2372 674 2502 710 super-

1429 715 1595 752 natando
1625 713 1734 764 ipsi,
1755 716 1953 752 manifeste
1983 715 2152 763 sequitur
2181 715 2286 763 quod
2313 715 2503 764 quaelibet

1428 768 1698 817 particularum
1734 769 1814 805 eius
1843 769 1962 817 possit
1990 781 2146 805 manere
2167 768 2206 805 in
2226 780 2325 817 aqua
2344 781 2414 817 per
2441 781 2502 805 su-

1429 822 1742 870 pernatationem.
1779 822 1857 859 Sed
1885 823 1960 858 hoc
1991 835 2071 859 non
2098 822 2277 859 videmus
2307 821 2500 859 accidere:

1430 874 1644 923 quinimmo
1674 875 1865 923 quaelibet
1892 888 1980 924 pars
2014 883 2136 912 terrae
2169 875 2294 924 posita
2330 875 2369 912 in
2402 887 2502 924 aqua

1429 928 1544 964 fertur
1564 929 1612 965 ad
1632 928 1794 965 fundum
1814 928 1948 976 ipsius;
1973 935 2008 964 et
2027 935 2131 965 tanto
2150 928 2335 975 velocius,
2357 936 2500 977 quanto

1429 981 1538 1018 fuerit
1557 981 1692 1018 maior.
1714 982 1816 1029 Ergo
1838 982 1958 1018 multo
1978 981 2149 1018 velocius
2169 989 2247 1018 tota
2266 989 2366 1019 terra
2385 982 2502 1019 fertur

1428 1034 1594 1080 inferius,
1625 1034 1654 1070 si
1684 1034 1730 1071 sit
1758 1034 1998 1083 superposita
2025 1046 2159 1083 aquae.

1488 1100 1544 1124 10.
1562 1087 1712 1124 Deinde
1733 1099 1821 1124 cum
1842 1087 1945 1124 dicit:
1967 1088 2041 1124 Sed
2053 1087 2226 1124 videntur
2242 1095 2324 1135 etc„
2337 1087 2501 1136 assignat

1429 1153 1583 1178 causam
1611 1141 1779 1178 defectus
1809 1140 1994 1177 dictarum
2014 1140 2034 1161 *²
2059 1140 2305 1178 solutionum.
2336 1142 2394 1178 Et·
2413 1141 2502 1178 dicit
2528 1149 2637 1171 'har-m
2651 1130 2723 1172 bodd-

1428 1195 1502 1237 hoc
1539 1194 1746 1240 accidisse,
1785 1194 1891 1242 quod
1929 1201 2006 1230 tam
2045 1193 2251 1231 defectivas
2290 1194 2500 1232 solutiones

1428 1247 1735 1296 assignaverunt,
1767 1247 1856 1297 quia
1884 1247 2063 1284 videntur
2090 1259 2274 1294 quaerere
2305 1247 2402 1284 circa
2431 1247 2500 1284 du-

1428 1301 1627 1338 bitationes
1656 1313 1778 1349 usque
1813 1300 1862 1337 ad
1895 1300 2062 1349 aliquem
2091 1300 2321 1348 terminum,
2357 1308 2393 1337 et
2421 1313 2500 1338 non

1428 1367 1630 1403 quousque
1666 1353 1845 1403 possibile
1880 1353 1926 1390 sit
1955 1354 2127 1391 dubitari.
2169 1354 2332 1402 Oportet
2368 1361 2500 1391 autem

1429 1420 1517 1444 eum
1546 1407 1611 1455 qui
1639 1408 1720 1444 vult
1749 1415 1848 1444 recte
1878 1408 2039 1454 solvere,
2061 1415 2102 1444 ut
2129 1407 2314 1456 perducat
2343 1407 2499 1445 solutio-

1428 1473 1518 1498 nem
1537 1473 1658 1509 usque
1679 1460 1727 1497 ad
1747 1460 1786 1497 id
1804 1460 1869 1497 ubi
1889 1473 1968 1497 non
1988 1460 2033 1497 sit
2061 1461 2224 1510 amplius
2254 1460 2438 1498 dubitatio
2459 1462 2498 1508 *3

1428 1515 1533 1563 quod
1562 1514 1619 1551 isti
1649 1526 1727 1550 non
1756 1514 1906 1550 faciunt.
1947 1514 2066 1551 Cuius
2100 1514 2284 1552 rationem
2320 1515 2497 1563 assignat,

1429 1579 1712 1604 connumerans
1741 1580 1782 1604 se
1811 1567 1902 1613 aliis,
1934 1579 2048 1604 causa
2074 1567 2254 1605 vitandae
2282 1567 2497 1615 iaetantiae3

1428 1620 1556 1657 dicens
1585 1620 1690 1669 quod
1720 1620 1899 1657 omnibus
1928 1620 2039 1657 nobis
2069 1620 2323 1658 dubitationes
2348 1621 2499 1659 solven-

1427 1674 1525 1710 tibus
1554 1674 1629 1710 hoc
1656 1673 1807 1710 videtur
1835 1686 1917 1710 esse
1948 1682 2196 1721 consuetum,
2235 1682 2276 1711 ut
2307 1673 2497 1723 inquisitio

1427 1727 1492 1764 fiat
1512 1739 1586 1763 non
1615 1727 1667 1763 ad
1693 1739 1785 1772 rem,
1805 1727 1872 1763 sed
1897 1727 1949 1763 ad
1975 1728 2168 1769 contraria
2187 1727 2382 1774 dicentem,
2402 1727 2499 1766 idest

1426 1792 1505 1817 non
1533 1792 1735 1828 quousque
1764 1787 1898 1816 natura
1927 1780 1980 1816 rei
2009 1780 2174 1829 requirit,
2205 1780 2273 1817 sed
2294 1793 2496 1830 quousque

1426 1833 1665 1870 adversarius
1690 1845 1769 1869 non
1787 1833 1927 1869 habeat
1954 1833 2109 1870 ulterius
2139 1833 2496 1872 contradictionem:

1425 1886 1515 1935 quia
1536 1886 1649 1923 etiarn
1667 1887 1685 1907 *
1701 1886 1775 1923 hoc
1796 1886 1952 1935 quilibet
1971 1886 2151 1923 observat
2175 1886 2225 1923 ad
2253 1886 2436 1935 seipsum,
2455 1894 2499 1925 ut

1426 1952 1513 1976 cum
1543 1939 1624 1988 ipse
1654 1939 1799 1976 dubitat
1827 1940 1874 1976 de
1903 1939 2043 1987 aliquo,
2070 1947 2226 1989 quaerat
2255 1941 2274 1961 ’³‘
2302 1939 2341 1977 in
2370 1940 2496 1990 seipso

1426 2005 1626 2042 quousque
1650 1993 1730 2042 ipse
1760 2005 1838 2029 non
1866 1993 2005 2030 habeat
2032 1993 2071 2030 in
2099 2001 2283 2042 promptu
2303 1993 2407 2031 unde
2427 1994 2499 2032 sibi

1426 2046 1668 2083 contradicat.
1686 2046 1764 2083 Sed
1778 2046 1870 2083 illud
1886 2058 1963 2083 non
1979 2046 2132 2084 sufficit:
2154 2047 2244 2096 quia
2259 2059 2348 2084 cum
2363 2047 2498 2096 aliquis

1424 2101 1506 2136 vult
1519 2111 1653 2136 veram
1673 2099 1902 2136 solutionem
1923 2100 2106 2147 invenire,
2128 2107 2279 2149 oportet
2293 2101 2398 2150 quod
2418 2113 2498 2139 non

1425 2153 1471 2189 sit
1499 2160 1699 2189 contentus
1728 2153 2006 2190 obiectionibus
2035 2166 2129 2203 quas
2157 2154 2274 2191 habet
2300 2154 2340 2191 in
2366 2166 2497 2204 prom-

1424 2214 1503 2254 ptu,
1526 2206 1593 2243 sed
1614 2206 1811 2254 diligenter
1838 2206 2002 2255 inquirat
2022 2219 2086 2244 eas
2107 2208 2138 2244 ³².
2166 2208 2215 2244 Et
2232 2215 2390 2257 propter
2408 2208 2495 2257 hoc,

1424 2259 1518 2296 sicut
1546 2259 1627 2308 ipse
1656 2259 1794 2306 subdit,
1826 2267 1976 2308 oportet
2001 2273 2090 2298 eum
2119 2261 2184 2310 qui
2202 2261 2286 2298 vult
2315 2261 2413 2299 bene
2441 2261 2497 2300 in-

1424 2313 1574 2360 quirere
1602 2313 1816 2354 veritatem„
1850 2326 1931 2350 csso
1959 2321 2180 2363 asumptum
2210 2314 2259 2352 ad
2287 2315 2363 2351 hoc
2391 2315 2498 2364 quod

1424 2366 1535 2403 instet
1563 2373 1599 2403 et
1627 2366 1696 2403 sibi
1717 2366 1786 2415 ipsi
1815 2378 1850 2403 ct
1879 2367 1979 2413 aliis;
2010 2379 2088 2404 non
2117 2380 2186 2416 per
2212 2367 2408 2405 instantias
2435 2381 2496 2406 so-

1423 2419 1612 2468 phisticas,
1634 2419 1701 2456 sed
1715 2431 1785 2468 per
1799 2419 1992 2457 instantias
2017 2421 2137 2458 reales
2153 2429 2190 2458 et
2209 2420 2451 2458 rationabiles
2469 2427 2494 2468 ³²,

1421 2473 1609 2521 proprias,
1630 2472 1727 2509 idest
1746 2473 2031 2520 convenientes,
2058 2474 2185 2521 generi
2207 2474 2255 2512 de
2275 2486 2352 2523 quo
2372 2473 2496 2522 inqui-

1425 2526 1525 2562 ritur.
1547 2526 1595 2562 Et
1614 2525 1688 2562 hoc
1708 2525 1864 2574 quidem
1886 2525 2066 2574 contingit
2085 2539 2131 2564 ex
2154 2527 2229 2564 hoc
2249 2527 2355 2576 quod
2374 2527 2495 2565 homo

1425 2578 1639 2615 considerat
1667 2590 1803 2615 omnes
1832 2578 2062 2616 differentias
2091 2592 2232 2627 rerum,
2259 2593 2304 2617 ex
2331 2593 2496 2629 quarum

1423 2631 1665 2669 similitudine
1694 2631 1866 2680 quaestio
1893 2632 2062 2669 solvitur.
2094 2633 2199 2670 Sicut
2217 2635 2360 2671 Thales
2384 2633 2497 2671 solvit

1425 2685 1688 2734 quaestionem
1713 2692 1952 2734 praesentem
1984 2698 2028 2723 ex
2058 2686 2301 2724 similitudine
2329 2687 2418 2735 ligni
2447 2687 2497 2725 ad

1424 2746 1584 2775 terram:
1615 2738 1744 2775 fuisset
1771 2746 1899 2775 autem
1927 2738 1961 2776 ei
1986 2739 2263 2778 consideranda
2284 2740 2496 2778 differentia

1424 2791 1634 2840 utriusque:
1665 2804 1754 2828 nam
1782 2791 1937 2840 lignum,
1963 2792 2053 2842 quia
2071 2793 2091 2814 *
2111 2794 2275 2831 multum
2304 2794 2420 2831 habet
2447 2793 2496 2832 de

1425 2857 1524 2892 aere,
1546 2852 1764 2893 supernatat
1783 2858 1925 2893 aquae3
1947 2846 2052 2895 quod
2073 2854 2194 2884 terrae
2210 2859 2290 2884 non
2310 2846 2494 2896 congruit.

1475 3004 1494 3035 ι)
1514 3005 1566 3029 nisi
1578 3005 1654 3038 forte
1672 3005 1730 3037 quis
1746 3005 1852 3031 dicat...
1868 3006 2061 3032 inconveniens.
2075 3021 2093 3025 —
2108 3007 2144 3032 Ita
2158 3007 2275 3039 codices;
2295 3007 2317 3032 E
2335 3012 2424 3034 tamen
2441 3015 2496 3033 om.

1421 3040 1492 3072 quod
1517 3043 1556 3065 est
1581 3041 1774 3066 inconveniens.
1794 3042 1813 3066 P
1833 3041 1884 3066 nisi
1900 3042 1977 3076 sorte
1995 3049 2066 3075 aqua
2084 3042 2198 3076 gravior
2221 3043 2342 3073 dicatur,
2361 3044 2434 3076 quod
2456 3047 2498 3070 est

1422 3083 1615 3101 inconveniens.

1473 3111 1498 3144 κ)
1519 3115 1545 3136 et
1562 3111 1613 3136 sibi
1631 3112 1714 3144 ipsi...
1731 3113 1911 3138 rationabiles.
1924 3127 1944 3132 -
1958 3113 2094 3138 Variantes
2114 3114 2243 3139 notandae
2262 3119 2324 3139 sunt
2347 3114 2425 3140 istae:
2446 3122 2494 3147 pro

1421 3150 1447 3171 et
1460 3147 1511 3171 sibi
1525 3147 1583 3178 ipsi,
1598 3147 1677 3172 etiam
1693 3148 1744 3172 sibi
1759 3148 1810 3180 ipsi
1825 3149 1855 3177 Α,
1869 3152 1896 3173 et
1911 3149 1962 3180 ipsi
1975 3154 2036 3178 cet.;
2053 3149 2145 3174 deinde
2160 3155 2271 3182 pergunt
2285 3157 2378 3175 omnes
2392 3153 2419 3175 et
2432 3150 2494 3176 aliis

1422 3185 1447 3207 et
1467 3189 1535 3211 non‚·
1555 3183 1639 3207 reales
1658 3186 1683 3208 et
1701 3191 1754 3207 om.
1768 3184 1843 3208 codd.
1863 3191 1916 3209 exc.
1936 3185 1967 3215 A,
1986 3184 2030 3217 qui
2046 3190 2132 3210 tamen
2151 3185 2245 3210 omittit
2263 3189 2290 3211 et
2309 3185 2496 3215 rationabiles,-

1423 3225 1471 3250 pro
1491 3217 1675 3246 rationabiles,
1702 3219 1847 3244 rationales
1871 3219 1959 3249 BCE1,
1980 3219 2098 3246 rationes
2118 3220 2153 3251 17,-
2178 3229 2226 3254 pro
2248 3221 2355 3254 generi,
2382 3221 2495 3254 spatium

1423 3260 1478 3277 vac.
1491 3253 1530 3282 Fl,
1550 3261 1603 3278 om.
1622 3254 1747 3279 BCDEG.

917 3431 1875 3486 &Qu—*-

2531 503 2539 511 ·
2556 503 2619 523 ratio
2635 508 2684 524 orn.
2702 508 2742 524 co-

2531 528 2602 550 dices.

2530 556 2550 564 '¹
2566 554 2629 576 Lect.
2641 561 2663 582 v,
2672 561 2695 577 n.
2705 556 2728 578 6.

2531 614 2540 622 *
2555 615 2592 634 est
2605 619 2654 635 om.
2674 613 2743 636 codd.

2527 1469 2537 1478 ·
2555 1466 2648 1489 dubim
2669 1466 2744 1489 codd.

2527 1499 2576 1516 exe.
2591 1500 2614 1516 Α.

2524 1895 2536 1906 “
2549 1895 2621 1916 etum
2636 1901 2685 1917 om.
2706 1901 2721 1916 Α
2731 1911 2741 1923 ,

2525 1922 2550 1943 in
2565 1924 2610 1943 cet.

2525 1949 2535 1959 ·
2549 1947 2646 1977 quaerit
2660 1954 2683 1970 ι».

2524 2217 2534 2226 '
2549 2221 2637 2238 ‘¹018ss
2650 2221 2673 2237 P.

2524 2805 2534 2814 ·
2555 2802 2620 2832 qaod
2643 2802 2739 2826 codices

2524 2835 2574 2852 exc.
2589 2837 2611 2852 Α.
