2690 4062
312 275 442 300 CXXXVI

378 340 526 384 σκληρῶν
552 338 573 375 ἦ
599 338 762 382 μαλακῶν
789 335 853 368 ὅσα
882 332 1030 377 δύναται
1055 331 1135 377 μήτ’
1166 331 1199 372 ἐξ
1227 329 1376 376 ἀνάγκης
1402 332 1405 380 J

381 382 599 430 προηγεῖσθαι
617 383 679 420 τῆς
698 379 901 421 διαιρέσεως,
921 378 1008 423 μήτε
1027 375 1208 418 θραύεσθαι
1228 370 1378 418 διαιρού-

379 439 480 471 μενα·
509 429 573 459 ὅσα
597 423 626 458 δ’
649 426 669 464 ἢ
697 426 794 472 ὑγροὶ,
815 424 835 461 ἦ
854 425 1018 463 τοιαῦτα,
1034 422 1195 465 'civia-neoc.
1224 419 1324 449 Ἐνια
1342 413 1370 449 δ’

301 469 319 485 ²*
380 473 452 506 ἐστὶ
478 471 597 505 ταύτοὶ
621 474 679 503 καὶ
698 470 816 514 τμητοέ
840 471 897 499 καὶ
916 468 1055 512 σχιστοί,
1077 466 1144 497 οἷον
1162 463 1276 504 ,ξύλον7
1298 462 1371 495 ἀλλ’

379 519 420 555 ὠς
446 518 501 549 ἐπὶ
527 519 568 549 τὸ
594 517 694 556 πολύ,
713 514 853 559 σχιστὸν
878 513 937 556 μὲν
962 510 1058 542 κατά.
1082 510 1123 542 τό
1148 508 1267 552 μῆκος,
1289 517 1377 550 τμη-

380 563 439 594 τόν
466 558 503 594 δὲ
526 562 621 594 κατα
654 560 694 593 τὸ
724 557 873 593 πλάτος·
901 553 972 587 ἐπεὶ
997 554 1062 600 γάρ
1088 550 1272 595 διαιρεῖται
1298 549 1377 582 ἕκα-

379 617 460 639 στον
486 607 530 644 εἰς
556 605 680 645 πολλοὶ,
709 602 729 645 ᾖ
755 603 812 646 μὲν
838 599 927 644 μήκη
955 598 1067 631 πολλοὶ
1091 597 1132 630 τὸ
1158 597 1204 637 ἓν,
1232 595 1374 640 σχιστόν

381 650 518 691 ταύτη,
546 649 566 689 ἦ
591 645 628 680 δὲ
654 647 768 683 πλοίτη
796 646 906 677 πολλοὶ
933 644 972 675 ro*
998 643 1050 683 ἓν,
1079 642 1212 685 τμητὸν
1241 638 1370 681 ταύτῃ.

379 697 456 726 Γλίσ
483 682 589 739 ῥονᾎΫ
619 693 728 731 ἐστὶν,
757 690 840 722 ὅταν
868 688 987 719 ἐλκτόν
1015 686 1033 727 ᾖ
1061 687 1160 732 ὑγρὸν
1187 683 1235 725 ὃν,
1263 683 1283 719 ἦ
1310 694 1376 727 μα-

379 740 485 771 λακον
498 750 505 758 ·
532 738 689 770 τοιοῦτον
706 731 743 767 ’δὲ
760 736 894 781 γίνεται
912 732 957 773 τῇ
977 730 1164 771 ἐπαλλάξει
1182 727 1246 760 ὅσα,
1264 726 1373 771 ὥσπερ

381 786 415 816 αἱ
442 781 572 819 ἁλύσεις
597 781 775 827 σύγκειται
795 779 859 811 τῶν
877 775 1063 820 σωμάτων·
1090 775 1208 806 ταῦτα
1233 773 1298 819 γοίρ
1318 773 1374 803 ἐπὶ

379 828 466 860 πολύ
490 822 636 858 δύναται
662 821 869 857 ἐκτείνεσθαι
899 821 958 852 καὶ
983 818 1148 851 συνιέναι·
1176 816 1239 850 ὅσα
1264 813 1302 848 δὲ
1327 815 1372 860 μή

378 871 542 911 τοιαῦτα,
569 868 710 914 ψαθυροί.

309 1003 443 1041 Πιληταῖ
465 998 493 1033 δ’
523 1001 587 1035 ὅσα
613 1002 679 1033 τῶν
706 999 852 1032 πιεστῶν
885 996 1022 1041 μόνιμον
1049 996 1119 1041 ἔχει
1144 995 1208 1030 τήν
1230 995 1371 1033 wiso-w,

377 1049 533 1083 ἀπίλητα
557 1042 586 1077 δ’
609 1045 672 1078 ὅσα
693 1044 713 1082 ἦ
733 1043 813 1081 ὅλως
841 1041 1006 1082 &vetes-ca,
1025 1039 1046 1077 ἦ
1067 1041 1115 1084 μή
1140 1038 1279 1083 μόνιμον
1302 1036 1373 1081 ἔχει

377 1091 440 1129 τήν
467 1092 586 1123 πίεσιν.

537 1236 542 1239 -
564 1221 686 1255 stendit
702 1231 785 1265 quae
805 1227 882 1251 sunt
902 1216 1130 1261 impressibilia
1145 1225 1177 1248 et
1193 1226 1277 1260 quae
1294 1226 1371 1247 non.

508 1296 516 1305 ⁴
565 1267 606 1299 Et
622 1265 699 1299 dicit
715 1263 805 1309 quod
818 1271 895 1296 sunt
910 1261 1070 1306 quaedam
1085 1271 1223 1304 corpora
1237 1260 1373 1303 impres-

564 1309 678 1349 sibilia,
689 1308 772 1342 idest
782 1316 856 1352 apta
868 1315 942 1340 nata
954 1306 1096 1350 recipere
1110 1304 1373 1349 impressionem,

450 1355 455 1362 '
483 1348 545 1393 'ss‘
564 1365 706 1399 quorum
734 1351 894 1397 quaedam
918 1358 999 1384 ‘sunt
1026 1349 1150 1389 mollia,
1168 1349 1252 1382 sicut
1281 1359 1373 1388 cera,

410 1417 417 1420 -
563 1397 723 1443 quaedam
738 1408 818 1430 vero
842 1404 919 1429 sunt
935 1394 1026 1435 dura,
1043 1395 1127 1427 sicut
1144 1405 1207 1427 aes.
1225 1392 1299 1426 Alia
1320 1404 1375 1425 au-

308 1454 374 1479 tem
391 1456 459 1477 non
481 1451 557 1475 sunt
578 1440 819 1487 impressibilia:
843 1450 875 1475 et
898 1440 1018 1473 horum
1042 1439 1141 1472 etiam
1165 1438 1272 1482 aliqua
1296 1446 1373 1470 sunt

307 1489 429 1529 mollia,
442 1489 526 1521 sicut
538 1499 631 1532 aqua,
645 1486 752 1531 aliqua
765 1494 874 1519 autem
887 1493 964 1517 sunt
977 1483 1067 1524 dura,
1082 1483 1173 1516 velut
1190 1482 1270 1515 later
1282 1491 1315 1515 et
1332 1481 1374 1515 la-

307 1535 368 1578 pis.
377 1534 463 1567 Nam
476 1532 648 1576 impressio
659 1531 787 1575 passive
801 1538 931 1573 sumpta
944 1537 992 1562 est
1007 1528 1111 1561 cessio
1122 1529 1155 1560 in
1169 1526 1373 1571 profundum

307 1576 488 1611 secundum
505 1585 630 1621 partem
651 1574 844 1619 superficiei,
865 1585 934 1607 non
957 1585 974 1606 e
996 1581 1109 1606 contra
1129 1571 1372 1605 circumstando

307 1621 413 1667 (quod
437 1621 554 1655 dicitur
601 1629 712 1664 ropter
731 1630 860 1664 aquam,
885 1629 968 1662 quae
993 1616 1078 1650 cedit
1102 1616 1304 1660 imprimenti
1324 1627 1373 1648 se-

308 1666 452 1700 cundum
475 1677 556 1710 supe
598 1665 696 1703 ciem,
721 1675 790 1697 non
815 1672 923 1696 tamen
947 1662 1085 1706 suscipit
1108 1661 1372 1705 impressionem,

307 1712 383 1763 quia
407 1718 518 1743 contra
542 1710 738 1749 circumstat,
763 1709 848 1741 sicut
870 1718 969 1751 supra
993 1706 1118 1740 dictum
1143 1706 1242 1739 estin
1259 1704 1372 1738 defini—

307 1765 395 1789 tione
419 1753 554 1799 mollis).
586 1754 627 1787 Et
651 1754 711 1786 ista
734 1752 771 1785 fit
794 1751 983 1796 dupliciter:
1008 1760 1064 1784 aut
1088 1761 1146 1795 per
1170 1749 1276 1783 solam
1300 1748 1372 1794 pul-

307 1801 434 1833 sionem
457 1807 579 1838 tactus,
609 1806 646 1831 ut
668 1799 702 1830 in
726 1809 797 1830 cera
821 1805 853 1830 et
877 1797 911 1829 in
935 1795 1090 1828 omnibus
1113 1794 1288 1834 mollibus,
1317 1802 1373 1826 aut

307 1856 364 1889 per
386 1843 646 1888 percussionem,
676 1850 713 1875 ut
736 1842 769 1874 in
793 1840 932 1874 metallis
956 1848 988 1873 et
1011 1839 1082 1873 aliis
1107 1838 1206 1873 duris.
1232 1838 1371 1872 Univer-

306 1888 413 1922 saliter
435 1888 534 1932 igitur
562 1898 677 1920 eorum
709 1897 792 1931 quae
821 1894 899 1918 sunt
926 1883 1177 1929 impressibilia,
1209 1882 1371 1928 quaedam

307 1941 383 1966 sunt
406 1930 635 1965 mollificabilia
666 1931 733 1964 sive
762 1930 875 1963 mollia
899 1938 994 1970 actu,
1023 1938 1060 1962 ut
1084 1939 1178 1968 cera,
1209 1927 1371 1972 quaedam

306 1989 384 2010 vero
400 1986 476 2010 sunt
492 1975 581 2016 dura,
594 1984 631 2008 ut
645 1974 788 2008 metalla:
805 1974 862 2008 sed
878 1982 988 2007 tamen
1005 1973 1081 2006 talia
1096 1981 1185 2013 sunt,
1201 1973 1235 2006 in
1251 1971 1371 2017 quibus

307 2030 355 2055 est
369 2020 543 2054 humiditas
560 2019 652 2053 fortis
667 2028 699 2053 et
715 2019 798 2053 bene
822 2019 981 2063 permixta
1005 2029 1082 2051 cum
1106 2018 1194 2050 sicco
1219 2017 1370 2050 terrestri.

306 2065 379 2099 Alia
402 2074 510 2098 autem
531 2064 620 2105 dura,
638 2065 671 2097 in
693 2063 812 2109 quibus
836 2075 905 2096 non
929 2072 978 2096 est
1001 2061 1094 2096 fortis
1119 2061 1296 2095 humiditas
1314 2061 1371 2094 sed

306 2119 355 2143 est
378 2109 493 2143 educta
517 2121 534 2142 a
558 2108 770 2152 coagulante,
802 2117 834 2141 et
863 2108 961 2141 etiam
990 2107 1045 2141 illa
1072 2106 1187 2140 debilis
1216 2118 1300 2151 quae
1323 2117 1371 2139 re-

306 2155 424 2187 mansit
440 2165 507 2187 non
531 2162 579 2186 est
602 2153 684 2186 bene
705 2153 881 2186 commixta
906 2163 982 2185 cum
1006 2153 1094 2185 sicco
1119 2151 1271 2191 terrestri,
1296 2150 1371 2183 talia

306 2210 373 2232 non
390 2207 466 2231 sunt
481 2197 718 2242 impressibilia,
742 2198 826 2230 sicut
850 2197 930 2230 later
945 2206 976 2230 et
992 2196 1084 2241 lapis.
1109 2196 1189 2230 Non
1206 2204 1256 2229 est
1271 2196 1370 2229 etiam

306 2242 527 2287 impressibilis
545 2254 639 2287 aqua,
655 2251 790 2287 propter
813 2242 974 2275 rationem
994 2241 1145 2286 superius
1162 2241 1370 2284 assignatam,

306 2297 439 2332 propter
462 2298 561 2332 quam
585 2288 682 2320 etiam
706 2298 774 2320 non
798 2295 847 2320 est
871 2285 989 2320 mollis.
1016 2284 1229 2320 Manifestum
1249 2294 1300 2318 est
1316 2296 1371 2318 au-

307 2341 373 2365 tem
392 2344 431 2366 ex
451 2331 554 2373 dictis,
575 2331 666 2376 quod
689 2330 866 2365 humiditas
890 2342 959 2364 non
982 2330 1087 2364 fluens
1112 2329 1169 2364 sed
1193 2329 1276 2363 bene
1299 2340 1370 2374 per-

253 2395 255 2397 ·
306 2377 406 2410 mixta
423 2388 498 2410 cum
513 2376 600 2410 sicco
617 2376 770 2416 terrestri,
787 2385 836 2409 est
851 2376 987 2409 materia
1004 2375 1240 2420 impressionis.

362 2431 391 2454 2.
416 2421 544 2455 Deinde
568 2432 644 2454 cum
668 2420 760 2454 dicit:
785 2420 1034 2466 Impressibilium
1050 2426 1151 2454 autem
1170 2427 1243 2460 etc„
1267 2418 1371 2452 deter-

306 2466 408 2499 minat
424 2465 463 2499 de
479 2465 640 2499 formabili
657 2477 756 2499 manu
777 2474 809 2499 et
827 2476 896 2498 non
920 2464 1092 2498 formabili.
1119 2465 1160 2498 Et
1175 2463 1254 2498 dicit
1277 2462 1368 2508 quod

306 2509 532 2554 impressibilia
551 2519 627 2543 sunt
643 2509 802 2554 duplicia:
827 2509 988 2554 quaedam
1005 2510 1093 2543 enim
1113 2517 1190 2542 sunt
1207 2508 1371 2552 impressi-

306 2554 392 2594 bilia,
409 2566 491 2606 quae
508 2566 576 2587 non
592 2563 719 2587 tantum
736 2555 918 2599 suscipiunt
939 2554 1193 2599 impressionem
1213 2552 1253 2586 de
1273 2551 1370 2592 facili,

307 2598 364 2632 sed
388 2608 485 2632 etiam
508 2599 648 2632 retinent
671 2611 764 2632 eam:
797 2608 829 2632 et
852 2599 927 2632 talia
955 2608 1032 2633 sunt
1060 2599 1159 2632 etiam
1187 2596 1371 2631 formabilia

307 2654 417 2684 manu,
433 2644 517 2676 sicut
532 2652 622 2687 pasta
645 2652 678 2676 et
701 2655 790 2684 cera;
815 2643 975 2688 quaedam
994 2654 1074 2677 vero
1093 2651 1171 2676 sunt
1187 2653 1271 2686 quae
1288 2641 1370 2675 bene

307 2688 446 2720 retinent
469 2688 728 2732 impressionem,
753 2687 810 2721 sed
834 2699 901 2721 non
925 2689 1088 2733 recipiunt
1111 2699 1184 2722 eam
1208 2687 1248 2722 de
1273 2685 1369 2726 facili,

308 2731 391 2764 sicut
410 2732 548 2773 metalla,
569 2744 651 2776 quae
674 2744 742 2765 non
766 2733 928 2777 recipiunt
951 2733 1204 2777 impressionem
1228 2732 1291 2765 nisi
1312 2742 1370 2775 per

307 2775 424 2809 fortem
448 2778 711 2820 percussionem:
736 2786 768 2810 et
791 2777 865 2810 talia
882 2789 950 2810 non
966 2786 1043 2811 sunt
1059 2776 1242 2811 formabilia
1258 2787 1370 2816 manu,

307 2820 363 2854 sed
386 2829 495 2854 tamen
526 2820 706 2854 formantur
737 2833 794 2865 per
822 2831 942 2862 artem,
973 2821 1143 2856 fundendo
1174 2821 1298 2855 scilicet
1322 2832 1369 2854 ea.

309 2864 481 2905 Quaedam
506 2866 603 2898 etiam
627 2874 703 2898 sunt
726 2878 809 2917 quae
831 2866 876 2901 de>
887 2866 971 2900 facili
996 2867 1159 2911 recipiunt
1182 2866 1371 2910 impressio-

307 2920 393 2950 nem,
418 2909 474 2943 sed
499 2921 570 2942 eam
594 2921 662 2943 non
685 2919 844 2950 retinent,
873 2912 957 2944 sicut
980 2910 1052 2944 lana
1077 2920 1133 2945 aut
1156 2911 1313 2955 spongia:
1339 2919 1371 2943 et

307 2952 386 2986 haec
410 2964 477 2986 non
501 2963 589 2987 sunt·
605 2965 703 2987 manu
734 2954 933 2996 formabilia,
965 2957 1008 2989 ita
1031 2954 1155 2989 scilicet
1183 2955 1273 3000 quod
1298 2955 1371 2987 reti-

307 3006 405 3031 neant
428 2997 666 3032 formationem.
693 2999 790 3039 Quae
815 3008 923 3033 autem
943 3011 1011 3033 non
1031 3009 1108 3033 sunt
1132 2998 1371 3044 impressibilia,

308 3052 374 3074 non
406 3051 481 3075 sunt
505 3043 600 3075 etiam
631 3055 729 3076 manu
764 3043 966 3085 formabilia,
998 3044 1074 3078 licet
1103 3043 1286 3078 formentur
1314 3054 1371 3088 per

308 3095 420 3126 artem,
438 3095 515 3130 puta
539 3098 596 3131 per
615 3087 838 3131 sculptoriam,
862 3089 946 3122 sicut
970 3088 1085 3122 lateres
1110 3098 1142 3122 et
1163 3088 1297 3133 lapideS.
1323 3089 1371 3122 Ex

331 3129 425 3163 uibus
446 3139 537 3207 lpatet
561 3131 651 3175 quod
675 3133 808 3165 materia
832 3133 1097 3177 impressibilium
1112 3160 1121 3174 ,
1145 3134 1244 3167 etiam
1268 3144 1367 3166 manu

321 3174 444 3207 ormabi
459 3175 548 3215 ium,
581 3185 629 3209 est
658 3176 791 3216 eadem,
823 3188 891 3210 non
920 3177 1071 3211 differens
1099 3178 1162 3210 nisi
1187 3177 1371 3211 secundum

309 3219 412 3261 magis
428 3228 460 3252 et
475 3220 598 3253 minus:
624 3221 700 3264 quia
719 3232 817 3253 manu
842 3220 1024 3255 formabilia
1046 3221 1165 3255 debent
1182 3234 1252 3256 esse
1270 3221 1370 3266 paulo

309 3261 382 3305 plus
399 3262 532 3296 humida
549 3275 647 3308 quam
665 3265 907 3308 impressibilia;
924 3274 956 3299 et
972 3278 1011 3299 ex
1027 3265 1091 3299 hoc
1104 3278 1154 3299 res
1168 3266 1232 3300 fere
1249 3265 1367 3300 eodem

310 3305 410 3356 modo
435 3316 511 3340 sunt
530 3319 629 3341 manu
653 3307 834 3342 formabilia
858 3321 925 3354 quo
950 3319 1027 3343 sunt
1051 3310 1289 3354 impressibilia,
1310 3311 1370 3343 sci-

310 3348 384 3382 licet
408 3360 633 3394 permanenter
656 3362 710 3386 aut
734 3364 801 3386 non
826 3363 1062 3397 permanenter.

368 3404 395 3436 3.
421 3395 547 3428 Deinde
571 3407 647 3429 cum
671 3397 764 3430 dicit:
790 3397 866 3431 Sunt
881 3405 981 3432 autem
997 3398 1140 3443 capibilia
1156 3409 1228 3439 etc.,
1248 3399 1314 3443 agit
1331 3399 1370 3432 de

311 3437 439 3480 capibili
456 3447 487 3470 et
502 3450 570 3472 non
594 3440 731 3484 capibili.
750 3442 791 3475 Et
807 3441 885 3475 dicit
901 3442 990 3486 quod
1016 3443 1164 3487 capibilia
1184 3452 1270 3483 sunt,
1287 3455 1370 3487 quae

311 3480 404 3532 pulsa
429 3492 566 3525 possunt
591 3486 776 3525 convenire,
801 3485 883 3519 idest
908 3486 1055 3520 contrahi
1080 3496 1112 3520 et
1135 3488 1264 3527 reverti,
1288 3489 1370 3520 intra

311 3536 403 3575 senm
427 3525 626 3577 profundum
655 3530 727 3569 sui,
761 3529 932 3574 superficie
963 3539 1088 3564 mutata
1119 3530 1158 3564 de
1189 3532 1312 3565 maiore
1338 3533 1370 3564 in

311 3580 491 3609 minorem,
519 3580 602 3603 sicut
633 3583 708 3605 cum
736 3574 904 3617 stringitur
927 3575 1085 3618 spongia,
1109 3584 1140 3608 et
1170 3587 1238 3608 non
1268 3576 1370 3609 divisa

310 3622 367 3646 aut
382 3613 534 3647 translata
558 3615 591 3647 in
615 3614 710 3649 aliam
734 3626 870 3660 partem,
887 3619 971 3651 sicut
994 3618 1111 3652 accidit
1127 3620 1160 3652 in
1177 3631 1271 3664 aqua,
1288 3632 1370 3664 quae

1005 251 1593 294 METEOROLOGICORUM
1622 252 1716 288 LIB.
1749 251 1800 287 lV

1499 330 1733 362 Detruncabilia
1765 337 1873 361 autern
1903 336 1994 368 sunt,
2027 330 2243 361 constantium
2272 330 2427 362 durorum
2454 339 2510 364 aut

1499 375 1649 405 mollium
1666 384 1888 414 quaecumque
1905 381 2041 414 possunt
2056 384 2161 415 neque
2174 384 2211 405 ex
2223 375 2407 406 necessitate
2421 386 2510 417 prae-

1500 419 1608 449 cedere
1629 418 1836 456 divisionem,
1867 428 1972 459 neque
1992 418 2170 449 comminui
2187 419 2295 450 divisa.
2325 420 2510 457 Quaecum—

1498 473 1561 504 que
1576 469 1683 493 autem
1699 472 1766 493 non
1781 462 1914 493 humida
1930 462 2057 500 fuerint,
2066 463 2141 493 talia
2155 463 2391 495 detruncabilia.
2407 465 2510 502 Quae-

1498 508 1573 537 dam
1597 514 1706 537 autem
1729 513 1804 537 sunt
1828 507 1939 537 eadem
1963 514 1993 537 et
2020 507 2248 538 detruncabilia
2271 514 2303 539 et
2330 509 2508 549 scissibssia,

1497 551 1585 581 velut
1607 551 1748 590 lignum;
1773 551 1827 581 sed
1851 558 1888 582 ut
1902 551 2054 589 multum,
2071 551 2222 582 scissibile
2245 552 2378 594 quidem
2397 563 2508 585 secun-

1498 596 1577 625 dum
1599 595 1847 635 longitudinem,
1873 595 2088 626 detruncabile
2112 603 2220 627 autem
2244 598 2423 628 secundum
2438 598 2508 629 lati-

1498 639 1652 670 tudinem.
1688 639 1854 676 Quoniam
1885 640 1971 670 enim
2003 640 2153 671 dividitur
2183 642 2443 683 unumquodque
2474 643 2508 673 in

1497 683 1616 721 multa3
1646 693 1710 724 qua
1734 683 1865 725 quidem
1895 684 2112 724 longitudines
2136 685 2255 716 multae
2279 686 2368 727 quod
2392 697 2507 726 unum,

1498 727 1648 758 scissibile
1665 727 1734 766 hac,
1751 738 1816 769 qua
1831 736 1939 760 autem
1955 729 2137 760 latitudines
2152 730 2272 761 multae
2287 731 2378 772 quod
2392 741 2508 770 unum,

1498 772 1711 802 detruncabile
1730 772 1800 804 hac.
1822 773 1995 804 Viscosum
2013 780 2123 804 autem
2141 781 2200 812 est,
2216 775 2348 815 quando
2364 775 2509 807 trahibile
2545 772 2551 777 ⁰

1497 823 1553 847 aut
1568 816 1741 847 humidum
1762 817 1898 848 existens
1913 817 2012 848 molle
2028 818 2132 849 fuerit.
2157 819 2237 850 Tale
2253 826 2362 850 autem
2376 819 2412 851 fit
2430 829 2508 851 con-

1498 860 1694 891 catenatione
1707 871 1932 902 quaecumque
1943 862 2031 893 velut
2047 869 2174 894 catenae
2187 870 2431 904 componuntur
2441 874 2509 895 cor-

1496 912 1631 945 porum:
1657 905 1735 936 haec
1751 905 1838 936 enim
1854 907 1893 936 ad
1910 906 2051 937 multum
2074 914 2212 948 possunt
2235 907 2360 940 extendi
2384 915 2415 940 et
2431 919 2507 940 con-

1496 949 1612 980 venire.
1641 949 1876 991 Quaecumque
1900 957 2009 981 autem
2031 961 2099 982 non
2122 951 2207 990 talin,
2227 952 2406 994 frangibilia
2420 957 2506 985 sunt.

1428 992 1695 1024 Commassabilia
1724 1001 1834 1025 autem
1862 1005 2087 1037 quaecumque
2110 996 2297 1037 capibilium
2328 998 2508 1029 mansivarn

1495 1037 1613 1069 habent
1636 1045 1811 1078 capturam.
1837 1039 2131 1071 Incommassabilia
2149 1047 2259 1072 autem
2281 1051 2506 1084 quaecumque

1494 1089 1550 1113 aut
1573 1083 1710 1114 totaliter
1733 1093 1800 1114 non
1817 1084 1964 1125 capibilia
1987 1091 2073 1124 sunt,
2097 1091 2153 1116 aut
2175 1094 2244 1116 non
2258 1086 2439 1118 mansivnm
2453 1087 2507 1119 ha-

1495 1127 1571 1158 bent
1595 1134 1769 1168 capturam.

1429 1214 1564 1260 quando
1596 1216 1828 1260 comprimitur
1858 1215 2033 1257 manibus,
2065 1217 2159 1261 quasi
2190 1216 2307 1261 effugit
2339 1216 2380 1253 ad
2409 1217 2507 1252 aliam

1428 1268 1565 1304 partem.
1598 1260 1640 1293 Et
1671 1261 1749 1305 quia
1777 1260 1947 1294 multoties
1978 1261 2011 1294 in
2040 1261 2267 1305 superloribus
2301 1269 2334 1295 et
2357 1261 2447 1296 nunc
2470 1263 2506 1296 in

1428 1305 1492 1338 isto
1516 1305 1592 1338 loco
1616 1304 1694 1338 fecit
1722 1306 1929 1339 mentionem
1959 1305 2000 1339 de
2028 1305 2182 1350 pulsione
2210 1314 2243 1340 et
2270 1307 2506 1351 percussione,

1428 1349 1504 1383 ideo
1529 1349 1670 1383 declarat
1694 1349 1774 1395 quid
1799 1350 1880 1390 sint,
1905 1359 1937 1383 et
1961 1349 2040 1383 dicit
2069 1350 2161 1395 quod
2184 1350 2296 1395 pulsio
2320 1359 2371 1385 est
2391 1359 2507 1386 motus

1428 1393 1532 1427 factus
1557 1405 1616 1438 per
1639 1394 1750 1427 solum
1774 1403 1916 1434 tactum,
1941 1394 2066 1428 scilicet
2088 1395 2159 1428 sine
2182 1406 2304 1439 magna
2326 1395 2506 1430 violentia:

1428 1439 1598 1483 percussio
1631 1448 1743 1472 autem
1772 1448 1822 1472 est
1849 1448 1961 1472 motus
1991 1438 2096 1472 factus
2126 1451 2204 1474 cum
2235 1439 2510 1483 elevationem

1428 1495 1546 1517 manus
1570 1483 1624 1517 vel
1644 1484 1777 1517 alterius
1796 1484 2007 1517 instrumenti
2028 1484 2254 1528 percutientiS,
2270 1485 2356 1518 sicut
2371 1484 2506 1530 quando

1428 1527 1517 1562 faber
1533 1527 1640 1562 elevat
1654 1527 1812 1562 malleum
1837 1537 1869 1562 et
1888 1529 2040 1572 percutit.
2065 1529 2163 1563 Ratio
2183 1537 2295 1562 autem
2311 1540 2414 1575 quare
2428 1529 2506 1564 ulia

1427 1581 1506 1606 sunt
1530 1572 1698 1617 capibilia,
1723 1581 1773 1606 est
1803 1573 1880 1617 quia
1910 1572 2031 1606 habent
2061 1584 2164 1625 poros
2216 1573 2311 1608 lenos
2341 1573 2506 1609 subtiliori

1428 1629 1579 1662 corpore,
1596 1617 1666 1651 sive
1682 1616 1745 1650 tale
1763 1627 1884 1662 corpus
1909 1616 2028 1651 subtile
2045 1626 2087 1651 sit
2103 1618 2175 1652 eius
2199 1629 2253 1652 em
2271 1627 2408 1652 naturae
2425 1629 2506 1653 cum

1427 1662 1567 1707 reliquo,
1590 1662 1660 1695 sive
1684 1661 1827 1695 alterius.
1851 1661 1940 1695 Nam
1959 1661 2022 1695 tale
2046 1673 2168 1708 corpus
2192 1662 2312 1696 subtile
2335 1671 2394 1704 aur
2413 1674 2506 1708 egre-

1427 1707 1516 1741 ditur
1539 1706 1673 1751 quando
1698 1707 1836 1758 capitur,
1853 1706 1880 1739 si
1900 1714 1950 1740 est
1973 1705 2106 1740 alterius
2129 1715 2282 1748 naturae,
2305 1708 2392 1741 sicut
2413 1715 2506 1752 patet

1427 1752 1462 1785 in
1478 1751 1636 1796 spongia,
1661 1759 1718 1784 aut
1737 1759 1902 1795 ingrossat
1924 1759 1957 1784 et
1981 1751 2224 1795 comprimitur,
2240 1752 2269 1787 si
2286 1751 2506 1786 eseeiusdem

1427 1805 1574 1836 naturae,
1598 1796 1684 1829 sicut
1707 1796 1742 1828 in
1766 1806 1872 1829 carne.
1898 1795 1997 1835 Quae
2022 1795 2268 1839 igitur'habent
2290 1795 2373 1830 tales
2389 1807 2505 1841 poros,

1427 1849 1505 1875 sunt
1528 1839 1695 1885 capibilia:
1729 1851 1813 1885 quae
1837 1848 1949 1873 autem
1972 1851 2042 1873 non
2066 1839 2187 1874 habent
2210 1851 2331 1885 poros,
2359 1848 2397 1875 ut
2418 1852 2506 1886 aqua

1427 1894 1460 1919 et
1483 1884 1619 1930 liquida,
1638 1895 1707 1918 non
1735 1885 1925 1929 capiuntur:
1951 1896 2035 1929 quae
2058 1895 2139 1918 vero
2158 1884 2280 1919 habent
2300 1894 2424 1929 poros,
2446 1884 2506 1920 sed

1450 1930 1545 1964 lenos
1569 1940 1708 1974 corpore
1727 1928 1823 1970 duro,
1841 1937 1878 1962 ut
1893 1927 2028 1970 ferrum,
2042 1927 2099 1963 ina
2119 1929 2219 1963 etiam
2234 1940 2305 1963 non
2320 1937 2399 1964 sunt
2417 1930 2505 1975 capi-

1426 1942 1513 2008 bilia.
1528 1974 1577 2008 Ex
1593 1973 1713 2019 quibus
1730 1973 1943 2007 manifestum
1960 1981 2010 2007 est
2025 1972 2118 2019 quod
2133 1973 2272 2018 capibile
2288 1973 2343 2008 hic
2354 1982 2505 2016 vocatur,

1427 2030 1496 2053 non
1513 2018 1751 2064 quodcumque
1775 2019 1879 2070 accipi
1904 2026 2024 2062 potest,
2049 2026 2150 2063 prout
2173 2029 2299 2052 nomen
2322 2027 2431 2060 sonat,
2446 2018 2506 2054 sed

1415 2063 1518 2143 νἓιιοιὶ
1543 2071 1654 2108 potest
1677 2063 1828 2107 restringi
1846 2071 1879 2096 et
1894 2062 2007 2097 reduci
2031 2062 2072 2097 ad
2097 2063 2263 2097 minorem
2282 2062 2502 2108 superficiem.

1454 2120 1564 2142 ertum
1588 2108 1678 2142 enim
1702 2108 1786 2152 capi,
1810 2107 1894 2142 idest
1917 2108 2039 2152 accipi,
2063 2115 2175 2152 potest
2197 2107 2368 2142 manibus:
2392 2116 2505 2143 tamen

1427 2153 1506 2187 dicit
1530 2152 1621 2198 quod
1651 2163 1720 2186 non
1744 2161 1794 2186 est
1821 2151 1978 2197 capibile,
2007 2153 2084 2198 quia
2111 2163 2182 2186 non
2210 2161 2322 2197 potest
2349 2153 2505 2198 reetringi

1427 2197 1467 2232 ad
1492 2198 1657 2231 minorem
1681 2196 1901 2242 superficiem.
1930 2197 1989 2230 Est
2012 2205 2124 2231 autem
2146 2197 2283 2232 materia
2313 2196 2505 2242 capibilium

1426 2243 1552 2321 sifi-cum
1577 2250 1728 2278 terrestre
1752 2253 1770 2275 a
1794 2241 2044 2287 praedominio,
2072 2242 2159 2276 sicut
2181 2253 2221 2276 ex
2243 2241 2339 2276 dictis
2362 2249 2414 2276 est
2434 2253 2505 2276 ma-

1426 2299 1460 2321 m
1475 2296 1594 2321 estum.
2241 2303 2243 2306 ⁴

1482 2343 1512 2375 4.
1538 2330 1667 2366 Deinde
1688 2342 1765 2364 cum
1782 2330 1878 2365 dicit:
1910 2330 2083 2365 Trahibilia
2098 2337 2201 2365 autem
2215 2339 2289 2371 etc„
2308 2330 2506 2369 determinat

1427 2376 1467 2410 de
1484 2376 1637 2410 trahibili.
1663 2376 1703 2410 Et
1720 2375 1798 2409 dicit
1822 2375 1914 2421 quod
1939 2375 2101 2409 trahibilia
2124 2384 2213 2416 sunt,
2230 2385 2505 2421 quorum-super-

1426 2421 1515 2455 ficies
1532 2429 1643 2466 potest
1659 2421 1780 2454 mutari
1804 2420 1844 2454 de
1868 2420 1945 2454 loco
1969 2419 2010 2454 ad
2032 2419 2157 2460 locum,
2174 2420 2261 2454 sicut
2279 2420 2429 2465 corrigia.
2446 2419 2508 2454 Est

1426 2466 1515 2500 enim
1532 2466 1648 2499 tractio
1665 2474 1778 2499 motus
1801 2466 1951 2510 corporis
1975 2464 2161 2503 secundum
2186 2463 2431 2509 longitudinem
2449 2463 2504 2498 vel

1426 2510 1646 2550 latitudinem,
1675 2510 1719 2543 ita
1743 2509 1835 2554 quod
1859 2521 1898 2543 ex
1923 2509 1977 2543 illa
2001 2518 2092 2554 parte
2115 2520 2181 2555 qua
2204 2517 2370 2550 movetur,
2386 2516 2503 2546 exten-

1426 2554 1524 2595 ditur,
1541 2567 1580 2588 ex
1599 2554 1660 2588 alia
1680 2565 1738 2598 per
1755 2553 1905 2588 accidens
1930 2554 2150 2598 restringitur:
2168 2554 2254 2586 sicut
2270 2552 2410 2597 corrigia
2425 2564 2504 2587 cum

1426 2598 1565 2633 trahitur
1585 2610 1643 2643 per
1659 2598 1810 2642 longum,
1833 2598 2030 2639 extenditur,
2046 2606 2079 2632 et
2094 2598 2303 2649 restringitur
2318 2596 2504 2632 secundum

1426 2643 1643 2678 latitudinem.
1671 2642 1847 2684 Quaedam
1872 2652 1983 2676 autem
2007 2651 2086 2676 sunt
2108 2641 2271 2676 trahibilia
2287 2650 2320 2676 et
2335 2642 2435 2676 etiam
2451 2652 2503 2676 ca-

1427 2688 1550 2733 pibilia,
1566 2697 1603 2722 ut
1619 2699 1693 2722 cera
1709 2697 1741 2721 et
1757 2687 1848 2721 lana:
1873 2687 1983 2732 aliqua
2006 2698 2086 2721 vero
2110 2695 2189 2720 sunt
2207 2685 2369 2720 trahibilia
2385 2693 2419 2721 et
2432 2697 2503 2720 non

1427 2732 1595 2777 capibilia,
1619 2741 1656 2766 ut
1679 2731 1835 2777 phlegma
1859 2740 1892 2765 et
1915 2740 2030 2783 sputa,
2060 2742 2145 2776 quae
2169 2730 2343 2765 trahuntur
2366 2729 2407 2766 ad
2429 2741 2502 2765 mo-

1427 2777 1507 2811 durn
1531 2777 1596 2811 fili:
1629 2776 1739 2822 aliqua
1767 2785 1846 2810 sunt
1875 2775 2026 2821 capibilia
2056 2785 2089 2810 et
2112 2786 2182 2810 non
2205 2774 2386 2816 trahibilia,
2417 2775 2504 2810 sicut

1427 2823 1576 2866 spongia.
1610 2821 1675 2856 Sed
1704 2833 1788 2866 quae
1818 2830 1929 2855 carent
1957 2821 2065 2862 sicco,
2094 2820 2181 2854 sicut
2206 2831 2310 2864 aqua,
2340 2818 2394 2854 vel
2417 2830 2502 2865 quae

1426 2879 1494 2900 non
1512 2866 1632 2900 habent
1656 2865 1886 2901 humiditatem
1910 2866 2086 2907 viscosam,
2103 2865 2189 2898 sicut
2211 2864 2295 2909 lapis
2310 2873 2344 2898 et
2358 2863 2501 2906 metalla,

1426 2923 1495 2945 non
1511 2921 1589 2945 sunt
1605 2910 1767 2945 trahibilia
1791 2910 1844 2944 vel
1867 2909 2081 2950 extensibilia‚
2101 2920 2209 2954 neque
2224 2909 2323 2943 etiam
2340 2907 2502 2953 capibilia.

1427 2957 1474 2990 Ex
1491 2955 1611 3007 quibus
1628 2964 1677 2989 est
1694 2954 1905 2988 manifestum
1925 2953 2017 2999 quod
2034 2953 2087 2988 illa
2103 2953 2259 2988 dicuntur
2273 2952 2503 2988 universaliter

1426 3000 1599 3040 trahibilia,
1617 3011 1761 3045 quorum
1777 3000 1911 3033 materia
1928 3008 1976 3032 est
1994 2998 2170 3032 humidum
2189 2999 2358 3032 viscosum
2375 3009 2393 3031 a
2409 3009 2501 3043 prae·
2538 3004 2541 3005 ’

1426 3044 1591 3078 dominio:
1617 3054 1649 3078 et
1673 3044 1735 3077 tale
1761 3044 1935 3078 humidum
1957 3052 2093 3088 propter
2106 3043 2330 3076 viscositatem
2353 3042 2505 3076 continet

1425 3090 1550 3123 siccum
1574 3098 1736 3123 terrestre.
1764 3089 1844 3123 Non
1868 3088 1987 3122 dicitur
2010 3089 2109 3122 etiam
2134 3086 2186 3121 hic
2211 3085 2360 3121 trahibile
2382 3097 2501 3122 secun-

1426 3133 1506 3167 dum
1531 3145 1629 3167 usum
1653 3132 1806 3166 vocabuli
1830 3132 1919 3178 apud
1944 3144 2023 3166 nos:
2055 3131 2147 3166 latini
2175 3132 2266 3166 enim
2292 3130 2501 3176 grammatici

1425 3187 1545 3212 vocant
1569 3177 1741 3218 trahibilia,
1759 3178 1872 3211 omnia
1891 3188 1976 3222 quae
2000 3185 2143 3222 possunt
2165 3177 2292 3210 moveri
2309 3175 2349 3210 de
2365 3174 2441 3211 loco
2457 3174 2500 3210 ad

1425 3222 1548 3264 locum,
1579 3222 1631 3256 vel
1656 3234 1714 3267 per
1736 3221 1940 3262 violentiam,
1964 3222 2049 3255 sicut
2073 3221 2177 3255 homo
2205 3220 2324 3255 dicitur
2350 3219 2435 3254 trahi
2457 3218 2500 3254 ad

1426 3278 1607 3307 carcerem,
1635 3266 1687 3300 vel
1711 3266 1828 3300 saltem
1852 3277 1910 3311 per
1933 3275 2063 3300 motum
2087 3266 2144 3310 qui
2172 3276 2241 3299 non
2269 3274 2319 3299 est
2341 3262 2501 3298 naturalis

1426 3311 1554 3352 talibus,
1574 3312 1660 3345 sicut
1683 3322 1797 3344 currus
1821 3320 1853 3344 et
1876 3310 1965 3354 ligna
1989 3310 2143 3344 dicuntur
2166 3309 2260 3343 trahi.
2286 3308 2352 3344 Sed
2368 3309 2422 3343 hic
2440 3319 2499 3342 vo-

1426 3365 1517 3389 catur
1548 3355 1696 3389 trahibile
1728 3355 1962 3389 tantummodo
1987 3354 2086 3395 illud,
2118 3355 2212 3388 cuius
2237 3362 2345 3398 partes
2368 3361 2500 3387 mutant

1425 3399 1537 3433 locum
1555 3411 1613 3445 per
1628 3401 1867 3441 extensionem,
1890 3400 1976 3433 sicut
2000 3398 2118 3433 accidit
2137 3399 2170 3432 in
2187 3399 2327 3442 corrigia
2342 3397 2395 3432 vel
2412 3396 2498 3442 pelle

1425 3444 1533 3478 molli:
1559 3445 1636 3489 quia
1660 3444 1742 3478 trahi
1767 3454 1815 3478 est
1840 3443 2005 3478 transferri
2029 3443 2069 3478 de
2092 3442 2169 3477 loco
2187 3442 2228 3477 ad
2244 3442 2356 3476 locum
2380 3452 2498 3476 secun-

1426 3488 1506 3522 dum
1553 3498 1636 3522 artes
1661 3498 1813 3523 manente
1839 3489 2054 3522 continuitate
2078 3488 2189 3522 totius.

1483 3543 1510 3575 5.
1569 3533 1664 3567 einde
1689 3545 1765 3566 cum
1791 3532 1885 3567 dicit:
1920 3533 1997 3567 Sunt
2020 3539 2121 3567 autem
2151 3539 2177 3566 et
2207 3531 2276 3566 haec
2298 3530 2418 3576 quidem
2440 3529 2497 3563 du-

1425 3577 1507 3611 ctilia
1530 3587 1591 3611 etc.
1606 3604 1614 3618 ,
1647 3577 1790 3611 ostendit
1814 3589 1897 3622 quae
1929 3578 1994 3611 sint
2018 3576 2152 3611 ductilia
2180 3585 2212 3610 et
2236 3587 2320 3621 quae
2344 3586 2422 3609 non.
2455 3574 2499 3608 Et

1426 3621 1503 3654 dicit
1522 3621 1613 3666 quod
1630 3621 1763 3655 ductilia
1782 3630 1860 3656 sunt
1880 3633 1928 3663 ea,
1945 3633 2029 3667 quae
2054 3620 2293 3655 transferuntur
2311 3618 2497 3654 secundum
