2782 4134
80 374 228 427 :991e95.¹i11,
235 377 288 399 n.13.

129 406 164 421 act
204 417 209 421 .

79 532 90 543 ⁴*
111 531 214 552 ostendit
233 537 246 551 1>
267 533 288 551 et

79 558 145 579 codd.
160 563 209 579 exc.
221 556 287 583 A(G?J;

79 584 174 606 cf.text.

78 741 88 751 ⁶
103 739 279 768 interpositione

79 766 147 788 codd.

78 1008 87 1017 ·
97 1005 257 1027 honorabilior
266 1011 286 1026 Ε.

77 1266 85 1274 ·
101 1263 158 1284 Ibid.
173 1269 196 1285 n.
207 1269 236 1284 12.

76 1422 84 1431 “
100 1423 123 1442 et
136 1426 182 1442 om.
196 1426 216 1442 Ρ.

324 285 393 330 148

317 374 430 410 supra
454 361 473 381 ¹*
502 360 642 396 nullam
675 356 907 395 mentionem
935 354 1020 391 fecit
1044 354 1097 389 **.
1129 353 1234 409 Haec
1268 349 1370 408 enim

318 426 440 461 causa,
461 412 598 450 scilicet
622 409 806 448 distinctio
826 406 1020 445 anterioris
1042 413 1077 441 et
1096 411 1370 461 posteri-origin

317 468 441 514 caelo,
480 464 590 502 solvit
615 463 845 513 praedictam
880 458 1160 497 dubitationem.
1200 457 1240 514 Si
1269 466 1369 513 enim

316 526 441 556 motus
462 517 552 555 caeli
572 529 612 553 se
630 517 744 553 habet
773 514 912 562 optime
933 517 1116 559 quantum
1137 510 1367 566 ⁶⁰P¹¹¹ig¹tf⁵⁷

316 572 410 609 sicut
425 571 564 608 dictum
579 576 644 616 est,
655 569 748 605 haec
765 566 832 603 erit
847 577 958 602 causa
974 563 1093 599 dictae
1109 561 1367 598 dubitationis:

316 625 404 674 quia
431 623 619 672 optimum
648 628 702 657 est
729 619 832 668 quod
860 618 1005 653 caelum
1034 620 1236 650 moveatur
1260 619 1370 649 motu

314 677 481 726 simplici,
510 675 605 712 idest
632 684 782 721 semper
809 681 940 707 versus
961 667 1122 704 eandem
1141 673 1301 725 partem,
1334 672 1370 701 et

315 728 531 774 incessabili,
551 727 646 764 idest
665 726 743 762 sine
762 721 1046 771 interpolatione
1060 720 1234 767 *qniet1s,
1252 730 1367 766 quam

315 794 467 821 necesse
497 787 592 817 esset
618 776 852 823 intervenire,
883 774 912 811 si
941 772 1171 822 quandoque
1193 783 1368 807 movere-

315 845 374 873 tur
386 846 518 872 versus
532 843 648 869 unam
662 837 821 879 partem,
838 827 1070 876 quandoque
1083 837 1216 862 versus
1235 823 1366 869 aliam;

316 896 351 925 et
377 886 530 924 ulterius
558 883 742 932 optimum
772 889 827 918 est
856 879 962 928 quod
998 885 1208 936 moveatur.
1233 889 1368 913 versus

313 938 630 978 honorabiliorem
657 942 824 984 partem,
855 940 911 970 est
938 939 1065 969 autem
1094 938 1258 967 anterior
1279 942 1368 978 pars

314 992 475 1031 nobilior
496 992 526 1026 ³¹².
556 990 605 1026 Et
635 988 722 1025 ideo
756 987 903 1024 caelum
937 991 1114 1021 movetur
1146 984 1194 1020 ab
1224 983 1368 1019 oriente

313 1057 445 1084 versus
465 1055 575 1081 suum
594 1041 769 1086 anterius,
789 1040 886 1077 idest
902 1050 1036 1075 versus
1056 1036 1228 1085 superius
1247 1035 1367 1073 hemi-

314 1097 544 1148 sphaerium3
574 1107 651 1131 non
678 1100 805 1130 autem
833 1104 966 1129 versus
994 1090 1158 1137 inferius,
1189 1089 1294 1138 quod
1314 1095 1370 1125 est

314 1151 404 1188 caeli
426 1148 621 1198 posterius.

366 1204 400 1239 6.
431 1201 507 1238 Sed
533 1200 682 1237 videtur
709 1198 814 1247 quod
841 1196 1153 1234 inconvenienter
1185 1196 1284 1232 hanc
1311 1207 1368 1231 ra-

311 1256 451 1292 tionem
467 1253 637 1301 assignet.
655 1253 778 1300 Supra
793 1251 813 1272 ²¹⁸
829 1250 930 1287 enim
950 1250 1152 1297 assignavit
1166 1247 1369 1286 distinctio-

311 1321 399 1345 nem
426 1308 561 1343 harum
588 1305 752 1354 partium
771 1303 810 1340 in
830 1304 934 1340 caelo
956 1315 1001 1339 ex
1019 1302 1204 1351 principio
1224 1309 1367 1349 motus,

311 1361 398 1409 quia
425 1359 562 1396 scilicet
588 1365 714 1395 motus
743 1356 835 1393 caeli
862 1356 1012 1393 videtur
1039 1355 1205 1405 incipere
1225 1355 1274 1392 ab
1293 1367 1370 1391 una

308 1421 412 1462 parte
440 1420 477 1449 et
498 1413 516 1433 *
534 1423 611 1448 non
640 1411 687 1447 ab
717 1409 808 1455 alia;
833 1409 895 1446 hic
919 1416 1045 1446 autem
1076 1408 1239 1456 assignat
1258 1407 1369 1445 ratio-

309 1479 397 1504 nem
423 1465 537 1514 quare
557 1464 703 1501 caelum
724 1463 777 1499 sic
802 1469 1003 1499 moveatur
1028 1469 1064 1498 et
1087 1474 1166 1498 non
1186 1461 1302 1509 aliter,
1324 1473 1368 1498 ex

309 1517 542 1556 distinctione
561 1517 723 1566 partium
745 1515 853 1562 caeli3
879 1522 915 1551 et
929 1515 979 1552 ita
997 1515 1148 1552 videtur
1165 1527 1368 1564 processus

309 1572 388 1609 eius
407 1583 488 1608 esse
509 1569 706 1607 circularis.
718 1590 742 1596 -
754 1569 815 1606 Ad
835 1569 940 1618 quod
960 1568 1166 1606 dicendum
1189 1575 1245 1605 est
1264 1568 1369 1616 quod

309 1624 491 1662 distinctio
525 1623 687 1672 partium
723 1622 814 1659 caeli
853 1629 909 1658 est
946 1634 1059 1659 causa
1097 1621 1204 1671 quod
1241 1629 1369 1658 motus

1002 277 1073 313 DE
1104 273 1278 311 CAELO
1308 272 1378 308 ET
1407 267 1602 307 MUNDO
1633 268 1727 305 LIB.
1759 269 1790 304 II

1426 346 1518 383 caeli
1545 346 1699 395 incipiat
1727 347 1775 383 ab
1804 347 1876 384 hac
1903 354 2009 396 parte
2031 354 2067 383 et
2085 358 2165 383 non
2184 347 2233 383 ab
2254 347 2337 395 alia,
2359 354 2395 384 et
2414 360 2494 385 non

1426 412 1445 436 e
1475 411 1684 436 converso:
1722 399 1790 436 sed
1827 407 1978 438 motum
2015 399 2180 449 incipere
2209 400 2258 436 ab
2287 401 2360 437 hac
2386 408 2493 450 parte

1426 452 1519 488 caeli
1535 453 1555 473 ’¹‘
1572 459 1607 489 et
1625 465 1704 489 non
1725 454 1773 490 ab
1794 453 1877 502 alia,
1899 460 1955 490 est
1974 453 2123 501 signum
2144 452 2389 490 distinctionis
2408 466 2494 502 par-

1424 505 1519 542 tium
1539 505 1643 542 caeli.
1674 506 1802 544 Causa
1829 514 1958 544 autem
1979 505 2228 544 distinctionis
2256 507 2394 543 harum
2407 519 2493 556 par-

1424 558 1518 594 tium
1557 565 1613 595 est
1648 558 1769 596 virtus
1807 559 1958 596 animae
1996 559 2188 596 moventis
2226 560 2396 606 caelum,
2430 560 2494 597 vel

1425 611 1701 659 cuiuscumque
1724 612 1982 650 intellectualis
2001 613 2245 661 substantiae,
2267 612 2494 649 diversimo-

1425 664 1473 701 de
1494 666 1514 686 ²'⁸
1534 664 1708 702 attributa
1737 665 1895 703 diversis
1913 666 2084 715 partibus
2104 666 2208 703 caeli.
2239 665 2343 703 Nihil
2364 673 2494 703 autem

1423 717 1616 766 prohibet,
1647 730 1736 755 cum
1765 718 1959 767 quaeritur
1985 731 2036 756 an
2065 719 2207 769 aliquid
2235 719 2300 767 sit,
2328 719 2494 768 probare

1424 771 1514 808 illud
1539 783 1608 819 per
1626 770 1798 819 signum3
1829 783 1918 809 cum
1946 780 2077 809 tamen
2101 772 2294 821 quaeritur
2313 772 2362 809 de
2382 784 2496 809 causa

1424 823 1581 860 alicuius
1613 832 1770 873 propter
1797 837 1914 873 quam
1943 833 2019 874 est,
2049 826 2240 874 oportebit
2266 825 2417 873 signum
2446 825 2495 862 ad

1425 888 1595 913 causam.
1610 877 1811 924 reducere3
1841 877 1937 914 sicut
1962 878 1992 915 si
2010 880 2222 928 probemus
2251 891 2318 916 cor
2345 878 2495 916 moveri

1423 941 1493 978 per
1520 936 1671 966 motum
1694 942 1817 967 venae
1845 931 2049 979 pulsatilis‚
2079 932 2110 969 si
2134 939 2264 969 tamen
2293 939 2496 981 quaeratur

1424 994 1522 1031 quae
1538 982 1584 1018 sit
1601 995 1716 1019 causa
1734 990 1862 1020 motus
1880 996 2004 1021 venae
2023 985 2215 1033 pulsafilis,
2229 985 2375 1022 dicetur
2389 985 2495 1033 quod

1424 1036 1499 1072 hoc
1529 1042 1584 1072 est
1606 1042 1764 1085 propter
1791 1043 1943 1073 motum
1972 1037 2108 1075 cordis.
2138 1038 2188 1074 Et
2216 1037 2385 1074 similiter
2411 1038 2495 1075 Ari-

1425 1088 1576 1125 stoteles
1594 1088 1774 1137 probavit
1792 1101 1876 1126 esse
1895 1090 2011 1127 talem
2032 1090 2313 1128 distinctionem
2331 1090 2496 1139 partium

1424 1141 1463 1178 in
1483 1142 1601 1189 caelo,
1630 1154 1700 1190 per
1726 1141 2012 1180 inchoationem
2041 1151 2170 1180 motus
2198 1156 2221 1180 a
2245 1143 2496 1182 determinata

1423 1202 1547 1244 parte,
1578 1195 1674 1231 sicut
1699 1206 1768 1244 per
1795 1195 1965 1243 signum;
1987 1203 2023 1233 et
2050 1204 2181 1233 tamen
2208 1196 2494 1235 inchoationem

1425 1255 1554 1285 motus
1569 1247 1713 1285 reducit
1726 1248 1765 1285 in
1779 1248 2032 1286 differentiam
2047 1249 2214 1298 partium
2229 1249 2334 1298 caeli,
2346 1250 2443 1287 sicut
2455 1249 2495 1288 in

1426 1313 1591 1339 causam.
1613 1323 1637 1329 -
1657 1301 1906 1350 Distinguitur
1924 1310 2053 1339 autem
2072 1315 2162 1352 pars
2181 1302 2347 1340 anterior
2366 1310 2404 1340 et
2425 1315 2495 1352 po-

1425 1354 1559 1392 sterior
1573 1354 1612 1391 in
1627 1355 1745 1403 caelo,
1766 1367 1846 1392 non
1865 1356 2093 1403 naturaliter,
2119 1355 2261 1393 scilicet
2279 1355 2495 1394 secundum

1426 1408 1717 1445 determinatam
1735 1416 1885 1457 partem
1905 1409 2076 1458 corporis
2096 1409 2267 1447 caelestis
2274 1409 2395 1458 „quia
2417 1420 2496 1447 una

1426 1469 1462 1498 et
1491 1461 1628 1499 eadem
1655 1473 1745 1511 pars
1775 1462 1945 1500 caelestis
1974 1462 2146 1512 corporis
2173 1474 2274 1512 quae
2307 1474 2411 1500 nunc
2438 1469 2496 1500 est

1424 1515 1463 1551 in
1491 1514 1677 1564 superiori
1706 1515 1990 1564 hemisphaerio
2004 1521 2030 1563 ”‚
2056 1524 2192 1566 postea
2215 1516 2285 1553 erit
2310 1515 2350 1553 in
2372 1515 2496 1554 hemi,

1425 1567 1600 1616 sphaerio
1616 1567 1800 1615 inferiori;
1817 1569 1886 1606 sed
1900 1569 2113 1606 secundum
2130 1569 2256 1617 situm,
2267 1569 2366 1606 sieut
2379 1569 2495 1607 etiam

1425 1633 1540 1670 supra
1561 1622 1581 1643 ’¹‘
1609 1621 1753 1659 dictum
1774 1629 1830 1659 est
1849 1622 1898 1660 de
1917 1622 2131 1661 differentia
2149 1622 2270 1661 dextri
2289 1630 2326 1660 et
2344 1621 2492 1660 sinistri.
2522 1632 2534 1643 ·
2548 1631 2607 1654 1¹21ss
2622 1636 2687 1659 mu-

359 1782 385 1814 η)
405 1781 430 1806 in
449 1780 580 1813 superiori
597 1780 797 1812 hemisphaerio.
810 1794 829 1799 -
845 1780 871 1806 in
891 1780 1085 1813 hemisphaerio
1105 1781 1228 1813 superior
1245 1781 1279 1813 Ρ;
1300 1786 1326 1806 et
1344 1781 1377 1805 ita
1396 1780 1482 1805 statim
1501 1788 1550 1814 pro
1568 1780 1700 1814 inferiori,
1719 1781 1841 1815 inferior.

2522 466 2530 475 ¹
2548 466 2612 487 caeli
2625 472 2673 488 om.
2687 473 2711 488 r.

2521 677 2533 688 ⁸⁸
2552 677 2710 700 diversimode

2522 709 2572 725 om.
2586 710 2608 725 P.

2621 1527 2637 1551 η
