2782 4134
20 1237 218 1261 'monaa-

120 2834 139 2842 ”
172 2831 211 2847 Pa.

1111 279 1222 316 CAP.
1253 279 1320 326 III,

242 358 327 386 tertia
348 358 523 395 quaestione,
539 367 627 395 quare
649 357 756 386 scilicet
776 366 900 394 corpora
921 357 1063 401 caelestia,
1082 366 1149 385 cum
1169 366 1230 385 non
1251 356 1308 385 sint

241 398 333 426 calida
354 398 384 425 in
405 397 450 426 sui
471 404 593 433 natura,
626 403 745 426 causant
775 396 947 425 caliditatem
969 396 998 424 in
1019 396 1079 424 istis
1106 396 1307 431 inferioribus,

241 437 332 474 magis
354 437 559 465 convenienter
583 437 726 465 diceretur
746 436 776 463 in
797 435 876 463 libris
898 436 934 463 de
955 445 1056 463 sensu:
1078 435 1189 464 ratione
1210 443 1309 464 tamen

241 477 400 516 praesentis
428 477 580 512 materiae,
600 482 718 513 oportet
738 475 826 503 etiam
849 474 896 503 hic
917 475 1057 511 explicare
1078 476 1230 512 quomodo
1251 476 1309 504 hoc

242 518 300 547 fiat.
315 533 336 537 —
352 517 378 544 5.
399 516 526 544 Solvitur
545 525 614 553 ergo
636 514 776 552 quaestio.
798 516 836 542 Et
851 514 952 552 primo
973 514 1134 551 assignatur
1154 524 1250 543 causa
1262 524 1309 543 ca-

242 556 312 587 loris
336 566 354 584 a
374 555 547 592 corporibus
572 555 741 590 caelestibus
766 554 902 591 generati.
933 555 1009 582 Cum
1034 554 1111 582 enim
1140 554 1311 582 sensibiliter

242 597 392 626 videamus
419 595 500 632 quod
521 600 618 623 motus
638 600 734 631 potest
748 593 921 639 disgregare
932 600 960 621 et
974 593 1139 628 rarefacere,
1160 600 1188 621 et
1208 603 1310 622 conse-

243 641 365 679 quenter
384 634 489 671 ignire,
509 633 581 662 nihil
601 633 809 662 inconveniens
836 639 879 661 est
900 633 924 661 si
944 633 1056 661 caelum
1084 642 1138 661 suo
1160 639 1243 661 motu
1264 642 1311 661 ca-

243 674 355 705 lefaciat
374 674 430 702 ista
449 673 594 702 inferiora.
614 689 634 694 -
656 674 683 701 6.
699 673 832 701 Secundo
853 673 1015 709 assignatur
1028 672 1102 700 ratio
1123 681 1212 708 quare
1234 673 1312 700 calor

244 719 378 744 causatur
398 712 490 750 magis
511 722 544 740 ex
559 718 642 740 motu
663 711 730 740 solis
752 721 840 749 quam
854 712 978 740 aliorum
999 711 1182 748 superiorum
1207 721 1312 748 corpo-

244 763 318 783 rum.
334 753 431 781 Motus
445 761 567 781 causans
581 752 782 780 vehementem
800 752 937 787 calorem,
955 757 1071 788 oportet
1085 752 1166 788 quod
1180 751 1216 779 sit
1229 752 1312 779 velox

244 799 273 824 et
293 792 474 831 propinquus
502 791 602 820 nobis:
626 797 723 819 motus
737 797 835 819 autem
857 791 926 821 solis
946 798 1100 828 utramque
1114 790 1312 819 conditionem

244 834 339 868 habet,
361 841 431 870 prae
458 831 586 860 motibus
606 831 730 859 aliorum
758 838 914 859 astrorum.
936 848 955 852 -
977 841 1004 868 7.
1032 831 1130 859 Tertio
1151 831 1333 868 assignatur

245 882 333 905 causa
351 881 440 909 quare
461 871 540 900 calor
561 877 695 900 causatur
708 871 800 908 magis
815 880 848 899 ex
869 877 952 899 motu
973 870 1063 908 ipsius
1085 870 1186 899 solaris
1207 880 1312 907 corpo-

347 1004 352 1010 ,
507 964 611 1000 oluta
639 963 860 1012 quaestione
890 963 937 1001 de
975 963 1213 1001 ordinatione
1242 963 1315 1000 ele-

332 1015 348 1064 s
390 1012 440 1045 “52⁴
455 1006 494 1069 fs.
507 1023 738 1063 mentorum
754 1016 903 1054 *solvit
917 1017 1180 1076 quaestionem
1197 1016 1314 1054 dem

247 1187 292 1214 ex
319 1122 532 1227 praedictis,
554 1175 683 1213 dicens
703 1176 809 1224 quod
829 1177 927 1213 hanc
947 1175 1239 1213 existimandum
1259 1183 1315 1212 est

240 1241 331 1274 esse
346 1238 516 1266 causam
545 1241 662 1278 quare
682 1228 720 1265 in
740 1229 926 1278 superiori
944 1236 1052 1278 parte
1071 1229 1168 1266 aeris
1187 1227 1207 1250 *
1235 1240 1314 1265 non

248 1289 524 1330 congregantur
560 1282 708 1328 nubes,
752 1281 842 1330 quia
877 1294 966 1331 pars
1004 1282 1083 1318 eius
1120 1281 1312 1330 superior,

247 1345 349 1385 quae
384 1334 640 1372 communiter
666 1342 827 1372 vocatur
858 1347 943 1382 aer,
979 1347 1058 1372 non
1094 1335 1220 1371 solum
1260 1340 1314 1370 est

247 1399 324 1436 aer,
354 1387 423 1425 sed
448 1387 568 1436 magis
588 1395 644 1424 est
662 1387 771 1436 quasi
789 1387 884 1436 ignis
903 1394 935 1434 ⁸²,
965 1395 1007 1424 ut
1035 1387 1177 1424 dictum
1207 1395 1264 1424 est
1280 1387 1312 1424 ³¹³.

247 1438 327 1480 Sed
354 1440 444 1490 quia
468 1441 582 1477 etiam
600 1441 720 1477 multo
749 1440 904 1477 inferius
923 1440 1019 1477 infra
1044 1440 1146 1477 illam
1164 1447 1313 1489 partem

247 1493 374 1533 adhuc
392 1506 472 1531 non
490 1500 718 1542 generantur
744 1493 878 1540 nubes,
898 1505 1054 1530 necesse
1082 1493 1150 1530 fuit
1176 1500 1218 1530 ut
1243 1505 1314 1542 po-

247 1553 356 1587 neret
381 1546 496 1584 aliam
524 1545 764 1583 solutionem.

302 1611 337 1637 2.
358 1599 470 1637 Unde
490 1598 700 1636 secundam
720 1597 948 1636 solutionem
974 1598 1083 1647 ponit
1109 1598 1177 1635 ibi:
1206 1599 1317 1637 Nihil

246 1657 373 1691 autem
394 1652 571 1701 prohibet
597 1658 667 1688 etc.
692 1652 742 1688 Et
770 1651 856 1688 dicit
884 1651 990 1711 quod
1018 1651 1110 1689 nihil
1138 1652 1315 1701 prohibet

248 1704 362 1742 etiam
379 1712 536 1754 propter
563 1711 714 1741 motum
739 1704 836 1741 aeris
864 1703 903 1741 in
932 1704 1099 1752 circuitu,
1111 1705 1313 1765 prohiberi

246 1757 354 1809 quod
381 1758 504 1795 nubes
532 1770 612 1795 non
631 1765 908 1805 congregentur
936 1757 974 1795 in
994 1758 1179 1807 superiori
1207 1759 1312 1796 loco:

247 1810 337 1861 quia
364 1810 622 1848 necessarium
652 1817 708 1847 est
736 1811 840 1860 quod
876 1818 978 1848 totus
1006 1823 1072 1848 aer
1099 1812 1164 1861 qui
1194 1820 1248 1849 est
1276 1812 1315 1849 in

247 1863 404 1902 circuitu
430 1871 564 1912 terrae,
597 1863 692 1900 fluat
719 1863 946 1901 circulariter
974 1872 1112 1901 motus.

302 1917 379 1954 Sed
404 1917 452 1954 ab
472 1916 543 1953 isto
571 1916 678 1953 fluxu
698 1916 835 1966 excipit
853 1917 992 1954 illum*
1010 1930 1140 1954 aerem
1165 1917 1230 1966 qui
1255 1930 1314 1955 ca-

245 1969 348 2020 pitur
382 1970 479 2007 inter
509 1969 788 2019 peripheriam,
818 1970 914 2008 idest
947 1970 1311 2018 circumferentiam,

247 2022 452 2072 definitam,
468 2022 566 2060 idest
584 2035 683 2072 quae
699 2023 913 2060 continetur
926 2023 1021 2060 infra
1034 2031 1161 2073 partes
1179 2031 1313 2072 terrae,

247 2083 290 2113 ut
317 2075 371 2113 sic
398 2083 477 2113 tota
504 2083 603 2112 terra
634 2075 849 2113 inveniatur
883 2089 964 2114 esse
999 2077 1195 2126 sphaerica
1225 2090 1313 2114 curn

205 2149 211 2155 -
247 2141 336 2166 aere
350 2128 536 2166 *incluso
556 2128 653 2166 inter
669 2136 796 2178 partes
816 2137 949 2166 terrae.
972 2130 1021 2167 Et
1037 2129 1078 2151 ³¹⁸*
1098 2130 1151 2167 sic
1170 2130 1231 2168 ille
1251 2143 1317 2168 aer

249 2181 314 2231 qui
341 2181 490 2219 excedit
517 2194 675 2219 omnem
694 2182 931 2220 altitudinem
960 2183 1161 2231 montium,
1183 2183 1221 2220 in
1247 2184 1314 2220 cir-

248 2235 351 2273 cuitu
369 2234 469 2272 fluit.
490 2247 556 2271 aer
574 2243 704 2272 autem
723 2235 789 2284 qui
818 2236 1030 2272 continetur
1057 2236 1186 2273 infra*
1205 2249 1316 2274 mon-

246 2287 343 2325 n‘um
363 2287 612 2335 altitudinem,
631 2288 838 2337 impeditur
865 2289 914 2325 ab
933 2290 1009 2326 hoc
1035 2289 1142 2326 fluxu
1167 2301 1211 2326 ex
1229 2302 1314 2338 par-

247 2341 348 2378 tibus
376 2348 495 2377 terrae
526 2341 797 2378 immobilibus.
828 2342 877 2378 Et
903 2349 1061 2390 propter
1095 2343 1170 2379 hoc
1202 2355 1314 2391 gene—

248 2393 352 2432 ratio
370 2401 578 2432 ventorum
605 2394 757 2431 videtur
777 2407 858 2432 esse
882 2407 984 2432 nunc
1013 2395 1050 2432 in
1079 2395 1169 2432 locis
1192 2402 1316 2433 terrae

246 2447 528 2497 stagnantibus,
558 2447 656 2484 idest
682 2447 721 2484 in
750 2460 838 2484 aere
875 2448 940 2496 qui
974 2448 1186 2485 continetur
1220 2449 1315 2486 infra

246 2507 374 2551 partes
397 2507 531 2547 terrae,
553 2512 598 2537 ac
617 2500 648 2537 si
667 2508 794 2538 essent
808 2508 940 2549 stagna
959 2501 1055 2538 aeris
1074 2501 1313 2550 quiescentis.

249 2552 290 2591 Si
317 2553 421 2591 enim
449 2565 516 2590 aer
543 2553 582 2590 in
610 2566 687 2602 quo
711 2562 940 2602 generantur
956 2554 1072 2602 venti,
1093 2563 1316 2592 moveretur

249 2605 488 2654 circulariter,
513 2614 706 2656 oporteret
734 2607 838 2656 quod
868 2619 1002 2645 omnes
1025 2608 1130 2645 venti
1160 2620 1247 2646 cum
1268 2620 1313 2645 eo

249 2659 476 2696 circulariter
495 2659 839 2698 circumferrentur:
865 2673 967 2698 nunc
990 2669 1118 2698 autem
1136 2661 1315 2699 videmus

249 2721 295 2750 ex
315 2712 474 2750 diversis
492 2713 664 2762 partibus
682 2720 820 2750 ventos
848 2714 953 2751 flare.
977 2715 1026 2751 Et
1054 2714 1142 2763 quia
1161 2714 1199 2751 in
1227 2727 1314 2752 aere

246 2765 380 2803 fluenti
408 2778 487 2803 non
515 2774 743 2814 generantur
773 2767 889 2814 venti,
915 2767 982 2804 sed
1015 2767 1053 2804 in
1085 2767 1314 2816 quiescenti,

246 2826 404 2868 propter
423 2818 444 2841 ³¹⁸
471 2819 546 2855 hoc
564 2819 669 2856 venti
696 2832 776 2856 non
805 2820 992 2857 excedunt
1019 2828 1170 2857 montes
1199 2822 1314 2858 altos.

249 2871 383 2909 dicitur
411 2871 512 2909 enirn
545 2872 594 2909 ab
636 2872 799 2922 antiquis
832 2874 959 2921 quod,
989 2873 1182 2910 sacrificiis
1210 2874 1315 2911 factis

247 2924 287 2962 in
315 2925 503 2964 altissimis
531 2925 739 2973 montibus,
762 2934 851 2975 post
878 2938 1023 2963 annum
1052 2927 1317 2964 inveniebatur

249 2977 340 3016 cinis
354 2977 372 3006 β
387 2978 514 3016 adhuc
529 2979 668 3025 salvus,
682 2978 721 3015 in
737 2979 876 3016 eodem
891 2979 977 3016 loco
994 2991 1166 3017 manens.
1178 2981 1228 3017 Et
1241 2981 1317 3017 hoc

249 3031 356 3080 quod
382 3031 487 3068 venti
515 3044 595 3069 non
614 3040 843 3080 generantur
861 3032 924 3079 ibi,
947 3040 1002 3069 est
1029 3033 1180 3081 signum
1210 3034 1316 3083 quod

249 3084 363 3121 etiam
398 3085 520 3122 nubes
558 3085 608 3122 ibi
646 3097 725 3122 non
763 3085 1045 3123 condensantur
1080 3086 1120 3123 in
1152 3087 1313 3135 pluvias.

250 3138 380 3185 Quare
400 3146 530 3175 autem
550 3150 615 3175 aer
634 3138 699 3187 qui
727 3138 875 3175 excedit
893 3146 1044 3175 montes
1063 3139 1168 3185 fluat,
1191 3147 1315 3176 osten-

250 3190 314 3238 dit,
331 3191 499 3229 subdens
518 3191 623 3240 quod
643 3191 730 3228 ideo
750 3191 860 3228 fluit
852 3204 890 3228 in
912 3191 1078 3239 circuitu,
1095 3192 1184 3241 quia
1204 3193 1316 3229 simul

302 3338 332 3380 α)
352 3346 404 3363 non
417 3339 503 3364 solum
517 3342 558 3363 est
569 3346 624 3368 aer,
639 3339 687 3363 sed
701 3339 787 3371 magis
801 3342 842 3364 est
853 3339 931 3371 quasi
949 3340 1028 3372 ignis.
1045 3353 1064 3358 —
1082 3343 1121 3365 est
1140 3340 1227 3373 magis
1240 3341 1317 3372 quasi

250 3374 320 3408 ignis
339 3374 391 3403 Pa;
410 3373 441 3398 cf.
455 3378 517 3398 text.
534 3388 555 3393 —
572 3374 630 3398 Lin.
643 3381 700 3406 seq.
714 3374 758 3398 AB
776 3381 830 3399 om.
850 3375 933 3399 multo
952 3374 1072 3407 inferius.

304 3408 330 3443 β)
349 3409 534 3434 inveniebatur
555 3409 631 3434 cinis.
648 3422 668 3427 -
685 3409 821 3433 invenitur
844 3409 911 3434 cinis
928 3410 986 3434 B.-
999 3410 1044 3434 AB
1063 3414 1271 3442 prosequuntur:
1291 3413 1317 3434 et

249 3444 338 3469 adhuc
361 3445 483 3469 salvatur
501 3447 528 3468 et
545 3444 572 3468 in
591 3444 692 3469 eodem.
710 3457 730 3462 —
747 3444 798 3468 Pro
816 3445 888 3476 quod
906 3445 987 3469 etiam
1006 3445 1086 3470 nubes
1106 3445 1142 3470 ibi
1160 3453 1226 3474 non,
1245 3445 1318 3477 quod

251 3487 299 3505 nec
317 3480 397 3504 nubes
416 3479 452 3504 ibi
470 3480 523 3510 AB,
543 3478 691 3511 elegantiori
710 3479 801 3503 forma.

303 3514 331 3549 γ)
351 3515 476 3540 continue
501 3521 568 3539 unus
593 3515 665 3539 locus
690 3517 789 3539 manet.
806 3529 827 3533 -
850 3514 975 3539 continue
999 3514 1134 3546 ἄοικα-(9)
1154 3513 1188 3547 (Α
1210 3515 1267 3539 add.
1291 3519 1316 3539 et

251 3558 361 3583 expung.
381 3549 469 3583 ignis)
489 3556 556 3574 unus
576 3550 648 3574 Iocus
662 3553 818 3581 perseverat
836 3550 889 3574 ΑΒ.
907 3564 927 3569 -
946 3550 1025 3574 Iidem
1045 3550 1110 3574 linea
1129 3550 1248 3582 sequenti
1268 3557 1316 3581 pro

250 3592 354 3617 semper
373 3588 487 3614 maneat,
506 3592 609 3616 semper
628 3588 726 3610 manet.

305 3619 330 3654 δ)
350 3621 391 3646 νει
405 3627 457 3653 per
480 3620 669 3645 violentiam...
690 3621 816 3645 elevatur.
840 3634 860 3639 -
883 3623 931 3644 aut
950 3627 1002 3652 per
1020 3620 1173 3645 violentiam
1193 3620 1316 3645 deorsum

252 3662 290 3680 ex
307 3662 389 3681 causa
409 3654 540 3689 (corrupte
559 3663 606 3688 pro
626 3659 741 3681 extrusa
760 3663 806 3680 seu
819 3654 944 3689 expulsa)
960 3656 998 3680 ad
1014 3658 1162 3688 generatur
1179 3656 1235 3680 alia
1250 3662 1318 3688 quae

1350 278 1501 315 LECT.
1530 277 1566 314 v
2351 279 2425 326 339

1362 356 1409 392 ris,
1421 366 1510 394 quam
1525 365 1559 385 ex
1573 362 1656 384 motu
1675 356 1813 393 sphaerae
1835 355 1909 384 eius:
1932 355 2070 384 nimirum
2092 356 2160 392 quia
2174 356 2298 384 maxime
2319 357 2427 394 disgre-

1361 403 1409 434 gat
1429 405 1526 425 aerem
1554 402 1652 424 motus
1678 395 1808 433 corporis
1836 395 1934 431 solidi,
1964 402 1992 424 et
2017 395 2113 432 ipsum
2140 405 2246 432 corpus
2273 396 2365 424 solare
2387 403 2429 425 est

1363 436 1453 473 magis
1475 435 1600 464 solidum
1625 445 1713 473 quam
1735 442 1846 464 ceterae
1868 442 1962 472 partes
1983 436 2122 472 sphaerae
2143 435 2213 463 eius.
2228 451 2247 456 —
2268 436 2428 470 Quomodo

1363 476 1446 511 luna,
1468 475 1534 504 licet
1554 485 1615 504 non
1637 475 1748 504 calefiat
1767 485 1785 504 a
1806 475 1883 511 sole,
1909 481 2007 503 tamen
2028 484 2089 503 non
2117 475 2237 512 impedit
2265 476 2391 504 calorem
2412 485 2429 504 a

1363 516 1424 544 sole
1446 515 1607 552 pertingere
1627 525 1720 552 usque
1741 516 1779 543 ad
1800 524 1864 544 nos.
1879 531 1900 535 —
1914 516 2011 550 Quare
2031 515 2082 543 ubi
2107 521 2149 543 est
2170 516 2288 550 umbra,
2310 525 2371 543 non
2387 522 2430 544 est

1363 561 1460 583 tantus
1488 555 1566 583 calor
1589 562 1714 592 quantus
1735 554 1765 583 in
1785 555 1856 583 locis
1880 555 1930 583 ubi
1956 555 2028 583 radii
2054 555 2163 583 solares
2186 554 2386 591 proiiciuntur.
2410 572 2429 576 —

1365 596 1461 622 Motus
1483 595 1552 623 solis
1573 601 1672 623 causat
1692 595 1827 630 calorem,
1849 604 1911 623 non
1931 594 2104 632 inquantum
2126 600 2169 623 est
2189 601 2286 622 motus
2307 601 2429 630 tantum,

1365 634 1416 661 sed
1437 634 1609 671 inquantum
1631 641 1674 662 est
1699 641 1798 663 motus
1825 634 1956 671 corporis
1983 634 2114 663 habentis
2134 634 2166 662 in
2186 634 2231 662 sui
2251 641 2354 662 natura
2374 634 2430 662 vir-

1365 679 1455 701 tutem
1477 674 1669 702 calefaciendi.
1692 691 1711 696 -
1731 675 1759 703 8.
1778 674 1846 702 Alia
1869 683 1973 708 causa,
1995 673 2122 711 partialis
2146 680 2260 709 tamen,
2279 673 2430 702 caliditatis

1366 719 1499 741 causatae
1521 722 1554 741 ex
1576 721 1658 742 motu
1679 714 1767 742 caeli:
1797 714 1865 751 quia
1886 723 1990 751 nempe
2012 714 2175 751 frequenter
2195 713 2269 751 ignis
2290 723 2324 742 ex
2347 720 2430 742 motu

1367 752 1495 780 caelestis
1517 753 1647 789 corporis
1667 753 1836 799 propellitur
1849 753 1989 782 violenter
2003 754 2153 789 deorsum,
2177 760 2205 782 et
2225 753 2366 791 spargitur
2379 763 2431 790 per

1366 800 1472 819 aerem.
1494 808 1513 812 -
1535 801 1562 828 9.
1584 794 1706 821 Duobus
1727 793 1814 830 signis
1843 794 2042 822 manifestatur
2061 793 2092 821 id
2113 794 2193 830 quod
2214 794 2432 830 supponebatur

1366 830 1489 898 inlhac
1492 832 1670 868 quaestione,
1686 841 1791 869 nempe
1806 834 1886 870 quod
1901 842 2024 870 corpora
2038 833 2170 862 caelestia
2183 842 2245 862 non
2259 839 2326 862 sunt
2339 833 2432 861 calida

1366 879 1400 898 ve
1432 870 1530 908 ignita.

1369 963 1527 1000 trahitur
1555 976 1644 1000 curn
1669 964 1910 1002 circulatione
1936 966 2029 1002 caeli
2055 966 2092 1004 *ε
2122 967 2216 1016 ignis
2246 968 2347 1005 enim
2377 974 2432 1004 est

1370 1017 1578 1062 continuus,
1606 1016 1701 1054 idest
1723 1018 1938 1076 contiguus,
1961 1031 2048 1055 cum
2078 1032 2238 1070 corpore
2267 1020 2429 1068 caelesti,

1370 1082 1435 1114 aer
1454 1077 1583 1106 autem
1604 1082 1691 1106 cum
1721 1069 1818 1118 igne.

1424 1122 1524 1169 Quia
1553 1134 1641 1171 ergo
1671 1123 1848 1183 superior
1872 1135 1936 1160 aer
1959 1124 2052 1171 fluit,
2077 1137 2147 1173 per
2176 1125 2255 1162 eius
2282 1133 2431 1163 motum

1368 1175 1591 1223 prohibetur
1633 1176 1852 1224 congregari
1892 1177 1931 1213 in
1973 1189 2138 1226 aquam:
2173 1178 2261 1227 quia
2302 1187 2430 1216 motus

1369 1228 1541 1265 rarefacit
1559 1235 1596 1265 et
1624 1229 1956 1277 congregationem
1975 1229 2143 1279 impedit.
2166 1232 2243 1268 Sed
2263 1231 2293 1269 si
2317 1244 2393 1280 qua
2411 1231 2431 1254 '¹‘

1367 1293 1456 1330 pars
1493 1281 1590 1318 illius
1619 1282 1715 1319 aeris
1750 1282 1877 1330 aliquo
1909 1283 2028 1320 modo
2063 1284 2336 1332 condensetur,
2367 1293 2432 1322 aut

1368 1333 1524 1383 aliquod
1558 1335 1722 1383 spissum
1764 1335 1890 1383 aliquo
1928 1336 2048 1373 modo
2082 1337 2223 1374 feratur
2262 1349 2331 1386 per
2366 1338 2429 1375 ali-

1369 1399 1485 1436 quam
1506 1387 1739 1435 violentiam,
1760 1388 1899 1425 feretur
1918 1389 2110 1436 deorsum,
2131 1389 2254 1427 idest
2245 1403 2283 1428 m
2302 1391 2430 1428 locum

1369 1439 1466 1477 aeris
1494 1441 1699 1490 propinqui
1717 1449 1856 1478 terrae:
1879 1448 1914 1478 et
1942 1442 1972 1478 si
1992 1442 2083 1490 quid
2104 1442 2267 1480 calidum
2296 1451 2374 1480 erat
2392 1444 2431 1481 in

1369 1505 1426 1540 ea,
1447 1493 1619 1530 feretur*
1638 1506 1800 1531 sursum.
1823 1495 1872 1531 Et
1890 1494 1962 1531 alia
1980 1507 2068 1543 pars
2087 1495 2184 1532 illius
2204 1496 2312 1544 aeris,
2332 1509 2431 1555 quae

1369 1559 1447 1583 non
1475 1554 1668 1594 gravatur,
1699 1547 1836 1583 feretur
1864 1560 2015 1584 sursum
2045 1547 2156 1584 simul
2180 1548 2200 1570 '¹‘
2229 1561 2316 1586 cum
2344 1549 2430 1597 igne

1369 1599 1555 1636 exhalato.
1577 1600 1626 1636 Et
1653 1599 1717 1646 sic,
1739 1599 1832 1637 dum
1861 1612 1995 1637 eorum
2021 1612 2119 1659 quae
2139 1603 2381 1639 resolvuntur
2408 1616 2431 1640 a

1368 1653 1476 1690 terris
1505 1660 1540 1689 et
1568 1652 1676 1702 aquis
1705 1652 1847 1701 aliquid
1874 1661 2004 1690 manet
2040 1653 2078 1690 in
2106 1654 2192 1691 loco
2221 1655 2338 1703 aeris,
2368 1655 2431 1692 ali—

1369 1705 1461 1754 quid
1493 1705 1514 1727 '¹‘
1546 1713 1676 1742 autem
1713 1706 1830 1755 fertur
1865 1706 1915 1743 ad
1942 1707 2071 1743 locum
2099 1706 2214 1754 ignis,
2254 1708 2468 1746 continue·

1368 1771 1469 1796 unus
1498 1760 1604 1796 locus
1633 1752 1762 1795 manet
1779 1764 1794 1785 ⁷
1821 1759 1956 1808 plenus
1983 1772 2083 1806 aere,
2115 1767 2150 1797 et
2177 1760 2270 1797 alius
2298 1762 2433 1811 plenus

1370 1812 1471 1861 igne:
1501 1824 1580 1848 non
1608 1819 1737 1848 tamen
1765 1811 1815 1848 ita
1843 1813 1948 1860 quod
1972 1824 2124 1861 semper
2151 1822 2303 1851 maneat
2329 1814 2432 1852 idem

1370 1878 1435 1903 aer
1454 1873 1491 1902 et
1508 1865 1603 1913 ignis
1622 1877 1785 1902 numero
1805 1865 2062 1914 incorruptus3
2084 1866 2151 1903 sed
2171 1878 2333 1916 semper,
2351 1880 2433 1904 cor-

1370 1926 1481 1968 rupta
1498 1930 1576 1955 una
1595 1925 1701 1967 parte
1722 1918 1819 1955 aeris
1837 1918 1928 1955 vel
1920 1918 2025 1966 ignis,
2045 1919 2107 1956 vel
2127 1931 2196 1968 per
2213 1920 2433 1958 violentiam

1370 1972 1420 2009 ad
1446 1979 1587 2008 terram
1616 1972 1782 2021 expulsa,
1812 1979 2013 2019 generatur
2039 1972 2126 2019 alia,
2157 1985 2254 2021 quae
2283 1986 2434 2011 sursum

1370 2038 1393 2062 a
1420 2033 1519 2062 terra
1548 2032 1584 2061 et
1620 2037 1720 2073 aqua
1749 2025 1918 2061 elevatur
1942 2022 1965 2061 δ.
1997 2026 2046 2062 Et
2073 2025 2134 2072 ita,
2164 2025 2249 2062 licet
2282 2039 2435 2076 semper

1370 2085 1525 2115 maneat
1552 2077 1591 2114 in
1619 2078 1704 2114 loco
1734 2077 1830 2114 aeris
1868 2090 1943 2125 aer,
1966 2085 2002 2114 et
2029 2077 2066 2114 in
2090 2078 2175 2115 loco
2204 2078 2299 2126 ignis
2327 2079 2434 2128 ignis,

1370 2139 1500 2168 tamen
1528 2143 1680 2180 semper
1697 2130 1718 2152 ’¹‘
1744 2130 2079 2180 unumquodque
2070 2143 2242 2180 ipsorum
2262 2133 2305 2169 fit
2332 2133 2433 2170 aliud

1371 2192 1408 2222 et
1435 2184 1536 2221 aliud
1563 2196 1633 2243 per
1662 2183 1882 2220 continuam
1919 2184 2204 2232 generationem
2234 2193 2269 2222 et
2306 2198 2434 2223 corru-

1369 2237 1562 2286 ptionem3
1584 2237 1678 2273 sicut
1706 2237 1744 2273 in
1772 2237 1893 2274 fluvio
1915 2237 2127 2274 decurrenti
2154 2245 2268 2286 patet,
2290 2238 2327 2276 in
2356 2252 2432 2288 quo

1370 2302 1524 2339 semper
1551 2297 1682 2326 manet
1705 2302 1817 2338 aqua,
1837 2302 1916 2326 non
1943 2297 2072 2327 tamen
2101 2290 2238 2328 eadem
2258 2304 2433 2340 numero,

1370 2343 1439 2380 sed
1466 2355 1543 2380 una
1572 2343 1763 2380 defluente
1793 2349 1829 2379 et
1857 2343 1927 2380 alia
1956 2344 2193 2380 succedente.

1426 2398 1460 2434 3.
1481 2396 1629 2433 Deinde
1650 2395 1829 2443 recolligit
1857 2408 1901 2433 ea
1926 2408 2024 2445 quae
2044 2396 2142 2433 dicta
2162 2404 2259 2444 sunt,
2279 2397 2346 2434 ibi:
2375 2399 2436 2435 De

1369 2462 1412 2487 eo
1441 2449 1590 2498 quidem
1618 2449 1735 2499 igitur
1763 2456 1846 2496 etc„
1874 2456 1910 2485 et
1938 2449 2041 2486 dicit.
2071 2450 2195 2486 Tanta
2223 2458 2309 2487 sunt
2338 2451 2435 2488 dicta

1369 2515 1391 2539 a
1419 2502 1530 2539 nobis
1559 2502 1607 2539 de
1637 2514 1682 2538 eo
1713 2502 1818 2551 quod
1846 2514 1925 2539 non
1950 2499 2047 2539 fiunt
2074 2503 2206 2549 nubes,
2228 2516 2352 2563 neque
2380 2504 2434 2541 in-

1369 2555 1574 2615 spissatio⁸
1601 2567 1792 2604 vaporum
1821 2555 1859 2592 in
1888 2567 2041 2604 aquam,
2063 2556 2100 2593 in
2124 2556 2309 2604 superiori
2328 2565 2433 2606 parte

1369 2609 1482 2655 aeris3
1505 2616 1541 2645 et
1569 2608 1717 2645 etiam*
1736 2609 1783 2646 de
1812 2609 1898 2655 hoc,
1919 2609 2118 2657 quomodo
2148 2617 2321 2658 oporteat
2341 2610 2435 2647 acci-

1368 2674 1460 2711 pere
1481 2662 1529 2699 de
1552 2662 1638 2698 loco
1667 2661 1733 2710 qui
1762 2669 1816 2698 est
1844 2661 1940 2698 inter
1967 2674 2147 2710 suprema
2175 2670 2273 2699 astra
2302 2670 2337 2699 et
2364 2671 2435 2700 ter-

1369 2728 1464 2763 ram,
1494 2727 1572 2763 quo
1602 2714 1741 2751 scilicet
1770 2727 1931 2764 corpore
1958 2715 2094 2763 plenus
2123 2723 2188 2752 est.

1422 2781 1459 2816 4.
1480 2768 1630 2805 Deinde
1659 2780 1747 2804 cum
1777 2767 1911 2805 dicitssx
1940 2769 2000 2805 De
2016 2770 2129 2817 sacta
2152 2774 2277 2805 autem
2305 2769 2432 2806 calidi-

1369 2827 1442 2859 tate
1458 2829 1540 2868 etc,
1557 2820 1669 2858 solvit
1688 2820 1837 2858 tertiam
1853 2821 2116 2880 quaestionem
2131 2821 2161 2858 ²¹⁵.
2179 2822 2228 2858 Et
2247 2822 2346 2858 circa
2359 2823 2434 2859 hoc

1369 2875 1446 2912 duo
1475 2874 1573 2911 facit.
1595 2874 1726 2910 Primo
1747 2873 1834 2911 dicit
1858 2874 1905 2910 de
1926 2886 2002 2922 quo
2029 2882 2083 2910 est
2103 2874 2275 2911 intentio:
2306 2875 2434 2911 dicens

1370 2927 1475 2977 quod
1495 2927 1543 2964 de
1564 2926 1748 2964 caliditate
1773 2939 1890 2986 quam
1910 2928 1966 2963 sol
1994 2927 2081 2963 facit
2108 2927 2146 2963 in
2179 2927 2255 2963 istis
2283 2927 2434 2964 inferio-

1368 2981 1497 3027 ribus,
1528 2980 1648 3027 magis
1678 2979 1898 3016 conveniret
1927 2980 2051 3016 dicere
2088 2979 2299 3016 secundum
2329 2993 2367 3016 se
2398 2988 2434 3017 et

1369 3034 1578 3083 diligenter,
1599 3033 1695 3070 idest
1717 3032 1922 3081 perfecte,
1914 3045 1951 3068 m
1971 3032 2029 3068 his
2049 3044 2147 3080 quae
2168 3032 2328 3069 dicenda
2347 3041 2434 3070 sunt

1369 3086 1408 3124 in
1436 3086 1538 3123 libris
1567 3086 1614 3122 de
1644 3091 1802 3122 sensu⁷':
1833 3085 1922 3133 quia
1951 3085 2114 3122 calidum
2150 3092 2205 3121 est
2242 3086 2432 3133 quaedam

1371 3152 1553 3176 sensuum
1571 3138 1712 3187 passio,
1734 3145 1789 3174 est
1809 3137 1910 3174 enim
1931 3137 2122 3174 obiectum
2141 3150 2273 3175 sensus
2292 3146 2431 3185 tactus;

1371 3205 1504 3229 sensus
1533 3199 1661 3228 autem
1687 3199 1722 3227 et
1751 3190 1925 3227 sensibile
1954 3191 2096 3227 habent
2124 3191 2286 3228 eandem
2315 3192 2432 3229 scien-

1370 3346 1476 3364 sursum
1489 3346 1506 3363 a
1521 3342 1595 3363 terra
1614 3342 1640 3363 et
1658 3345 1729 3370 aqua
1747 3339 1884 3363 elevantur
1898 3339 1929 3368 A,
1944 3344 1969 3363 et
1987 3339 2086 3363 omisso
2104 3338 2148 3369 ad,
2162 3339 2192 3366 B
2207 3344 2235 3364 ut
2252 3339 2367 3371 videtur;
2386 3349 2434 3374 pro

1370 3381 1438 3406 quae
1456 3381 1569 3403 sursum,
1589 3374 1694 3405 aliaque
1712 3380 1817 3398 sursum
1837 3373 1883 3398 Pa.

1423 3408 1446 3442 ε)
1458 3416 1524 3441 quae
1534 3409 1606 3434 dicta
1615 3412 1704 3433 sunt...
1718 3408 1903 3440 inspissatio.—
1911 3415 1977 3440 quae
1987 3408 2059 3434 dicta
2071 3412 2140 3438 sunt,
2151 3413 2177 3434 et
2187 3410 2265 3435 dicit:
2275 3410 2362 3436 Tanta
2371 3416 2434 3436 sunt

1371 3445 1446 3469 nobis
1457 3443 1541 3477 (dicta
1555 3443 1586 3477 Β)
1598 3444 1631 3468 de
1645 3451 1675 3468 eo
1690 3443 1760 3475 quod
1774 3447 1814 3468 est
1826 3451 1878 3468 non
1885 3444 1949 3477 fieri
1963 3444 2043 3469 nubes
2056 3451 2138 3476 neque
2152 3445 2364 3477 inspissationem
2379 3448 2433 3472 AB.

1424 3479 1449 3512 ζ)
1470 3479 1574 3504 Deinde
1591 3486 1650 3504 cum
1670 3479 1742 3504 dicit.
1755 3492 1774 3498 -
1788 3479 1844 3503 Hoc
1862 3486 1915 3503 om.
1930 3479 1967 3503 Pa
1972 3486 1982 3508 ;
2000 3479 2115 3504 dividunt
2128 3485 2215 3505 tamen
2233 3485 2339 3507 textum.
2350 3496 2370 3500 -
2383 3482 2433 3507 Pro

1371 3515 1486 3543 tertiam,
1501 3514 1680 3546 praemissam
1699 3515 1735 3544 B;
1753 3514 1825 3539 circa
1843 3514 1892 3539 hoc
1911 3514 1964 3539 duo
1976 3514 2048 3548 facit
2066 3523 2119 3540 om.
2137 3515 2184 3540 Pa.

1424 3549 1451 3583 η)
1471 3550 1497 3574 in
1518 3549 1592 3574 libris
1608 3549 1641 3574 de
1653 3556 1739 3574 sensu.
1752 3563 1771 3568 -
1784 3549 1810 3574 in
1825 3549 1899 3574 libris
1913 3557 1967 3574 om.
1980 3551 2033 3574 AB.
2053 3551 2129 3575 Notat
2147 3551 2236 3575 Bonitz
2257 3559 2324 3584 quae
2341 3552 2383 3577 hic
2396 3553 2433 3577 di-

1371 3585 1451 3610 cenda
1469 3585 1638 3614 insinuantur,
1651 3585 1676 3609 in
1691 3585 1762 3609 nullo
1778 3584 1924 3609 Aristotelis
1943 3585 2009 3610 libro
2023 3586 2127 3618 reperiri
2143 3586 2230 3618 (Index
2243 3588 2432 3618 Aristotelicus,

1371 3620 1420 3645 sub
1434 3628 1499 3645 voce
1514 3618 1707 3653 Ἀριστοτέλης,
1721 3628 1747 3652 p.
1762 3619 1804 3654 98,
1820 3620 1835 3644 b
1853 3620 1905 3652 37).
1923 3634 1942 3639 —
1959 3621 2039 3646 Iidem
2053 3622 2097 3646 AB
2117 3621 2161 3646 lin.
2175 3629 2231 3654 seq.
2245 3630 2292 3655 pro
2310 3630 2431 3648 sensuum

1366 3655 1466 3688 passio,
1482 3656 1574 3687 passio
1592 3662 1692 3680 sensus.

2458 981 2559 1003 'mundi
2567 981 2621 1004 add.
2631 988 2671 1004 ΑΒ.

2459 1239 2531 1261 'Sed
2544 1240 2600 1268 quia
2614 1246 2637 1262 Β.

2460 1509 2580 1536 'seramr
2592 1514 2630 1530 ΑΒ.

2459 1562 2467 1571 ”
2484 1561 2555 1582 simul
2569 1567 2616 1583 om.
2632 1567 2670 1583 ra.

2484 1718 2551 1740 atiud
2563 1725 2585 1740 Α.

2558 2029 2572 2053 ὃ

2461 2139 2569 2166 ‘semper
2577 2145 2624 2161 om.
2633 2145 2671 2160 ra.

2560 2573 2571 2588 Ε

2462 2622 2471 2629 ·
2487 2620 2558 2641 etiam
2573 2626 2621 2641 om.
2634 2625 2672 2641 ra.

2559 2775 2573 2803 ζ

2463 2830 2519 2851 'Cf.
2530 2831 2581 2852 lect.
2596 2836 2674 2857 praec.

2462 2863 2484 2878 n
2499 2863 2521 2882 4.
