2782 4134
1101 295 1213 333 CAP.
1239 296 1292 343 v,
1322 296 1473 333 LECT.
1502 296 1590 333 x111

2367 296 2441 344 307

871 502 1167 558 LECTIO
1204 504 1831 561 DECIMATERTIA

398 651 566 682 ITERUM
588 650 646 681 EX
668 650 812 681 PARTE
835 651 1074 690 MATERIAE,
1099 651 1335 683 SECUNDUM
1360 653 1482 690 QUOD
1507 654 1599 685 IPSA
1623 654 1960 687 CONSIDERATUR
1982 658 2012 686 A
2034 655 2306 695 PLATONICIS,

320 708 599 740 OSTENDITUR
630 707 753 745 QUOD
783 708 904 738 NIHIL
935 707 1057 745 QUOD
1089 707 1234 739 CARET
1266 709 1545 747 QUOCUMQUE
1578 711 1706 742 MODO
1735 712 2056 752 MAGNITUDINE,
2087 713 2256 744 POTEST
2286 714 2386 745 ESSE

512 763 760 795 SUBIECTUM
782 764 1012 795 AUGMENTI
1033 782 1050 787 —
1070 765 1243 796 IDIPSUM
1265 766 1499 797 PROBATUR
1523 767 1580 797 EX
1602 768 1784 799 NATURA
1808 769 1937 801 IPSIUS
1960 770 2189 801 AUGMENTI

254 895 362 931 Ἀλλοί
385 897 451 942 μὴν
479 891 556 929 οὐδὲ
581 895 729 942 στιγμοὶς
754 895 871 948 θετέον
897 891 976 928 οὐδὲ
995 897 1154 943 γραμμάς
1174 897 1239 934 τήν
1260 898 1336 938 τοῦ,
1380 899 1397 918 *
1420 899 1483 930 Sed
1506 909 1611 940 neque
1631 907 1750 940 puncta
1772 903 1960 942 ponendum
1974 913 2078 944 neque
2100 903 2199 934 lineas
2216 903 2357 944 corporis
2381 914 2447 935 esse
2474 915 2485 926 ⁸
2500 915 2554 943 Seq.
2570 921 2620 944 cap.
2634 922 2649 938 v
2664 919 2687 937 et

326 940 485 987 σώματος
510 939 590 978 ὕλην
615 935 676 973 διαὶ
699 940 763 978 τοὶς
790 941 901 978 αυταῖς
927 941 1056 979 αἰτίας.

253 988 384 1019 Ἐκεῖνο
408 980 446 1017 δὲ
471 984 509 1018 οὗ
534 986 652 1018 ταῦτα
678 984 834 1030 ἔσχατα,
862 986 882 1022 ’ἠ
909 984 991 1026 ὕλη,

259 1031 300 1069 ἥν
327 1026 486 1063 οὐδέποτ’
510 1028 587 1062 ἄνευ
609 1027 737 1067 πάθους
763 1029 874 1062 οἷόντε
892 1026 977 1061 εἶναι
996 1024 1064 1061 οὐδ’
1088 1028 1166 1061 ἄνευ
1183 1029 1323 1074 μορφῆς.

259 1121 418 1166 Γίγνεται
441 1117 501 1162 μὲν
528 1116 584 1150 οὖν
611 1117 726 1155 ἁπλῶς
760 1116 873 1161 ἕτερον
904 1115 940 1158 ἐξ
970 1116 1108 1161 ἑτέρου,
1133 1117 1243 1161 ὥσπερ
1267 1119 1325 1149 καὶ

327 1163 360 1194 ὲν
387 1162 502 1200 ἄλλοις
532 1158 730 1206 διώρισται,
754 1162 813 1193 καὶ
845 1160 912 1194 ὑπό
944 1172 1033 1199 τινος
1065 1156 1103 1192 δὲ
1129 1162 1324 1206 ἐντελεχείᾳ

327 1206 437 1249 ὄντος,
456 1205 479 1244 ἢ
499 1201 708 1251 ὁμοιοειδοῦς
733 1204 754 1242 ἦ
782 1206 976 1251 ὁμογενοῦς,
998 1205 1065 1237 οἷον
1091 1206 1156 1248 πῦρ
1182 1206 1248 1237 ὐπὸ
1266 1217 1328 1237 πυ-

326 1250 380 1294 ρὸς
406 1247 431 1287 ἥ
455 1249 626 1295 ἄνθρωπος
652 1250 708 1282 ὁπ’
739 1248 934 1293 ἀνθρώπου,
961 1248 982 1286 ἦ
1008 1249 1062 1281 ὑπ’
1092 1250 1323 1294 ἐντελεχείας·

326 1294 468 1339 σκληρὸν
492 1295 557 1339 γοὶρ
584 1295 648 1339 οὐχ
674 1293 739 1327 ὑπὸ
765 1294 909 1338 σκληροῦ
934 1296 1082 1340 γίνεται.

253 1340 351 1372 Ἐπεὶ
375 1334 404 1370 δ’
433 1339 505 1371 ἐστὶ
537 1341 596 1372 καὶ
629 1338 744 1376 οὐσίας
771 1337 832 1375 ὕλη
866 1338 1083 1382 σωματικῆς,
1110 1336 1268 1381 σώματος
1293 1332 1323 1367 δ’

325 1378 392 1420 ἤδη
418 1379 548 1416 τοιουδί
574 1384 640 1428 (σ“’
671 1394 693 1414 α
717 1381 782 1429 γὰρ
806 1382 916 1414 κοινὸν
943 1377 1075 1422 οὐδέν),
1102 1382 1123 1418 ἡ
1150 1381 1242 1417 αὐτή
1267 1382 1326 1412 καὶ

327 1425 488 1474 μεγέθους
518 1430 576 1459 καὶ
602 1426 730 1464 παθους
754 1426 851 1467 ἐστί,
877 1427 924 1468 τῷ
950 1426 1010 1471 μὲν
1033 1425 1123 1480 λόγῳ
1152 1424 1324 1471 χωριστή,

326 1470 422 1513 τόπῳ
447 1466 476 1502 δ’
503 1470 541 1504 οὐ
565 1470 733 1516 χωριστή,
759 1470 787 1502 εἱ
811 1470 859 1514 μή
883 1472 942 1502 καὶ
967 1470 1015 1503 τοὶ
1038 1469 1131 1507 παθη
1156 1469 1323 1515 χωρισταί.

325 1515 474 1559 Φανερὸν
499 1511 542 1553 δή
575 1517 612 1549 ἐκ
645 1516 711 1548 τῶν
743 1509 998 1558 διηπορημένων
1024 1513 1078 1546 ὅτι
1103 1512 1163 1546 οὐκ
1188 1513 1279 1546 ἔστιν
1305 1514 1326 1550 ἡ

327 1558 466 1601 αὔξησις
490 1559 670 1604 μεταβολή
697 1559 732 1591 ἑκ
758 1553 899 1602 δυνάμει
924 1557 1103 1605 μεγέθους,
1131 1556 1326 1603 ἐντελεχείᾳ

326 1599 365 1636 δὲ
389 1599 494 1648 μηδὲν
518 1605 659 1649 ἔχοντος
684 1601 843 1649 μέγεθος·
869 1602 1037 1648 χωριστὸν
1062 1603 1127 1649 γοὶρ
1155 1602 1194 1634 ἂν
1216 1603 1265 1639 εἴη
1285 1601 1326 1633 τὸ

325 1648 442 1690 κενόν,
469 1650 576 1681 τοῦτο
608 1643 638 1679 δ’
668 1646 722 1679 ὅτι
757 1642 952 1689 ἀδύνατον,
978 1649 1111 1691 εἴρηται
1140 1647 1173 1679 ἐν
1199 1645 1326 1690 ἑτέροις

326 1693 433 1736 πρότε
457 1704 504 1725 ον.

251 1737 331 1772 Ἔτι
361 1730 391 1767 δ’
419 1738 441 1774 ἡ
472 1749 511 1783 γε
544 1734 693 1773 τοιαύτη
726 1734 908 1790 μεταβολή
940 1735 1000 1768 οὐκ
1037 1735 1211 1777 αὐξήσεως
1242 1728 1326 1772 ἴδιος

327 1780 419 1814 etune
441 1779 620 1827 γενέσεως·
647 1781 668 1818 ἡ
694 1792 758 1826 γαρ
780 1777 918 1819 αὔξησίς
936 1780 1009 1813 ἐστι
1034 1781 1097 1813 τοῦ
1124 1779 1327 1824 ἐνυπάρχον-

326 1835 384 1864 τος
410 1823 570 1872 μεγὲθους
596 1820 760 1866 ἐπίδοσις,
786 1825 806 1860 ἡ
833 1821 870 1858 δὲ
894 1823 1000 1865 φθίσις
1024 1828 1168 1870 μείωσις.
1202 1825 1258 1856 Διὸ
1283 1818 1326 1859 δή

326 1869 415 1914 ἔχειν
440 1881 476 1902 τι
500 1865 553 1901 δεῖ
576 1868 716 1916 μέγεθος
742 1868 783 1901 τό
809 1867 1052 1913 αὐξανόμενον.
1086 1868 1181 1902 ‘'ssa-‘r'
1206 1867 1266 1900 οὐκ.
1291 1868 1326 1909 ἐξ

329 1914 513 1961 ἀμεγέθους
545 1912 624 1951 ὕλης
650 1909 703 1945 δεῖ
735 1910 822 1944 εἶναι
855 1913 920 1950 τήν
953 1914 1092 1955 αὔξησιν
1124 1914 1168 1951 εἰς
1196 1912 1328 1945 ἐντελέ-

325 1970 424 2005 χειαν
450 1957 629 2005 μεγέθους·
655 1957 784 2004 γένεσις
815 1956 879 2004 γοὶρ
907 1957 946 1990 ἂν
971 1960 1020 1995 εἴη
1053 1957 1212 2000 σώματος
1242 1957 1328 2001 μᾶλ-

324 2006 405 2044 λον,
432 2003 493 2035 οὐκ
519 2001 674 2043 αὔξησις.

321 2159 472 2186 ὃῖΝοΡεῐε.
495 2173 530 2178 -
557 2166 581 2185 1.
602 2156 816 2194 Argumentum
836 2162 938 2184 textus.
959 2155 1037 2184 Nihil
1057 2155 1328 2195 mathematicorum

260 2205 447 2236 quocumque
461 2196 552 2225 modo
568 2205 669 2225 carens
683 2195 891 2233 magnitudine,
913 2196 1008 2232 potest
1028 2195 1099 2232 poni
1118 2195 1238 2224 materia
1252 2204 1327 2232 quae

260 2237 297 2267 sit
310 2237 472 2266 subiectum
493 2235 649 2273 augmenti.
664 2252 684 2256 -
697 2236 840 2270 Probatur
853 2235 948 2272 primo
963 2245 996 2263 ex
1011 2235 1093 2264 dictis
1107 2235 1137 2263 in
1151 2244 1246 2272 praec.
1262 2235 1326 2263 lect.

259 2279 335 2307 Nam
357 2277 416 2305 sive
436 2282 544 2313 puncta
565 2275 624 2304 sive
645 2275 736 2303 lineae
759 2282 907 2312 ponantur
923 2275 1083 2303 subiectum
1104 2274 1326 2312 magnitudinis,

260 2323 378 2355 oportet
391 2317 462 2345 haec
483 2315 583 2344 omnia
603 2321 652 2344 aut
672 2324 724 2351 per
745 2324 776 2343 se
797 2314 951 2351 separatim
971 2314 1099 2350 existere,
1121 2321 1170 2343 aut
1184 2315 1214 2342 in
1228 2314 1327 2351 aliquo

260 2365 383 2394 corpore
397 2365 473 2384 esse:
489 2362 517 2384 et
530 2355 571 2383 sic
585 2361 742 2392 sequentur
755 2355 857 2383 eadem
871 2354 1103 2383 inconvenientia
1116 2363 1191 2391 quae
1205 2363 1328 2391 supra.-

260 2404 290 2425 2.
305 2396 434 2433 ldipsum
449 2395 610 2424 ostenditur
625 2404 659 2423 ex
672 2394 735 2431 ipsa
752 2394 897 2431 positione
911 2394 1142 2430 Platonicorum3
1164 2394 1215 2431 qui
1236 2403 1328 2430 pone-

259 2437 331 2466 bant
354 2435 559 2464 mathematica
584 2443 647 2463 esse
674 2434 866 2463 substantiam
892 2443 1049 2471 corporum
1076 2434 1266 2469 naturalium,
1288 2434 1328 2462 ita

259 2476 341 2514 quod
355 2474 552 2504 dimensiones
563 2481 659 2502 essent
672 2474 792 2502 materia
803 2483 970 2510 corporum,
980 2473 1094 2502 termini
1105 2480 1202 2502 autem
1215 2474 1327 2502 dimen-

259 2515 387 2551 sionum,
402 2515 509 2544 scilicet
523 2520 631 2551 puncta
645 2520 672 2542 et
683 2514 784 2549 lineae,
800 2523 830 2542 se
848 2514 987 2542 haberent
1001 2513 1031 2541 in
1052 2513 1163 2542 ratione
1177 2513 1296 2542 formae.
1308 2529 1327 2534 μ

261 2555 288 2585 3.
309 2554 411 2584 Tertio
432 2554 595 2583 ostenditur
615 2563 668 2590 per
688 2554 745 2582 hoc
766 2554 847 2590 quod
861 2553 932 2581 nihil
946 2553 1219 2582 mathematicorum
1232 2559 1329 2590 potest

259 2604 323 2624 ase
343 2594 464 2623 materia
485 2603 642 2631 corporum
663 2593 847 2622 naturalium.
869 2594 944 2621 Nam
962 2593 1041 2622 iuxta
1062 2593 1243 2628 Platonicos,
1265 2602 1327 2621 ma-

259 2634 423 2670 thematica,
439 2634 512 2662 sicut
527 2634 687 2662 secundum
701 2633 886 2668 intellectum,
902 2633 942 2661 ita
962 2639 990 2661 et
1011 2634 1170 2661 secundum
1185 2642 1247 2661 esse
1261 2639 1328 2660 sunt

260 2681 392 2712 separata
412 2683 430 2702 a
449 2673 551 2702 formis
571 2673 750 2702 naturalibus
771 2679 799 2701 et
819 2682 837 2701 a
854 2672 1037 2709 passionibus
1058 2672 1254 2708 sensibilibus3
1277 2673 1329 2700 sed

260 2713 382 2743 materia
402 2723 463 2742 non
476 2719 572 2750 potest
585 2714 622 2741 ab
637 2712 804 2741 huiusmodi
817 2712 919 2740 formis
939 2718 967 2740 et
987 2712 1170 2749 passionibus
1184 2712 1326 2749 separari;

261 2763 330 2792 ergo
352 2760 405 2782 etc.
420 2771 439 2775 -
459 2762 488 2788 4.
511 2754 655 2781 Probatur
669 2753 764 2789 prima
777 2762 844 2789 pars
865 2752 995 2780 minoris.
1019 2753 1107 2787 Quod
1123 2758 1284 2789 generatur,
1300 2758 1328 2780 et

261 2803 296 2822 ex
316 2793 415 2830 aliquo
437 2792 575 2828 subiecto,
590 2802 642 2820 seu
661 2792 790 2827 materia,
806 2798 966 2829 generatur,
982 2798 1009 2820 et
1023 2801 1076 2828 per
1089 2792 1208 2828 aliquod
1229 2801 1326 2829 agens,

261 2842 329 2862 cum
350 2842 409 2870 quo
431 2832 566 2861 convenit
586 2832 631 2860 vel
652 2831 682 2860 in
696 2831 791 2869 specie
805 2832 849 2860 vel
863 2831 893 2859 in
913 2841 1027 2868 genere,
1042 2832 1087 2859 vel
1103 2831 1204 2859 saltem
1225 2831 1327 2860 analo-

260 2873 332 2911 gice,
347 2878 490 2910 quatenus
505 2878 662 2909 utrumque
676 2878 719 2900 est
732 2878 798 2900 actu
813 2870 944 2899 existens.
956 2887 976 2892 -
987 2871 1198 2908 Quotupliciter
1213 2870 1327 2899 contin-

260 2913 302 2952 git
322 2913 404 2950 quod
424 2912 541 2941 effectus
562 2921 624 2940 non
638 2911 812 2940 assimilatur
825 2910 856 2939 iu
869 2911 964 2939 forma
978 2911 1082 2948 agenti.
1096 2927 1116 2932 —
1129 2910 1209 2939 Sicut
1229 2917 1326 2939 autem

289 3050 298 3058 .
398 3032 499 3066 3:113:
513 3031 611 3067 upra
624 3018 644 3040 '¹‘
663 3017 921 3066 Philosophus
940 3016 1104 3055 ostendit
1122 3017 1226 3066 quod
1245 3029 1324 3054 non

368 3101 380 3107 -
397 3059 501 3127 '2:353
515 3078 571 3108 est
598 3070 778 3120 possibile
797 3070 1010 3108 subiectum
1035 3070 1227 3118 augmenti
1247 3082 1328 3106 esse

320 3133 337 3145 x‘
350 3126 439 3177 wia>
462 3116 500 3160 ’Β
514 3124 555 3162 id
595 3124 703 3172 quod
743 3125 887 3161 nullam
927 3124 1044 3160 habet
1079 3123 1327 3171 quantitatem

340 3173 432 3207 4²²¹>
461 3175 496 3210 εὖ
515 3185 613 3226 actu,
635 3178 703 3214 sed
722 3177 760 3214 in
778 3176 947 3226 potentia
965 3184 1124 3223 tantum,
1151 3176 1246 3212 sicut
1274 3183 1330 3212 est

239 3221 247 3225 ”
263 3232 431 3270 materia.
447 3232 498 3268 Et
521 3231 609 3281 quia
628 3230 784 3279 quidam
804 3236 1014 3278 posuerunt
1028 3228 1228 3266 materiam
1247 3241 1327 3265 cor-

261 3297 402 3335 porum
432 3296 515 3324 esse
544 3283 686 3332 aliquid
704 3282 1017 3320 mathematicum
1036 3288 1064 3327 ²,
1095 3281 1181 3318 ideo
1202 3281 1328 3318 Philo-

263 3338 408 3387 sophus
443 3337 506 3376 hic
533 3336 698 3376 ostendit
734 3335 839 3384 quod
875 3334 965 3371 nihil
992 3335 1065 3370 tale
1093 3333 1200 3382 quod
1229 3340 1329 3370 caret

39 3396 221 3424 'ambiana
262 3390 544 3439 magnitudine,
573 3396 698 3438 potest
726 3400 808 3424 esse
837 3387 1050 3424 subiectum
1079 3386 1270 3433 augmenti
1295 3385 1326 3422 ²¹².

327 3443 442 3480 Caret
473 3451 602 3481 autem
631 3440 853 3490 quantitate,
883 3439 922 3476 in
949 3451 1086 3486 genere
1119 3438 1328 3474 mathema-

317 3601 345 3635 α)
364 3601 468 3634 aliquid
486 3599 712 3626 mathematicum.
729 3611 748 3619 —-
766 3598 831 3631 quid
848 3597 1063 3622 mathematicum
1082 3596 1144 3625 Pab,
1164 3596 1330 3622 mathemati-

265 3644 324 3663 cam
343 3637 373 3662 C.
391 3650 410 3655 -
427 3637 478 3661 Pro
497 3636 550 3661 tale
568 3635 640 3668 quod
658 3637 739 3663 caret,
759 3634 830 3667 quod
847 3636 923 3659 caret
940 3633 1002 3662 Pab,
1022 3639 1115 3658 carens
1134 3632 1163 3657 C.

1447 944 1624 983 materiam,
1639 952 1770 985 propter
1793 947 1919 977 easdem
1943 957 2061 978 causas.

1382 987 1463 1018 Illud
1486 994 1594 1018 autem
1618 988 1709 1019 cuius
1732 989 1809 1020 haec
1833 997 1907 1020 sunt
1930 991 2052 1029 ultima,
2069 991 2199 1022 materia
2221 998 2302 1022 erat:

1381 1041 1480 1073 quarn
1504 1042 1671 1073 nunquam
1704 1032 1770 1063 sine
1803 1034 1949 1074 passione
1979 1035 2129 1075 possibile
2159 1042 2206 1066 est
2235 1045 2319 1074 esse,
2343 1046 2446 1077 neque

1448 1075 1516 1106 sine
1539 1075 1653 1106 forma.
2341 1094 2346 1098 ι

1380 1119 1399 1137 “““
1416 1119 1591 1151 Generatur
1614 1120 1745 1160 quidem
1774 1120 1870 1160 igitur
1900 1121 2083 1162 simpliciter
2105 1123 2239 1153 alterum
2269 1133 2306 1154 ex
2329 1123 2446 1163 altero,

1448 1164 1726 1204 quemadmodum
1745 1171 1775 1195 et
1797 1165 1830 1195 in
1846 1165 1912 1196 aliis
1937 1166 2177 1197 determinatum
2194 1173 2256 1198 est:
2281 1174 2312 1198 et
2334 1168 2373 1198 ab
2392 1168 2447 1198 ali-

1449 1217 1516 1248 quo
1540 1214 1648 1239 autem
1671 1215 1742 1239 actu
1766 1215 1836 1239 ente
1860 1216 1915 1240 aut
1937 1209 2156 1250 homogeneos
2175 1217 2229 1242 aut
2244 1211 2445 1251 homoideos,

1449 1251 1535 1282 verbi
1558 1252 1656 1292 gratia
1678 1252 1759 1292 ignis
1783 1253 1821 1283 ab
1844 1253 1936 1293 igne,
1961 1261 2015 1284 aut
2037 1254 2136 1284 homo
2159 1255 2198 1285 ab
2221 1255 2368 1286 homine:
2392 1262 2447 1287 aut

1449 1296 1488 1326 ab
1512 1302 1603 1334 actu;
1628 1296 1746 1327 durum
1770 1297 1855 1327 enim
1878 1308 1896 1328 a
1914 1307 1981 1328 non
2005 1298 2085 1328 duro
2109 1305 2284 1338 generatur.

1381 1339 1399 1358 *
1414 1339 1580 1376 Quoniam
1602 1346 1710 1371 autem
1734 1347 1781 1371 est
1803 1341 1933 1372 materia
1957 1348 1987 1372 et
2010 1342 2201 1373 substantiae
2224 1353 2394 1383 corporeae
2417 1350 2448 1374 et

1449 1384 1591 1424 corporis
1613 1384 1678 1414 iam
1701 1385 1770 1415 talis
1795 1383 1932 1427 (corpus
1965 1385 2050 1416 enim
2084 1396 2256 1417 commune
2278 1386 2446 1430 nullum),

1450 1428 1561 1458 eadem
1593 1428 1749 1468 passionis
1773 1435 1804 1460 et
1835 1429 2061 1469 magnitudinis
2085 1437 2148 1469 est,
2172 1431 2292 1461 ratione
2316 1431 2447 1472 quidem

1448 1478 1608 1512 separata,
1632 1473 1706 1503 loco
1736 1480 1843 1504 autem
1873 1484 1939 1504 non
1967 1481 2125 1514 separata,
2148 1474 2208 1504 nisi
2232 1481 2262 1505 et
2284 1476 2446 1515 passiones

1449 1516 1512 1547 sint
1527 1516 1724 1556 separabiles.
1742 1517 1947 1548 Manifestum
1963 1525 2071 1548 autem
2087 1525 2133 1549 est
2149 1528 2186 1548 ex
2202 1519 2349 1559 quaesitis
2366 1530 2447 1561 quo-

1448 1560 1535 1590 niam
1550 1561 1765 1600 augmentatio
1783 1571 1850 1592 non
1866 1568 1912 1592 est
1928 1561 2148 1599 transmutatio
2173 1572 2209 1592 ex
2223 1563 2365 1603 potentia
2381 1574 2446 1594 ma-

1449 1604 1631 1644 gnitudine,
1656 1611 1727 1636 actu
1751 1612 1859 1636 autem
1882 1606 2004 1636 nullam
2027 1606 2161 1636 habente
2183 1606 2445 1646 magnitudinem.

1449 1649 1637 1689 Separatum
1670 1649 1755 1679 enim
1788 1656 1868 1680 esset
1899 1650 2006 1690 ipsum
2038 1658 2226 1681 commune:
2255 1651 2317 1681 hoc
2341 1659 2447 1683 autem

1449 1692 1604 1733 quoniam
1626 1692 1833 1733 impossibile,
1859 1693 1979 1725 dictum
2003 1700 2048 1725 est
2070 1694 2104 1724 in
2126 1694 2197 1725 aliis
2220 1695 2318 1735 prius.

1382 1736 1531 1776 Amplius
1550 1743 1669 1775 autem,
1693 1737 1762 1768 talis
1786 1738 2006 1769 transmutatio
2030 1748 2096 1768 non
2115 1739 2380 1778 augmentationis
2403 1746 2449 1770 est

1448 1780 1588 1821 propria,
1604 1781 1659 1811 sed
1675 1782 1896 1821 generationis.
1913 1782 2138 1822 Augmentatio
2156 1783 2241 1813 enim
2255 1789 2302 1813 est
2317 1781 2448 1814 existen-

1449 1825 1488 1856 tis
1512 1825 1738 1865 magnitudinis
1762 1826 2031 1865 additamentum,
2056 1827 2231 1857 deminutio
2259 1834 2366 1858 autem
2389 1827 2448 1857 rni-

1449 1876 1692 1900 noramentum:
1712 1870 1784 1900 ideo
1808 1877 1935 1910 oportet
1958 1870 2072 1901 habere
2095 1871 2235 1911 aliquam
2258 1871 2447 1911 magnitudi-

1449 1923 1524 1944 nem
1548 1914 1637 1954 quod
1669 1921 1811 1954 augetur.
1841 1915 2045 1955 Quapropter
2074 1925 2141 1945 non
2165 1925 2202 1945 ex
2228 1915 2358 1946 materia
2382 1915 2448 1945 sine

1449 1957 1667 1997 magnitudine
1684 1965 1810 1998 oportet
1825 1959 2116 1998 augmentationem
2133 1969 2199 1990 esse
2214 1959 2248 1989 in
2264 1966 2370 1990 actum
2381 1970 2448 1989 ma-

1448 2002 1640 2042 gnitudinis:
1664 2002 1824 2042 generatio
1848 2003 1934 2033 enim
1957 2003 2068 2043 utique
2092 2003 2150 2034 erit
2171 2003 2271 2043 magis
2296 2004 2448 2044 corporis,

1449 2055 1515 2076 non
1539 2046 1767 2086 augmentatio.

1381 2156 1615 2193 unumquodque
1628 2162 1781 2193 generatur
1801 2157 1837 2184 ab
1852 2162 1954 2193 agente
1975 2156 2135 2193 aliqualiter
2156 2156 2250 2192 simili,
2266 2157 2305 2185 ita
2319 2166 2448 2185 corrum-

1381 2195 1459 2232 pitur
1468 2205 1486 2223 a
1498 2195 1653 2223 contrario.
1669 2195 1746 2230 Quia
1760 2205 1829 2232 ergo
1844 2195 1990 2232 generatio
2006 2203 2048 2224 est
2062 2205 2096 2224 ex
2110 2196 2260 2233 corruptis,
2276 2206 2392 2225 necesse
2407 2203 2450 2225 est

1382 2234 1533 2263 materiam
1555 2244 1588 2262 ex
1610 2244 1668 2271 qua
1687 2235 1796 2272 aliquid
1817 2242 1978 2272 generatur,
2000 2242 2028 2263 et
2042 2235 2072 2263 in
2087 2245 2175 2273 quarn
2189 2236 2299 2273 aliquid
2317 2245 2448 2264 corrum-

1381 2274 1467 2311 pitur,
1483 2283 1597 2311 semper
1620 2275 1726 2302 habere
1741 2275 1868 2312 aliquam
1885 2275 2019 2310 formam,
2034 2285 2086 2312 per
2106 2285 2195 2312 quam
2216 2276 2389 2304 assimiletur
2403 2276 2448 2304 vel

1382 2314 1574 2342 contrarietur
1594 2314 1743 2351 generanti
1757 2315 1801 2343 vel
1819 2314 2025 2351 coi-rumpenti.
2042 2331 2061 2336 -
2074 2324 2102 2350 4.
2118 2316 2260 2343 Probatur
2274 2316 2361 2344 altera
2382 2325 2448 2352 pars

1382 2354 1503 2382 minoris
1525 2355 1565 2389 (n.
1583 2354 1621 2390 3).
1644 2353 1765 2382 Materia
1785 2363 1847 2382 non
1868 2360 1910 2382 est
1931 2354 1986 2382 nisi
2001 2354 2130 2391 corporis
2145 2354 2325 2383 determinati
2346 2356 2383 2383 ad
2397 2355 2449 2384 ali-

1382 2403 1470 2431 quam
1485 2393 1610 2430 speciem
1628 2399 1657 2422 et
1673 2394 1710 2422 ad
1720 2393 1840 2430 aliquod
1854 2393 2044 2422 individuum.
2060 2394 2156 2422 Omne
2170 2401 2267 2423 autem
2277 2395 2332 2423 tale
2343 2404 2448 2432 corpus

1381 2443 1498 2462 necesse
1513 2439 1556 2462 est
1569 2434 1675 2461 habere
1690 2433 1817 2470 aliquam
1832 2433 2007 2470 passionem,
2022 2434 2067 2462 vel
2082 2441 2307 2471 consequentem
2323 2435 2448 2463 formam

1381 2473 1554 2510 specificam,
1576 2472 1621 2501 vel
1642 2473 1890 2510 qualitercumque
1912 2473 1992 2501 aliter
2013 2473 2223 2502 advenientem.
2246 2474 2365 2502 Materia
2379 2484 2447 2512 ergo

1380 2513 1481 2550 nequit
1495 2522 1558 2541 esse
1568 2519 1700 2549 separata
1710 2522 1728 2541 a
1738 2513 1929 2550 passionibus,
1942 2513 1996 2541 nisi
2011 2520 2158 2550 ponantur
2168 2513 2317 2550 passiones
2332 2523 2447 2550 separa-

1381 2553 1452 2581 biles
1466 2562 1484 2581 a
1498 2552 1673 2588 substantiis,
1689 2553 1770 2590 quod
1785 2559 1827 2581 est
1848 2553 2026 2589 impossibile
2041 2570 2060 2574 —
2074 2555 2116 2581 Ex
2131 2553 2267 2581 omnibus
2282 2553 2448 2590 praemissis

1382 2592 1567 2621 manifestum
1581 2599 1624 2620 est
1642 2593 1723 2629 quod
1737 2599 1926 2630 augmentum
1940 2602 2001 2621 non
2016 2599 2058 2621 est
2072 2593 2274 2622 transmutatio
2295 2603 2329 2621 ex
2349 2594 2448 2630 aliquo

1382 2633 1463 2669 quod
1483 2632 1578 2660 solum
1600 2632 1630 2660 in
1651 2632 1782 2669 potentia
1796 2633 1899 2661 habeat
1918 2632 2156 2670 magnitudinem.
2173 2650 2191 2654 -
2209 2633 2234 2661 5.
2250 2633 2338 2668 Quod
2353 2640 2380 2661 et
2394 2633 2450 2661 alia

1382 2672 1493 2700 ratione
1514 2673 1655 2708 probatur
1676 2672 1728 2708 (cf.
1744 2672 1807 2700 lect.
1822 2673 1954 2708 praeced.
1969 2682 1998 2700 n.
2015 2674 2061 2708 2),
2084 2682 2117 2700 ex
2138 2672 2200 2709 ipsa
2222 2682 2326 2709 nempe
2347 2679 2450 2701 natura

1381 2711 1538 2749 augmenti.
1568 2713 1643 2740 Nam
1664 2712 1866 2740 transmutatio
1888 2721 1962 2749 quae
1983 2712 2015 2740 fit
2036 2721 2069 2740 ex
2091 2722 2126 2740 eo
2148 2713 2228 2749 quod
2249 2719 2315 2740 actu
2340 2713 2449 2741 nullam

1381 2753 1468 2780 habet
1483 2751 1723 2789 magnitudinem,
1738 2761 1799 2780 non
1818 2758 1861 2780 est
1875 2751 1991 2788 proprie
2014 2758 2211 2788 augmentum,
2227 2753 2277 2780 sed
2290 2752 2447 2789 generatio.

1381 2793 1425 2820 De
1439 2791 1551 2819 ratione
1566 2791 1644 2819 enim
1658 2791 1804 2828 augmenti
1819 2798 1870 2827 est,
1883 2792 1963 2828 quod
1977 2791 2027 2819 fiat
2040 2791 2149 2819 additio
2164 2792 2201 2820 ad
2212 2792 2448 2828 praeexistentem

1383 2831 1624 2868 magnitudinem:
1646 2831 1849 2859 transmutatio
1870 2838 1967 2859 autem
1988 2840 2039 2867 per
2061 2840 2148 2867 quam
2170 2831 2290 2859 materia
2311 2840 2384 2868 quae
2406 2837 2449 2858 est

1382 2871 1444 2899 sine
1465 2870 1664 2908 magnitudine
1685 2871 1715 2899 in
1736 2877 1811 2906 actu,
1826 2870 1955 2907 pervenit
1975 2871 2012 2898 ad
2033 2871 2090 2899 hoc
2111 2871 2191 2907 quod
2213 2871 2317 2899 habeat
2337 2870 2448 2907 magni-

1381 2910 1514 2939 tudinem
1535 2916 1609 2946 actu,
1632 2920 1693 2939 non
1715 2917 1758 2939 est
1778 2910 1909 2947 corporis
1930 2909 2135 2947 augmentatio,
2158 2910 2208 2938 sed
2228 2910 2386 2947 generatio.

1383 3016 1559 3063 ficorum,
1589 3023 1752 3065 punctus
1780 3015 1936 3063 quidem
1965 3014 2198 3063 simpliciter,
2227 3015 2325 3051 linea
2352 3027 2444 3051 vero

1385 3070 1598 3106 secundum
1637 3068 1916 3106 dimensionem
1954 3067 2155 3104 latitudinis
2189 3074 2225 3103 et
2251 3067 2446 3115 profundi-

1384 3123 1486 3169 tatis,
1517 3121 1736 3170 superficies
1769 3128 1896 3158 autem
1925 3120 2136 3157 secundum
2166 3119 2444 3157 dimensionem

1382 3174 1667 3224 profunditatis:
1698 3186 1836 3222 corpus
1870 3180 1997 3209 autem
2034 3173 2149 3209 habet
2175 3171 2192 3200 β
2220 3173 2445 3221 magnitudi-

1384 3240 1474 3265 nem
1503 3227 1714 3264 secundum
1743 3238 1900 3263 omnem
1929 3225 2229 3272 dimensionem;
2259 3225 2360 3262 unde
2391 3233 2446 3262 est

1383 3281 1549 3329 perfecta
1577 3279 1821 3327 magnitudo,
1853 3285 1895 3314 ut
1930 3278 2064 3317 dicitur
2091 3278 2129 3314 in
2158 3279 2172 3314 I
2201 3278 2247 3315 de
2278 3278 2392 3315 Caelo
2411 3278 2442 3315 *.

1385 3332 1561 3370 Ostendit
1581 3344 1670 3379 ergo
1691 3331 1796 3380 quod
1815 3330 1906 3367 nihil
1924 3330 2054 3367 talium
2079 3330 2184 3379 quod
2199 3343 2445 3379 quocumque

1384 3385 1503 3422 modo
1520 3392 1620 3421 caret
1634 3383 1904 3432 magnitudine,
1920 3391 2046 3432 potest
2064 3383 2156 3432 poni
2176 3384 2333 3420 materia
2348 3396 2446 3432 quae

1384 3437 1430 3474 sit
1444 3437 1657 3474 subiectum
1673 3436 1876 3485 augmenti,
1897 3436 2270 3485 tripliciter.—Primo
2290 3437 2446 3486 quidem

1400 3631 1416 3656 b
1438 3594 1580 3655 {3)dcorpus
1598 3598 1687 3621 autem
1706 3595 1792 3621 habet.
1809 3609 1829 3617 ι-
1846 3596 1983 3628 corruptio
2002 3603 2065 3621 vero
2082 3587 2225 3622 secicndum
2245 3596 2315 3629 quod
2334 3596 2411 3621 habet
2424 3596 2447 3620 Α

1385 3639 1399 3656 a
1418 3639 1463 3656 sur
1482 3639 1505 3656 e.

2475 944 2531 963 text.
2544 947 2584 970 29.

2474 1131 2483 1139 ·
2498 1129 2566 1151 Text.
2581 1135 2620 1158 30.

2474 1351 2482 1360 ·
2497 1349 2565 1371 Text.
2578 1355 2609 1377 3¹-

2570 3180 2585 3214 β

2473 3285 2535 3360 Segi!
2580 3290 2684 3338 le’ctlhli}

2474 3344 2496 3359 n.
2528 3354 2533 3359 .
