2704 4108
31 1303 39 1312 '
55 1308 83 1323 ea
98 1308 145 1324 om.
161 1308 182 1323 P.

30 1626 39 1635 “
54 1625 117 1647 Lect.
132 1631 180 1653 seq.

29 1839 38 1848 ·
53 1841 88 1860 est
100 1844 121 1860 Α.

27 2045 38 2055 ⁴
49 2047 120 2072 parte
134 2051 180 2067 om.
196 2051 236 2066 co-

27 2070 89 2092 dices
104 2077 152 2093 exc.
166 2078 188 2093 Α.

26 2262 34 2271 ·
50 2261 83 2282 eis
99 2261 166 2283 codd.
184 2268 232 2284 exc.

22 2293 59 2309 ΑΕ.

268 258 294 293 4
973 240 1044 277 DE
1074 238 1249 276 CAELO
1279 238 1350 275 ET
1379 235 1576 274 MUNDO
1606 236 1701 272 LIB.
1734 236 1747 271 Ι

1059 500 1360 557 LECTIO
1398 499 1662 556 PRIMA

620 658 678 689 DE
701 656 855 695 QUIBUS
878 655 936 685 AD
960 654 1196 686 SCIENTIAM
1219 654 1493 685 NATURALEM
1515 654 1765 685 PERTINEAT
1789 653 2104 684 DETERMINARE

267 794 308 824 Ἥ
338 794 410 837 περὶ
439 791 562 836 φύσεως
596 788 766 831 ἐπιστήμη
799 782 920 833 σχεδόν
947 788 968 824 ἡ
994 788 1138 824 πλείστη
1172 789 1330 832 φαίνεται

336 839 409 880 περί
434 849 471 870 τε
504 835 648 879 σώματα
679 835 737 865 καὶ
762 831 885 878 μεγέθη
917 833 977 865 καὶ
1003 831 1050 864 τοὶ
1076 831 1209 865 τούτων
1245 830 1348 864 οὗσα’

337 880 428 923 πγαῖθη
454 882 512 913 καὶ
537 880 598 917 τοὶς
623 877 781 918 κινήσεις,
801 879 854 911 ἔτι
874 873 912 909 δὲ
931 878 1014 930 περὶ1
1029 876 1094 930 τοίς,
1115 875 1232 922 ἀρχάς,
1253 876 1331 908 ὅσαι

336 927 397 964 τῆς
423 927 585 962 τοιαύτης
605 924 725 962 ,οὐσίας
749 923 849 955 εἰσίν·
876 923 943 955 τῶν
969 933 1033 968 γαρ
1052 932 1146 965 φυσει
1168 920 1335 975 augeo-‘rui-

335 982 402 1003 των
429 971 476 1002 τοὶ
499 969 557 1014 μέν
590 969 662 1001 ἐστι
687 967 834 1012 σώματα
866 969 924 999 καὶ
956 965 1103 1011 μεγέθη,
1131 966 1179 998 τοὶ
1201 964 1231 997 δ’
1261 966 1331 1011 ἔχει

335 1016 432 1059 σῶμα
455 1016 513 1046 καὶ
537 1012 687 1060 μέγεθος,
715 1012 764 1046 τοὶ
787 1008 816 1045 δ’
839 1012 943 1058 ἀρχαὶ
969 1014 1036 1044 τῶν
1062 1009 1210 1056 ἑχόντων
1236 1010 1329 1042 εἰσίν.

326 1114 473 1142 SYNOPSIS.
490 1129 523 1133 —
545 1122 567 1139 1.
583 1113 794 1148 Argumentum
809 1117 837 1139 et
852 1110 955 1139 divisio
970 1117 1071 1138 textus.
1085 1127 1103 1131 —
1116 1111 1171 1138 Res
1186 1109 1330 1137 naturales

267 1160 332 1182 sunt
353 1162 475 1190 corpora
495 1158 522 1180 et
544 1151 755 1189 magnitudines
777 1157 804 1179 et
826 1160 900 1188 quae
922 1151 959 1179 ad
981 1151 1052 1179 haec
1074 1150 1233 1187 pertinent:
1261 1158 1330 1186 ergo

398 1266 411 1276 ,-
429 1255 460 1283 »ἶ
512 1245 574 1282 uia
610 1244 718 1293 igitur
746 1245 785 1282 in
813 1245 888 1282 hoc
916 1243 1011 1281 libro
1040 1244 1165 1293 primo
1200 1243 1330 1292 incipit

407 1299 414 1322 ἵ
471 1336 479 1350 4,
518 1298 698 1348 pplicare
726 1297 946 1335 Aristoteles
966 1298 1014 1335 ad
1035 1309 1212 1347 corpora,
1242 1309 1288 1333 ea
1309 1297 1328 1317 '⁸

266 1512 426 1561 pertinet
456 1512 704 1549 determinare
733 1512 780 1549 de
818 1512 1042 1561 corporibus
1071 1519 1107 1548 et
1142 1511 1328 1559 magnitu-

268 1565 438 1612 dinibus;
469 1565 635 1602 secundo
669 1565 796 1614 incipit
828 1565 1008 1614 prosequi
1041 1577 1153 1602 suurn
1186 1577 1326 1614 propo-

267 1619 391 1665 situm,
407 1618 474 1655 ibi:
500 1619 724 1655 Continuam
744 1619 892 1667 quidem
907 1619 1010 1655 *ete
1033 1618 1143 1655 Circa
1156 1618 1326 1667 primum

265 1672 372 1721 ponit
390 1673 501 1708 talem
531 1672 726 1709 rationem.
748 1673 824 1709 Res
844 1673 1031 1709 naturales
1056 1679 1142 1708 sunt
1166 1684 1326 1720 corpora

267 1733 303 1762 et
330 1724 616 1773 magnitudines,
634 1733 670 1762 et
697 1738 794 1773 quae
823 1725 872 1762 ad
897 1726 993 1762 haec
1020 1725 1227 1774 pertinent:
1258 1725 1325 1762 sed

266 1778 417 1815 seientia
444 1778 620 1815 naturalis
650 1786 704 1815 est
733 1779 779 1815 de
809 1779 921 1814 rebus
955 1778 1203 1815 naturalibus:
1235 1790 1324 1826 ergo

266 1831 417 1868 scientia
445 1832 620 1868 naturalis
650 1831 853 1869 consistit*
873 1831 970 1868 circa
999 1843 1160 1880 corpora
1181 1839 1216 1868 et
1244 1844 1323 1868 ma-

265 1884 486 1933 gnitudines.

320 1950 353 1975 2.
374 1938 503 1975 Primo
520 1950 607 1986 ergo
621 1938 728 1987 ponit
750 1937 1044 1985 conclusionem,
1072 1937 1201 1975 dicens
1218 1938 1324 1985 quod

265 1991 416 2028 scientia
444 2004 540 2040 quae
570 1999 624 2028 est
651 1992 698 2028 de
731 2000 874 2038 natura,
889 1993 980 2040 sere
1006 1991 1202 2039 plurima,
1229 1991 1325 2029 idest

264 2044 301 2081 in
321 2044 454 2081 maiori
473 2051 578 2094 parte
594 2046 625 2092 ²¹²,
645 2045 794 2082 videtur
814 2057 894 2082 esse
924 2045 1086 2082 existens
1115 2045 1213 2082 circa
1243 2058 1324 2082 cor-

262 2110 356 2146 pora
386 2105 421 2134 et
439 2098 723 2148 magnitudines,
754 2099 848 2136 idest
876 2098 992 2135 lineas
1023 2106 1059 2135 et
1087 2099 1322 2148 superficies.

263 2152 321 2188 De
346 2151 481 2199 quibus
500 2159 628 2189 tamen
652 2152 755 2189 aliter
775 2152 987 2189 considerat
1006 2152 1185 2189 naturalis
1205 2165 1321 2201 quam

263 2212 464 2252 geometra.
486 2205 674 2242 Naturalis
703 2205 856 2254 quidem
886 2205 1099 2243 considerat
1119 2206 1166 2243 de
1188 2218 1322 2255 corpo-

263 2257 364 2294 ribus
383 2258 402 2278 *
425 2258 647 2307 inquantum
675 2267 760 2296 sunt
784 2259 950 2307 mobilia,
978 2259 1025 2296 de
1046 2259 1321 2309 superficiebus

262 2318 387 2348 autem
426 2319 461 2348 et
492 2311 597 2349 lineis
626 2312 848 2362 inquantum
887 2322 973 2350 sunt
1000 2313 1151 2350 termini
1185 2325 1320 2362 corpo-

262 2377 345 2401 rum
383 2364 601 2402 mobilium:
631 2374 825 2414 geometra
863 2374 991 2404 autem
1031 2366 1245 2404 considerat
1273 2367 1321 2404 de

231 2464 232 2467 Ἰ
262 2417 314 2454 eis
346 2426 458 2467 prout
486 2427 570 2456 sunt
590 2420 778 2468 quaedam
809 2428 950 2468 quanta
969 2420 1250 2457 mensurabilia.
1272 2421 1322 2457 Et

27 2578 160 2659 Ξῗιῖϊᾶἲ.
169 2585 234 2634 {hiri

262 2470 351 2518 quia
378 2472 427 2509 ad
464 2472 656 2509 scientiam
685 2473 845 2522 pertinet
882 2486 960 2510 non
989 2474 1114 2510 solum
1149 2473 1320 2511 conside-

262 2536 343 2561 rare
371 2524 548 2572 subiecta,
570 2526 637 2563 sed
666 2526 778 2562 etiam
807 2526 1024 2575 passiones,
1054 2534 1094 2563 ut
1122 2526 1256 2564 dicitur
1284 2527 1322 2564 in

264 2578 277 2613 Ι
297 2578 434 2615 Poster.
453 2579 484 2624 ²⁸,
505 2578 591 2616 ideo
621 2579 810 2627 subiungit
836 2580 941 2627 quod
961 2580 1139 2617 naturalis
1168 2580 1322 2618 scientia

264 2630 383 2668 existit
402 2631 498 2668 circa
525 2632 803 2680 praedictorum
827 2634 1021 2681 passiones
1049 2639 1083 2670 et
1111 2640 1253 2671 motus.-
1282 2642 1322 2671 ut

262 2695 331 2732 per
343 2685 535 2733 passiones
563 2685 810 2734 intelligantur
829 2687 1065 2724 alterationes
1095 2695 1130 2724 et
1158 2688 1217 2724 alii
1239 2700 1321 2724 mo-

262 2745 322 2774 tus
352 2746 645 2786 consequentes,
676 2739 886 2776 secundum
916 2753 1012 2789 quos
1049 2741 1225 2778 alteratur
1257 2742 1320 2779 ali-

264 2790 355 2838 quid
383 2791 421 2828 in
458 2792 663 2829 substantia
696 2792 768 2829 rei:
799 2793 924 2830 subdit
962 2802 1087 2831 autem
1117 2801 1152 2831 et
1178 2801 1319 2844 motus,

265 2844 370 2892 quasi
398 2845 608 2894 procedens
635 2858 656 2882 a
676 2846 825 2895 speciali
845 2847 894 2884 ad
915 2859 1132 2885 commune.
1154 2849 1223 2885 Vel
1252 2862 1321 2898 per

262 2903 383 2934 motus
397 2898 562 2947 intelligit
575 2905 591 2920 ·‘
611 2899 818 2948 specialiter
836 2908 962 2938 motus
983 2902 1132 2948 locales,
1154 2902 1216 2951 qui
1237 2910 1322 2940 sunt

316 3054 343 3089 α)
367 3055 411 3080 Vel
425 3063 476 3088 per
494 3060 579 3082 motus
599 3058 730 3091 intelligit.
742 3073 762 3078 -
776 3059 825 3084 Pro
844 3059 901 3089 Vel,
926 3061 1001 3086 Unde
1016 3062 1052 3091 Α;
1073 3070 1119 3094 pro
1135 3062 1266 3095 intelligit,
1283 3063 1321 3087 in-

264 3090 392 3123 telligitur
410 3092 564 3123 BCDF'Gl-ll⁷
580 3093 764 3127 intelliguntur
782 3095 812 3120 E.
826 3109 845 3114 -
858 3096 919 3120 Post
936 3105 1014 3121 unam
1035 3097 1128 3122 lineam
1145 3106 1191 3130 pro
1202 3106 1253 3130 per·
1268 3107 1322 3123 mo-

264 3128 306 3150 tus
324 3129 478 3158 autem‚per
496 3131 581 3153 motus
600 3130 640 3154 ed.
658 3129 722 3154 1516
742 3136 766 3155 et
785 3131 860 3156 codd.
875 3139 927 3157 exc.
943 3133 1012 3163 AsE,
1027 3137 1053 3158 ee
1065 3140 1116 3165 per
1131 3137 1217 3159 motus
1232 3134 1263 3165 Ρ;
1284 3135 1321 3167 pF.

264 3167 317 3185 om.
337 3161 378 3185 Vel
392 3169 443 3193 per
456 3164 618 3194 passiones...
633 3165 688 3190 sine
708 3169 789 3191 motu.

1386 787 1401 804 *
1415 789 1462 820 De
1485 795 1597 820 natura
1618 788 1747 820 scientia
1766 788 1830 819 fere
1854 788 1992 829 plurima
2016 787 2141 819 videtur
2164 787 2244 818 circa
2268 797 2403 828 corpora
2432 793 2463 819 et

1452 833 1688 873 magnitudines
1719 840 1749 864 et
1777 833 1896 864 horum
1924 833 2058 863 existens
2089 831 2253 873 passiones
2277 839 2308 863 et
2332 839 2462 872 motus,

1453 878 1557 908 adhuc
1573 884 1681 908 autern
1705 877 1786 908 circa
1800 877 1955 918 principia
1976 886 2200 918 quaecumque
2223 876 2294 908 talis
2318 878 2462 908 substan-

1453 922 1514 953 tiae
1538 928 1621 953 sunt.
1646 922 1767 952 Natura
1790 921 1877 952 enim
1901 921 2118 953 constantium
2139 921 2218 952 haec
2236 921 2370 963 quidem
2388 928 2464 953 sunt

1455 976 1589 1006 corpora
1608 972 1639 997 et
1654 966 1907 1006 magnitudines3
1932 966 2009 997 haec
2032 973 2142 997 autem
2165 966 2284 997 habent
2299 976 2418 1007 corpus
2431 972 2463 997 et

1454 1010 1726 1050 magnitudinem
1749 1011 1827 1042 haec
1850 1017 1959 1042 autem
1982 1011 2137 1052 principia
2159 1010 2348 1042 habentium
2376 1017 2460 1042 sunt.

1387 1107 1461 1136 circa
1476 1106 1643 1135 huiusmodi
1657 1106 1789 1135 consistit
1803 1107 1923 1136 scientia
1936 1107 2085 1136 naturalis.
2097 1125 2116 1129 —
2131 1115 2158 1136 2.
2174 1107 2375 1137 Manifestatur
2389 1108 2462 1137 haec

1385 1147 1547 1176 Aristotelis
1569 1147 1656 1183 ratio,
1679 1146 1799 1184 eiusque
1820 1147 1908 1175 verba
1929 1148 2121 1176 declarantur.

1382 1241 1627 1292 perfectiores
1646 1241 1686 1278 in
1704 1253 1844 1289 genere
1864 1248 2055 1278 motuum.
2081 1241 2152 1278 Vel
2170 1253 2242 1290 per
2263 1242 2461 1291 passiones

1383 1295 1550 1344 intelligit
1577 1294 1840 1345 proprietates,
1868 1307 1939 1344 per
1958 1300 2081 1331 motus
2109 1302 2240 1332 autem
2269 1295 2460 1344 operatio·

1383 1362 1451 1387 nes
1481 1361 1609 1387 rerum
1628 1348 1870 1396 naturalium,
1891 1360 1990 1397 quae
2019 1360 2100 1385 non
2127 1355 2216 1386 sunt
2234 1348 2318 1387 sine
2337 1351 2458 1389 motu.

1384 1404 1433 1440 Et
1453 1406 1472 1423 “
1493 1403 1583 1453 quia
1606 1403 1644 1439 in
1665 1402 1831 1452 qualibet
1859 1401 2015 1439 scientia
2035 1409 2187 1452 oportet
2215 1402 2460 1441 considerare
2488 1412 2499 1422 ·

1381 1457 1566 1506 principia
1582 1485 1591 1503 ,
1627 1455 1818 1504 subiungit
1855 1455 1961 1505 quod
1998 1455 2178 1493 naturalis
2217 1455 2374 1494 scientia
2403 1463 2460 1494 est

1383 1511 1482 1548 circa
1511 1521 1779 1559 quaecumque
1807 1509 1993 1559 principia
2030 1509 2248 1559 praedictae
2283 1510 2460 1548 substan-

1381 1564 1466 1611 tiae,
1497 1563 1636 1601 scilicet
1673 1575 1882 1612 corporeae
1911 1562 2077 1600 mobilis.
2109 1564 2183 1616 Per
2212 1563 2319 1612 quod
2349 1563 2461 1601 datur

1381 1618 1533 1666 intelligi
1569 1617 1676 1666 quod
1713 1616 1762 1653 ad
1800 1617 2012 1654 naturalem
2049 1616 2212 1666 pertinet
2252 1617 2460 1667 praecipue

1383 1671 1624 1709 considerare
1645 1671 1692 1708 de
1722 1682 1884 1719 corpore
1917 1670 2145 1720 inquantum
2167 1679 2223 1708 est
2251 1670 2290 1708 in
2319 1682 2458 1720 genere

1381 1725 1624 1771 substantiae,
1642 1724 1695 1761 sic
1712 1724 1813 1761 enim
1831 1732 1886 1761 est
1905 1724 2120 1762 subiectum
2137 1732 2284 1762 motus:
2301 1724 2351 1762 ad
2366 1736 2457 1774 geo-

1380 1785 1543 1815 metram
1573 1785 1702 1815 autem
1736 1778 1964 1827 inquantum
1995 1778 2111 1815 estin
2140 1790 2282 1827 genere
2311 1777 2459 1828 quanti-

1379 1831 1483 1879 tatis,
1513 1831 1567 1868 sic
1597 1831 1699 1868 enim
1729 1838 1982 1869 mensuratur.

1433 1886 1483 1922 Et
1502 1885 1591 1934 quia
1611 1885 1739 1922 minor
1753 1893 1809 1922 est
1824 1885 2037 1933 manifesta,
2055 1885 2196 1923 scilicet
2215 1885 2323 1934 quod
2337 1886 2458 1924 scien-

1379 1939 1430 1976 tia
1458 1938 1636 1976 naturalis
1670 1938 1716 1975 sit
1750 1938 1798 1975 de
1832 1940 1947 1976 rebus
1982 1939 2236 1987 naturalibus,
2266 1939 2460 1989 subiungit

1380 1992 1580 2040 maiorem,
1603 1991 1732 2029 dicens
1752 1992 1858 2041 quod
1888 1992 1976 2030 ideo
1997 1992 2153 2030 scientia
2181 1993 2363 2043 naturalis
2382 1993 2459 2031 exi-

1380 2046 1440 2083 stit
1460 2046 1558 2083 circa
1587 2045 1792 2095 praedicta,
1813 2046 1903 2095 quia
1924 2059 2060 2084 eorum
2081 2059 2181 2096 quae
2211 2054 2299 2084 sunt
2322 2058 2457 2085 secun-

1380 2099 1473 2137 dum
1503 2106 1691 2147 naturam,
1717 2100 1910 2149 quaedam
1940 2108 2027 2137 sunt
2054 2112 2218 2150 corpora
2247 2108 2284 2138 et
2311 2100 2458 2150 magni-

1379 2153 1541 2199 tudines,
1563 2153 1657 2190 sicut
1677 2153 1822 2202 lapides
1853 2161 1889 2190 et
1917 2153 1989 2190 alia
2008 2153 2239 2200 inanimata;
2260 2153 2457 2203 quaedam

1378 2207 1520 2244 habent
1549 2218 1688 2255 corpus
1717 2214 1753 2243 et
1781 2206 2097 2255 magnitudinem,
2118 2207 2215 2244 sicut
2242 2208 2395 2257 plantae
2421 2215 2458 2246 et

1378 2259 1569 2306 animalia,
1591 2271 1757 2308 quorum
1778 2259 2023 2310 principalior
2041 2273 2130 2311 pars
2151 2268 2207 2298 est
2226 2261 2357 2299 anima
2371 2262 2457 2310 (un-

1378 2313 1426 2351 de
1455 2313 1576 2362 magis
1605 2321 1691 2350 sunt
1719 2313 1757 2351 id
1787 2314 1894 2363 quod
1923 2321 2011 2351 sunt
2039 2314 2254 2353 secundum
2283 2315 2456 2353 animam

1377 2379 1495 2416 quam
1530 2367 1744 2405 secundum
1783 2370 1966 2417 corpus);
2006 2367 2200 2417 quaedam
2237 2381 2334 2407 vero
2368 2377 2458 2407 sunt

1377 2420 1561 2470 principia
1595 2420 1819 2458 habentium
1850 2433 1990 2471 corpus
2011 2423 2032 2443 *
2059 2429 2096 2459 et
2124 2421 2453 2472 magnitudinem,

1378 2474 1472 2511 sicut
1501 2474 1639 2521 anima,
1663 2482 1698 2511 et
1725 2475 1990 2513 universaliter
2019 2475 2154 2523 forma,
2181 2484 2218 2514 et
2237 2475 2409 2514 materia.
2429 2497 2455 2505 -

1378 2528 1427 2565 Et
1456 2540 1499 2565 ex
1528 2529 1603 2565 hoc
1632 2537 1789 2578 apparet
1818 2541 1935 2578 quare
1965 2529 2057 2567 dixit
2081 2530 2188 2579 quod
2217 2527 2375 2568 scientia
2404 2530 2454 2568 de

1378 2588 1510 2618 natura
1527 2583 1618 2631 fere
1640 2582 1810 2631 plurima
1831 2582 1954 2620 existit
1973 2583 2072 2620 circa
2093 2596 2257 2634 corpora
2277 2585 2297 2606 '¹
2317 2591 2355 2622 et
2373 2595 2455 2622 ma·

1377 2635 1613 2683 gnitudines:
1650 2636 1841 2685 quaedam
1880 2636 1983 2674 enirn
2013 2649 2102 2686 pars
2141 2637 2221 2675 eius
2260 2645 2316 2676 est
2354 2637 2454 2677 circa

1377 2689 1555 2726 habentia
1571 2702 1710 2739 corpus
1731 2698 1767 2727 et
1788 2690 2070 2739 magnitudines
2086 2689 2120 2738 ¹⁶3
2148 2699 2202 2729 est
2219 2692 2335 2730 etiam
2354 2691 2454 2730 circa

1376 2742 1561 2792 principia
1582 2744 1740 2790 horum;
1771 2751 1827 2781 est
1856 2743 1970 2782 etiam
1996 2744 2095 2782 circa
2124 2745 2319 2796 quaedam
2354 2756 2453 2796 quae

1378 2809 1455 2833 non
1484 2804 1571 2834 sunt
1590 2796 1628 2834 in
1657 2804 1804 2846 natura,
1825 2810 1925 2847 quae
1946 2798 2061 2847 aliqui
2089 2798 2341 2837 attribuerunt
2369 2810 2452 2836 cor-

1376 2850 1534 2899 poribus
1564 2858 1599 2887 et
1628 2851 1965 2900 magnitudinibus,
1987 2851 2126 2890 scilicet
2155 2852 2255 2890 circa
2282 2863 2453 2890 vacuum

1377 2911 1412 2940 et
1441 2904 1643 2941 infinitum.

1431 3063 1456 3097 β)
1472 3065 1602 3097 quaedam
1619 3066 1715 3091 enim...
1730 3066 1940 3099 magnitudines.
1955 3081 1973 3085 -
1986 3067 2043 3092 Hoc
2058 3066 2158 3093 homot.
2173 3075 2227 3093 om.
2241 3067 2312 3100 CGl;
2332 3075 2380 3102 pro
2393 3075 2454 3095 m

1373 3107 1426 3131 pus
1441 3103 1465 3124 et
1481 3101 1686 3134 magnitudines,
1706 3109 1822 3134 corpora
1842 3105 1869 3127 et
1888 3102 2089 3136 magnitudines
2108 3103 2184 3128 codd.
2199 3117 2219 3123 -
2235 3104 2292 3129 Lin.
2312 3111 2361 3138 seq

1377 3135 1469 3160 horum
1481 3137 1500 3161 C
1515 3137 1574 3168 legit
1589 3140 1627 3162 est
1641 3141 1730 3162 autem
1744 3141 1770 3163 et
1784 3138 1871 3167 circa,
1887 3143 1935 3164 cet.
1946 3142 1986 3163 est
1999 3138 2080 3164 etiam
2096 3142 2122 3164 et
2140 3139 2247 3165 εἰναι.-
2258 3140 2310 3165 Pro
2323 3139 2453 3166 attribue—

1378 3175 1447 3200 runt,
1468 3172 1648 3198 attribuebant
1667 3174 1704 3203 A.
1724 3173 1911 3199 attribuuntur
1930 3174 1966 3205 B,
1985 3174 2140 3200 attribuunt
2158 3175 2218 3202 GH.

1215 3351 1483 3407 ‘erffiw

2491 794 2500 802 ·
2522 792 2600 816 Βωοτ
2618 799 2672 822 enp-
2687 800 2704 822 ¹.-

2490 818 2581 851 Textun
2595 826 2704 846 eom-.-

2491 852 2528 868 ms
2542 853 2560 869 ι.
2674 863 2686 877 2„
2694 855 2704 874 q

2678 880 2701 906 [q

2484 2435 2495 2446 ⁸
2509 2440 2615 2465 corpora
2628 2435 2704 2460 codd..

2484 2592 2598 2622 'fornae
2601 2597 2639 2621 ne,
2644 2598 2704 2622 cor·-
