2690 4062
85 3561 96 3571 ⁴
110 3560 180 3583 Num.
195 3568 216 3590 3.

333 277 427 303 LXXX

1037 251 1623 295 METEOROLOGICORUM
1651 251 1745 287 LIB.
1777 251 1809 286 11

950 472 1251 530 LECTIO
1288 466 1891 526 DECIMASEXTA

817 634 1038 674 QUOMODO
1063 631 1358 664 GENERENTUR
1381 629 1646 661 TONlTRUUM
1669 628 1728 659 ET
1752 627 2034 659 CORUSCATIO

332 781 406 825 Περὶ
431 774 461 810 δ’
483 777 661 822 ἀστραπῆς
686 777 744 807 καὶ
769 774 925 819 βροντῆς,
945 773 997 804 ἔτι
1014 767 1051 804 δὲ
1069 772 1141 816 περὶ
1163 771 1312 814 τυφῶνος
1336 771 1394 800 καὶ
1449 771 1466 789 *
1489 771 1537 801 De
1561 771 1780 802 coruscatione
1804 778 1912 802 autem
1931 778 1962 803 et
1981 771 2135 810 tonitruo,
2159 772 2264 803 adhuc
2287 779 2395 803 autem
2413 773 2523 816 de-ty-
2553 777 2563 788 ⁹
2577 776 2636 806 cti>-
2656 785 2674 794 ·’

399 823 589 868 πρηστῆρος
613 821 671 852 καὶ
694 819 859 863 κεραυνῶν
891 816 1059 871 λέγωμεν·
1085 817 1143 847 καὶ
1168 815 1232 860 γὰρ
1259 812 1392 846 τούτων

400 867 462 903 τήν
489 865 599 902 αὐτήν
627 864 733 908 ἀρχήν
759 861 1013 906 ὁπολαμβανειν
1039 856 1091 892 δεῖ
1114 858 1272 891 ποίντων·

333 914 394 951 τῆς
418 911 481 956 γὰρ
509 908 778 953 ἀναθυμιάσεως,
805 905 916 950 ὥσπερ
945 907 1103 949 εἴπομεν,
1131 904 1230 940 οὔσης
1255 901 1391 941 διττῆς,

397 957 458 993 τῆς
483 954 541 999 μὲν
568 953 691 999 ὑγρᾶς,
718 952 780 988 τῆς
805 946 843 982 δὲ
868 949 990 992 ξηρᾶς,
1015 951 1074 981 καὶ
1099 948 1162 985 τῆς
1192 948 1392 993 συγκρίσεως

397 998 538 1045 ἐχούσης
566 997 661 1041 ἄμφω
687 997 806 1029 ταῦτα
829 990 969 1037 δυνάμει
993 996 1050 1025 καὶ
1076 991 1320 1035 συνισταμένης
1347 991 1390 1027 εἰς

395 1045 512 1087 νέφος,
538 1042 647 1085 ὥσπερ
672 1042 805 1085 εἴρηται
830 1038 1015 1083 πρότερον,
1043 1037 1095 1069 ἐ’τι
1119 1033 1156 1068 δέ
1182 1034 1390 1079 πυκνοτέροις

396 1089 458 1125 τῆς
483 1085 676 1122 συστοίσεως
702 1085 769 1116 τῶν
795 1084 897 1127 νεφῶν
921 1081 1097 1129 γινομένης
1115 1093 1139 1113 π
1162 1080 1195 1118 ὀς
1221 1080 1263 1112 τὸ
1288 1080 1391 1124 ἔσχα-

395 1144 454 1166 τον
479 1130 599 1175 ’κέρας’
627 1129 648 1171 ᾗ
672 1128 737 1174 γοίρ
763 1128 910 1160 ἐκλείπει
934 1126 976 1159 τὸ
1001 1126 1118 1180 θερμὸν
1162 1123 1389 1169 ιακρινόμενον

394 1178 438 1215 εἰς
463 1175 522 1208 τὸν
550 1174 616 1206 ἄνω
635 1172 757 1215 τόπον,
777 1171 892 1215 ταύτῃ
914 1181 1125 1215 πυκνοτεραν
1149 1171 1208 1201 καὶ
1227 1166 1391 1213 ψυχροτέ-

394 1233 452 1266 ραν
473 1220 658 1264 ἀναγκαῖον
677 1214 763 1248 εἶναι
779 1216 845 1252 τήν
863 1214 1028 1248 σύστασιν
1040 1227 1047 1235 ·
1073 1210 1125 1246 διὸ
1148 1215 1207 1246 καὶ
1226 1215 1255 1245 οἱ
1272 1224 1390 1257 κεραυ-

393 1268 440 1297 νοὶ
464 1265 522 1296 καὶ
549 1264 578 1294 οἱ
603 1262 751 1305 ἑκνεφίαι
775 1262 834 1292 καὶ
859 1259 978 1292 πάντα
1003 1259 1051 1291 τοὶ
1076 1259 1228 1290 τοιαῦτα
1248 1257 1388 1302 φέρεται

391 1308 508 1349 κάτω,
534 1309 649 1339 καίτοι
682 1305 871 1348 πεφυκότος
898 1304 964 1336 ἄνω
990 1304 1052 1336 τοῦ
1085 1303 1205 1357 θερμοῦ
1232 1300 1389 1347 φέρεσθαι

393 1353 536 1391 παντὸς,
561 1348 635 1384 ἀλλ’
655 1350 700 1387 εἱς
725 1349 928 1382 τούναντίον
954 1349 1017 1385 τῆς
1043 1358 1258 1384 πυκνοτητος
1284 1346 1391 1391 ἀναγ-

390 1401 487 1430 καῖον
503 1393 654 1443 γίνεσθαι
672 1393 735 1430 τήν
751 1392 909 1437 ἔκθλιψιν,
927 1393 994 1425 οἷον
1012 1394 1042 1424 οἱ
1060 1393 1201 1437 πυρῆνες
1220 1393 1250 1423 οἱ
1267 1391 1304 1423 ἐκ
1321 1394 1388 1423 τῶν

390 1437 568 1474 δακτύλων
595 1435 787 1477 πηδῶντες·
814 1440 872 1470 καὶ
896 1437 961 1484 γοὶρ
987 1437 1106 1470 ταῦτα
1130 1435 1230 1480 βσίρος
1256 1435 1387 1480 ἔχοντα

390 1486 526 1531 φέρεται
552 1482 715 1520 πολλάκις
741 1483 821 1515 ἅνω.

320 1533 361 1563 Ἡ
385 1530 443 1575 μὲν
468 1528 524 1562 οὖν
548 1526 761 1604 ἑκκρινοέιένη
795 1525 958 1571 θερμότης
984 1525 1029 1563 εἰς
1055 1524 1114 1556 τόν
1142 1524 1210 1556 ἄνω
1235 1518 1388 1556 διασπὲί-

389 1585 485 1618 ρεται
518 1572 644 1606 τόπον·
691 1584 731 1609 ση
764 1567 793 1603 δ’
822 1571 987 1615 έμπεριλα
1014 1567 1160 1610 βαίνεται
1189 1569 1252 1606 τῆς
1283 1567 1387 1611 ξηρᾶς

390 1616 657 1662 ἀναθυμιάσεως,
674 1613 706 1648 ἐν
724 1617 769 1658 τῇ
788 1614 967 1660 μεταβολῇ
1009 1612 1174 1658 υχομένου
1193 1614 1255 1646 τοῦ
1275 1612 1384 1657 ἀέρος,

389 1662 479 1700 αὕτη
504 1660 686 1694 συνιόντων
712 1661 779 1691 τῶν
805 1660 907 1702 νεφῶν
926 1658 1130 1701 ἐκκρίνεται,
1149 1657 1207 1698 βία
1231 1653 1270 1690 δὲ
1295 1668 1388 1712 φερο-

388 1707 469 1753 μένη
500 1708 558 1738 καὶ
594 1707 859 1750 προσπίπτουσα
892 1708 963 1742 τοῖς
997 1701 1246 1747 περιεχομένοις
1277 1713 1388 1745 νεφεσι

389 1756 480 1784 ποιεῖ’
502 1749 650 1796 πληγὴν,
673 1748 711 1787 ἧς
738 1749 754 1780 ὁ
779 1747 879 1793 ψόφος
903 1750 1063 1780 καλεῖται
1084 1746 1223 1791 βροντή.
1250 1748 1387 1780 Γίνεται

386 1795 415 1827 δ’
440 1796 460 1832 ἣ
487 1794 602 1840 πληγή
629 1793 687 1825 τόν
715 1793 821 1826 αὐτόν
848 1791 989 1837 τρόπον,
1014 1793 1057 1829 ὠς
1082 1791 1291 1832 παρεικάσαι
1313 1793 1387 1846 μεί-

386 1840 456 1883 ζονι
481 1841 594 1884 μικρὸν
620 1837 740 1878 πάθος,
762 1838 810 1879 τῷ
837 1837 870 1869 ἐν
897 1837 943 1879 τῇ
968 1838 1066 1882 φλογὶ
1091 1835 1254 1880 γινομένῳ
1278 1835 1384 1881 ψοφῳ,

389 1885 423 1917 ὃν
446 1885 608 1917 καλοῦσιν
633 1885 663 1915 οἱ
687 1882 746 1926 μὲν
771 1882 831 1914 τὸν
849 1880 1042 1925 ’Ἥφαιστον
1067 1881 1187 1926 γελᾶν,
1206 1882 1236 1913 οἱ
1257 1876 1295 1913 δὲ
1320 1880 1385 1917 τὴν

383 1930 539 1970 Ἑστίαν,
566 1930 595 1962 οἱ
620 1923 648 1959 δ’
679 1926 822 1963 ἀπειλήν
855 1926 1000 1958 τούτων.
1032 1925 1168 1957 Γίνεται
1193 1919 1221 1956 δ’
1252 1923 1338 1958 ὅταν
1363 1925 1384 1962 ἡ

389 1971 607 2017 ἀναθυμίασις
632 1972 676 2008 εἰς
702 1970 766 2007 τήν
791 1969 903 2017 φλόγα
927 1968 1204 2014 συνεστραμμένη
1223 1969 1382 2014 φέρηται,

386 2017 594 2063 ῥηγνυμένων
618 2019 676 2048 καὶ
701 2014 947 2060 ξηραινομένων
973 2015 1040 2047 τῶν
1058 2013 1184 2055 ξύλων·
1211 2012 1302 2046 οὕτω
1319 2014 1383 2060 γὰρ

385 2066 443 2095 καὶ
461 2063 494 2094 ἐν
512 2066 583 2100 τοῖς
599 2059 709 2105 νέφεσι
728 2059 884 2106 γινομένη
903 2060 924 2097 ἡ
943 2059 1006 2092 τοῦ
1028 2058 1224 2103 πνεύματος
1241 2058 1383 2103 ἔκκρισις

387 2109 466 2152 πρὸς
492 2107 556 2143 τήν
586 2104 786 2142 πυκνότητα
811 2105 878 2136 τῶν
908 2104 1012 2148 νεφῶν
1037 2104 1268 2136 εἰσπίπτουσα
1294 2107 1387 2136 ποιεῖ

387 2153 451 2188 τήν
477 2149 633 2191 βροντήν.
658 2143 879 2181 Παντοδαποὶ
904 2146 932 2179 δ’
954 2150 984 2180 οἱ
1001 2147 1100 2192 ψόφοι
1124 2142 1185 2180 διαὶ
1208 2147 1272 2184 τήν
1300 2148 1384 2181 ἀνω-

387 2197 511 2239 μαλίαν
538 2207 577 2228 τε
601 2196 755 2240 γίνονται
780 2194 846 2225 τῶν
872 2193 975 2237 νεφῶν
999 2194 1057 2224 καὶ
1082 2189 1142 2225 διαὶ
1161 2191 1224 2231 τοὶς
1249 2191 1383 2237 μεταξύ

383 2242 526 2281 κοιλίας,
553 2239 573 2282 ᾔ
599 2238 638 2271 το“
663 2237 798 2282 συνεχὲς
823 2238 970 2270 ἐκλείπει
996 2237 1058 2274 τῆς
1085 2236 1314 2276 πυκνότητος.
1341 2238 1384 2269 Ἠ

385 2286 444 2329 μὲν
469 2281 527 2317 οὖν
553 2283 678 2324 βροντή
704 2282 801 2316 τοῦτ’
823 2282 897 2314 ἔστι
920 2283 978 2314 καὶ
1002 2284 1137 2328 γίνεται
1162 2276 1222 2314 διαὶ
1246 2281 1382 2320 ταύτην

385 2328 449 2365 τήν
475 2329 608 2361 αἰτίαν·

320 2373 361 2406 ee
385 2368 422 2405 δὲ
447 2373 579 2417 πνεῦμα
604 2373 646 2404 τὸ
671 2370 905 2415 ὲκθλιβόμενον
932 2370 978 2403 ταὶ
1004 2371 1119 2403 πολλοὶ
1142 2372 1202 2415 μὲν
1225 2371 1385 2415 ἐκπυροῦ-

386 2428 446 2450 ται
468 2417 581 2459 λεπτῇ
605 2417 664 2448 καὶ
690 2415 823 2448 ἀσθενεῖ
845 2415 1002 2460 πυρώσει,
1021 2418 1079 2447 καὶ
1104 2413 1202 2448 τοῦτ’
1223 2415 1316 2448 ἔστιν
1342 2415 1384 2452 ἥν

384 2463 553 2506 καλοῦμεν
571 2460 765 2505 ἀστραπήν,
783 2459 803 2503 ᾗ
822 2459 861 2492 ἂν
875 2459 988 2504 ὥσπερ
1007 2458 1175 2493 ἐκπῖπτον
1190 2459 1230 2493 τὸ
1249 2460 1384 2504 πνεῦμα

385 2504 618 2550 χρωματισθὲν
643 2503 744 2548 ὀφθῇ.

319 2552 451 2582 Γίνεται
475 2545 514 2582 δὲ
538 2551 630 2592 μετα
653 2549 716 2586 τήν
738 2550 873 2595 πληγήν
898 2551 956 2581 καὶ
982 2548 1121 2593 ὕστερον
1140 2549 1203 2587 τῆς
1222 2548 1381 2590 βροντῆς,

388 2594 478 2627 ἀλλσὶ
499 2597 656 2639 φαίνεται
682 2592 844 2638 πρότερον
870 2587 930 2626 διαὶ
955 2592 995 2625 τό
1021 2593 1085 2630 τήν
1112 2591 1184 2637 ὄψιν
1206 2596 1382 2638 προτερεῖν

387 2639 448 2676 τῆς
475 2639 591 2677 ἀκοῆς.
618 2639 720 2676 Δηλοῖ
742 2633 770 2669 δ’
793 2638 848 2671 ἐπὶ
875 2638 937 2676 τῆς
961 2638 1104 2680 εἰρεσίας
1131 2638 1197 2669 τῶν
1219 2636 1380 2682 τριήρων·

386 2679 450 2720 ἤδη
475 2682 539 2729 γοὶρ
567 2683 630 2716 ἀνα
657 2681 799 2728 ερόντων
823 2680 926 2714 ποίλιν
952 2682 1015 2720 τοίς
1040 2681 1177 2724 κώπας,
1205 2682 1222 2714 ό
1248 2682 1382 2726 πρῶτος

388 2727 576 2771 ἀφικνεῖται
600 2726 701 2772 ψοφος
728 2728 790 2764 τῆς
815 2728 1047 2765 κωπηλασίας.

512 2839 518 2845 .
546 2826 555 2839 =
572 2822 724 2859 ostquani
752 2814 974 2859 Philosophus
1006 2814 1234 2848 determinavit
1261 2813 1302 2848 de
1331 2813 1382 2847 his

398 2869 401 2880 ν
440 2860 458 2890 ,4
485 2861 497 2879 '⁸
527 2874 556 2903 g,
572 2869 655 2902 quae
678 2867 874 2902 generantur
897 2870 936 2892 ex
959 2858 1164 2892 exhalatione
1188 2858 1274 2892 sicca
1297 2858 1382 2892 circa

437 2903 441 2911 ‘
516 2908 541 2941 «ψ
572 2910 689 2935 terram
706 2911 739 2936 et
754 2903 787 2935 in
803 2911 896 2943 terra,
920 2903 1005 2936 sicut
1029 2902 1069 2936 de
1092 2903 1199 2937 ventis
1215 2911 1248 2936 et
1264 2911 1382 2942 terrae7

454 2968 462 2978 ,
512 2970 521 2991 v·
542 2974 553 2986 ,
572 2955 677 2987 motu,
690 2946 742 2980 hic
759 2946 952 2980 determinat
968 2947 1008 2981 de
1022 2947 1071 2980 his
1085 2959 1168 2992 quae
1184 2955 1382 2992 generantur

463 3013 465 3019 ι
521 2994 526 3005 ’
572 3002 612 3023 ex
630 2990 743 3024 eadem
768 2991 801 3024 in
825 2991 920 3024 nube.
947 2991 988 3025 Et
1012 2992 1096 3025 circa
1120 2991 1184 3025 hoc
1205 2991 1272 3025 duo
1288 2990 1379 3024 facit:

320 3033 427 3077 primo
449 3035 625 3078 praemittit
648 3035 865 3068 intentionem
889 3047 994 3077 suam,
1018 3044 1050 3068 et
1067 3035 1145 3069 dicit
1162 3035 1253 3080 quod
1277 3035 1381 3069 deter-

321 3077 443 3110 minato
467 3077 506 3111 de
529 3087 628 3111 vento
657 3087 688 3111 et
712 3087 909 3112 terraemotu
939 3088 1037 3113 restat
1066 3089 1306 3124 consequenter
1334 3079 1380 3113 di-

322 3120 460 3154 cendum
484 3121 523 3155 de
544 3123 768 3156 coruscatione
793 3132 824 3156 et
848 3124 1006 3165 tonitruo,
1031 3132 1063 3157 et
1079 3123 1119 3157 de
1136 3124 1271 3170 typhone,
1296 3123 1381 3157 idest

322 3163 360 3198 de
383 3174 481 3198 vento
502 3166 648 3199 circulari
673 3166 809 3211 expulso
833 3179 872 3200 ex
895 3167 993 3208 nube,
1017 3176 1048 3201 et
1071 3167 1110 3202 de
1134 3168 1379 3202 incensionibus

322 3217 354 3241 et
375 3208 582 3250 fulminibus,
607 3219 639 3243 et
662 3211 759 3244 simul
784 3210 823 3244 de
848 3211 1019 3252 omnibus,
1044 3213 1120 3256 quia
1148 3213 1299 3245 omnium
1331 3221 1379 3246 est

322 3251 407 3285 idem
424 3254 631 3297 principium,
657 3254 778 3288 scilicet
798 3255 959 3288 exhalatio
980 3256 1074 3297 sicca,
1099 3265 1132 3290 et
1151 3257 1263 3290 omnia
1282 3257 1380 3290 etiarn

323 3305 397 3329 sunt
414 3296 664 3331 substantialiter
679 3298 851 3340 exhalatio,
877 3311 958 3344 quae
983 3299 1090 3333 differt
1106 3301 1289 3340 secundum
1308 3312 1381 3334 mo-

323 3347 374 3372 tus
399 3349 430 3372 et
454 3342 619 3383 passiones
644 3342 795 3376 diversas.

379 3392 408 3416 2.
432 3384 557 3418 Deinde
573 3397 647 3418 cum
663 3385 753 3419 dicit:
770 3387 969 3421 Exhalatione
987 3388 1065 3421 enim
1081 3397 1153 3429 etc.‚
1170 3389 1380 3434 prosequitur

324 3427 483 3460 intentum
505 3440 612 3462 suum.
630 3430 670 3463 Et
686 3431 768 3463 circa
784 3430 847 3464 hoc
865 3431 931 3464 duo
955 3431 1046 3465 facit:
1073 3433 1179 3476 primo
1203 3434 1381 3477 praemittit

325 3470 481 3514 quaedam
493 3474 670 3506 necessaria
686 3474 725 3507 ad
737 3476 943 3518 propositum
951 3488 960 3516 ;
974 3476 1120 3510 secundo
1133 3477 1327 3510 determinat
1339 3477 1379 3511 de

325 3515 547 3564 coruscatione
564 3525 595 3549 et
616 3518 761 3551 tonitruo
786 3519 967 3553 secundum
991 3521 1184 3564 opinionem
1201 3522 1379 3565 propriam,

324 3556 384 3608 ¹b.¹²
402 3557 557 3601 segregata
578 3561 694 3604 quidem
710 3562 801 3605 igitur
815 3563 833 3582 ⁴*
850 3571 909 3596 etc.
929 3563 1023 3597 Circa
1041 3565 1184 3608 primum
1202 3565 1380 3609 praemittit

324 3609 392 3634 tria.
417 3602 562 3635 Primum
579 3613 638 3645 est,
657 3605 745 3649 quod
761 3607 845 3640 sicut
867 3619 963 3652 saepe
981 3607 1105 3641 dictum
1121 3617 1170 3642 est
1186 3610 1287 3654 prius,
1304 3620 1379 3643 cum

1516 815 1624 856 phone
1655 822 1687 846 et
1713 815 1898 846 incensione
1929 822 1961 847 et
1991 816 2178 847 fulminibus
2214 816 2377 855 dicamus;
2406 817 2524 849 etenim

1515 859 1634 890 horum
1656 859 1743 890 idem
1767 858 1960 900 principium
1983 860 2160 892 existimare
2183 867 2311 901 oportet
2333 862 2495 893 omnium.

1448 903 1656 934 Exhalatione
1679 903 1766 934 enim
1786 902 1907 944 duplici
1922 903 2084 944 existente,
2101 912 2138 936 ut
2151 905 2301 944 diximus,
2315 905 2375 936 hac
2390 905 2523 948 quidem

1515 947 1659 986 humida,
1674 948 1734 979 hac
1757 954 1867 979 autem
1887 947 1979 987 sicca,
1995 955 2027 980 et
2041 949 2244 980 concretione
2266 949 2402 981 habente
2425 951 2523 982 ambo

1514 992 1591 1023 haec
1615 992 1759 1033 potentia
1782 999 1813 1023 et
1836 999 1978 1023 constare
2002 992 2136 1025 faciente
2157 993 2192 1024 in
2214 995 2351 1033 nubem,
2374 994 2456 1026 sicut
2476 994 2523 1026 di—

1514 1043 1603 1067 ctum
1625 1043 1672 1068 est
1694 1036 1793 1077 prius.
1817 1035 1933 1067 Adhuc
1955 1043 2064 1068 autem
2085 1037 2227 1078 spissiori
2240 1038 2446 1070 consistentia
2461 1048 2522 1071 nu·

1513 1081 1605 1112 bium
1629 1080 1710 1112 facta
1732 1081 1772 1112 ad
1795 1080 1943 1112 ultimam
1966 1081 2202 1113 summitatem:
2226 1091 2292 1123 qua
2313 1082 2401 1114 enim
2416 1082 2524 1117 dffit

1513 1125 1652 1156 calidum
1665 1125 1847 1166 disgregans
1861 1124 1894 1156 in
1911 1121 2110 1167 superiorem
2125 1126 2246 1166 locum,
2261 1126 2322 1158 hac
2337 1127 2522 1168 spisn'etun

1514 1176 1545 1201 et
1567 1169 1763 1211 frigidiorem
1793 1179 1920 1201 necesse
1944 1177 1991 1202 est
2018 1170 2257 1202 consistentiam
2280 1180 2358 1203 esse.
2387 1171 2522 1213 Propon

1512 1214 1602 1256 quod
1625 1221 1658 1245 et
1680 1214 1816 1245 fulmina
1838 1221 1871 1246 et
1897 1215 2068 1255 ecnephiae
2091 1222 2123 1246 et
2146 1215 2256 1246 omnia
2278 1215 2354 1246 talia
2375 1213 2522 1248 feruntur

1512 1259 1675 1298 deorsum,
1690 1259 1838 1300 quamvis
1859 1266 1936 1290 nato
1959 1269 2088 1290 sursum
2110 1259 2214 1291 calido
2237 1259 2310 1290 ferri
2332 1260 2435 1292 omni.
2451 1259 2521 1292 ‘ssd

1510 1303 1552 1334 ad
1575 1303 1770 1334 contrarium
1792 1303 2024 1344 inspissationis
2047 1304 2261 1336 necessarium
2282 1303 2350 1335 fieri
2369 1303 2520 1336 extrusi&

1511 1357 1598 1387 nem,
1620 1347 1708 1379 velut
1730 1357 1866 1389 pyrenes
1889 1357 1927 1379 ex
1950 1348 2055 1389 digitis
2078 1348 2271 1380 exsilientes:
2300 1348 2420 1381 etenim
2441 1348 2520 1381 inse

1511 1392 1640 1433 pondus
1663 1392 1812 1424 habentia
1834 1392 1979 1424 feruntur
2002 1402 2095 1434 saepe
2118 1403 2256 1424 sursum.
2452 1435 2458 1443 ν
2478 1404 2479 1409 ’
2512 1408 2517 1412 ·

2376 1492 2400 1495 ,.
2443 1490 2515 1509 w

1442 1524 1609 1565 Segregata
1624 1524 1757 1566 quidem
1776 1524 1873 1565 igitur
1894 1524 2036 1556 caliditas
2058 1524 2092 1556 in
2114 1524 2313 1566 superiorem
2328 1524 2520 1568 dispergitur

1508 1565 1633 1600 loc'um:
1653 1579 1877 1611 quaecumque
1896 1576 2005 1601 autem
2021 1569 2242 1601 intercluditur
2264 1567 2520 1605 siceaexhsisno

1508 1613 1542 1644 in
1558 1613 1824 1645 transmutatione
1845 1613 2017 1655 infrigidati
2039 1614 2129 1653 aeris,
2151 1613 2230 1645 haec
2253 1611 2518 1651 comedentibus

1482 1685 1486 1687 .
1508 1658 1648 1690 nubibus
1665 1665 1861 1700 segregatur,
1884 1658 1916 1689 vi
1931 1665 2041 1689 autem
2056 1658 2119 1689 lats
2141 1665 2172 1690 et
2195 1658 2360 1690 offendens
2380 1659 2517 1692 adredu-

1509 1703 1644 1734 tinentes
1666 1704 1768 1734 nubes
1791 1702 1866 1734 facit
1886 1712 2124 1744 percussuram,
2147 1703 2238 1734 cuius
2262 1712 2363 1735 sonus
2381 1709 2519 1746 vocatus

1508 1747 1698 1779 tonitruum.
1722 1747 1774 1778 Fit
1787 1753 1896 1778 autem
1911 1756 2100 1788 percussura
2115 1748 2231 1779 eodem
2246 1748 2363 1787 modo,-
2372 1752 2517 1780 utrem

1507 1798 1636 1833 paretur
1658 1791 1772 1822 maiori
1795 1791 1903 1822 minor
1921 1791 2040 1832 passio,
2057 1791 2086 1823 ei
2100 1791 2159 1833 qui
2173 1791 2206 1822 in
2220 1791 2516 1832 flammtffisoiso,

1509 1837 1599 1878 quod
1625 1842 1743 1867 vocant
1769 1835 1802 1867 hi
1829 1835 1962 1878 quidem
1989 1835 2172 1868 Vulcanum
2199 1833 2378 1876 rideres&
2391 1841 2516 1873 11η.

1508 1882 1650 1920 Vestam,
1672 1880 1707 1911 hi
1730 1886 1839 1911 autem
1861 1880 2147 1912 comminationem
2175 1880 2306 1912 horum.
2331 1877 2517 1917 Fit-d·-

1507 1925 1638 1967 quando
1661 1924 1818 1956 exhalatio
1841 1924 1874 1956 in
1898 1925 2063 1956 flammam
2086 1934 2239 1956 conversa
2261 1923 2518 1967 feramffmp*

1507 1977 1538 2001 et
1560 1969 1682 2001 siccatis
1704 1969 1817 2010 lignis:
1841 1969 1886 2000 sic
1909 1969 1996 2001 enirn
2019 1976 2051 2002 et
2071 1969 2106 2001 in
2129 1969 2269 2001 nubibus
2286 1966 2517 2011 fsmspffims

1507 2014 1681 2056 segregatio
1710 2014 1750 2045 ad
1773 2013 2013 2055 spissitudinem
2043 2013 2181 2045 nubium
2202 2013 2345 2046 incidens
2360 2013 2516 2046 fairwu-⁶

1506 2059 1660 2090 niti-uum.
1680 2058 1872 2090 Omnimodi
1891 2065 2000 2090 autem
2019 2058 2091 2090 soni
2106 2065 2238 2100 propter
2252 2057 2515 2100 immunitam

1505 2103 1588 2135 fiunt
1605 2103 1754 2142 nubium,
1771 2110 1803 2134 et
1821 2110 1952 2144 propter
1973 2102 2180 2135 interme-dios
2202 2109 2338 2143 ventres,
2351 2108 2516 2146 qutun-¹

1505 2148 1635 2180 tinuitas
1658 2147 1763 2179 deficit
1785 2147 2009 2189 spissitudinis.
2040 2147 2240 2179 Tonitruum
2262 2146 2517 2192 quidflrdgims}

1505 2193 1568 2224 hoc
1592 2199 1656 2232 est,
1680 2199 1712 2224 et
1733 2191 1770 2223 fit
1792 2199 1922 2234 propter
1944 2192 2028 2224 hanc
2050 2201 2190 2224 causam.
2328 2190 2344 2210 '¹
2376 2197 2381 2217 ἱ
2403 2191 2406 2209 ³
2500 2201 2515 2219 1ῐ

1439 2371 1574 2413 Spiritus
1597 2377 1707 2402 autem
1737 2377 1882 2402 extrusus
1913 2370 2091 2402 secundum
2116 2371 2218 2402 mults
2241 2371 2374 2414 quidem
2394 2371 2516 2415 m

1505 2415 1612 2447 subtili
1636 2421 1668 2446 et
1690 2414 1786 2446 debili
1814 2413 1988 2456 ignitione,
2017 2421 2049 2446 et
2075 2414 2138 2446 hoc
2165 2422 2213 2448 est
2241 2416 2516 2458 quod'voem

1506 2459 1787 2498 coruscationem,
1800 2469 1865 2501 qua
1887 2459 1999 2501 utique
2021 2459 2111 2491 velut
2133 2459 2279 2492 excidens
2302 2459 2430 2503 spiritus
2451 2466 2514 2494 ω-

1506 2505 1626 2535 loratus
1649 2510 1809 2544 appareat.
2510 2523 2511 2526 =

1438 2549 1489 2580 Fit
1512 2555 1620 2580 autem
1643 2554 1718 2589 post
1740 2556 1964 2589 percussuram
1986 2553 2019 2578 et
2036 2547 2194 2587 posterius
2218 2547 2376 2588 tonitruo,
2398 2549 2455 2581 sed
2468 2548 2515 2581 viu

1505 2594 1596 2625 detur
1618 2591 1717 2633 prius,
1742 2591 1819 2634 quia
1841 2591 1928 2622 visus
1947 2591 2098 2633 anticipat
2117 2592 2276 2624 auditum.
2299 2593 2390 2625 Patet
2404 2598 2514 2626 sutem

1503 2637 1537 2668 in
1561 2637 1659 2668 ductu
1683 2636 1876 2668 triremium:
1900 2635 1965 2667 iam
1988 2635 2076 2667 enim
2098 2636 2307 2669 referentibus
2328 2636 2447 2670 iterum
2463 2644 2514 2671 w

1505 2692 1587 2721 mos,
1611 2681 1735 2723 primus
1757 2679 1906 2723 pertingit
1929 2690 2029 2712 sonus
2051 2680 2131 2712 remi
2153 2681 2378 2722 percussionis.
2469 2687 2473 2691 “
2508 2688 2513 2695 ’

2461 2778 2464 2779 ’
2479 2793 2481 2796 <
2496 2777 2511 2803 ’ί

1438 2825 1455 2847 a
1480 2824 1522 2847 ua
1537 2822 1571 2846 et
1587 2822 1671 2846 terra
1690 2810 1862 2846 calefactae
1886 2811 2008 2846 fuerint
2030 2812 2152 2846 virtute
2175 2812 2266 2853 solis,
2290 2811 2513 2848 elevatura&

1437 2870 1458 2902 p
1473 2869 1514 2891 ex
1528 2856 1702 2898 exhalatio,
1719 2868 1785 2891 una
1808 2856 1943 2902 quidem
1967 2856 2116 2897 humida,
2130 2867 2215 2902 quae
2239 2866 2289 2891 est
2309 2857 2513 2903 prindpitm

1437 2902 1579 2947 pluviae,
1596 2902 1680 2935 nivis
1704 2910 1737 2935 et
1759 2899 1938 2954 grandinis,
1955 2909 1988 2934 et
2004 2900 2175 2942 similium,
2193 2900 2255 2934 alia
2278 2908 2391 2936 autem
2413 2901 2513 2944 sieta,⁴

1437 2958 1521 2991 quae
1556 2954 1606 2980 est
1635 2946 1837 2991 principium
1867 2945 2118 2990 propositorum
2154 2945 2239 2979 sicut
2266 2944 2449 2988 videbitur,
2477 2954 2513 2980 et

1437 2992 1535 3025 etiam
1559 2989 1768 3042 quorundam
1792 2990 1883 3035 prius
1908 2989 2210 3023 determinatorum.
2237 2990 2279 3024 Et
2297 2989 2413 3025 ambae
2435 2989 2511 3024 illae
2538 3002 2542 3006 ’

1436 3035 1660 3069 exhalationes
1684 3033 1783 3068 simul
1807 3033 1987 3075 elevantur,
2013 3034 2089 3079 quia
2113 3045 2174 3068 nec
2191 3033 2328 3068 humida
2347 3045 2409 3068 nec
2423 3034 2512 3069 sicca

1436 3079 1506 3113 sola
1523 3080 1592 3113 sine
1609 3078 1671 3113 alia
1687 3078 1844 3119 ascendit,
1857 3079 1944 3112 sicut
1955 3077 2267 3123 supradeclaratum
2279 3087 2339 3112 est.
2352 3097 2371 3104 -
2385 3078 2511 3113 Secun-

1437 3123 1517 3158 dum
1533 3133 1592 3164 est,
1609 3123 1699 3168 quod
1723 3131 1937 3168 aggregatum
1954 3134 1993 3156 ex
2014 3123 2083 3156 istis
2101 3122 2228 3156 duabus
2248 3122 2510 3157 exhalationibus

1436 3169 1463 3201 si
1487 3169 1529 3201 sit
1552 3167 1728 3202 humidum
1745 3179 1763 3201 a
1778 3166 2020 3212 praedominio,
2036 3175 2115 3200 tunc
2140 3175 2275 3212 propter
2298 3165 2510 3211 frigiditatem

1436 3213 1638 3246 convertitur
1654 3213 1688 3245 in
1704 3211 1838 3253 nubem,
1851 3212 1936 3245 sicut
1952 3211 2077 3245 dictum
2090 3212 2185 3245 estin
2198 3210 2478 3256 praecedentibus.
2488 3230 2509 3237 -

1436 3256 1590 3290 Tertium
1615 3265 1674 3295 est,
1699 3256 1790 3308 quod
1813 3255 1918 3290 nubes
1943 3264 1992 3289 est
2015 3255 2149 3290 densior
2172 3257 2205 3289 in
2230 3264 2321 3300 parte
2345 3255 2508 3302 superiori

1436 3312 1535 3345 quam
1560 3301 1593 3334 in
1618 3300 1781 3341 inferiori3
1815 3309 1847 3334 et
1872 3300 1970 3334 huius
1994 3300 2077 3334 ratio
2101 3309 2168 3341 est,
2201 3300 2278 3345 quia
2301 3310 2435 3334 necesse
2459 3307 2511 3334 est

1435 3344 1558 3378 nubem
1578 3356 1649 3378 esse
1673 3344 1885 3389 frigidiorem,
1909 3353 1942 3378 et
1957 3356 1997 3378 ex
2017 3345 2232 3389 consequenti
2257 3343 2456 3385 densiorem,
2473 3343 2508 3378 in

1436 3401 1473 3422 ea
1490 3398 1580 3433 parte
1605 3389 1660 3422 ubi
1685 3388 1794 3423 deficit
1818 3388 1963 3423 caliditas
1988 3387 2179 3440 disgregans
2198 3387 2340 3430 nubem;
2365 3388 2399 3422 in
2414 3395 2507 3433 parte

1436 3442 1547 3466 autem
1563 3434 1725 3478 superiori
1742 3433 1846 3477 magis
1864 3432 1973 3467 deficit
1989 3432 2151 3474 caliditas,
2172 3433 2249 3478 quia
2265 3443 2340 3477 pars
2356 3431 2509 3477 superior

1436 3477 1562 3511 mediae
1583 3478 1727 3521 regionis
1751 3478 1856 3521 magis
1881 3477 1978 3511 distat
1994 3489 2013 3511 a
2028 3485 2154 3522 puncto
2178 3476 2382 3510 reflexionis:
2408 3477 2508 3521 igitur

1436 3521 1479 3554 ibi
1503 3521 1607 3554 nubes
1638 3530 1687 3555 est
1711 3522 1857 3565 spissior.
1891 3521 1956 3555 Sed
1980 3522 2014 3555 in
2038 3530 2128 3566 parte
2160 3520 2305 3555 inferiori
2329 3520 2434 3555 nubes
2457 3528 2508 3554 est

1435 3566 1548 3605 rarior,
1568 3566 1644 3610 quia
1661 3574 1709 3599 est
1725 3566 1835 3599 minus
1859 3564 1992 3610 frigida,
2017 3574 2048 3599 et
2073 3574 2256 3610 propterea,
2281 3565 2357 3610 quia
2380 3573 2429 3598 est
2443 3564 2506 3598 mi-

1436 3621 1497 3642 nus
1519 3609 1629 3650 densa,
1649 3609 1798 3650 fulmina,
1819 3609 1996 3654 ecnephiae
2019 3618 2052 3643 et
2076 3610 2188 3643 omnia
2207 3608 2399 3643 huiusmodi
2421 3619 2506 3653 quae
