2690 4062
98 3309 171 3331 Num.
187 3315 236 3335 seq.

74 3527 83 3537 '¹
104 3527 169 3548 decla
173 3529 248 3548 ratum
264 3533 284 3548 ι’.

299 282 384 306 XVIII

809 267 880 304 DE
910 263 1295 303 GENERATIONE
1323 262 1394 298 ET
1424 258 1807 296 CORRUPTIONE
1838 258 1932 294 LIB.
1963 259 1977 294 Ι

851 457 1148 515 LECTIO
1185 452 1927 530 VIGESIMAQUARTA

372 623 526 655 UTRUM
549 622 606 652 ET
630 618 849 658 QUOMODO
873 616 1027 648 MIXTIO
1051 614 1267 646 DIFFERAT
1291 616 1320 644 A
1344 611 1671 650 GENERATIONE,
1695 610 2008 642 ALTERATIONE
2032 611 2091 641 ET
2114 610 2362 643 AUGMENTO
2388 629 2406 634 -

700 675 973 707 EXPLICATUR
997 672 1219 710 QUALITER
1242 670 1480 701 ELEMENTA
1502 669 1696 699 VENIANT
1719 668 1779 699 AD
1802 668 2071 707 MIXTIONEM,
2103 687 2105 689 v

1052 727 1110 757 ET
1135 724 1356 763 QUOMODO
1381 723 1478 754 SINT
1501 723 1545 753 IN
1569 721 1710 752 MIXTO

298 872 425 906 Λοιπόν
450 865 485 901 δὲ
510 868 674 912 θεωρῆσαι
700 869 772 910 περὶ
798 864 914 910 μίξεως
942 865 1037 896 κατα
1061 865 1123 895 τόν
1149 863 1255 894 αὐτόν
1282 860 1357 905 τρό-
1410 863 1427 881 *
1443 861 1617 902 Reliquum
1635 867 1749 892 autem
1763 860 1938 891 videndum
1963 861 2002 891 de
2025 861 2179 892 mixtione
2202 862 2380 892 secundum
2404 871 2482 892 eun-

367 926 428 947 πον
454 914 515 951 τῆς
540 910 700 944 μεθόδου·
727 922 833 942 τουτο
858 911 922 954 γοὶρ
949 907 989 946 ἦν
1016 910 1131 952 τρίτον
1149 907 1216 938 τῶν
1236 917 1356 949 προτε-

364 957 488 990 θέντων
514 941 547 997 eg
575 955 692 1001 ἀρχῆς.
730 953 900 985 Σκεπντέον
925 952 962 986 δέ
988 954 1021 984 τί
1047 952 1078 983 τ’
1106 951 1199 982 ἐστὶν
1225 951 1245 986 ’ἦ
1270 949 1357 993 μῖξις

362 1005 419 1034 καὶ
446 1004 478 1034 τί
504 1002 544 1033 τὸ
569 998 702 1045 μικτόν,
720 1000 777 1030 καὶ
803 1000 890 1029 τίσιν
916 997 1061 1041 ὑπάρχει
1082 996 1148 1026 τῶν
1166 994 1274 1027 ὄντων
1298 996 1356 1025 καὶ

365 1047 447 1088 πῶς,
474 1046 525 1077 ἔτι
550 1043 586 1077 δὲ
612 1043 754 1087 πότερον
780 1042 853 1074 ἔστι
878 1041 964 1086 μῖξις
988 1040 1009 1077 ἦ
1035 1040 1141 1072 τοῦτο
1172 1034 1310 1082 ψεῦδος·

301 1091 470 1127 ἀδύνατον
495 1089 558 1136 γάρ
585 1087 658 1120 ἐστι
683 1085 844 1132 μιχθῆναί
870 1097 904 1117 τι
930 1086 1044 1129 ἕτερον
1070 1082 1184 1126 ἑτέρῳ,
1202 1081 1354 1126 καθάπερ

362 1134 496 1180 λέγουσί
515 1144 618 1170 τινες·
646 1132 752 1164 ὄντων
773 1132 831 1175 μέν
848 1132 912 1176 γοὲρ
933 1130 984 1162 ἔτι
1001 1129 1068 1160 τῶν
1086 1126 1273 1172 μιχθέντων
1298 1129 1356 1158 καὶ

363 1181 409 1225 μή
434 1177 666 1222 ἧλλοιωμένων
697 1170 793 1208 οὐδὲν
817 1177 946 1218 μᾶλλον
978 1173 1035 1205 νῦν
1067 1170 1228 1217 μεμῖχθαί
1257 1181 1356 1214 φασιν

364 1224 384 1262 ἦ
406 1222 579 1268 πρότερον,
600 1220 672 1253 ἀλλ’
694 1220 813 1263 ὁμοίως
831 1219 932 1264 ἔχειν,
951 1216 1094 1260 θατέρου
1118 1212 1155 1248 δὲ
1172 1215 1356 1260 φθαρέντος

364 1270 400 1302 οὗ
427 1265 599 1312 μεμῖχθαι,
620 1265 708 1296 ἀλλα
725 1264 766 1295 τό
782 1264 844 1307 μέν
868 1260 954 1294 εἶναι
979 1262 1021 1293 ‘td
1045 1256 1074 1293 δ’
1097 1261 1156 1293 οὐκ.
1174 1256 1271 1301 εἶναι,
1292 1260 1357 1296 τήν

363 1310 400 1345 δέ
420 1311 505 1357 μῖξιν
524 1311 642 1354 ὁμοίως
668 1306 816 1353 ἑχόντων
835 1303 920 1338 εἶναι
933 1318 940 1326 ·
967 1307 1028 1338 τόν
1046 1305 1155 1338 αὐτόν
1174 1300 1211 1336 δέ
1229 1302 1356 1348 τρόπον

362 1356 425 1389 κᾶν
451 1357 479 1387 εἰ
505 1352 699 1398 ἀμφοτέρων
723 1350 950 1384 συνελθόντων
969 1348 1134 1395 ἔφθαρται
1152 1350 1219 1381 τῶν
1245 1360 1358 1394 μιγνυ-

363 1400 469 1446 μένων
495 1398 672 1441 ἑκάτερον·
700 1396 736 1429 οὗ
762 1397 825 1442 γάρ
844 1392 929 1427 εἶναι
947 1393 1136 1441 μεμιγμένα
1154 1393 1202 1425 τοί
1216 1405 1254 1439 γε
1273 1393 1356 1431 ὅλως

365 1447 424 1478 οὐκ.
448 1444 547 1477 ὄντα.

297 1490 402 1528 Οὗτος
427 1490 486 1533 μὲν
512 1485 569 1520 οὖν
588 1487 604 1517 ὁ
619 1484 719 1530 λόγος
745 1484 830 1516 ἔοικε
854 1485 968 1526 ζητεῖν
993 1478 1137 1526 διορίσαι
1154 1484 1188 1514 τί
1207 1476 1356 1526 διαφέρει

363 1533 448 1579 μῖξις
472 1531 631 1578 γενέσεως
664 1531 722 1560 καὶ
747 1527 888 1573 φθορᾶς,
921 1529 979 1559 καὶ
1005 1529 1038 1558 τί
1069 1528 1109 1558 ‘ro'
1140 1527 1260 1570 μικτόν
1293 1526 1355 1558 τοῦ

363 1577 526 1625 γεννητοῦ
551 1577 608 1606 καὶ
633 1572 802 1617 φθαρτοῦ·
829 1570 932 1608 δῆλον
957 1573 1020 1618 γαρ
1046 1571 1089 1608 ὠς
1106 1566 1158 1602 δεῖ
1173 1567 1354 1614 διαφέρειν,

364 1625 454 1665 εἴπερ
481 1621 584 1652 ἔστιν.
617 1617 720 1649 “Deve
745 1615 878 1649 τούτων
905 1616 1012 1648 ὄντων
1037 1616 1186 1660 φανερῶν
1212 1616 1260 1646 ‘rol
1283 1614 1356 1646 δια-

365 1664 556 1710 πορηθέντα
586 1661 714 1694 λυοιντ·
744 1661 795 1693 ἄν.

292 1712 398 1744 Ἀλλά,
429 1710 495 1754 μην
528 1702 606 1740 οὐδὲ
639 1707 703 1742 τήν
737 1704 816 1742 ὕλην
853 1706 901 1746 τῷ
940 1706 1014 1748 πυρὶ
1051 1702 1355 1756 μεμῖχθαίωφαμεν

365 1750 442 1788 οὐδὲ
469 1750 645 1799 μίγνυσθαι
669 1749 872 1793 καιομένην,
899 1749 972 1781 οὔτ’
1003 1749 1116 1785 αὐτην
1148 1749 1258 1786 αὑτης
1284 1752 1355 1784 τοῖς

364 1801 485 1844 μορίοις
521 1796 601 1829 οὗτε
628 1795 674 1835 τῷ
701 1795 800 1838 πυρί,
833 1793 921 1825 ἀλλα
946 1794 986 1825 τό
1012 1794 1071 1838 μὲν
1096 1793 1160 1836 πῦρ
1185 1791 1353 1838 γίνεσθαι,

364 1844 428 1879 την
453 1841 490 1874 δέ
514 1837 714 1885 φθείρεσθαι.

299 1890 361 1922 Τόν
395 1887 502 1919 αὐτόν
533 1885 571 1917 δὲ
604 1882 730 1927 τρόπον
767 1882 847 1914 οὔτε
880 1882 928 1923 τῷ
960 1881 1094 1926 σώματι
1130 1881 1195 1917 τήν
1229 1893 1287 1926 τρο
1315 1882 1355 1916 η“ν

365 1930 444 1964 οὔτε
477 1931 517 1962 τὸ
549 1929 615 1974 σχῆ
646 1939 667 1959 α
699 1929 746 1968 τῷ
778 1927 865 1969 κηρῷ
899 1926 1098 1972 μιγνύμενον
1130 1892 1354 1971 σχηματίῖειν

365 1977 424 2007 τόν
444 1974 558 2021 ὄγκον·
582 1973 620 2006 οὐ
646 1973 659 2006 ἐ
677 1972 718 2003 τὸ
735 1972 831 2015 σῶμα
847 1972 904 2002 καὶ
923 1972 964 2002 τό
980 1972 1098 2003 λευκόν
1117 1971 1185 2004 οὐδ’
1209 1970 1291 2008 ὅλως
1309 1971 1356 2002 τοὶ

366 2019 456 2057 ποίθη
484 2020 541 2050 καὶ
567 2019 630 2057 τοὶς
655 2014 737 2056 ἕξεις
763 2015 873 2049 οἷόντε
899 2013 1077 2060 μίγνυσθαι
1103 2022 1174 2055 τοῖς
1200 2014 1356 2061 πραγμα-

364 2076 434 2095 σιν·
461 2061 634 2106 σωζόμενα
657 2061 720 2106 γάρ
746 2061 882 2106 ὁρᾶται.
913 2060 1021 2092 Ἀλλοὶ
1045 2060 1112 2104 μήν
1131 2057 1269 2094 οὐδὲτὸ
1284 2061 1359 2091 λευ-

363 2107 421 2140 κόν
445 2120 483 2154 γε
507 2108 563 2138 καὶ
589 2108 654 2144 τήν
675 2105 867 2148 ἐπιστήμην
885 2098 1063 2148 ἐνδέχεται
1088 2105 1264 2150 μιχθῆναι,
1283 2099 1352 2137 οὐδ’

366 2153 447 2185 ἄλλο
466 2152 532 2183 τῶν
549 2162 595 2195 μη
620 2151 794 2196 χωριστῶν
815 2142 926 2182 οὐδέν.
955 2149 1062 2181 Ἀλλά
1079 2151 1186 2182 τοῦτο
1201 2149 1356 2196 λέγουσιν

366 2194 402 2229 οὗ
426 2196 538 2233 καλῶς
564 2198 592 2228 οἱ
620 2195 737 2227 πάντα
763 2195 849 2226 ποτε
874 2192 957 2236 ὁμοῦ
981 2195 1038 2224 καὶ
1063 2192 1250 2238 φάσκοντες
1271 2190 1357 2225 εἶναι

363 2243 420 2273 καὶ
450 2238 628 2284 μεμῖχθαι·
655 2235 692 2271 οὗ
725 2240 789 2285 γοὶρ
823 2236 916 2270 ἅπαν
952 2235 1083 2269 ἅπαντι
1108 2238 1252 2282 μικτόν,
1281 2238 1352 2271 ἀλλ’

365 2283 527 2329 ὑπάρχειν
545 2285 596 2316 δεῖ
638 2285 778 2327 ωριστόν
796 2280 957 2335 ε’)ιαῖτερον
975 2282 1043 2313 τῶν
1060 2282 1266 2327 μιχθέντων·
1289 2283 1356 2315 τῶν

365 2324 402 2362 δὲ
427 2327 540 2360 παθῶν
565 2328 603 2362 οὐ
627 2330 659 2361 ἑν
683 2338 861 2373 χωριστόν.

296 2373 389 2406 Ἐπεὶ
407 2368 441 2404 δ’·
457 2371 529 2404 ἐστὶ
555 2375 602 2406 τοὶ
626 2373 684 2418 μὲν
703 2372 842 2416 δυνάμει
860 2370 908 2401 τα
927 2366 954 2399 δ’
978 2369 1126 2416 ἐνεργείᾳ
1148 2372 1215 2403 τῶν
1234 2371 1355 2411 ὄντων,

368 2412 544 2463 ἐνδέχεται
562 2419 609 2450 τοὶ
632 2417 797 2463 μιχθέντα
814 2413 899 2448 εἶναί
921 2424 989 2453 πως
1012 2419 1070 2448 καὶ
1088 2416 1136 2459 μή
1153 2413 1253 2458 εἶναι,
1274 2415 1358 2459 ἆνερ-

366 2463 442 2508 γείᾳ
467 2463 526 2505 μὲν
551 2461 667 2507 ετέρου
693 2462 789 2499 ὄντος
815 2459 876 2492 τοῦ
901 2459 1083 2506 γεγονότος
1101 2459 1135 2502 ἐξ
1157 2457 1285 2502 αὐτῶν,
1304 2457 1361 2492 δυ-

368 2505 464 2550 νάμει
488 2501 518 2537 δ’
541 2507 591 2539 ἔτι
613 2506 773 2552 ἐκατέρου
793 2505 875 2548 ἅπερ
902 2503 990 2542 ἦσαν
1009 2507 1083 2549 πρὶν
1104 2504 1279 2550 μιχθῆναι,
1300 2507 1358 2536 καὶ

370 2549 429 2582 οὐκ.
455 2550 676 2583 ἀπολωλότα·
704 2551 810 2584 τοῦτο
843 2550 906 2595 γάρ
935 2550 950 2581 ὁ
973 2551 1076 2595 λόγος
1103 2548 1256 2594 διηπόρει
1281 2548 1360 2593 πρό-

369 2605 480 2638 τερον·
506 2597 662 2639 φαίνεται
690 2591 728 2627 δὲ
762 2595 808 2627 τοὶ
835 2595 1025 2639 μιγνύμενα
1054 2594 1160 2639 πρότε
1184 2593 1220 2625 όν
1253 2606 1292 2626 τε
1325 2591 1360 2625 ἐκ

369 2640 617 2684 κεχωρισμένων
634 2639 795 2671 συνιόντα
810 2640 867 2670 καὶ
885 2636 1057 2682 δυνάμενα
1104 2637 1280 2684 ωρίὴεσθαι
1297 2637 1363 2671 ποί-

368 2683 431 2714 λιν.
457 2682 543 2716 Οὔτε
568 2678 779 2728 διαμένουσιν
805 2683 861 2716 οὖν
886 2685 1035 2730 ἐνεργείᾳ
1059 2695 1171 2739 ωσπερ
1198 2684 1238 2715 τό
1263 2683 1361 2727 σῶμα

369 2729 426 2758 καὶ
451 2729 491 2759 τὸ
515 2728 645 2769 λευκόν,
672 2729 751 2761 οὔτε
776 2727 983 2772 φθείρονται,
1011 2726 1091 2762 οὔτε
1116 2727 1257 2771 θατερον
1283 2727 1357 2760 οὔτ’

372 2770 485 2815 ἄμφω·
511 2772 658 2815 σώζεται
689 2774 752 2819 γαρ
777 2773 798 2809 ἡ
823 2767 963 2817 δυ’ναμις
989 2771 1117 2806 αὐτῶν.
1152 2773 1208 2804 Διό
1242 2773 1360 2805 ταῦτα

371 2816 429 2859 μὲν
455 2816 613 2860 ἀφείσθω·

437 2934 477 2948 ,,“
497 2928 503 2935 ,
533 2918 541 2930 =
558 2914 608 2938 ost
633 2916 709 2937 uam
726 2905 947 2949 Philosophus
965 2905 1192 2939 determinavit
1216 2906 1255 2939 de
1273 2914 1359 2939 tactu

371 2974 383 2987 χ
420 2971 444 2985 μ,
513 2946 543 2978 2⁴:
558 2958 590 2982 et
628 2961 644 2982 e
661 2947 762 2982 facere
783 2958 814 2982 et
854 2950 907 2990 ati,
924 2961 1007 2993 quae
1024 2958 1100 2982 sunt
1116 2950 1297 2983 necessaria
1320 2950 1360 2984 ad

422 2989 451 3033 ss
503 2998 542 3038 2²,
558 2994 811 3037 generationem,
859 2994 887 3026 ic
912 2993 1105 3026 determinat
1128 2993 1168 3027 de
1192 2995 1361 3035 mixtione,

440 3058 448 3070 ι
504 3060 516 3082 ἢ
528 3053 539 3076 5
559 3049 640 3081 quae
651 3036 710 3070 fuit
721 3038 851 3070 tertium
863 3049 979 3071 eorum
992 3037 1032 3071 de
1049 3037 1167 3082 quibus
1180 3050 1277 3082 supra
1290 3050 1362 3082 pro-

475 3108 479 3109 .
502 3084 524 3095 ‘¹'
558 3082 689 3114 miserat
705 3093 738 3114 se
756 3081 929 3114 dicturum.
950 3082 1008 3115 Est
1024 3083 1111 3115 enim
1128 3083 1226 3115 etiam
1246 3083 1361 3116 mixtio

308 3125 484 3158 necessaria
507 3124 547 3158 ad
570 3126 812 3168 generationem
828 3135 942 3159 eorum
960 3137 1043 3170 quae
1064 3138 1104 3159 ex
1123 3126 1291 3160 elementis
1307 3139 1362 3171 ge-

308 3177 474 3208 nerantur;
525 3168 633 3202 uando
658 3170 745 3202 enim
768 3169 804 3202 fit
826 3170 993 3213 generatio
1017 3170 1173 3214 simplicis
1197 3170 1361 3212 elementi,

309 3221 386 3245 tunc
398 3212 486 3245 nulla
501 3181 537 3245 gt
553 3213 676 3246 mixtio.
696 3213 790 3247 Circa
809 3213 872 3246 hoc
887 3225 966 3257 ergo
983 3213 1050 3247 duo
1063 3213 1152 3248 facit:
1170 3215 1277 3259 primo
1295 3226 1362 3248 ma-

309 3256 435 3289 nifestat
452 3257 664 3289 intentionem
679 3268 787 3298 suam;
805 3257 949 3291 secundo
966 3259 1176 3303 prosequitur
1188 3259 1361 3300 intentum,

310 3299 367 3332 ibi:
391 3299 571 3344 Impossibile
593 3307 633 3334 est
656 3302 732 3334 enim
748 3301 876 3335 alterum
891 3301 907 3318 *
926 3310 986 3335 etc.

354 3344 442 3376 Dicit
458 3355 534 3387 ergo
551 3345 668 3388 primo,
685 3345 774 3389 quod
790 3354 866 3389 post
882 3345 1044 3389 praedicta
1059 3355 1158 3380 restat
1176 3358 1237 3380 nos
1254 3347 1362 3381 videre

312 3386 350 3420 de
367 3388 520 3420 mixtione
537 3388 716 3430 secundum
736 3388 877 3422 eundem
892 3389 1030 3423 modum
1051 3390 1208 3431 methodi,
1226 3400 1258 3424 et
1277 3391 1363 3433 ideo,

335 3431 387 3463 uia
410 3432 523 3464 mixtio
547 3441 613 3464 erat
643 3433 773 3465 tertium
797 3444 912 3466 eorum
941 3445 1023 3477 quae
1054 3435 1163 3477 posuit
1187 3435 1362 3468 tractanda.

312 3442 404 3514 Quid
422 3475 689 3510 autemintendat
706 3488 762 3519 per
777 3476 840 3509 hoc
857 3477 946 3537 quod
963 3477 1052 3518 dixit,
1064 3479 1225 3512 secundum
1241 3479 1364 3512 eundem

311 3518 431 3551 modum
454 3518 587 3558 methodi,
612 3519 749 3552 declarat
773 3531 848 3553 cum
909 3521 1027 3561 subdit,
1048 3522 1137 3566 quod
1161 3532 1364 3566 perscrutan-

255 3573 257 3576 ·
313 3561 391 3594 dum
408 3571 455 3595 est
472 3562 549 3606 quid
566 3571 614 3595 est
629 3564 753 3603 mixtio,
770 3573 800 3596 et
817 3564 895 3608 quid
912 3565 1080 3605 miscibile,
1097 3575 1129 3598 et
1145 3566 1252 3610 quibus
1268 3568 1365 3600 existit

313 3606 434 3647 entium,
448 3605 530 3639 idest
543 3617 624 3650 quae
637 3607 796 3650 contingit
808 3609 946 3648 misceri,
959 3617 991 3641 et
1002 3608 1180 3643 videndum
1194 3611 1364 3654 quomodo

1479 906 1553 936 dem
1576 905 1713 935 modum
1735 905 1896 944 methodi;
1918 905 1981 936 hoc
2001 906 2089 936 enim
2103 912 2170 937 erat
2187 906 2317 937 tertium
2333 906 2483 947 proposi·

1478 957 1586 981 torum
1603 960 1622 980 a
1637 949 1806 990 principio,
1829 949 2044 980 Scrutandum
2062 956 2186 989 autem,
2202 950 2282 991 quid
2299 956 2347 981 est
2359 950 2483 990 mixtio,

1479 1001 1510 1025 et
1525 994 1604 1035 quid
1627 993 1792 1032 miscibile,
1809 999 1840 1024 et
1853 993 1971 1034 quibus
1990 993 2093 1025 existit
2111 994 2235 1025 entium
2250 1001 2281 1025 et
2295 995 2483 1036 quomodo;

1479 1038 1616 1079 amplius
1639 1045 1759 1076 autem,
1781 1044 1890 1068 utrum
1913 1045 1960 1069 est
1982 1037 2094 1068 mixtio
2117 1048 2159 1068 an
2181 1039 2244 1070 hoc
2266 1038 2482 1070 mendacium.

1413 1082 1610 1123 Impossibile
1625 1089 1672 1113 est
1687 1082 1774 1112 enim
1788 1081 1923 1112 alterum
1939 1082 2038 1113 altero
2053 1082 2189 1122 misceri,
2205 1083 2482 1123 quemadmodum

1479 1127 1589 1157 dicunt
1602 1126 1752 1167 quidam;
1777 1125 1980 1157 existentibus
1999 1125 2084 1156 enim
2108 1126 2214 1157 adhuc
2227 1126 2334 1158 mixtis
2361 1133 2393 1158 et
2415 1134 2482 1159 non

1478 1170 1633 1210 alteratis,
1657 1180 1724 1201 non
1747 1170 1848 1211 magis
1872 1180 1958 1201 nunc
1986 1170 2084 1201 mixta
2109 1180 2176 1202 esse
2209 1170 2362 1212 inquiunt
2383 1180 2482 1213 quam

1478 1215 1567 1256 prius
1581 1238 1590 1255 ,
1614 1215 1670 1245 sed
1700 1214 1908 1245 consimiliter
1935 1224 1968 1245 se
1991 1215 2116 1246 habere.
2140 1215 2251 1246 Altero
2281 1221 2390 1247 autem
2413 1222 2482 1248 cori

1477 1266 1573 1300 rupto
1593 1269 1660 1290 non
1674 1259 1772 1290 mixta
1795 1269 1873 1298 esse,
1889 1259 1945 1290 sed
1968 1259 2032 1290 hoc
2047 1258 2180 1300 quidem
2198 1255 2277 1298 esse,
2296 1259 2359 1291 hoc
2373 1266 2483 1292 autem

1479 1314 1545 1334 non
1569 1313 1654 1343 esse,
1677 1303 1866 1334 mixtionem
1888 1310 1996 1334 autem
2019 1303 2164 1335 similiter
2185 1303 2481 1336 habentium‘em.

1478 1348 1604 1378 Eodem
1624 1348 1724 1379 modo
1745 1348 1803 1379 etsi
1825 1348 1983 1378 ambobus
2008 1348 2270 1379 convenientibus
2293 1355 2483 1390 corruptum

1479 1399 1525 1423 est
1539 1399 1713 1434 utrumque
1724 1392 1915 1423 mixtorum:
1931 1402 1998 1423 non
2010 1392 2098 1424 enim
2111 1402 2180 1424 esse
2191 1393 2289 1424 mixta
2299 1393 2482 1425 nullatenus

1478 1443 1652 1468 existentia.

1411 1480 1429 1498 '³‘
1445 1481 1507 1512 Hic
1517 1481 1650 1522 quidem
1659 1480 1785 1512 videtur
1796 1490 1902 1512 sermo
1914 1490 2066 1522 quaerere
2079 1480 2159 1522 quid
2170 1480 2272 1512 differt
2284 1487 2357 1513 actu
2368 1480 2481 1513 mixtio

1478 1536 1496 1556 a
1519 1525 1722 1565 generatione
1745 1531 1777 1556 et
1799 1525 2020 1566 corruptione,
2044 1531 2076 1556 et
2091 1525 2170 1568 quid
2188 1525 2343 1557 miscibile
2356 1530 2482 1568 'agene-

1477 1569 1567 1601 rabili
1590 1576 1621 1601 et
1649 1569 1862 1611 corruptibili;
1886 1569 2094 1601 manifestum
2121 1570 2207 1601 enim
2237 1570 2328 1612 quod
2354 1576 2484 1615 oportet

1478 1613 1610 1653 differre,
1635 1613 1661 1644 si
1678 1620 1724 1645 est
1739 1614 1862 1646 mixtio.
1887 1614 2092 1655 Quapropter
2113 1613 2163 1646 his
2186 1614 2391 1647 existentibus
2413 1614 2483 1647 mun'

1478 1658 1598 1690 nifestis
1621 1658 1764 1700 quaesita
1787 1659 1951 1690 solventur
1972 1658 2095 1700 utique.

1410 1706 1452 1735 At
1467 1713 1543 1734 vero
1563 1712 1667 1744 neque
1683 1702 1848 1734 materiam
1862 1702 1928 1744 igni
1942 1702 2068 1734 misceri
2079 1702 2227 1742 dicimus,
2237 1712 2342 1745 neque
2357 1699 2483 1735 niceti

1478 1758 1552 1779 cum
1577 1748 1717 1786 exardet3
1741 1756 1846 1789 neque
1868 1747 1971 1787 ipsam
1995 1746 2061 1778 suis
2084 1747 2246 1788 particulis
2268 1756 2375 1790 nequae
2395 1746 2483 1789 igni3

1479 1793 1534 1823 sed
1550 1791 1658 1833 ignem
1674 1792 1806 1833 quidem
1829 1792 1982 1832 generari,
2005 1791 2087 1823 hanc
2109 1799 2219 1824 autem
2241 1791 2423 1835 corrumpi·

1411 1881 1595 1912 Secundum
1618 1887 1727 1912 autem
1749 1880 1886 1911 modum
1915 1880 2055 1912 eundem
2077 1890 2183 1922 neque
2206 1880 2334 1923 corpori
2355 1880 2482 1920 cibam,

1476 1935 1580 1966 neque
1603 1924 1739 1966 figuram
1763 1935 1851 1956 cerae
1874 1925 2006 1956 mixtam
2024 1924 2160 1966 figurare
2175 1930 2356 1965 tumorum
2377 1933 2485 1968 neque

1478 1980 1594 2011 corpus
1618 1976 1649 2000 et
1671 1970 1800 2009 album,
1824 1979 1929 2011 neque
1956 1969 2094 2001 totaliter
2116 1970 2282 2011 passiones
2303 1976 2336 2003 et
2355 1969 2483 2002 habitu·

1478 2025 1572 2056 posse
1595 2024 1662 2046 esse
1678 2014 1777 2046 mixta
1792 2014 1901 2046 rebus:
1925 2014 2044 2045 salvata
2066 2013 2154 2046 enirn
2170 2014 2327 2046 videntur.
2350 2013 2416 2046 Sed
2436 2020 2484 2046 n-

1479 2070 1552 2091 men
1565 2069 1669 2100 neque
1681 2059 1792 2090 album
1804 2065 1836 2090 et
1849 2058 2049 2100 disciplinam
2065 2058 2221 2100 contingit
2230 2058 2367 2100 misceri,
2377 2066 2485 2101 neque

1479 2104 1564 2135 aliud
1588 2114 1655 2135 non
1683 2103 1907 2144 separabilium
1929 2102 2072 2145 aliquod.
2097 2103 2159 2135 Sed
2187 2103 2250 2135 hoc
2273 2100 2385 2136 dicunt
2412 2102 2484 2146 'qui'-

1479 2149 1554 2180 dam
1570 2158 1636 2179 non
1650 2149 1742 2187 bene,
1758 2147 1815 2189 qui
1834 2147 1944 2179 omnia
1958 2147 2154 2190 quandoque
2171 2148 2269 2179 simul
2283 2156 2352 2180 ease
2366 2146 2486 2192 >dieunt

1479 2200 1510 2224 et
1533 2193 1630 2224 mixta
1662 2202 1740 2224 esse.
1764 2193 1840 2224 Non
1867 2191 1954 2223 enim
1985 2202 2082 2223 omne
2106 2192 2196 2223 omni
2228 2191 2405 2232 miscibile,
2427 2191 2487 2224 sed·

1479 2244 1607 2278 oportet
1623 2237 1752 2269 existere
1768 2236 1941 2278 separabile
1959 2243 2134 2279 utrumque
2151 2235 2487 2279 mixtorum;‘puaio-=

1479 2292 1560 2313 num
1582 2288 1692 2314 autem
1714 2281 1803 2312 nulla
1826 2280 2018 2322 separabilis.

1413 2376 1430 2396 *
1446 2375 1611 2414 Quoniam
1626 2381 1734 2406 autem
1758 2381 1834 2406 sunt
1849 2373 1928 2405 haec
1950 2373 2083 2416 quidem
2105 2374 2259 2415 potentia,
2273 2374 2352 2406 haee
2373 2379 2485 2407 nutem

1480 2427 1553 2452 actu
1569 2419 1703 2458 entium,
1717 2418 1871 2459 contingit
1886 2419 1984 2450 mixta
1999 2428 2066 2450 esse
2081 2419 2260 2460 aliqualiter
2274 2425 2307 2450 et
2320 2424 2388 2453 nnn
2402 2425 2482 2458 etue,

1481 2470 1553 2496 actu
1577 2464 1709 2505 quidem
1733 2470 1804 2494 ente
1827 2462 1890 2494 alio
1918 2469 2068 2504 generato
2092 2472 2129 2494 ex
2152 2463 2240 2504 ipsis,
2260 2462 2405 2504 potentia
2427 2471 2483 2495 ιιι-

1481 2515 1547 2540 tem
1579 2508 1683 2539 adhuc
1715 2514 1853 2550 utroque
1885 2517 1968 2548 quae
1999 2513 2088 2538 erant
2119 2512 2292 2549 antequam
2314 2507 2484 2540 nmiaoem-

1481 2560 1544 2590 tur‚
1568 2559 1599 2584 et
1629 2561 1696 2583 non
1719 2551 1843 2592 partita.
1866 2552 1940 2583 Hoc
1963 2551 2049 2582 enim
2075 2560 2182 2583 sermo
2205 2551 2363 2593 quaesivit
2383 2551 2482 2594 print.

1482 2594 1638 2629 Videntur
1660 2603 1768 2627 autem
1783 2605 1866 2637 quae
1889 2596 2062 2627 miscentur
2076 2595 2165 2636 prius
2180 2605 2218 2627 ex
2234 2595 2384 2639 separatis
2407 2600 2484 2628 eon-

1482 2640 1639 2672 venientia
1662 2647 1693 2672 et
1715 2640 1878 2681 possibilia
1901 2640 2038 2681 separari
2061 2649 2180 2672 rursus.
2213 2641 2326 2682 Neque
2353 2646 2486 2674 manent

1482 2686 1578 2726 igitur
1596 2691 1668 2716 actu
1692 2691 1729 2716 ut
1751 2694 1868 2725 corpus
1891 2691 1922 2716 et
1945 2685 2070 2723 album,
2094 2694 2199 2726 neque
2222 2690 2485 2726 corrumpunmr,

1483 2739 1587 2771 neque
1599 2729 1734 2760 alterum
1747 2739 1851 2770 neque
1862 2730 1974 2760 ambo:
1992 2729 2132 2760 salvatur
2146 2729 2232 2760 enim
2243 2729 2344 2762 Virmn
2358 2733 2483 2763 eorum.
2532 2723 2540 2733 ’

1485 2774 1560 2806 Ideo
1583 2774 1660 2805 haec
1682 2773 1815 2814 quidem
1837 2773 2107 2815 derelinquantur.

1414 2905 1480 2945 fiat,
1498 2914 1530 2939 et
1546 2906 1573 2938 si
1592 2906 1634 2938 sit
1650 2905 1777 2946 mixtio,
1792 2904 1845 2938 vel
1869 2913 1980 2938 utrum
2004 2906 2046 2939 sit
2061 2904 2271 2938 mendacium
2287 2905 2483 2939 mixtionem

1414 2949 1500 2990 fieri;
1520 2950 1596 2994 quia
1621 2949 1685 2982 hoc
1709 2948 1812 2983 modo
1835 2961 1934 2993 supra
1950 2949 2112 3001 quaesivit
2134 2948 2174 2983 de
2198 2948 2279 2983 aliis.

1461 3004 1491 3027 2.
1504 2993 1633 3028 Deinde
1646 3005 1723 3027 cum
1740 2993 1830 3027 dicit:
1847 2993 2031 3039 Impossibile
2045 3000 2086 3028 est
2097 2994 2175 3028 enim
2187 3002 2260 3034 etc„
2273 2994 2484 3039 prosequitur

1415 3039 1588 3072 intentum.
1614 3038 1655 3072 Et
1675 3038 1758 3071 circa
1782 3037 1846 3071 hoc
1870 3038 1938 3072 duo
1962 3037 2054 3072 facit:
2079 3038 2187 3083 primo
2211 3046 2386 3082 pertractat
2408 3037 2484 3072 ulti-

1416 3094 1504 3116 mam
1521 3083 1769 3127 quaestionem,
1784 3082 1907 3116 scilicet
1923 3094 1964 3116 an
1984 3083 2100 3116 mixtio
2124 3083 2180 3124 sit;
2197 3081 2344 3117 secundo
2368 3081 2483 3127 penul-

1416 3127 1529 3160 timam
1554 3127 1801 3171 quaestionem,
1830 3126 1954 3160 scilicet
1984 3126 2156 3172 quomodo
2184 3127 2301 3161 mixtio
2323 3125 2397 3168 fiat,
2419 3126 2482 3161 ibi:

1419 3171 1603 3205 Continuam
1626 3178 1726 3204 autem
1750 3171 1794 3204 his
1817 3172 1834 3192 *
1853 3180 1913 3204 etc.
1934 3171 2024 3205 Alias
2048 3180 2158 3205 autem
2181 3171 2390 3216 quaestiones
2414 3181 2483 3205 non
2510 3183 2520 3194 ·

1417 3215 1641 3260 prosequitur,
1666 3216 1743 3260 quia
1775 3227 1814 3249 ex
1841 3216 2031 3260 cognitione
2055 3216 2191 3249 istarum
2214 3215 2358 3268 reliquae
2384 3215 2483 3259 inno·

1416 3268 1554 3292 tescunt.
1571 3279 1589 3284 -
1607 3260 1703 3294 Circa
1722 3259 1867 3304 primum
1891 3259 1959 3293 duo
1982 3259 2072 3294 facit:
2097 3260 2205 3305 primo
2222 3269 2318 3304 ponit
2339 3260 2483 3294 rationes

1417 3303 1626 3337 ostendentes
1650 3304 1844 3337 mixtionem
1860 3315 1928 3337 non
1945 3315 2031 3346 esse;
2050 3303 2198 3338 secundo
2213 3303 2314 3338 solvit
2331 3314 2397 3345 eas,
2419 3303 2483 3338 ibi:

1417 3348 1478 3381 Hic
1501 3348 1618 3392 quidem
1640 3348 1759 3382 videtur
1780 3359 1875 3382 sermo
1891 3350 1908 3370 *
1927 3357 1987 3382 etc.

1462 3392 1551 3425 Dicit
1567 3403 1646 3435 ergo
1664 3392 1785 3436 primo,
1811 3392 1901 3436 quod
1917 3402 1994 3426 sunt
2011 3392 2145 3438 quidam
2166 3392 2312 3427 dicentes
2326 3403 2396 3426 non
2412 3402 2483 3426 esse

1418 3435 1572 3479 possibile
1587 3437 1779 3469 mixtionem
1795 3436 1876 3470 fieri.
1891 3437 1931 3470 Et
1947 3436 1987 3471 ad
2003 3437 2067 3470 hoc
2084 3436 2292 3481 probandum
2307 3436 2484 3470 utebantur

1419 3479 1474 3512 tali
1490 3481 1624 3513 ratione.
1643 3480 1790 3521 Quando
1807 3481 1979 3514 miscibilia
1993 3482 2131 3515 veniunt
2146 3481 2186 3515 ad
2210 3481 2414 3521 mixtionem,
2429 3489 2486 3514 aut

1419 3533 1552 3557 manent
1576 3525 1660 3557 sicut
1685 3525 1774 3568 prius
1798 3526 1831 3557 in
1856 3524 1961 3558 forma
1985 3535 2017 3558 et
2040 3526 2159 3570 specie,
2176 3534 2232 3559 aut
2255 3536 2324 3559 non
2340 3533 2484 3565 manent,

1419 3567 1475 3601 sed
1500 3574 1755 3612 corrumpuntur
1779 3568 1876 3602 ambo
1905 3569 1957 3602 vel
1981 3569 2129 3604 alterum.
2156 3570 2191 3603 Si
2222 3569 2320 3603 ambo
2351 3576 2486 3603 manent

1419 3611 1452 3644 in
1469 3611 1573 3645 forma
1590 3621 1621 3645 et
1638 3613 1745 3656 specie
1770 3613 1854 3646 sicut
1875 3614 1964 3657 prius
1984 3622 2016 3647 et
2032 3625 2100 3647 non
2121 3613 2306 3655 alterantur,
2321 3622 2401 3647 tunc
2417 3623 2485 3646 non

2509 870 2594 920 329⁹·
2607 877 2633 895 ¹·
2662 862 2668 866 ’

2509 1487 2519 1497 ·
2533 1486 2603 1510 Text.
2617 1487 2671 1516 83.-

2509 2380 2659 2404 'Tuu-

2512 3363 2650 3401 'Na-0⁴
