2782 4134
128 794 138 803 ·
152 793 242 815 distant
253 800 273 815 P.

371 247 419 282 66
1059 244 1130 279 DE
1159 243 1333 279 CAELO
1362 242 1433 278 ET
1461 242 1655 279 MUNDO
1684 242 1779 278 LIB.
1811 243 1824 278 I

369 324 455 372 quia
473 323 520 361 ad
539 323 717 360 unitatem
745 321 858 359 medii
879 328 913 358 et
933 320 1087 357 extremi
1106 320 1273 368 sequitur
1290 319 1413 356 unitas

368 376 491 413 circuli
518 387 585 412 seu
612 375 801 424 sphaerae.

424 440 479 464 10.
501 428 645 464 Deinde
674 439 758 464 cum
788 426 888 463 dicit:
918 425 1151 474 Dignficare
1173 429 1297 460 autem
1326 431 1408 470 etc„

366 480 525 517 excludit
542 479 731 528 quandam
751 478 1015 524 obviationem,
1037 489 1111 525 qua
1129 483 1259 526 posset
1277 475 1410 523 aliquis

366 532 488 570 dicere
517 532 619 580 quod
647 544 804 580 corpora
831 542 926 579 quae
959 537 1044 566 sunt
1071 529 1110 566 in
1137 529 1210 565 alio
1239 528 1406 575 mund0‚

364 597 441 621 non
477 592 678 622 moventur
713 585 760 620 ad
795 583 962 619 medium
992 589 1027 618 et
1054 588 1263 618 extremum
1295 580 1407 617 huius

363 637 504 683 mundi,
523 644 675 685 propter
702 635 921 673 distantiam.
938 655 962 662 -
978 634 1053 671 Sed
1081 633 1160 683 ipse
1181 634 1255 670 hoc
1284 634 1405 669 exclu-

363 689 454 726 dens
474 689 561 726 dicit
588 689 690 737 quod
712 687 958 725 irrationabile
979 694 1032 723 est
1054 686 1209 734 dignum
1229 693 1402 735 reputare

361 742 463 789 quod
492 742 536 778 sit
563 741 632 777 alia
659 748 788 777 natura
815 739 1039 788 simplicium
1069 751 1288 788 corporum,
1316 751 1404 787 pro-

358 801 441 841 pter
462 794 535 830 hoc
562 793 663 842 quod
683 793 816 829 distent
830 792 945 841 *plus
968 793 1030 829 vel
1058 792 1182 828 minus
1202 805 1223 828 a
1242 791 1403 840 propriis

358 846 464 894 locis,
493 846 542 882 ita
569 845 704 882 scilicet
730 845 832 893 quod
861 845 908 882 ad
928 844 1081 894 propria
1108 845 1191 881 loca
1219 856 1402 881 movean-

407 1004 430 1038 θ)
445 1007 485 1031 vel
492 1013 543 1037 per
556 1009 665 1030 tantam.
677 1017 696 1025 -ι
709 1005 749 1029 vel
761 1012 812 1037 per
826 1008 950 1029 naturam
964 1005 1124 1038 BCDpEFG,
1138 1005 1207 1037 quod
1222 1005 1241 1029 P
1260 1004 1362 1037 corrigit
1375 1004 1400 1029 in

354 1041 394 1066 vel
402 1048 453 1073 per
467 1041 588 1066 maiorem
594 1048 603 1070 ;
622 1040 652 1065 cf.
661 1045 751 1066 textuS.
764 1053 784 1059 -
797 1040 847 1064 Pro
860 1040 1009 1074 differentia
1022 1040 1264 1065 mathematicorum
1279 1038 1306 1073 (i.
1317 1047 1339 1065 e.
1354 1039 1400 1064 dif-

1466 327 1526 355 tur
1553 319 1600 356 de
1626 319 1845 367 propinquo
1879 327 1915 357 et
1942 333 2022 358 non
2050 322 2097 359 de
2126 330 2288 361 remot0.
2309 324 2402 363 Non
2432 326 2534 364 enim

1465 371 1617 408 videtur
1654 371 1805 408 differre
1833 381 2020 422 quantum
2058 375 2108 412 ad
2135 383 2311 414 naturam
2349 379 2532 429 corporis,

1465 424 1570 471 quod
1596 436 1666 472 per
1683 431 1826 462 tantam
1855 426 2131 475 longitudinem
2161 429 2271 466 distet
2295 442 2318 467 a
2346 443 2416 468 suo
2445 433 2532 470 loco

1463 476 1525 512 vel
1561 488 1632 524 per
1656 483 1800 514 tantam
1827 475 1858 515 ⁶:
1888 480 1976 528 quia
2005 480 2216 518 differentia
2244 483 2531 522 mathematico-

1462 540 1547 564 rum
1576 540 1655 565 non
1684 529 1914 568 diversificat
1945 540 2133 571 naturam.
2163 535 2232 571 Est
2265 535 2367 573 enim
2395 549 2530 575 secun-

1462 580 1555 639 dum
1583 581 1770 619 rationem
1803 585 1909 631 quod
1936 594 2080 634 quanto
2103 588 2190 635 plus
2223 600 2363 638 corpus
2391 602 2530 638 appro-

1459 641 1618 681 pmquat
1649 634 1714 693 ad·
1733 647 1846 672 suum
1874 637 2020 686 locum,
2055 646 2159 676 tanto
2193 641 2314 688 magis
2346 642 2530 679 velociter

1459 693 1676 733 moveatur;
1705 694 1755 723 ita
1782 695 1913 726 tamen
1943 691 2050 739 quod
2075 692 2222 740 speeies
2250 693 2297 729 sit
2325 693 2462 730 eadem
2491 702 2528 731 et

1457 745 1583 775 motus
1612 746 1648 775 et
1675 739 1837 777 mobilis.
1859 741 2082 781 Differentia
2101 745 2204 782 enirn
2232 746 2442 783 velocitatis
2471 754 2528 783 est

1458 791 1668 829 secundum
1698 793 1958 842 quantitatem,
1984 808 2063 833 non
2092 797 2306 835 secundum
2333 798 2523 848 speciem;

1457 844 1554 880 sicut
1583 851 1618 881 et
1646 844 1857 883 differentia
1884 847 2138 896 longitudinis.

1455 1004 1559 1045 ferentia
1579 1012 1670 1029 eorum
1688 1012 1756 1046 quae
1775 1006 1808 1031 ad
1822 1014 1915 1039 puram
1929 1009 2099 1041 quantitatem
2122 998 2274 1046 pei-tinent),
2293 1012 2446 1047 differ-cuttu
2468 1021 2523 1040 me-

1455 1039 1560 1064 dtorum
1579 1041 1767 1066 mathematzca
1786 1042 1815 1067 P.
