2782 4134
139 679 151 690 ⁴⁸
168 681 217 702 eius
233 687 281 702 orn.
296 687 318 702 n.

139 1103 150 1114 ⁸
164 1104 274 1124 vocentur
287 1108 323 1122 ΑΒ.

145 1212 154 1222 '
166 1210 273 1231 convenit
286 1215 322 1230 pa.

139 1316 147 1324 ·
163 1315 214 1336 alia
229 1317 301 1342 parte
314 1321 335 1336 A.

383 280 456 315 362

381 356 543 405 amplius
573 355 620 392 de
647 354 801 391 lumine.
825 353 943 390 Cuius
967 365 1081 390 causa
1110 361 1175 399 est,
1197 352 1283 401 quia
1313 352 1351 388 in
1379 352 1441 387 illo

381 409 615 446 semicirculo
645 415 732 444 sunt
758 408 885 456 plures
914 407 1041 442 stellae
1063 413 1098 441 et
1125 405 1243 452 magis
1266 405 1440 453 frequen-

381 470 436 499 tes
465 474 582 521 quam
602 461 639 497 in
659 460 753 507 alio,
779 472 823 496 ac
842 461 871 495 si
896 459 998 495 nulla
1019 465 1115 494 esset
1134 457 1206 493 alia
1235 469 1348 493 causa
1369 457 1440 493 cla-

382 515 495 552 ritatis
516 513 739 563 apparentis,
762 524 877 561 quam
902 519 1028 547 motus
1050 517 1238 546 astrorum
1257 510 1439 558 plurimo-

382 581 467 605 rum
496 566 760 626 frequentium.
783 565 882 611 Quia
907 564 938 600 si
966 564 1004 599 in
1022 563 1093 598 isto
1124 562 1262 599 circulo
1284 570 1441 611 apparet

383 621 528 658 claritas
556 620 595 656 in
624 631 700 667 quo
728 619 855 666 plures
875 617 1001 653 stellae
1029 622 1235 663 ponuntur,
1259 623 1295 651 et
1322 615 1361 652 in
1380 615 1441 652 illa

382 674 460 710 eius
479 673 622 722 *parte
650 672 734 720 plus
763 677 918 718 apparet
937 669 975 705 in
994 680 1070 716 qua
1090 675 1177 705 sunt
1203 669 1330 705 stellae
1358 669 1440 717 plu-

381 739 440 763 res
469 733 506 762 et
533 725 652 772 magis
680 725 903 771 frequentes,
924 720 1128 758 verisimile
1158 729 1214 758 est
1237 721 1440 758 multitudi-

381 792 470 816 nem
498 779 687 815 stellarum
714 788 795 812 esse
825 786 979 811 causam
1006 774 1119 810 huius
1147 775 1403 823 apparitionis.
1415 796 1439 802 -

382 831 497 879 Quod
517 838 645 867 autem
661 829 803 865 dictum
820 835 875 863 est
894 827 942 863 de
961 826 1032 862 isto
1054 826 1192 863 circulo
1209 834 1246 864 et
1265 827 1312 864 de
1327 827 1440 864 stellis

381 885 418 921 in
453 896 499 920 eo
530 881 781 926 existentibus,
810 887 937 929 potest
971 879 1201 917 considerari
1229 892 1272 916 ex
1303 880 1440 917 descri-

378 937 529 985 ptione:
544 934 633 983 quia
656 932 833 979 astrologi
854 931 1072 969 describunt
1089 939 1210 969 totam
1238 933 1440 982 sphaeram

380 1001 468 1025 cum
497 986 609 1024 stellis
637 986 675 1021 in
704 997 748 1020 ea
777 984 1031 1021 existentibus.

433 1041 468 1076 6.
499 1037 665 1087 Exponit
697 1044 826 1073 autem
863 1045 1140 1086 consequenter
1167 1050 1285 1085 quare
1313 1038 1440 1074 stellae

379 1093 417 1129 in
446 1092 584 1128 circulo
605 1091 725 1127 lacteo
747 1089 946 1127 existentes
965 1099 1151 1127 vocantur
1165 1091 1440 1139 *sporadicae‚

378 1146 474 1182 idest
493 1143 721 1181 seminatae:
743 1142 832 1191 quia
858 1143 1035 1180 videlicet
1063 1143 1116 1182 sic
1135 1151 1222 1180 sunt
1249 1143 1440 1192 dispersae

376 1197 559 1247 perillam
574 1203 722 1245 partem
739 1196 843 1243 caeli,
855 1197 960 1245 quod
976 1209 1054 1234 non
1070 1196 1283 1244 contingit*
1298 1209 1361 1233 eas
1381 1210 1441 1234 or-

378 1251 506 1288 dinare
522 1251 591 1287 sub
607 1249 732 1299 aliqua
746 1249 984 1297 figuratione,
996 1249 1092 1286 sicut
1105 1250 1229 1287 stellas
1241 1250 1441 1287 existentes

376 1304 415 1341 in
439 1303 519 1340 aliis
546 1302 716 1352 partibus
743 1302 764 1324 '¹‘
783 1302 896 1348 caeli;
918 1302 1008 1351 quia
1026 1315 1279 1352 unaquaeque
1309 1315 1440 1340 earum

377 1370 456 1394 non
483 1357 598 1393 habet
625 1355 792 1404 aliquam
818 1355 1108 1393 determinatam
1136 1356 1379 1405 positionem,
1399 1364 1441 1394 ut

376 1410 494 1460 possit
525 1409 574 1447 ad
611 1408 893 1446 similitudinem
926 1408 1082 1446 alicuius
1116 1409 1261 1457 figurae
1298 1410 1439 1447 reduci.

377 1464 427 1500 Et
454 1464 529 1500 hoc
557 1461 802 1499 manifestum
831 1469 886 1499 est
913 1461 1105 1511 aspicienti
1132 1462 1170 1499 in
1199 1463 1323 1500 caelo:
1353 1462 1442 1512 quia

378 1516 416 1553 in
444 1516 527 1553 solo
555 1516 630 1552 hoc
654 1515 793 1552 circulo
814 1514 935 1564 spatia
948 1515 1184 1553 intermedia
1203 1515 1300 1552 inter
1318 1517 1440 1553 stellas

378 1569 555 1615 maiores,
577 1576 663 1606 sunt
682 1569 795 1618 plena
819 1568 1050 1616 quibusdam
1069 1568 1198 1617 parvis
1221 1569 1351 1615 stellis;
1372 1569 1440 1606 sed

378 1622 415 1659 in
436 1622 516 1659 aliis
543 1622 636 1659 locis
657 1622 749 1659 caeli
769 1621 967 1659 manifeste
987 1622 1169 1659 deficiunt
1187 1622 1327 1670 stellae,
1349 1635 1440 1670 qua-

136 1686 230 1732 *aquae
249 1686 349 1712 propter
375 1683 532 1725 propter
558 1674 579 1697 '¹‘
606 1674 829 1712 intermedia
856 1682 1040 1724 apparent
1066 1687 1191 1712 vacua
1218 1688 1241 1712 a
1268 1675 1392 1712 stellis.

429 1741 464 1777 7.
486 1728 635 1765 Deinde
656 1740 745 1765 cum
764 1727 869 1766 dicit:
889 1728 1018 1770 Quare
1033 1728 1228 1776 siquidem
1249 1735 1332 1776 etc„
1349 1741 1439 1765 con-

376 1781 491 1819 cludit
519 1794 564 1818 ex
592 1780 816 1831 supradictis
844 1794 955 1819 suam
983 1781 1245 1833 intentionem.
1275 1782 1324 1818 Et
1353 1781 1440 1818 dicit

1095 272 1682 311 METEOROLOGICORUM
1710 272 1805 309 LIB.
1835 274 1848 309 Ι

1496 351 1601 399 quod
1621 351 1651 387 si
1672 364 1787 388 causa
1801 364 1916 400 supr-a
1930 351 2152 400 *assignata
2172 352 2220 389 de
2240 353 2477 401 apparitione
2497 365 2560 389 co-

1495 411 1631 451 metae,
1653 405 1921 453 acceptanda*
1937 413 1992 441 est
2005 412 2189 453 tanquam
2203 402 2446 442 mediocriter
2460 405 2560 443 dicta

1497 457 1600 504 (quia
1629 456 1767 494 scilicet
1793 458 1939 494 nullum
1958 459 2074 494 habet
2098 458 2373 495 inconveniens
2402 458 2559 496 manife-

1495 512 1624 556 stum),
1646 510 1938 548 existimandum
1968 519 2024 547 est
2048 511 2162 547 etiam
2191 510 2244 547 sic
2271 523 2311 547 se
2340 511 2482 547 habere
2511 511 2559 548 de

1496 562 1634 599 circulo
1673 564 1811 600 lacteo:
1842 563 1931 612 quia
1959 564 2063 612 quod
2091 563 2130 600 in
2168 563 2326 600 cometis
2356 571 2411 600 est
2447 576 2560 601 coma

1496 616 1593 652 circa
1607 628 1724 652 unam
1741 617 1899 663 stellam,
1916 616 2079 653 eandem
2094 616 2314 665 passionem
2329 616 2464 653 accidit
2477 616 2561 653 fieri

1496 668 1594 706 circa
1614 668 1809 717 quendam
1834 669 2028 707 circulum.
2051 670 2105 706 Ita
2124 668 2230 717 quod
2258 670 2377 706 lactea
2400 669 2558 717 claritas,

1494 729 1536 758 ut
1555 721 1604 758 ita
1625 721 1769 759 dicatur
1796 722 1904 770 quasi
1928 721 2160 769 definiendo,
2181 721 2270 759 nihil
2291 721 2392 759 aliud
2417 721 2463 759 sit
2489 722 2560 767 [la-

1496 774 1659 811 ctea*via
1677 779 1713 819 ²]
1734 787 1851 822 quam
1868 787 1979 812 coma
1995 775 2164 812 eiusdem
2183 775 2341 811 maximi
2361 774 2500 822 circuli,
2521 775 2560 812 in

1496 828 1602 864 caelo
1632 839 1820 876 apparens
1846 835 2003 876 propter
2024 828 2340 878 segregationem,
2361 827 2458 865 idest
2486 827 2559 864 ele-

1494 879 1690 917 vationem
1719 892 1742 916 a
1769 887 1891 927 terra,
1921 881 2168 918 exhalationis
2195 881 2246 918 ad
2273 881 2376 918 illam
2409 888 2559 929 partem

1496 933 1696 969 adunatae.
1722 933 1771 969 Et
1798 933 1897 979 ideo,
1919 933 2014 970 sicut
2039 934 2145 983 prius
2172 933 2192 956 *
2220 934 2363 971 dictum
2393 941 2459 981 est,
2480 945 2560 970 non
2585 945 2597 957 ·

1495 986 1593 1022 fiunt
1620 985 1728 1022 multi
1758 993 1929 1022 cometae
1959 998 2083 1034 neque
2111 987 2338 1035 frequenter,
2360 986 2450 1036 quia
2476 985 2558 1024 talis

1495 1037 1675 1075 adunatio
1706 1038 1951 1076 exhalationis
1979 1051 2078 1087 quae
2121 1041 2269 1077 elevata
2297 1047 2352 1076 est
2384 1052 2407 1076 a
2434 1047 2533 1077 terra
2548 1067 2558 1087 ,

1496 1091 1666 1127 elevatur
1685 1091 1898 1128 secundum
1921 1103 2236 1141 unamquamque
2260 1092 2558 1140 circulationem,

1497 1151 1532 1180 et
1546 1145 1734 1181 adunatur
1752 1143 1917 1181 maxime
1932 1144 1970 1181 in
1989 1145 2074 1182 loco
2095 1145 2203 1182 lactei
2224 1144 2367 1192 circuli;
2384 1145 2435 1181 ita
2453 1145 2559 1194 quod

1496 1210 1518 1233 a
1545 1198 1666 1234 lacteo
1686 1197 1824 1234 circulo
1854 1197 2040 1234 exhalatio
2061 1198 2378 1247 superabundans
2398 1209 2477 1234 non
2502 1209 2560 1234 re-

1495 1250 1695 1299 linquitur,
1725 1262 1822 1299 quae
1851 1250 1971 1299 possit
1997 1263 2080 1288 esse
2109 1250 2267 1288 materia
2301 1257 2390 1300 apta
2416 1250 2468 1288 ad
2495 1262 2558 1287 co-

1496 1311 1621 1340 metae
1651 1303 1930 1352 apparitionem
1948 1302 1976 1339 Ρ.

1550 1357 1585 1393 8.
1606 1356 1749 1394 Ultimo
1770 1364 1898 1394 autem
1919 1356 2140 1405 recapitulat
2159 1368 2205 1393 ea
2222 1368 2322 1406 quae
2343 1355 2442 1394 dicta
2459 1362 2556 1394 sunt.

1496 1410 1545 1446 Et
1574 1409 1662 1447 dicit
1689 1409 1794 1458 quod
1832 1409 1975 1446 dictum
2005 1417 2060 1447 est
2087 1410 2134 1447 de
2162 1409 2222 1446 his
2258 1421 2359 1458 quae
2386 1409 2485 1447 fiunt
2519 1409 2560 1447 in

1495 1463 1570 1500 hoc
1588 1462 1608 1484 ’¹‘
1626 1463 1774 1500 mundo
1794 1462 1860 1512 qui
1885 1470 1942 1500 est
1961 1462 2060 1500 circa
2083 1470 2237 1510 terram,
2259 1462 2323 1512 qui
2343 1462 2485 1501 scilicet
2503 1469 2561 1500 est
2584 1474 2597 1486 ⁸

1495 1515 1713 1564 suppositus
1732 1515 1967 1564 generationi
1985 1523 2022 1552 et
2041 1515 2287 1565 corruptioni,
2302 1522 2490 1564 quantum
2508 1514 2560 1553 ad

1494 1569 1600 1606 illum
1628 1569 1756 1606 locum
1784 1569 1849 1617 qui
1873 1576 1930 1606 est
1955 1569 2164 1615 continuus,
2184 1568 2282 1606 idest
2309 1568 2511 1617 contiguus
2525 1566 2559 1616 ⁴¹,

1495 1622 1663 1659 motibus
1678 1621 1916 1659 caelestibus:
1933 1621 2071 1659 scilicet
2082 1622 2129 1660 de
2139 1621 2160 1644 *
2169 1621 2341 1659 discursu
2356 1628 2558 1670 astrorum,

1495 1683 1531 1712 et
1546 1675 1592 1712 de
1607 1674 1722 1723 ignita
1736 1675 1906 1722 flamma,
1919 1683 1956 1712 et
1971 1675 2018 1712 de
2034 1675 2194 1712 cometis
2209 1682 2246 1712 et
2263 1676 2386 1712 lacteo
2401 1674 2559 1722 circul03

1494 1728 1584 1788 quia
1610 1727 1832 1765 huiusmodi
1859 1728 2058 1777 passiones
2091 1735 2276 1778 apparent
2303 1728 2403 1766 circa
2429 1728 2559 1766 locum

1495 1781 1608 1818 istum
1637 1780 1884 1830 superiorem.

425 1939 452 1972 α)
472 1939 557 1964 lactea
576 1939 718 1964 claritas...
731 1938 767 1963 sit
780 1937 801 1972 [
800 1939 885 1964 lactea
900 1938 944 1963 via
945 1937 974 1972 ].
986 1952 1004 1957 —
1019 1938 1082 1963 Post
1100 1938 1186 1964 lactea
1199 1938 1311 1963 claritas
1330 1943 1435 1971 apparet
1490 1919 1541 1963 no'n
1561 1938 1722 1970 relinquitur
1741 1938 1812 1970 quod
1827 1938 1914 1970 possit
1931 1945 1987 1963 esse
2005 1938 2120 1963 materia
2139 1938 2189 1963 tali
2207 1938 2249 1971 (in
2268 1939 2353 1964 lacteo
2371 1939 2472 1965 circulo
2490 1938 2562 1965 nddit

372 1975 516 1999 redundare
530 1975 615 1999 lactea
630 1974 689 2003 via3
708 1979 820 1998 attamen
834 1978 860 1998 et
872 1974 974 1998 codices
994 1978 1020 1998 et
1034 1973 1159 1998 editiones
1173 1979 1314 2006 utrumque
1331 1973 1436 1998 habent.

425 2009 450 2043 β)
471 2010 509 2035 ita
527 2010 630 2043 quod...
648 2009 854 2042 apparitionem.
872 2023 891 2028 -
910 2009 948 2034 ita
967 2009 1039 2042 quod
1058 2009 1111 2034 nisi
1129 2008 1207 2034 valde
1225 2009 1435 2041 superabundet,

1490 1979 1516 1998 et
1533 1973 1655 2006 expungit
1672 1973 1712 2006 Α)
1731 1973 1769 1998 ad
1785 1975 1903 1998 cometae
1920 1973 2116 2006 apparitionem
2135 1974 2194 2006 AB;
2214 1981 2281 2007 quae
2300 1979 2371 2000 esset
2388 1974 2458 2000 bonu
2475 1973 2560 2004 lectio.

1492 2009 1513 2034 si
1534 2016 1581 2041 pro
1601 2008 1715 2034 materia
1734 2009 1783 2034 tali
1801 2008 1926 2034 haberent
1944 2009 2059 2034 materia
2076 2011 2150 2042 apta.

2586 365 2675 388 ‘Lect
2685 373 2725 394 ιι,
2739 368 2782 390 m<

2588 419 2742 446 ‘acmpienda
2756 425 2782 442 ΡΛ

2611 945 2674 968 Lect.
2688 951 2720 974 ιι,
2735 952 2759 969 n.
2772 952 2782 976 ς

2611 1479 2640 1496 ω
2653 1480 2691 1496 ΑΒ.

2585 1579 2595 1590 ·
2603 1578 2667 1601 idest

2556 1614 2560 1617 ⁷
2585 1611 2634 1628 om·
2649 1611 2690 1629 ΑΒ.

2585 1632 2770 1662 ’decuma
