<?xml version="1.0" encoding="UTF-8"?>
<!DOCTYPE html PUBLIC "-//W3C//DTD XHTML 1.0 Transitional//EN"
    "http://www.w3.org/TR/xhtml1/DTD/xhtml1-transitional.dtd">
<html xmlns="http://www.w3.org/1999/xhtml" xml:lang="en" lang="en">
 <head>
  <title>
</title>
<meta http-equiv="Content-Type" content="text/html;charset=utf-8" />
  <meta name='ocr-system' content='tesseract 3.04.00' />
  <meta name='ocr-capabilities' content='ocr_page ocr_carea ocr_par ocr_line ocrx_word'/>
</head>
<body>
  <div class='ocr_page' id='page_1' title='image "./operaomniaiussui03thom_0117.png"; bbox 0 0 2782 4134; ppageno 0'>
   <div class='ocr_carea' id='block_1_1' title="bbox 51 361 240 386">
    <p class='ocr_par' dir='ltr' id='par_1_1' title="bbox 51 361 240 386">
     <span class='ocr_line' id='line_1_1' title="bbox 51 361 240 386; baseline -0.016 0"><span class='ocrx_word' id='word_1_1' title='bbox 51 364 61 374; x_wconf 76' lang='lat'><em>⁶</em></span> <span class='ocrx_word' id='word_1_2' title='bbox 78 365 155 386; x_wconf 73' lang='lat' dir='ltr'>tamen</span> <span class='ocrx_word' id='word_1_3' title='bbox 170 361 240 385; x_wconf 86' lang='lat' dir='ltr'>codd.</span> 
     </span>
    </p>
   </div>
   <div class='ocr_carea' id='block_1_2' title="bbox 55 895 251 919">
    <p class='ocr_par' dir='ltr' id='par_1_2' title="bbox 55 895 251 919">
     <span class='ocr_line' id='line_1_2' title="bbox 55 895 251 919; baseline -0.01 0"><span class='ocrx_word' id='word_1_4' title='bbox 55 897 66 907; x_wconf 76' lang='grc'><em>·</em></span> <span class='ocrx_word' id='word_1_5' title='bbox 80 898 105 919; x_wconf 78' lang='lat' dir='ltr'>et</span> <span class='ocrx_word' id='word_1_6' title='bbox 117 902 168 919; x_wconf 87' lang='grc' dir='ltr'>οιιι.</span> <span class='ocrx_word' id='word_1_7' title='bbox 181 895 251 918; x_wconf 82' lang='lat' dir='ltr'>codd.</span> 
     </span>
    </p>
   </div>
   <div class='ocr_carea' id='block_1_3' title="bbox 53 1142 258 1190">
    <p class='ocr_par' dir='ltr' id='par_1_3' title="bbox 53 1142 258 1190">
     <span class='ocr_line' id='line_1_3' title="bbox 53 1142 258 1190; baseline -0.005 -6"><span class='ocrx_word' id='word_1_8' title='bbox 53 1142 119 1190; x_wconf 55' lang='lat' dir='ltr'>“qu</span> <span class='ocrx_word' id='word_1_9' title='bbox 129 1159 258 1184; x_wconf 62' lang='grc' dir='ltr'>οιιιοοᾶᾶ.</span> 
     </span>
    </p>
   </div>
   <div class='ocr_carea' id='block_1_4' title="bbox 56 1265 257 1296">
    <p class='ocr_par' dir='ltr' id='par_1_4' title="bbox 56 1265 257 1296">
     <span class='ocr_line' id='line_1_4' title="bbox 56 1265 257 1296; baseline -0.01 -6"><span class='ocrx_word' id='word_1_10' title='bbox 56 1265 257 1296; x_wconf 52' lang='lat' dir='ltr'>’flammei-⁴1.</span> 
     </span>
    </p>
   </div>
   <div class='ocr_carea' id='block_1_5' title="bbox 61 2330 277 2434">
    <p class='ocr_par' dir='ltr' id='par_1_5' title="bbox 61 2330 277 2434">
     <span class='ocr_line' id='line_1_5' title="bbox 61 2330 277 2386; baseline 0 -6"><span class='ocrx_word' id='word_1_11' title='bbox 61 2330 177 2380; x_wconf 55' lang='grc' dir='ltr'>ἰωῗειῖ</span> <span class='ocrx_word' id='word_1_12' title='bbox 175 2330 277 2386; x_wconf 48' lang='lat' dir='ltr'>pis-¹2:</span> 
     </span>
     <span class='ocr_line' id='line_1_6' title="bbox 62 2384 277 2434; baseline -0.005 -27"><span class='ocrx_word' id='word_1_13' title='bbox 62 2389 113 2434; x_wconf 51' lang='lat'>32.</span> <span class='ocrx_word' id='word_1_14' title='bbox 121 2390 146 2434; x_wconf 58' lang='grc' dir='ltr'><strong><em>ἱ</em></strong></span> <span class='ocrx_word' id='word_1_15' title='bbox 163 2387 187 2407; x_wconf 80' lang='lat' dir='ltr'>et</span> <span class='ocrx_word' id='word_1_16' title='bbox 207 2384 277 2407; x_wconf 81' lang='lat' dir='ltr'>codd.</span> 
     </span>
    </p>
   </div>
   <div class='ocr_carea' id='block_1_6' title="bbox 63 2544 278 2627">
    <p class='ocr_par' dir='ltr' id='par_1_6' title="bbox 63 2544 277 2627">
     <span class='ocr_line' id='line_1_7' title="bbox 141 2544 277 2572; baseline 0 -5"><span class='ocrx_word' id='word_1_17' title='bbox 141 2550 198 2571; x_wconf 75' lang='lat' dir='ltr'>..iv</span> <span class='ocrx_word' id='word_1_18' title='bbox 213 2549 237 2567; x_wconf 87' lang='grc' dir='ltr'>ιι.</span> <span class='ocrx_word' id='word_1_19' title='bbox 247 2544 277 2572; x_wconf 85' lang='lat'>8·</span> 
     </span>
     <span class='ocr_line' id='line_1_8' title="bbox 63 2560 278 2627; baseline 0.005 -7"><span class='ocrx_word' id='word_1_20' title='bbox 63 2603 87 2620; x_wconf 86' lang='grc' dir='ltr'>ιι.</span> <span class='ocrx_word' id='word_1_21' title='bbox 82 2560 224 2627; x_wconf 41' lang='lat' dir='ltr'>&amp;odat</span> <span class='ocrx_word' id='word_1_22' title='bbox 237 2577 278 2599; x_wconf 60' lang='grc' dir='ltr'>π’</span> 
     </span>
    </p>
   </div>
   <div class='ocr_carea' id='block_1_7' title="bbox 1075 264 1697 317">
    <p class='ocr_par' dir='ltr' id='par_1_7' title="bbox 1075 264 1697 317">
     <span class='ocr_line' id='line_1_9' title="bbox 1075 264 1697 317; baseline -0.005 -13"><span class='ocrx_word' id='word_1_23' title='bbox 1075 314 1079 317; x_wconf 87' lang='lat'>.</span> <span class='ocrx_word' id='word_1_24' title='bbox 1109 266 1221 304; x_wconf 90' lang='lat' dir='ltr'>CAP.</span> <span class='ocrx_word' id='word_1_25' title='bbox 1251 266 1358 314; x_wconf 91' lang='lat' dir='ltr'>VIII,</span> <span class='ocrx_word' id='word_1_26' title='bbox 1389 265 1542 302; x_wconf 89' lang='lat' dir='ltr'>LECT.</span> <span class='ocrx_word' id='word_1_27' title='bbox 1572 264 1697 302; x_wconf 92' lang='lat' dir='ltr'><strong>XVIII</strong></span> 
     </span>
    </p>
   </div>
   <div class='ocr_carea' id='block_1_8' title="bbox 248 345 1384 2855">
    <p class='ocr_par' dir='ltr' id='par_1_8' title="bbox 295 345 1372 556">
     <span class='ocr_line' id='line_1_10' title="bbox 295 345 1372 396; baseline -0.005 -9"><span class='ocrx_word' id='word_1_28' title='bbox 295 349 435 396; x_wconf 81' lang='lat' dir='ltr'>titud03</span> <span class='ocrx_word' id='word_1_29' title='bbox 452 348 521 386; x_wconf 91' lang='lat' dir='ltr'>sed</span> <span class='ocrx_word' id='word_1_30' title='bbox 538 349 558 370; x_wconf 86' lang='lat'>*</span> <span class='ocrx_word' id='word_1_31' title='bbox 575 347 790 386; x_wconf 91' lang='lat' dir='ltr'>secundum</span> <span class='ocrx_word' id='word_1_32' title='bbox 810 345 1005 396; x_wconf 86' lang='lat' dir='ltr'>quendam</span> <span class='ocrx_word' id='word_1_33' title='bbox 1020 345 1196 383; x_wconf 89' lang='lat' dir='ltr'>ordinem</span> <span class='ocrx_word' id='word_1_34' title='bbox 1211 352 1372 396; x_wconf 89' lang='lat' dir='ltr'>possunt</span> 
     </span>
     <span class='ocr_line' id='line_1_11' title="bbox 295 399 1371 449; baseline -0.006 -8"><span class='ocrx_word' id='word_1_35' title='bbox 295 403 417 441; x_wconf 90' lang='lat' dir='ltr'>multa</span> <span class='ocrx_word' id='word_1_36' title='bbox 437 402 654 441; x_wconf 90' lang='lat' dir='ltr'>desiderare</span> <span class='ocrx_word' id='word_1_37' title='bbox 675 413 811 448; x_wconf 90' lang='lat' dir='ltr'>unum,</span> <span class='ocrx_word' id='word_1_38' title='bbox 841 399 1033 449; x_wconf 87' lang='lat' dir='ltr'>quaedam</span> <span class='ocrx_word' id='word_1_39' title='bbox 1062 399 1314 449; x_wconf 89' lang='lat' dir='ltr'>propinquius</span> <span class='ocrx_word' id='word_1_40' title='bbox 1334 407 1371 436; x_wconf 93' lang='lat' dir='ltr'>et</span> 
     </span>
     <span class='ocr_line' id='line_1_12' title="bbox 295 452 1370 506; baseline -0.005 -12"><span class='ocrx_word' id='word_1_41' title='bbox 295 457 489 506; x_wconf 86' lang='lat' dir='ltr'>quaedam</span> <span class='ocrx_word' id='word_1_42' title='bbox 510 455 706 503; x_wconf 90' lang='lat' dir='ltr'>remotius,</span> <span class='ocrx_word' id='word_1_43' title='bbox 722 465 891 503; x_wconf 91' lang='lat' dir='ltr'>quorum</span> <span class='ocrx_word' id='word_1_44' title='bbox 916 452 1154 490; x_wconf 86' lang='lat' dir='ltr'>coordinatio</span> <span class='ocrx_word' id='word_1_45' title='bbox 1179 453 1218 490; x_wconf 92' lang='lat' dir='ltr'>in</span> <span class='ocrx_word' id='word_1_46' title='bbox 1237 452 1370 490; x_wconf 89' lang='lat' dir='ltr'>ordine</span> 
     </span>
     <span class='ocr_line' id='line_1_13' title="bbox 297 506 1242 556; baseline -0.006 -8"><span class='ocrx_word' id='word_1_47' title='bbox 297 510 347 548; x_wconf 94' lang='lat' dir='ltr'>ad</span> <span class='ocrx_word' id='word_1_48' title='bbox 365 522 488 547; x_wconf 91' lang='lat' dir='ltr'>unum</span> <span class='ocrx_word' id='word_1_49' title='bbox 515 509 707 556; x_wconf 89' lang='lat' dir='ltr'>ultimum,</span> <span class='ocrx_word' id='word_1_50' title='bbox 726 506 815 545; x_wconf 86' lang='lat' dir='ltr'>facit</span> <span class='ocrx_word' id='word_1_51' title='bbox 841 506 1026 543; x_wconf 91' lang='lat' dir='ltr'>unitatem</span> <span class='ocrx_word' id='word_1_52' title='bbox 1054 506 1190 543; x_wconf 90' lang='lat' dir='ltr'>mundi</span> <span class='ocrx_word' id='word_1_53' title='bbox 1216 511 1242 542; x_wconf 77' lang='lat'>¹⁰.</span> 
     </span>
    </p>

    <p class='ocr_par' dir='ltr' id='par_1_9' title="bbox 248 559 1376 1359">
     <span class='ocr_line' id='line_1_14' title="bbox 351 559 1369 612; baseline -0.006 -11"><span class='ocrx_word' id='word_1_54' title='bbox 351 575 388 612; x_wconf 93' lang='lat'>7.</span> <span class='ocrx_word' id='word_1_55' title='bbox 409 563 560 601; x_wconf 90' lang='lat' dir='ltr'>Deinde</span> <span class='ocrx_word' id='word_1_56' title='bbox 589 574 678 599; x_wconf 90' lang='lat' dir='ltr'>cum</span> <span class='ocrx_word' id='word_1_57' title='bbox 698 560 804 598; x_wconf 83' lang='lat' dir='ltr'>dicit.</span> <span class='ocrx_word' id='word_1_58' title='bbox 823 559 959 596; x_wconf 89' lang='lat' dir='ltr'>Palam</span> <span class='ocrx_word' id='word_1_59' title='bbox 986 565 1111 596; x_wconf 86' lang='lat' dir='ltr'>autem</span> <span class='ocrx_word' id='word_1_60' title='bbox 1141 559 1267 608; x_wconf 84' lang='lat' dir='ltr'>utique</span> <span class='ocrx_word' id='word_1_61' title='bbox 1287 566 1355 596; x_wconf 89' lang='lat' dir='ltr'>etc.</span> <span class='ocrx_word' id='word_1_62' title='bbox 1347 588 1369 606; x_wconf 89' lang='lat'>.,</span> 
     </span>
     <span class='ocr_line' id='line_1_15' title="bbox 295 612 1372 666; baseline -0.006 -11"><span class='ocrx_word' id='word_1_63' title='bbox 295 617 435 666; x_wconf 86' lang='lat' dir='ltr'>probat</span> <span class='ocrx_word' id='word_1_64' title='bbox 468 615 710 666; x_wconf 88' lang='lat' dir='ltr'>propositum</span> <span class='ocrx_word' id='word_1_65' title='bbox 743 612 889 651; x_wconf 92' lang='lat' dir='ltr'>ratione</span> <span class='ocrx_word' id='word_1_66' title='bbox 927 621 1081 662; x_wconf 87' lang='lat' dir='ltr'>sumpta</span> <span class='ocrx_word' id='word_1_67' title='bbox 1118 612 1372 649; x_wconf 89' lang='lat' dir='ltr'>communiter</span> 
     </span>
     <span class='ocr_line' id='line_1_16' title="bbox 298 664 1373 719; baseline -0.007 -11"><span class='ocrx_word' id='word_1_68' title='bbox 298 682 344 707; x_wconf 87' lang='lat' dir='ltr'>ex</span> <span class='ocrx_word' id='word_1_69' title='bbox 365 669 590 719; x_wconf 91' lang='lat' dir='ltr'>corporibus</span> <span class='ocrx_word' id='word_1_70' title='bbox 610 666 870 717; x_wconf 86' lang='lat' dir='ltr'>superioribus</span> <span class='ocrx_word' id='word_1_71' title='bbox 891 673 927 703; x_wconf 89' lang='lat' dir='ltr'>et</span> <span class='ocrx_word' id='word_1_72' title='bbox 942 665 1194 703; x_wconf 78' lang='lat' dir='ltr'>inferioribus.</span> <span class='ocrx_word' id='word_1_73' title='bbox 1215 666 1264 702; x_wconf 91' lang='lat' dir='ltr'>Et</span> <span class='ocrx_word' id='word_1_74' title='bbox 1284 664 1373 702; x_wconf 91' lang='lat' dir='ltr'>dicit</span> 
     </span>
     <span class='ocr_line' id='line_1_17' title="bbox 297 719 1371 773; baseline -0.007 -11"><span class='ocrx_word' id='word_1_75' title='bbox 297 724 404 773; x_wconf 88' lang='lat' dir='ltr'>quod</span> <span class='ocrx_word' id='word_1_76' title='bbox 434 723 548 760; x_wconf 87' lang='lat' dir='ltr'>etiam</span> <span class='ocrx_word' id='word_1_77' title='bbox 576 721 629 759; x_wconf 89' lang='lat' dir='ltr'>sic</span> <span class='ocrx_word' id='word_1_78' title='bbox 657 719 892 757; x_wconf 91' lang='lat' dir='ltr'>intendendo</span> <span class='ocrx_word' id='word_1_79' title='bbox 913 719 1008 756; x_wconf 91' lang='lat' dir='ltr'>sicut</span> <span class='ocrx_word' id='word_1_80' title='bbox 1037 719 1193 766; x_wconf 87' lang='lat' dir='ltr'>dicetur,</span> <span class='ocrx_word' id='word_1_81' title='bbox 1214 730 1371 755; x_wconf 89' lang='lat' dir='ltr'>necesse</span> 
     </span>
     <span class='ocr_line' id='line_1_18' title="bbox 299 771 1372 820; baseline -0.007 -5"><span class='ocrx_word' id='word_1_82' title='bbox 299 784 355 814; x_wconf 90' lang='lat' dir='ltr'>est</span> <span class='ocrx_word' id='word_1_83' title='bbox 383 789 465 814; x_wconf 92' lang='lat' dir='ltr'>esse</span> <span class='ocrx_word' id='word_1_84' title='bbox 484 787 606 813; x_wconf 89' lang='lat' dir='ltr'>unum</span> <span class='ocrx_word' id='word_1_85' title='bbox 626 773 786 820; x_wconf 82' lang='lat' dir='ltr'>caelum,</span> <span class='ocrx_word' id='word_1_86' title='bbox 806 773 905 811; x_wconf 90' lang='lat' dir='ltr'>idest</span> <span class='ocrx_word' id='word_1_87' title='bbox 931 785 1055 810; x_wconf 91' lang='lat' dir='ltr'>unum</span> <span class='ocrx_word' id='word_1_88' title='bbox 1084 771 1288 809; x_wconf 91' lang='lat' dir='ltr'>mundum.</span> <span class='ocrx_word' id='word_1_89' title='bbox 1310 771 1372 808; x_wconf 93' lang='lat' dir='ltr'>Ad</span> 
     </span>
     <span class='ocr_line' id='line_1_19' title="bbox 297 824 1373 879; baseline -0.004 -13"><span class='ocrx_word' id='word_1_90' title='bbox 297 830 403 879; x_wconf 92' lang='lat' dir='ltr'>quod</span> <span class='ocrx_word' id='word_1_91' title='bbox 437 827 684 878; x_wconf 87' lang='lat' dir='ltr'>probandum</span> <span class='ocrx_word' id='word_1_92' title='bbox 713 826 874 864; x_wconf 87' lang='lat' dir='ltr'>assumit</span> <span class='ocrx_word' id='word_1_93' title='bbox 901 826 1026 876; x_wconf 92' lang='lat' dir='ltr'>quod,</span> <span class='ocrx_word' id='word_1_94' title='bbox 1057 826 1153 863; x_wconf 90' lang='lat' dir='ltr'>sicut</span> <span class='ocrx_word' id='word_1_95' title='bbox 1180 832 1267 862; x_wconf 92' lang='lat' dir='ltr'>sunt</span> <span class='ocrx_word' id='word_1_96' title='bbox 1302 824 1373 862; x_wconf 90' lang='lat' dir='ltr'>tria</span> 
     </span>
     <span class='ocr_line' id='line_1_20' title="bbox 298 879 1373 931; baseline -0.004 -12"><span class='ocrx_word' id='word_1_97' title='bbox 298 881 510 931; x_wconf 90' lang='lat' dir='ltr'>corporalia</span> <span class='ocrx_word' id='word_1_98' title='bbox 538 881 742 928; x_wconf 90' lang='lat' dir='ltr'>elementa,</span> <span class='ocrx_word' id='word_1_99' title='bbox 764 879 905 917; x_wconf 91' lang='lat' dir='ltr'>scilicet</span> <span class='ocrx_word' id='word_1_100' title='bbox 934 880 1084 917; x_wconf 92' lang='lat' dir='ltr'>caelum</span> <span class='ocrx_word' id='word_1_101' title='bbox 1110 887 1146 916; x_wconf 93' lang='lat' dir='ltr'>et</span> <span class='ocrx_word' id='word_1_102' title='bbox 1167 881 1186 900; x_wconf 56' lang='grc'>·“““</span> <span class='ocrx_word' id='word_1_103' title='bbox 1211 886 1311 915; x_wconf 90' lang='lat' dir='ltr'>terra</span> <span class='ocrx_word' id='word_1_104' title='bbox 1336 885 1373 915; x_wconf 91' lang='lat' dir='ltr'>et</span> 
     </span>
     <span class='ocr_line' id='line_1_21' title="bbox 297 931 1371 982; baseline -0.004 -9"><span class='ocrx_word' id='word_1_105' title='bbox 297 935 483 982; x_wconf 89' lang='lat' dir='ltr'>medium,</span> <span class='ocrx_word' id='word_1_106' title='bbox 503 935 555 972; x_wconf 90' lang='lat' dir='ltr'>ita</span> <span class='ocrx_word' id='word_1_107' title='bbox 573 941 661 971; x_wconf 89' lang='lat' dir='ltr'>sunt</span> <span class='ocrx_word' id='word_1_108' title='bbox 679 942 716 971; x_wconf 91' lang='lat' dir='ltr'>et</span> <span class='ocrx_word' id='word_1_109' title='bbox 734 933 804 971; x_wconf 90' lang='lat' dir='ltr'>tria</span> <span class='ocrx_word' id='word_1_110' title='bbox 831 934 918 970; x_wconf 92' lang='lat' dir='ltr'>loca</span> <span class='ocrx_word' id='word_1_111' title='bbox 937 933 990 970; x_wconf 93' lang='lat' dir='ltr'>eis</span> <span class='ocrx_word' id='word_1_112' title='bbox 1015 931 1371 982; x_wconf 88' lang='lat' dir='ltr'>correspondentia:</span> 
     </span>
     <span class='ocr_line' id='line_1_22' title="bbox 297 985 1372 1038; baseline -0.004 -12"><span class='ocrx_word' id='word_1_113' title='bbox 297 1001 399 1026; x_wconf 91' lang='lat' dir='ltr'>unus</span> <span class='ocrx_word' id='word_1_114' title='bbox 427 988 585 1038; x_wconf 90' lang='lat' dir='ltr'>quidem</span> <span class='ocrx_word' id='word_1_115' title='bbox 613 988 721 1025; x_wconf 91' lang='lat' dir='ltr'>locus</span> <span class='ocrx_word' id='word_1_116' title='bbox 739 985 752 1008; x_wconf 84' lang='lat'><strong><em>⁰</em></strong></span> <span class='ocrx_word' id='word_1_117' title='bbox 780 987 846 1036; x_wconf 90' lang='lat' dir='ltr'>qui</span> <span class='ocrx_word' id='word_1_118' title='bbox 876 994 932 1024; x_wconf 92' lang='lat' dir='ltr'>est</span> <span class='ocrx_word' id='word_1_119' title='bbox 960 987 1058 1024; x_wconf 89' lang='lat' dir='ltr'>circa</span> <span class='ocrx_word' id='word_1_120' title='bbox 1085 986 1277 1034; x_wconf 89' lang='lat' dir='ltr'>medium,</span> <span class='ocrx_word' id='word_1_121' title='bbox 1307 985 1372 1035; x_wconf 93' lang='lat' dir='ltr'>qui</span> 
     </span>
     <span class='ocr_line' id='line_1_23' title="bbox 299 1039 1374 1091; baseline -0.003 -12"><span class='ocrx_word' id='word_1_122' title='bbox 299 1049 356 1079; x_wconf 90' lang='lat' dir='ltr'>est</span> <span class='ocrx_word' id='word_1_123' title='bbox 383 1041 554 1091; x_wconf 91' lang='lat' dir='ltr'>corporis</span> <span class='ocrx_word' id='word_1_124' title='bbox 581 1041 819 1088; x_wconf 81' lang='lat' dir='ltr'>subsistentis,</span> <span class='ocrx_word' id='word_1_125' title='bbox 840 1040 938 1078; x_wconf 94' lang='lat' dir='ltr'>idest</span> <span class='ocrx_word' id='word_1_126' title='bbox 961 1040 1131 1090; x_wconf 90' lang='lat' dir='ltr'>corporis</span> <span class='ocrx_word' id='word_1_127' title='bbox 1159 1039 1374 1088; x_wconf 88' lang='lat' dir='ltr'>gravissimi</span> 
     </span>
     <span class='ocr_line' id='line_1_24' title="bbox 299 1094 1372 1144; baseline -0.003 -11"><span class='ocrx_word' id='word_1_128' title='bbox 299 1096 406 1144; x_wconf 93' lang='lat' dir='ltr'>quod</span> <span class='ocrx_word' id='word_1_129' title='bbox 430 1096 576 1133; x_wconf 89' lang='lat' dir='ltr'>substat</span> <span class='ocrx_word' id='word_1_130' title='bbox 595 1094 789 1142; x_wconf 89' lang='lat' dir='ltr'>omnibus,</span> <span class='ocrx_word' id='word_1_131' title='bbox 810 1094 950 1132; x_wconf 92' lang='lat' dir='ltr'>scilicet</span> <span class='ocrx_word' id='word_1_132' title='bbox 968 1102 1108 1141; x_wconf 90' lang='lat' dir='ltr'>terrae;</span> <span class='ocrx_word' id='word_1_133' title='bbox 1129 1094 1223 1131; x_wconf 91' lang='lat' dir='ltr'>alius</span> <span class='ocrx_word' id='word_1_134' title='bbox 1243 1101 1372 1130; x_wconf 91' lang='lat' dir='ltr'>autern</span> 
     </span>
     <span class='ocr_line' id='line_1_25' title="bbox 299 1147 1374 1198; baseline -0.003 -12"><span class='ocrx_word' id='word_1_135' title='bbox 299 1149 408 1186; x_wconf 91' lang='lat' dir='ltr'>locus</span> <span class='ocrx_word' id='word_1_136' title='bbox 427 1149 492 1198; x_wconf 93' lang='lat' dir='ltr'>qui</span> <span class='ocrx_word' id='word_1_137' title='bbox 513 1150 533 1170; x_wconf 78' lang='lat'>*</span> <span class='ocrx_word' id='word_1_138' title='bbox 563 1155 619 1185; x_wconf 90' lang='lat' dir='ltr'>est</span> <span class='ocrx_word' id='word_1_139' title='bbox 639 1155 831 1185; x_wconf 90' lang='lat' dir='ltr'>extremus</span> <span class='ocrx_word' id='word_1_140' title='bbox 850 1148 889 1185; x_wconf 92' lang='lat' dir='ltr'>in</span> <span class='ocrx_word' id='word_1_141' title='bbox 909 1148 1115 1195; x_wconf 82' lang='lat' dir='ltr'>altitudine,</span> <span class='ocrx_word' id='word_1_142' title='bbox 1131 1147 1198 1196; x_wconf 92' lang='lat' dir='ltr'>qui</span> <span class='ocrx_word' id='word_1_143' title='bbox 1217 1154 1272 1184; x_wconf 90' lang='lat' dir='ltr'>est</span> <span class='ocrx_word' id='word_1_144' title='bbox 1292 1159 1374 1183; x_wconf 93' lang='lat' dir='ltr'>cor-</span> 
     </span>
     <span class='ocr_line' id='line_1_26' title="bbox 248 1201 1375 1252; baseline -0.004 -12"><span class='ocrx_word' id='word_1_145' title='bbox 248 1201 546 1252; x_wconf 44' lang='lat' dir='ltr'>&gt;„poris-&gt;quod</span> <span class='ocrx_word' id='word_1_146' title='bbox 582 1208 763 1239; x_wconf 90' lang='lat' dir='ltr'>movetur</span> <span class='ocrx_word' id='word_1_147' title='bbox 801 1201 1045 1248; x_wconf 90' lang='lat' dir='ltr'>circulariter;</span> <span class='ocrx_word' id='word_1_148' title='bbox 1079 1201 1209 1238; x_wconf 90' lang='lat' dir='ltr'>tertius</span> <span class='ocrx_word' id='word_1_149' title='bbox 1246 1207 1375 1237; x_wconf 89' lang='lat' dir='ltr'>autem</span> 
     </span>
     <span class='ocr_line' id='line_1_27' title="bbox 298 1252 1376 1306; baseline -0.003 -14"><span class='ocrx_word' id='word_1_150' title='bbox 298 1256 406 1293; x_wconf 90' lang='lat' dir='ltr'>locus</span> <span class='ocrx_word' id='word_1_151' title='bbox 435 1256 500 1306; x_wconf 92' lang='lat' dir='ltr'>qui</span> <span class='ocrx_word' id='word_1_152' title='bbox 521 1257 541 1277; x_wconf 76' lang='lat'>&#39;¹‘</span> <span class='ocrx_word' id='word_1_153' title='bbox 570 1262 627 1292; x_wconf 91' lang='lat' dir='ltr'>est</span> <span class='ocrx_word' id='word_1_154' title='bbox 653 1254 902 1292; x_wconf 91' lang='lat' dir='ltr'>intermedius</span> <span class='ocrx_word' id='word_1_155' title='bbox 921 1255 1074 1302; x_wconf 90' lang='lat' dir='ltr'>horum,</span> <span class='ocrx_word' id='word_1_156' title='bbox 1095 1254 1161 1303; x_wconf 93' lang='lat' dir='ltr'>qui</span> <span class='ocrx_word' id='word_1_157' title='bbox 1185 1261 1242 1290; x_wconf 90' lang='lat' dir='ltr'>est</span> <span class='ocrx_word' id='word_1_158' title='bbox 1258 1252 1376 1290; x_wconf 90' lang='lat' dir='ltr'>medii</span> 
     </span>
     <span class='ocr_line' id='line_1_28' title="bbox 301 1321 485 1359; baseline 0 -13"><span class='ocrx_word' id='word_1_159' title='bbox 301 1321 485 1359; x_wconf 82' lang='lat' dir='ltr'>corporis.</span> 
     </span>
    </p>

    <p class='ocr_par' dir='ltr' id='par_1_10' title="bbox 267 1359 1379 1988">
     <span class='ocr_line' id='line_1_29' title="bbox 355 1359 1376 1411; baseline -0.004 -11"><span class='ocrx_word' id='word_1_160' title='bbox 355 1362 468 1400; x_wconf 89' lang='lat' dir='ltr'>Circa</span> <span class='ocrx_word' id='word_1_161' title='bbox 488 1375 587 1411; x_wconf 88' lang='lat' dir='ltr'>quae</span> <span class='ocrx_word' id='word_1_162' title='bbox 616 1361 775 1410; x_wconf 92' lang='lat' dir='ltr'>quidem</span> <span class='ocrx_word' id='word_1_163' title='bbox 801 1361 923 1398; x_wconf 88' lang='lat' dir='ltr'>verba</span> <span class='ocrx_word' id='word_1_164' title='bbox 945 1368 954 1382; x_wconf 77' lang='lat'><em>²</em></span> <span class='ocrx_word' id='word_1_165' title='bbox 980 1361 1107 1410; x_wconf 89' lang='lat' dir='ltr'>primo</span> <span class='ocrx_word' id='word_1_166' title='bbox 1132 1359 1376 1398; x_wconf 90' lang='lat' dir='ltr'>consideran-</span> 
     </span>
     <span class='ocr_line' id='line_1_30' title="bbox 302 1414 1376 1466; baseline -0.004 -12"><span class='ocrx_word' id='word_1_167' title='bbox 302 1415 396 1453; x_wconf 90' lang='lat' dir='ltr'>dum</span> <span class='ocrx_word' id='word_1_168' title='bbox 417 1423 473 1454; x_wconf 91' lang='lat' dir='ltr'>est</span> <span class='ocrx_word' id='word_1_169' title='bbox 501 1415 607 1466; x_wconf 93' lang='lat' dir='ltr'>quod</span> <span class='ocrx_word' id='word_1_170' title='bbox 625 1414 740 1452; x_wconf 89' lang='lat' dir='ltr'>etiam</span> <span class='ocrx_word' id='word_1_171' title='bbox 761 1415 912 1452; x_wconf 90' lang='lat' dir='ltr'>caelum</span> <span class='ocrx_word' id='word_1_172' title='bbox 937 1414 1035 1452; x_wconf 91' lang='lat' dir='ltr'>inter</span> <span class='ocrx_word' id='word_1_173' title='bbox 1054 1415 1242 1452; x_wconf 90' lang='lat' dir='ltr'>elementa</span> <span class='ocrx_word' id='word_1_174' title='bbox 1271 1425 1376 1451; x_wconf 92' lang='lat' dir='ltr'>com-</span> 
     </span>
     <span class='ocr_line' id='line_1_31' title="bbox 300 1468 1377 1518; baseline -0.002 -12"><span class='ocrx_word' id='word_1_175' title='bbox 300 1476 420 1518; x_wconf 89' lang='lat' dir='ltr'>putat,</span> <span class='ocrx_word' id='word_1_176' title='bbox 442 1481 532 1506; x_wconf 89' lang='lat' dir='ltr'>cum</span> <span class='ocrx_word' id='word_1_177' title='bbox 550 1477 680 1506; x_wconf 87' lang='lat' dir='ltr'>tamen</span> <span class='ocrx_word' id='word_1_178' title='bbox 709 1468 942 1505; x_wconf 90' lang='lat' dir='ltr'>elementum</span> <span class='ocrx_word' id='word_1_179' title='bbox 969 1468 1016 1505; x_wconf 88' lang='lat' dir='ltr'>sit</span> <span class='ocrx_word' id='word_1_180' title='bbox 1043 1479 1089 1505; x_wconf 87' lang='lat' dir='ltr'>ex</span> <span class='ocrx_word' id='word_1_181' title='bbox 1116 1480 1195 1517; x_wconf 93' lang='lat' dir='ltr'>quo</span> <span class='ocrx_word' id='word_1_182' title='bbox 1218 1479 1377 1516; x_wconf 89' lang='lat' dir='ltr'>compo-</span> 
     </span>
     <span class='ocr_line' id='line_1_32' title="bbox 267 1520 1377 1570; baseline -0.001 -11"><span class='ocrx_word' id='word_1_183' title='bbox 267 1547 274 1554; x_wconf 86' lang='lat'><strong>·</strong></span> <span class='ocrx_word' id='word_1_184' title='bbox 301 1521 402 1559; x_wconf 87' lang='lat' dir='ltr'>nitur</span> <span class='ocrx_word' id='word_1_185' title='bbox 427 1534 500 1570; x_wconf 91' lang='lat' dir='ltr'>res,</span> <span class='ocrx_word' id='word_1_186' title='bbox 529 1529 572 1560; x_wconf 92' lang='lat' dir='ltr'>ut</span> <span class='ocrx_word' id='word_1_187' title='bbox 600 1520 762 1559; x_wconf 91' lang='lat' dir='ltr'>dicitur</span> <span class='ocrx_word' id='word_1_188' title='bbox 752 1533 792 1558; x_wconf 89' lang='grc' dir='ltr'>ιιι</span> <span class='ocrx_word' id='word_1_189' title='bbox 824 1521 860 1558; x_wconf 94' lang='lat' dir='ltr'>V</span> <span class='ocrx_word' id='word_1_190' title='bbox 887 1522 1150 1570; x_wconf 51' lang='lat' dir='ltr'>Metaphysst‘</span> <span class='ocrx_word' id='word_1_191' title='bbox 1174 1521 1377 1558; x_wconf 91' lang='lat' dir='ltr'>-Caelum</span> 
     </span>
     <span class='ocr_line' id='line_1_33' title="bbox 301 1573 1378 1635; baseline -0.002 -22"><span class='ocrx_word' id='word_1_192' title='bbox 301 1582 442 1623; x_wconf 83' lang='lat' dir='ltr'>autem,</span> <span class='ocrx_word' id='word_1_193' title='bbox 465 1575 533 1613; x_wconf 88' lang='lat' dir='ltr'>etsi</span> <span class='ocrx_word' id='word_1_194' title='bbox 561 1587 640 1612; x_wconf 91' lang='lat' dir='ltr'>non</span> <span class='ocrx_word' id='word_1_195' title='bbox 667 1573 798 1613; x_wconf 88' lang='lat' dir='ltr'>veniat</span> <span class='ocrx_word' id='word_1_196' title='bbox 825 1574 864 1611; x_wconf 93' lang='lat' dir='ltr'>in</span> <span class='ocrx_word' id='word_1_197' title='bbox 889 1574 1211 1635; x_wconf 81' lang='lat' dir='ltr'>compositionem</span> <span class='ocrx_word' id='word_1_198' title='bbox 1241 1587 1378 1634; x_wconf 82' lang='lat' dir='ltr'>corpo-</span> 
     </span>
     <span class='ocr_line' id='line_1_34' title="bbox 301 1627 1378 1688; baseline -0.001 -22"><span class='ocrx_word' id='word_1_199' title='bbox 301 1627 351 1666; x_wconf 87' lang='lat' dir='ltr'>ris</span> <span class='ocrx_word' id='word_1_200' title='bbox 365 1627 483 1676; x_wconf 83' lang='lat' dir='ltr'>mixti,</span> <span class='ocrx_word' id='word_1_201' title='bbox 503 1628 609 1666; x_wconf 91' lang='lat' dir='ltr'>venit</span> <span class='ocrx_word' id='word_1_202' title='bbox 622 1636 752 1666; x_wconf 90' lang='lat' dir='ltr'>tamen</span> <span class='ocrx_word' id='word_1_203' title='bbox 766 1627 805 1665; x_wconf 94' lang='lat' dir='ltr'>in</span> <span class='ocrx_word' id='word_1_204' title='bbox 825 1628 1147 1688; x_wconf 84' lang='lat' dir='ltr'>compositionem</span> <span class='ocrx_word' id='word_1_205' title='bbox 1162 1628 1277 1665; x_wconf 89' lang='lat' dir='ltr'>totius</span> <span class='ocrx_word' id='word_1_206' title='bbox 1295 1627 1378 1665; x_wconf 90' lang='lat' dir='ltr'>uni-</span> 
     </span>
     <span class='ocr_line' id='line_1_35' title="bbox 299 1681 1378 1731; baseline 0 -12"><span class='ocrx_word' id='word_1_207' title='bbox 299 1681 414 1729; x_wconf 83' lang='lat' dir='ltr'>versi,</span> <span class='ocrx_word' id='word_1_208' title='bbox 431 1682 541 1731; x_wconf 91' lang='lat' dir='ltr'>quasi</span> <span class='ocrx_word' id='word_1_209' title='bbox 559 1682 751 1731; x_wconf 88' lang='lat' dir='ltr'>quaedam</span> <span class='ocrx_word' id='word_1_210' title='bbox 765 1694 855 1731; x_wconf 88' lang='lat' dir='ltr'>pars</span> <span class='ocrx_word' id='word_1_211' title='bbox 870 1681 964 1719; x_wconf 92' lang='lat' dir='ltr'>eius.</span> <span class='ocrx_word' id='word_1_212' title='bbox 979 1682 1051 1719; x_wconf 93' lang='lat' dir='ltr'>Vel</span> <span class='ocrx_word' id='word_1_213' title='bbox 1071 1683 1262 1719; x_wconf 88' lang='lat' dir='ltr'>elementa</span> <span class='ocrx_word' id='word_1_214' title='bbox 1276 1682 1378 1730; x_wconf 88' lang='lat' dir='ltr'>large</span> 
     </span>
     <span class='ocr_line' id='line_1_36' title="bbox 301 1735 1378 1786; baseline -0.001 -13"><span class='ocrx_word' id='word_1_215' title='bbox 301 1735 477 1773; x_wconf 90' lang='lat' dir='ltr'>nominat</span> <span class='ocrx_word' id='word_1_216' title='bbox 491 1748 759 1786; x_wconf 89' lang='lat' dir='ltr'>quaecumque</span> <span class='ocrx_word' id='word_1_217' title='bbox 775 1735 962 1784; x_wconf 89' lang='lat' dir='ltr'>simplicia</span> <span class='ocrx_word' id='word_1_218' title='bbox 976 1748 1155 1785; x_wconf 90' lang='lat' dir='ltr'>corpora:</span> <span class='ocrx_word' id='word_1_219' title='bbox 1176 1747 1276 1785; x_wconf 90' lang='lat' dir='ltr'>quae</span> <span class='ocrx_word' id='word_1_220' title='bbox 1296 1735 1378 1784; x_wconf 91' lang='lat' dir='ltr'>qui-</span> 
     </span>
     <span class='ocr_line' id='line_1_37' title="bbox 303 1787 1378 1839; baseline 0 -13"><span class='ocrx_word' id='word_1_221' title='bbox 303 1787 393 1826; x_wconf 89' lang='lat' dir='ltr'>dem</span> <span class='ocrx_word' id='word_1_222' title='bbox 419 1796 535 1826; x_wconf 88' lang='lat' dir='ltr'>vocat</span> <span class='ocrx_word' id='word_1_223' title='bbox 562 1789 778 1839; x_wconf 83' lang='lat' dir='ltr'>corporalia</span> <span class='ocrx_word' id='word_1_224' title='bbox 812 1789 1016 1835; x_wconf 85' lang='lat' dir='ltr'>elementa,</span> <span class='ocrx_word' id='word_1_225' title='bbox 1046 1789 1095 1826; x_wconf 92' lang='lat' dir='ltr'>ad</span> <span class='ocrx_word' id='word_1_226' title='bbox 1124 1788 1378 1826; x_wconf 87' lang='lat' dir='ltr'>differentiam</span> 
     </span>
     <span class='ocr_line' id='line_1_38' title="bbox 303 1842 1378 1892; baseline 0 -12"><span class='ocrx_word' id='word_1_227' title='bbox 303 1842 486 1880; x_wconf 87' lang='lat' dir='ltr'>materiae</span> <span class='ocrx_word' id='word_1_228' title='bbox 506 1842 666 1892; x_wconf 89' lang='lat' dir='ltr'>primae,</span> <span class='ocrx_word' id='word_1_229' title='bbox 687 1855 785 1892; x_wconf 84' lang='lat' dir='ltr'>quae</span> <span class='ocrx_word' id='word_1_230' title='bbox 807 1850 862 1880; x_wconf 92' lang='lat' dir='ltr'>est</span> <span class='ocrx_word' id='word_1_231' title='bbox 881 1843 1128 1890; x_wconf 86' lang='lat' dir='ltr'>elementum,</span> <span class='ocrx_word' id='word_1_232' title='bbox 1149 1855 1228 1880; x_wconf 90' lang='lat' dir='ltr'>non</span> <span class='ocrx_word' id='word_1_233' title='bbox 1247 1849 1378 1880; x_wconf 88' lang='lat' dir='ltr'>tamen</span> 
     </span>
     <span class='ocr_line' id='line_1_39' title="bbox 304 1896 1379 1946; baseline 0 -13"><span class='ocrx_word' id='word_1_234' title='bbox 304 1897 514 1945; x_wconf 89' lang='lat' dir='ltr'>corporale,</span> <span class='ocrx_word' id='word_1_235' title='bbox 544 1897 613 1935; x_wconf 91' lang='lat' dir='ltr'>sed</span> <span class='ocrx_word' id='word_1_236' title='bbox 641 1897 789 1945; x_wconf 89' lang='lat' dir='ltr'>absque</span> <span class='ocrx_word' id='word_1_237' title='bbox 819 1896 926 1934; x_wconf 92' lang='lat' dir='ltr'>omni</span> <span class='ocrx_word' id='word_1_238' title='bbox 954 1897 1100 1944; x_wconf 84' lang='lat' dir='ltr'>forma,</span> <span class='ocrx_word' id='word_1_239' title='bbox 1129 1904 1244 1946; x_wconf 91' lang='lat' dir='ltr'>prout</span> <span class='ocrx_word' id='word_1_240' title='bbox 1271 1896 1310 1934; x_wconf 94' lang='lat' dir='ltr'>in</span> <span class='ocrx_word' id='word_1_241' title='bbox 1338 1908 1379 1934; x_wconf 93' lang='lat' dir='ltr'>se</span> 
     </span>
     <span class='ocr_line' id='line_1_40' title="bbox 305 1949 578 1988; baseline 0.007 -2"><span class='ocrx_word' id='word_1_242' title='bbox 305 1949 578 1988; x_wconf 89' lang='lat' dir='ltr'>consideratur.</span> 
     </span>
    </p>

    <p class='ocr_par' dir='ltr' id='par_1_11' title="bbox 269 2002 1382 2212">
     <span class='ocr_line' id='line_1_41' title="bbox 358 2002 1380 2053; baseline 0 -13"><span class='ocrx_word' id='word_1_243' title='bbox 358 2003 540 2041; x_wconf 90' lang='lat' dir='ltr'>Secundo</span> <span class='ocrx_word' id='word_1_244' title='bbox 561 2010 690 2041; x_wconf 90' lang='lat' dir='ltr'>autern</span> <span class='ocrx_word' id='word_1_245' title='bbox 707 2002 1030 2041; x_wconf 90' lang='lat' dir='ltr'>considerandum</span> <span class='ocrx_word' id='word_1_246' title='bbox 1046 2010 1102 2040; x_wconf 88' lang='lat' dir='ltr'>est</span> <span class='ocrx_word' id='word_1_247' title='bbox 1116 2003 1164 2041; x_wconf 93' lang='lat' dir='ltr'>de</span> <span class='ocrx_word' id='word_1_248' title='bbox 1179 2003 1255 2040; x_wconf 90' lang='lat' dir='ltr'>hoc</span> <span class='ocrx_word' id='word_1_249' title='bbox 1274 2002 1380 2053; x_wconf 93' lang='lat' dir='ltr'>quod</span> 
     </span>
     <span class='ocr_line' id='line_1_42' title="bbox 304 2055 1381 2095; baseline 0 -1"><span class='ocrx_word' id='word_1_250' title='bbox 304 2055 394 2094; x_wconf 90' lang='lat' dir='ltr'>dicit</span> <span class='ocrx_word' id='word_1_251' title='bbox 420 2056 491 2094; x_wconf 89' lang='lat' dir='ltr'>tria</span> <span class='ocrx_word' id='word_1_252' title='bbox 520 2069 603 2094; x_wconf 91' lang='lat' dir='ltr'>esse</span> <span class='ocrx_word' id='word_1_253' title='bbox 633 2057 729 2095; x_wconf 91' lang='lat' dir='ltr'>loca.</span> <span class='ocrx_word' id='word_1_254' title='bbox 752 2058 853 2094; x_wconf 91' lang='lat' dir='ltr'>Cum</span> <span class='ocrx_word' id='word_1_255' title='bbox 883 2064 1012 2094; x_wconf 91' lang='lat' dir='ltr'>autem</span> <span class='ocrx_word' id='word_1_256' title='bbox 1044 2057 1150 2094; x_wconf 90' lang='lat' dir='ltr'>locus</span> <span class='ocrx_word' id='word_1_257' title='bbox 1178 2056 1225 2094; x_wconf 90' lang='lat' dir='ltr'>sit</span> <span class='ocrx_word' id='word_1_258' title='bbox 1251 2056 1381 2094; x_wconf 89' lang='lat' dir='ltr'>termi-</span> 
     </span>
     <span class='ocr_line' id='line_1_43' title="bbox 269 2110 1380 2159; baseline 0.002 -14"><span class='ocrx_word' id='word_1_259' title='bbox 269 2125 276 2145; x_wconf 79' lang='grc'><strong>;</strong></span> <span class='ocrx_word' id='word_1_260' title='bbox 304 2121 376 2146; x_wconf 84' lang='grc' dir='ltr'>ιιιιε</span> <span class='ocrx_word' id='word_1_261' title='bbox 396 2111 567 2159; x_wconf 82' lang='grc' dir='ltr'>εοιΡοιίε</span> <span class='ocrx_word' id='word_1_262' title='bbox 588 2110 826 2158; x_wconf 84' lang='lat' dir='ltr'>continentis,</span> <span class='ocrx_word' id='word_1_263' title='bbox 842 2118 884 2147; x_wconf 93' lang='lat' dir='ltr'>ut</span> <span class='ocrx_word' id='word_1_264' title='bbox 902 2110 1038 2148; x_wconf 90' lang='lat' dir='ltr'>dic-itur</span> <span class='ocrx_word' id='word_1_265' title='bbox 1056 2110 1094 2147; x_wconf 91' lang='lat' dir='ltr'>in</span> <span class='ocrx_word' id='word_1_266' title='bbox 1111 2111 1163 2148; x_wconf 93' lang='lat' dir='ltr'>1V</span> <span class='ocrx_word' id='word_1_267' title='bbox 1179 2110 1330 2159; x_wconf 68' lang='lat' dir='ltr'>Hysic.</span> <span class='ocrx_word' id='word_1_268' title='bbox 1347 2111 1380 2158; x_wconf 80' lang='lat'>*,</span> 
     </span>
     <span class='ocr_line' id='line_1_44' title="bbox 269 2161 1382 2212; baseline 0.001 -13"><span class='ocrx_word' id='word_1_269' title='bbox 269 2161 276 2173; x_wconf 84' lang='lat'>&#39;</span> <span class='ocrx_word' id='word_1_270' title='bbox 305 2162 394 2200; x_wconf 89' lang='lat' dir='ltr'>satis</span> <span class='ocrx_word' id='word_1_271' title='bbox 419 2170 548 2212; x_wconf 93' lang='lat' dir='ltr'>potest</span> <span class='ocrx_word' id='word_1_272' title='bbox 567 2176 649 2202; x_wconf 90' lang='lat' dir='ltr'>esse</span> <span class='ocrx_word' id='word_1_273' title='bbox 678 2163 923 2201; x_wconf 89' lang='lat' dir='ltr'>manifestum</span> <span class='ocrx_word' id='word_1_274' title='bbox 943 2163 1035 2212; x_wconf 93' lang='lat' dir='ltr'>quid</span> <span class='ocrx_word' id='word_1_275' title='bbox 1063 2163 1110 2200; x_wconf 91' lang='lat' dir='ltr'>sit</span> <span class='ocrx_word' id='word_1_276' title='bbox 1128 2164 1236 2200; x_wconf 92' lang='lat' dir='ltr'>locus</span> <span class='ocrx_word' id='word_1_277' title='bbox 1264 2163 1382 2201; x_wconf 92' lang='lat' dir='ltr'>medii</span> 
     </span>
    </p>

    <p class='ocr_par' dir='ltr' id='par_1_12' title="bbox 283 2215 1384 2855">
     <span class='ocr_line' id='line_1_45' title="bbox 305 2215 1383 2266; baseline 0 -13"><span class='ocrx_word' id='word_1_278' title='bbox 305 2215 503 2263; x_wconf 88' lang='lat' dir='ltr'>elementi;</span> <span class='ocrx_word' id='word_1_279' title='bbox 533 2216 621 2266; x_wconf 89' lang='lat' dir='ltr'>quia</span> <span class='ocrx_word' id='word_1_280' title='bbox 649 2216 872 2266; x_wconf 88' lang='lat' dir='ltr'>superficies</span> <span class='ocrx_word' id='word_1_281' title='bbox 892 2216 1063 2266; x_wconf 89' lang='lat' dir='ltr'>supremi</span> <span class='ocrx_word' id='word_1_282' title='bbox 1091 2216 1263 2266; x_wconf 91' lang='lat' dir='ltr'>corporis</span> <span class='ocrx_word' id='word_1_283' title='bbox 1292 2229 1383 2254; x_wconf 93' lang='lat' dir='ltr'>con-</span> 
     </span>
     <span class='ocr_line' id='line_1_46' title="bbox 305 2268 1382 2320; baseline 0 -14"><span class='ocrx_word' id='word_1_284' title='bbox 305 2268 458 2307; x_wconf 91' lang='lat' dir='ltr'>tinentis</span> <span class='ocrx_word' id='word_1_285' title='bbox 472 2269 610 2320; x_wconf 91' lang='lat' dir='ltr'>ipsum.</span> <span class='ocrx_word' id='word_1_286' title='bbox 627 2271 687 2307; x_wconf 90' lang='lat' dir='ltr'>De</span> <span class='ocrx_word' id='word_1_287' title='bbox 707 2270 832 2320; x_wconf 90' lang='lat' dir='ltr'>primo</span> <span class='ocrx_word' id='word_1_288' title='bbox 853 2278 981 2307; x_wconf 91' lang='lat' dir='ltr'>autem</span> <span class='ocrx_word' id='word_1_289' title='bbox 1001 2281 1162 2319; x_wconf 92' lang='lat' dir='ltr'>corpore</span> <span class='ocrx_word' id='word_1_290' title='bbox 1181 2269 1382 2318; x_wconf 89' lang='lat' dir='ltr'>quomodo</span> 
     </span>
     <span class='ocr_line' id='line_1_47' title="bbox 306 2322 1382 2372; baseline 0.001 -13"><span class='ocrx_word' id='word_1_291' title='bbox 306 2322 352 2360; x_wconf 88' lang='lat' dir='ltr'>sit</span> <span class='ocrx_word' id='word_1_292' title='bbox 370 2323 410 2360; x_wconf 92' lang='lat' dir='ltr'>in</span> <span class='ocrx_word' id='word_1_293' title='bbox 428 2324 528 2371; x_wconf 91' lang='lat' dir='ltr'>loco,</span> <span class='ocrx_word' id='word_1_294' title='bbox 550 2331 747 2361; x_wconf 89' lang='lat' dir='ltr'>ostensum</span> <span class='ocrx_word' id='word_1_295' title='bbox 768 2331 823 2361; x_wconf 88' lang='lat' dir='ltr'>est</span> <span class='ocrx_word' id='word_1_296' title='bbox 842 2323 881 2360; x_wconf 93' lang='lat' dir='ltr'>in</span> <span class='ocrx_word' id='word_1_297' title='bbox 902 2324 953 2360; x_wconf 93' lang='lat' dir='ltr'>IV</span> <span class='ocrx_word' id='word_1_298' title='bbox 971 2324 1121 2372; x_wconf 78' lang='lat' dir='ltr'>Physic.</span> <span class='ocrx_word' id='word_1_299' title='bbox 1143 2323 1163 2344; x_wconf 73' lang='lat'>*²</span> <span class='ocrx_word' id='word_1_300' title='bbox 1189 2323 1267 2360; x_wconf 88' lang='lat' dir='ltr'>Sed</span> <span class='ocrx_word' id='word_1_301' title='bbox 1286 2336 1382 2372; x_wconf 93' lang='lat' dir='ltr'>quo-</span> 
     </span>
     <span class='ocr_line' id='line_1_48' title="bbox 305 2376 1382 2426; baseline 0 -13"><span class='ocrx_word' id='word_1_302' title='bbox 305 2376 427 2414; x_wconf 90' lang='lat' dir='ltr'>modo</span> <span class='ocrx_word' id='word_1_303' title='bbox 456 2377 642 2424; x_wconf 90' lang='lat' dir='ltr'>medium,</span> <span class='ocrx_word' id='word_1_304' title='bbox 664 2377 770 2426; x_wconf 93' lang='lat' dir='ltr'>quod</span> <span class='ocrx_word' id='word_1_305' title='bbox 798 2389 878 2415; x_wconf 93' lang='lat' dir='ltr'>non</span> <span class='ocrx_word' id='word_1_306' title='bbox 904 2377 1020 2414; x_wconf 90' lang='lat' dir='ltr'>habet</span> <span class='ocrx_word' id='word_1_307' title='bbox 1048 2376 1235 2414; x_wconf 90' lang='lat' dir='ltr'>rationem</span> <span class='ocrx_word' id='word_1_308' title='bbox 1265 2376 1382 2414; x_wconf 90' lang='lat' dir='ltr'>conti-</span> 
     </span>
     <span class='ocr_line' id='line_1_49' title="bbox 305 2429 1382 2480; baseline 0.001 -14"><span class='ocrx_word' id='word_1_309' title='bbox 305 2429 430 2467; x_wconf 90' lang='lat' dir='ltr'>nentis</span> <span class='ocrx_word' id='word_1_310' title='bbox 459 2430 528 2468; x_wconf 91' lang='lat' dir='ltr'>sed</span> <span class='ocrx_word' id='word_1_311' title='bbox 557 2430 737 2479; x_wconf 89' lang='lat' dir='ltr'>contenti,</span> <span class='ocrx_word' id='word_1_312' title='bbox 758 2431 804 2468; x_wconf 91' lang='lat' dir='ltr'>sit</span> <span class='ocrx_word' id='word_1_313' title='bbox 831 2431 940 2468; x_wconf 90' lang='lat' dir='ltr'>locus</span> <span class='ocrx_word' id='word_1_314' title='bbox 968 2430 1140 2480; x_wconf 89' lang='lat' dir='ltr'>corporis</span> <span class='ocrx_word' id='word_1_315' title='bbox 1168 2430 1306 2478; x_wconf 87' lang='lat' dir='ltr'>gravis,</span> <span class='ocrx_word' id='word_1_316' title='bbox 1325 2430 1382 2467; x_wconf 88' lang='lat' dir='ltr'>vi-</span> 
     </span>
     <span class='ocr_line' id='line_1_50' title="bbox 307 2482 1384 2522; baseline 0 -2"><span class='ocrx_word' id='word_1_317' title='bbox 307 2482 418 2521; x_wconf 88' lang='lat' dir='ltr'>detur</span> <span class='ocrx_word' id='word_1_318' title='bbox 445 2483 726 2522; x_wconf 88' lang='lat' dir='ltr'>dubitationem</span> <span class='ocrx_word' id='word_1_319' title='bbox 750 2483 916 2522; x_wconf 89' lang='lat' dir='ltr'>habere.</span> <span class='ocrx_word' id='word_1_320' title='bbox 938 2505 962 2511; x_wconf 99' lang='lat'><em>-</em></span> <span class='ocrx_word' id='word_1_321' title='bbox 985 2484 1063 2521; x_wconf 90' lang='lat' dir='ltr'>Sed</span> <span class='ocrx_word' id='word_1_322' title='bbox 1092 2483 1298 2521; x_wconf 91' lang='lat' dir='ltr'>dicendum</span> <span class='ocrx_word' id='word_1_323' title='bbox 1328 2490 1384 2520; x_wconf 91' lang='lat' dir='ltr'>est</span> 
     </span>
     <span class='ocr_line' id='line_1_51' title="bbox 306 2536 1383 2587; baseline 0 -13"><span class='ocrx_word' id='word_1_324' title='bbox 306 2538 426 2585; x_wconf 89' lang='lat' dir='ltr'>quod,</span> <span class='ocrx_word' id='word_1_325' title='bbox 442 2537 539 2574; x_wconf 92' lang='lat' dir='ltr'>sicut</span> <span class='ocrx_word' id='word_1_326' title='bbox 558 2537 702 2576; x_wconf 90' lang='lat' dir='ltr'>dictum</span> <span class='ocrx_word' id='word_1_327' title='bbox 731 2546 787 2575; x_wconf 91' lang='lat' dir='ltr'>est</span> <span class='ocrx_word' id='word_1_328' title='bbox 806 2538 844 2575; x_wconf 94' lang='lat' dir='ltr'>in</span> <span class='ocrx_word' id='word_1_329' title='bbox 865 2538 917 2575; x_wconf 93' lang='lat' dir='ltr'>lV</span> <span class='ocrx_word' id='word_1_330' title='bbox 934 2538 1084 2586; x_wconf 83' lang='lat' dir='ltr'>Physic.</span> <span class='ocrx_word' id='word_1_331' title='bbox 1107 2537 1140 2584; x_wconf 83' lang='lat'>*,</span> <span class='ocrx_word' id='word_1_332' title='bbox 1161 2536 1383 2587; x_wconf 92' lang='lat' dir='ltr'>superficies</span> 
     </span>
     <span class='ocr_line' id='line_1_52' title="bbox 271 2587 1382 2640; baseline 0 -13"><span class='ocrx_word' id='word_1_333' title='bbox 271 2587 478 2640; x_wconf 36' lang='lat' dir='ltr'>’‘corporis</span> <span class='ocrx_word' id='word_1_334' title='bbox 507 2591 734 2629; x_wconf 88' lang='lat' dir='ltr'>continentis</span> <span class='ocrx_word' id='word_1_335' title='bbox 762 2604 842 2628; x_wconf 93' lang='lat' dir='ltr'>non</span> <span class='ocrx_word' id='word_1_336' title='bbox 870 2591 986 2628; x_wconf 91' lang='lat' dir='ltr'>habet</span> <span class='ocrx_word' id='word_1_337' title='bbox 1014 2590 1201 2628; x_wconf 91' lang='lat' dir='ltr'>rationem</span> <span class='ocrx_word' id='word_1_338' title='bbox 1231 2590 1304 2628; x_wconf 91' lang='lat' dir='ltr'>loci</span> <span class='ocrx_word' id='word_1_339' title='bbox 1325 2603 1382 2627; x_wconf 90' lang='grc' dir='ltr'>εε-</span> 
     </span>
     <span class='ocr_line' id='line_1_53' title="bbox 306 2644 1383 2694; baseline 0.001 -14"><span class='ocrx_word' id='word_1_340' title='bbox 306 2644 479 2682; x_wconf 91' lang='lat' dir='ltr'>cundum</span> <span class='ocrx_word' id='word_1_341' title='bbox 507 2645 614 2694; x_wconf 92' lang='lat' dir='ltr'>quod</span> <span class='ocrx_word' id='word_1_342' title='bbox 643 2653 699 2682; x_wconf 91' lang='lat' dir='ltr'>est</span> <span class='ocrx_word' id='word_1_343' title='bbox 727 2644 949 2694; x_wconf 89' lang='lat' dir='ltr'>superficies</span> <span class='ocrx_word' id='word_1_344' title='bbox 981 2645 1064 2682; x_wconf 89' lang='lat' dir='ltr'>talis</span> <span class='ocrx_word' id='word_1_345' title='bbox 1093 2644 1284 2694; x_wconf 90' lang='lat' dir='ltr'>corporis,</span> <span class='ocrx_word' id='word_1_346' title='bbox 1314 2645 1383 2682; x_wconf 90' lang='lat' dir='ltr'>sed</span> 
     </span>
     <span class='ocr_line' id='line_1_54' title="bbox 306 2697 1381 2748; baseline 0 -14"><span class='ocrx_word' id='word_1_347' title='bbox 306 2697 522 2735; x_wconf 91' lang='lat' dir='ltr'>secundum</span> <span class='ocrx_word' id='word_1_348' title='bbox 547 2698 722 2737; x_wconf 93' lang='lat' dir='ltr'>ordinem</span> <span class='ocrx_word' id='word_1_349' title='bbox 751 2699 844 2736; x_wconf 89' lang='lat' dir='ltr'>situs</span> <span class='ocrx_word' id='word_1_350' title='bbox 863 2711 981 2748; x_wconf 88' lang='lat' dir='ltr'>quem</span> <span class='ocrx_word' id='word_1_351' title='bbox 1010 2698 1126 2735; x_wconf 92' lang='lat' dir='ltr'>habet</span> <span class='ocrx_word' id='word_1_352' title='bbox 1144 2699 1192 2736; x_wconf 94' lang='lat' dir='ltr'>ad</span> <span class='ocrx_word' id='word_1_353' title='bbox 1211 2698 1381 2747; x_wconf 91' lang='lat' dir='ltr'>primum</span> 
     </span>
     <span class='ocr_line' id='line_1_55' title="bbox 306 2750 1381 2801; baseline 0.001 -14"><span class='ocrx_word' id='word_1_354' title='bbox 306 2750 516 2799; x_wconf 90' lang='lat' dir='ltr'>continens,</span> <span class='ocrx_word' id='word_1_355' title='bbox 528 2760 643 2801; x_wconf 90' lang='lat' dir='ltr'>prout</span> <span class='ocrx_word' id='word_1_356' title='bbox 657 2752 798 2790; x_wconf 91' lang='lat' dir='ltr'>scilicet</span> <span class='ocrx_word' id='word_1_357' title='bbox 811 2752 932 2800; x_wconf 86' lang='lat' dir='ltr'>magis</span> <span class='ocrx_word' id='word_1_358' title='bbox 946 2753 1009 2790; x_wconf 88' lang='lat' dir='ltr'>vel</span> <span class='ocrx_word' id='word_1_359' title='bbox 1022 2753 1041 2773; x_wconf 80' lang='grc'><strong>*</strong></span> <span class='ocrx_word' id='word_1_360' title='bbox 1051 2752 1179 2789; x_wconf 90' lang='lat' dir='ltr'>minus</span> <span class='ocrx_word' id='word_1_361' title='bbox 1195 2751 1229 2788; x_wconf 92' lang='lat' dir='ltr'>ei</span> <span class='ocrx_word' id='word_1_362' title='bbox 1243 2763 1381 2801; x_wconf 92' lang='lat' dir='ltr'>appro-</span> 
     </span>
     <span class='ocr_line' id='line_1_56' title="bbox 305 2803 1382 2855; baseline 0 -13"><span class='ocrx_word' id='word_1_363' title='bbox 305 2803 476 2854; x_wconf 90' lang='lat' dir='ltr'>pinquat.</span> <span class='ocrx_word' id='word_1_364' title='bbox 507 2805 660 2855; x_wconf 90' lang='lat' dir='ltr'>Corpus</span> <span class='ocrx_word' id='word_1_365' title='bbox 688 2813 816 2843; x_wconf 91' lang='lat' dir='ltr'>autem</span> <span class='ocrx_word' id='word_1_366' title='bbox 844 2818 960 2854; x_wconf 86' lang='lat' dir='ltr'>grave</span> <span class='ocrx_word' id='word_1_367' title='bbox 997 2805 1037 2843; x_wconf 93' lang='lat' dir='ltr'>in</span> <span class='ocrx_word' id='word_1_368' title='bbox 1065 2818 1135 2843; x_wconf 91' lang='lat' dir='ltr'>sua</span> <span class='ocrx_word' id='word_1_369' title='bbox 1162 2813 1296 2842; x_wconf 89' lang='lat' dir='ltr'>natura</span> <span class='ocrx_word' id='word_1_370' title='bbox 1326 2812 1382 2842; x_wconf 91' lang='grc' dir='ltr'>εει</span> 
     </span>
    </p>
   </div>
   <div class='ocr_carea' id='block_1_9' title="bbox 306 2994 1382 3526">
    <p class='ocr_par' dir='ltr' id='par_1_13' title="bbox 306 2994 1382 3526">
     <span class='ocr_line' id='line_1_57' title="bbox 360 2994 1381 3029; baseline 0 -9"><span class='ocrx_word' id='word_1_371' title='bbox 360 2994 388 3029; x_wconf 87' lang='grc' dir='ltr'>η)</span> <span class='ocrx_word' id='word_1_372' title='bbox 408 3002 539 3028; x_wconf 79' lang='lat' dir='ltr'>quorum.</span> <span class='ocrx_word' id='word_1_373' title='bbox 551 3013 576 3021; x_wconf 89' lang='lat'>..</span> <span class='ocrx_word' id='word_1_374' title='bbox 590 2996 694 3021; x_wconf 78' lang='lat' dir='ltr'>mundi.</span> <span class='ocrx_word' id='word_1_375' title='bbox 711 3010 731 3015; x_wconf 92' lang='lat'>-</span> <span class='ocrx_word' id='word_1_376' title='bbox 748 2996 785 3021; x_wconf 89' lang='lat' dir='ltr'>Ita</span> <span class='ocrx_word' id='word_1_377' title='bbox 804 2997 888 3027; x_wconf 68' lang='lat' dir='ltr'>codd„</span> <span class='ocrx_word' id='word_1_378' title='bbox 903 2996 953 3021; x_wconf 89' lang='lat' dir='ltr'>nisi</span> <span class='ocrx_word' id='word_1_379' title='bbox 978 2997 1049 3029; x_wconf 91' lang='lat' dir='ltr'>quod</span> <span class='ocrx_word' id='word_1_380' title='bbox 1067 2997 1091 3021; x_wconf 85' lang='grc' dir='ltr'>Α</span> <span class='ocrx_word' id='word_1_381' title='bbox 1109 3004 1158 3029; x_wconf 93' lang='lat' dir='ltr'>pro</span> <span class='ocrx_word' id='word_1_382' title='bbox 1177 2995 1204 3021; x_wconf 66' lang='lat' dir='ltr'>ih</span> <span class='ocrx_word' id='word_1_383' title='bbox 1229 2995 1324 3021; x_wconf 81' lang='lat' dir='ltr'>ordine</span> <span class='ocrx_word' id='word_1_384' title='bbox 1343 2994 1381 3020; x_wconf 79' lang='lat' dir='ltr'>ad</span> 
     </span>
     <span class='ocr_line' id='line_1_58' title="bbox 308 3030 1380 3064; baseline 0.002 -10"><span class='ocrx_word' id='word_1_385' title='bbox 308 3037 391 3055; x_wconf 83' lang='lat' dir='ltr'>unum</span> <span class='ocrx_word' id='word_1_386' title='bbox 410 3030 541 3060; x_wconf 76' lang='lat' dir='ltr'>ultimum,</span> <span class='ocrx_word' id='word_1_387' title='bbox 556 3030 634 3056; x_wconf 80' lang='lat' dir='ltr'>habet</span> <span class='ocrx_word' id='word_1_388' title='bbox 651 3031 689 3056; x_wconf 80' lang='lat' dir='ltr'>ad</span> <span class='ocrx_word' id='word_1_389' title='bbox 708 3039 790 3057; x_wconf 86' lang='lat' dir='ltr'>unum</span> <span class='ocrx_word' id='word_1_390' title='bbox 809 3032 836 3056; x_wconf 79' lang='lat' dir='ltr'>in</span> <span class='ocrx_word' id='word_1_391' title='bbox 855 3032 951 3057; x_wconf 80' lang='lat' dir='ltr'>ordine</span> <span class='ocrx_word' id='word_1_392' title='bbox 969 3033 1092 3057; x_wconf 81' lang='lat' dir='ltr'>ultimum</span> <span class='ocrx_word' id='word_1_393' title='bbox 1099 3039 1109 3061; x_wconf 76' lang='lat'>,⁸</span> <span class='ocrx_word' id='word_1_394' title='bbox 1124 3039 1238 3064; x_wconf 85' lang='lat' dir='ltr'>quorum</span> <span class='ocrx_word' id='word_1_395' title='bbox 1257 3032 1324 3057; x_wconf 84' lang='lat' dir='ltr'>ordo</span> <span class='ocrx_word' id='word_1_396' title='bbox 1343 3031 1380 3056; x_wconf 85' lang='lat' dir='ltr'>ad</span> 
     </span>
     <span class='ocr_line' id='line_1_59' title="bbox 308 3066 1380 3100; baseline 0.002 -10"><span class='ocrx_word' id='word_1_397' title='bbox 308 3073 390 3090; x_wconf 82' lang='lat' dir='ltr'>unum</span> <span class='ocrx_word' id='word_1_398' title='bbox 411 3066 533 3090; x_wconf 79' lang='lat' dir='ltr'>ultimum</span> <span class='ocrx_word' id='word_1_399' title='bbox 545 3066 618 3099; x_wconf 78' lang='lat' dir='ltr'>facit</span> <span class='ocrx_word' id='word_1_400' title='bbox 635 3067 766 3092; x_wconf 79' lang='lat' dir='ltr'>unitatem</span> <span class='ocrx_word' id='word_1_401' title='bbox 790 3067 885 3092; x_wconf 82' lang='lat' dir='ltr'>mundi</span> <span class='ocrx_word' id='word_1_402' title='bbox 903 3068 933 3093; x_wconf 90' lang='lat' dir='ltr'>P.</span> <span class='ocrx_word' id='word_1_403' title='bbox 952 3068 1074 3093; x_wconf 85' lang='lat' dir='ltr'>Lectione</span> <span class='ocrx_word' id='word_1_404' title='bbox 1093 3068 1169 3093; x_wconf 90' lang='lat' dir='ltr'>codd.</span> <span class='ocrx_word' id='word_1_405' title='bbox 1185 3068 1278 3092; x_wconf 85' lang='lat' dir='ltr'>clarius</span> <span class='ocrx_word' id='word_1_406' title='bbox 1297 3068 1380 3100; x_wconf 86' lang='lat' dir='ltr'>expri-</span> 
     </span>
     <span class='ocr_line' id='line_1_60' title="bbox 308 3101 1380 3136; baseline 0.003 -11"><span class='ocrx_word' id='word_1_407' title='bbox 308 3101 388 3126; x_wconf 92' lang='lat' dir='ltr'>mitur</span> <span class='ocrx_word' id='word_1_408' title='bbox 402 3101 497 3133; x_wconf 87' lang='lat' dir='ltr'>duplex</span> <span class='ocrx_word' id='word_1_409' title='bbox 515 3101 588 3131; x_wconf 74' lang='lat' dir='ltr'>ordo,</span> <span class='ocrx_word' id='word_1_410' title='bbox 601 3102 646 3134; x_wconf 88' lang='lat' dir='ltr'>qui</span> <span class='ocrx_word' id='word_1_411' title='bbox 666 3111 680 3124; x_wconf 80' lang='lat'>‹</span> <span class='ocrx_word' id='word_1_412' title='bbox 695 3103 900 3128; x_wconf 83' lang='lat' dir='ltr'>considerandus</span> <span class='ocrx_word' id='word_1_413' title='bbox 915 3108 955 3128; x_wconf 90' lang='grc' dir='ltr'>εει</span> <span class='ocrx_word' id='word_1_414' title='bbox 973 3104 999 3128; x_wconf 90' lang='lat' dir='ltr'>in</span> <span class='ocrx_word' id='word_1_415' title='bbox 1017 3104 1111 3128; x_wconf 84' lang='lat' dir='ltr'>rebus:</span> <span class='ocrx_word' id='word_1_416' title='bbox 1130 3111 1199 3128; x_wconf 87' lang='lat' dir='ltr'>unus</span> <span class='ocrx_word' id='word_1_417' title='bbox 1214 3111 1268 3136; x_wconf 90' lang='lat' dir='ltr'>quo</span> <span class='ocrx_word' id='word_1_418' title='bbox 1282 3103 1380 3136; x_wconf 83' lang='lat' dir='ltr'>aliquid</span> 
     </span>
     <span class='ocr_line' id='line_1_61' title="bbox 309 3137 1380 3172; baseline 0.001 -10"><span class='ocrx_word' id='word_1_419' title='bbox 309 3142 425 3162; x_wconf 86' lang='lat' dir='ltr'>creatum</span> <span class='ocrx_word' id='word_1_420' title='bbox 442 3137 576 3161; x_wconf 86' lang='lat' dir='ltr'>ordinatur</span> <span class='ocrx_word' id='word_1_421' title='bbox 594 3137 626 3161; x_wconf 78' lang='lat' dir='ltr'>ad</span> <span class='ocrx_word' id='word_1_422' title='bbox 645 3137 713 3162; x_wconf 81' lang='lat' dir='ltr'>aliud</span> <span class='ocrx_word' id='word_1_423' title='bbox 733 3143 862 3169; x_wconf 88' lang='lat' dir='ltr'>creatum,</span> <span class='ocrx_word' id='word_1_424' title='bbox 882 3139 949 3164; x_wconf 84' lang='lat' dir='ltr'>sicut</span> <span class='ocrx_word' id='word_1_425' title='bbox 967 3144 1053 3172; x_wconf 86' lang='lat' dir='ltr'>partes</span> <span class='ocrx_word' id='word_1_426' title='bbox 1071 3139 1223 3164; x_wconf 86' lang='lat' dir='ltr'>ordinantur</span> <span class='ocrx_word' id='word_1_427' title='bbox 1241 3139 1274 3163; x_wconf 77' lang='lat' dir='ltr'>ad</span> <span class='ocrx_word' id='word_1_428' title='bbox 1287 3144 1380 3169; x_wconf 87' lang='lat' dir='ltr'>totum,</span> 
     </span>
     <span class='ocr_line' id='line_1_62' title="bbox 308 3172 1366 3207; baseline 0.003 -11"><span class='ocrx_word' id='word_1_429' title='bbox 308 3177 334 3197; x_wconf 91' lang='lat' dir='ltr'>et</span> <span class='ocrx_word' id='word_1_430' title='bbox 352 3172 492 3197; x_wconf 79' lang='lat' dir='ltr'>accidentia</span> <span class='ocrx_word' id='word_1_431' title='bbox 511 3172 543 3196; x_wconf 88' lang='lat' dir='ltr'>ad</span> <span class='ocrx_word' id='word_1_432' title='bbox 558 3172 724 3202; x_wconf 79' lang='lat' dir='ltr'>substantias,</span> <span class='ocrx_word' id='word_1_433' title='bbox 739 3177 766 3197; x_wconf 90' lang='lat' dir='ltr'>et</span> <span class='ocrx_word' id='word_1_434' title='bbox 778 3181 952 3207; x_wconf 78' lang='lat' dir='ltr'>unaquaeque</span> <span class='ocrx_word' id='word_1_435' title='bbox 965 3182 1007 3199; x_wconf 90' lang='lat' dir='ltr'>res</span> <span class='ocrx_word' id='word_1_436' title='bbox 1022 3175 1055 3199; x_wconf 81' lang='lat' dir='ltr'>ad</span> <span class='ocrx_word' id='word_1_437' title='bbox 1067 3182 1145 3199; x_wconf 85' lang='lat' dir='ltr'>suum</span> <span class='ocrx_word' id='word_1_438' title='bbox 1157 3173 1251 3205; x_wconf 81' lang='lat' dir='ltr'>finem3</span> <span class='ocrx_word' id='word_1_439' title='bbox 1271 3175 1336 3200; x_wconf 87' lang='lat' dir='ltr'>alius</span> <span class='ocrx_word' id='word_1_440' title='bbox 1345 3193 1366 3200; x_wconf 91' lang='lat'>..</span> 
     </span>
     <span class='ocr_line' id='line_1_63' title="bbox 308 3207 1380 3243; baseline 0.003 -11"><span class='ocrx_word' id='word_1_441' title='bbox 308 3215 362 3241; x_wconf 92' lang='lat' dir='ltr'>quo</span> <span class='ocrx_word' id='word_1_442' title='bbox 381 3208 470 3233; x_wconf 88' lang='lat' dir='ltr'>omnia</span> <span class='ocrx_word' id='word_1_443' title='bbox 488 3212 573 3232; x_wconf 89' lang='lat' dir='ltr'>creata</span> <span class='ocrx_word' id='word_1_444' title='bbox 591 3207 742 3232; x_wconf 83' lang='lat' dir='ltr'>ordinantur</span> <span class='ocrx_word' id='word_1_445' title='bbox 759 3209 785 3232; x_wconf 88' lang='lat' dir='ltr'>in</span> <span class='ocrx_word' id='word_1_446' title='bbox 803 3209 889 3234; x_wconf 86' lang='lat' dir='ltr'>Deum</span> <span class='ocrx_word' id='word_1_447' title='bbox 901 3219 914 3233; x_wconf 63' lang='grc' dir='ltr'>ι</span> <span class='ocrx_word' id='word_1_448' title='bbox 935 3208 1055 3243; x_wconf 89' lang='lat' dir='ltr'>(Summ.</span> <span class='ocrx_word' id='word_1_449' title='bbox 1073 3210 1185 3235; x_wconf 68' lang='lat' dir='ltr'>Theom</span> <span class='ocrx_word' id='word_1_450' title='bbox 1204 3210 1248 3240; x_wconf 65' lang='lat' dir='ltr'>P„</span> <span class='ocrx_word' id='word_1_451' title='bbox 1268 3218 1313 3243; x_wconf 92' lang='lat' dir='ltr'>qu.</span> <span class='ocrx_word' id='word_1_452' title='bbox 1331 3218 1380 3240; x_wconf 82' lang='lat' dir='ltr'>m,</span> 
     </span>
     <span class='ocr_line' id='line_1_64' title="bbox 308 3243 1381 3276; baseline 0.002 -8"><span class='ocrx_word' id='word_1_453' title='bbox 308 3245 379 3269; x_wconf 81' lang='lat' dir='ltr'>artic.</span> <span class='ocrx_word' id='word_1_454' title='bbox 391 3251 408 3273; x_wconf 86' lang='lat'>1,</span> <span class='ocrx_word' id='word_1_455' title='bbox 425 3244 457 3268; x_wconf 91' lang='lat' dir='ltr'>ad</span> <span class='ocrx_word' id='word_1_456' title='bbox 478 3243 520 3276; x_wconf 87' lang='lat'>3).</span> <span class='ocrx_word' id='word_1_457' title='bbox 539 3243 606 3268; x_wconf 87' lang='lat' dir='ltr'>Nam</span> <span class='ocrx_word' id='word_1_458' title='bbox 627 3252 640 3265; x_wconf 87' lang='lat'><strong>‹</strong></span> <span class='ocrx_word' id='word_1_459' title='bbox 652 3251 835 3276; x_wconf 86' lang='lat' dir='ltr'>quaecumque</span> <span class='ocrx_word' id='word_1_460' title='bbox 854 3250 915 3270; x_wconf 89' lang='lat' dir='ltr'>sunt</span> <span class='ocrx_word' id='word_1_461' title='bbox 929 3253 944 3269; x_wconf 85' lang='lat' dir='ltr'>a</span> <span class='ocrx_word' id='word_1_462' title='bbox 955 3245 1025 3274; x_wconf 84' lang='lat' dir='ltr'>Deo,</span> <span class='ocrx_word' id='word_1_463' title='bbox 1044 3245 1163 3270; x_wconf 89' lang='lat' dir='ltr'>ordinem</span> <span class='ocrx_word' id='word_1_464' title='bbox 1181 3245 1278 3270; x_wconf 86' lang='lat' dir='ltr'>habent</span> <span class='ocrx_word' id='word_1_465' title='bbox 1296 3246 1328 3270; x_wconf 90' lang='lat' dir='ltr'>ad</span> <span class='ocrx_word' id='word_1_466' title='bbox 1342 3246 1381 3270; x_wconf 93' lang='lat' dir='ltr'>in-</span> 
     </span>
     <span class='ocr_line' id='line_1_65' title="bbox 306 3278 1381 3313; baseline 0.002 -9"><span class='ocrx_word' id='word_1_467' title='bbox 306 3279 392 3304; x_wconf 85' lang='lat' dir='ltr'>vicem</span> <span class='ocrx_word' id='word_1_468' title='bbox 417 3284 443 3304; x_wconf 87' lang='lat' dir='ltr'>et</span> <span class='ocrx_word' id='word_1_469' title='bbox 461 3279 494 3303; x_wconf 78' lang='lat' dir='ltr'>ad</span> <span class='ocrx_word' id='word_1_470' title='bbox 513 3279 599 3311; x_wconf 88' lang='lat' dir='ltr'>ipsum</span> <span class='ocrx_word' id='word_1_471' title='bbox 618 3278 738 3303; x_wconf 85' lang='lat' dir='ltr'>Deum...</span> <span class='ocrx_word' id='word_1_472' title='bbox 750 3279 826 3303; x_wconf 89' lang='lat' dir='ltr'>Unde</span> <span class='ocrx_word' id='word_1_473' title='bbox 845 3287 952 3305; x_wconf 87' lang='lat' dir='ltr'>necesse</span> <span class='ocrx_word' id='word_1_474' title='bbox 975 3286 1016 3305; x_wconf 84' lang='lat' dir='ltr'>est</span> <span class='ocrx_word' id='word_1_475' title='bbox 1034 3281 1106 3313; x_wconf 92' lang='lat' dir='ltr'>quod</span> <span class='ocrx_word' id='word_1_476' title='bbox 1130 3281 1219 3306; x_wconf 83' lang='lat' dir='ltr'>omnia</span> <span class='ocrx_word' id='word_1_477' title='bbox 1243 3282 1276 3306; x_wconf 85' lang='lat' dir='ltr'>ad</span> <span class='ocrx_word' id='word_1_478' title='bbox 1299 3289 1381 3306; x_wconf 88' lang='lat' dir='ltr'>unum</span> 
     </span>
     <span class='ocr_line' id='line_1_66' title="bbox 308 3314 1382 3348; baseline 0.001 -8"><span class='ocrx_word' id='word_1_479' title='bbox 308 3315 437 3340; x_wconf 87' lang='lat' dir='ltr'>mundum</span> <span class='ocrx_word' id='word_1_480' title='bbox 459 3315 604 3347; x_wconf 88' lang='lat' dir='ltr'>pertineant</span> <span class='ocrx_word' id='word_1_481' title='bbox 616 3323 630 3337; x_wconf 86' lang='lat'>&gt;›</span> <span class='ocrx_word' id='word_1_482' title='bbox 651 3314 705 3346; x_wconf 92' lang='lat' dir='ltr'>(lb.</span> <span class='ocrx_word' id='word_1_483' title='bbox 719 3322 764 3347; x_wconf 88' lang='lat' dir='ltr'>qu.</span> <span class='ocrx_word' id='word_1_484' title='bbox 777 3322 860 3344; x_wconf 69' lang='lat' dir='ltr'>nvn,</span> <span class='ocrx_word' id='word_1_485' title='bbox 879 3320 926 3340; x_wconf 76' lang='lat' dir='ltr'>art.</span> <span class='ocrx_word' id='word_1_486' title='bbox 941 3315 982 3348; x_wconf 85' lang='lat'>3).</span> <span class='ocrx_word' id='word_1_487' title='bbox 1002 3325 1015 3339; x_wconf 83' lang='lat'><strong>‹</strong></span> <span class='ocrx_word' id='word_1_488' title='bbox 1027 3316 1060 3340; x_wconf 86' lang='lat' dir='ltr'>Et</span> <span class='ocrx_word' id='word_1_489' title='bbox 1078 3316 1115 3340; x_wconf 88' lang='lat' dir='ltr'>sic</span> <span class='ocrx_word' id='word_1_490' title='bbox 1133 3317 1284 3341; x_wconf 86' lang='lat' dir='ltr'>universum</span> <span class='ocrx_word' id='word_1_491' title='bbox 1302 3316 1382 3341; x_wconf 82' lang='lat' dir='ltr'>habet</span> 
     </span>
     <span class='ocr_line' id='line_1_67' title="bbox 309 3350 1380 3383; baseline 0.001 -8"><span class='ocrx_word' id='word_1_492' title='bbox 309 3356 335 3375; x_wconf 91' lang='lat' dir='ltr'>et</span> <span class='ocrx_word' id='word_1_493' title='bbox 353 3350 453 3375; x_wconf 86' lang='lat' dir='ltr'>bonum</span> <span class='ocrx_word' id='word_1_494' title='bbox 476 3355 625 3383; x_wconf 84' lang='lat' dir='ltr'>separatum</span> <span class='ocrx_word' id='word_1_495' title='bbox 644 3351 660 3382; x_wconf 92' lang='lat'><em>(</em></span> <span class='ocrx_word' id='word_1_496' title='bbox 662 3350 734 3382; x_wconf 84' lang='lat' dir='ltr'>quod</span> <span class='ocrx_word' id='word_1_497' title='bbox 758 3353 798 3374; x_wconf 83' lang='lat' dir='ltr'>est</span> <span class='ocrx_word' id='word_1_498' title='bbox 817 3350 938 3381; x_wconf 80' lang='lat' dir='ltr'>primum</span> <span class='ocrx_word' id='word_1_499' title='bbox 963 3352 1087 3382; x_wconf 80' lang='lat' dir='ltr'>movens)</span> <span class='ocrx_word' id='word_1_500' title='bbox 1106 3356 1132 3376; x_wconf 87' lang='lat' dir='ltr'>et</span> <span class='ocrx_word' id='word_1_501' title='bbox 1150 3351 1250 3376; x_wconf 87' lang='lat' dir='ltr'>bonum</span> <span class='ocrx_word' id='word_1_502' title='bbox 1274 3352 1380 3382; x_wconf 86' lang='lat' dir='ltr'>ordinis,</span> 
     </span>
     <span class='ocr_line' id='line_1_68' title="bbox 308 3385 1382 3420; baseline 0.002 -10"><span class='ocrx_word' id='word_1_503' title='bbox 308 3386 376 3411; x_wconf 85' lang='lat' dir='ltr'>sicut</span> <span class='ocrx_word' id='word_1_504' title='bbox 393 3386 513 3411; x_wconf 89' lang='lat' dir='ltr'>videmus</span> <span class='ocrx_word' id='word_1_505' title='bbox 532 3386 559 3410; x_wconf 89' lang='lat' dir='ltr'>in</span> <span class='ocrx_word' id='word_1_506' title='bbox 578 3385 704 3410; x_wconf 85' lang='lat' dir='ltr'>exercitu:</span> <span class='ocrx_word' id='word_1_507' title='bbox 724 3393 785 3410; x_wconf 87' lang='lat' dir='ltr'>nam</span> <span class='ocrx_word' id='word_1_508' title='bbox 804 3385 904 3410; x_wconf 89' lang='lat' dir='ltr'>bonum</span> <span class='ocrx_word' id='word_1_509' title='bbox 922 3386 1049 3411; x_wconf 83' lang='lat' dir='ltr'>exercitus</span> <span class='ocrx_word' id='word_1_510' title='bbox 1068 3391 1108 3411; x_wconf 85' lang='lat' dir='ltr'>est</span> <span class='ocrx_word' id='word_1_511' title='bbox 1126 3391 1152 3411; x_wconf 92' lang='lat' dir='ltr'>et</span> <span class='ocrx_word' id='word_1_512' title='bbox 1170 3387 1195 3411; x_wconf 90' lang='lat' dir='ltr'>in</span> <span class='ocrx_word' id='word_1_513' title='bbox 1213 3387 1272 3420; x_wconf 87' lang='lat' dir='ltr'>ipso</span> <span class='ocrx_word' id='word_1_514' title='bbox 1290 3387 1382 3412; x_wconf 86' lang='lat' dir='ltr'>ordine</span> 
     </span>
     <span class='ocr_line' id='line_1_69' title="bbox 309 3421 1382 3455; baseline 0.001 -9"><span class='ocrx_word' id='word_1_515' title='bbox 309 3422 436 3447; x_wconf 87' lang='lat' dir='ltr'>exercitus</span> <span class='ocrx_word' id='word_1_516' title='bbox 455 3426 481 3446; x_wconf 90' lang='lat' dir='ltr'>et</span> <span class='ocrx_word' id='word_1_517' title='bbox 498 3421 524 3446; x_wconf 90' lang='lat' dir='ltr'>in</span> <span class='ocrx_word' id='word_1_518' title='bbox 543 3421 609 3446; x_wconf 90' lang='lat' dir='ltr'>duce</span> <span class='ocrx_word' id='word_1_519' title='bbox 628 3421 674 3454; x_wconf 90' lang='lat' dir='ltr'>qui</span> <span class='ocrx_word' id='word_1_520' title='bbox 693 3421 814 3446; x_wconf 84' lang='lat' dir='ltr'>exercitui</span> <span class='ocrx_word' id='word_1_521' title='bbox 833 3426 944 3454; x_wconf 88' lang='lat' dir='ltr'>praeest.</span> <span class='ocrx_word' id='word_1_522' title='bbox 959 3431 972 3444; x_wconf 61' lang='grc' dir='ltr'>ι</span> <span class='ocrx_word' id='word_1_523' title='bbox 988 3421 1022 3446; x_wconf 89' lang='grc' dir='ltr'>Ει</span> <span class='ocrx_word' id='word_1_524' title='bbox 1040 3421 1101 3454; x_wconf 85' lang='lat' dir='ltr'>quia</span> <span class='ocrx_word' id='word_1_525' title='bbox 1119 3422 1184 3446; x_wconf 86' lang='lat' dir='ltr'>ratio</span> <span class='ocrx_word' id='word_1_526' title='bbox 1202 3429 1294 3447; x_wconf 91' lang='lat' dir='ltr'>eorum</span> <span class='ocrx_word' id='word_1_527' title='bbox 1313 3431 1382 3455; x_wconf 87' lang='lat' dir='ltr'>quae</span> 
     </span>
     <span class='ocr_line' id='line_1_70' title="bbox 309 3455 1381 3491; baseline 0 -9"><span class='ocrx_word' id='word_1_528' title='bbox 309 3462 370 3482; x_wconf 84' lang='lat' dir='ltr'>sunt</span> <span class='ocrx_word' id='word_1_529' title='bbox 389 3457 421 3482; x_wconf 87' lang='lat' dir='ltr'>ad</span> <span class='ocrx_word' id='word_1_530' title='bbox 439 3455 518 3482; x_wconf 87' lang='lat' dir='ltr'>finem</span> <span class='ocrx_word' id='word_1_531' title='bbox 538 3457 649 3482; x_wconf 87' lang='lat' dir='ltr'>sumitur</span> <span class='ocrx_word' id='word_1_532' title='bbox 668 3465 698 3482; x_wconf 85' lang='lat' dir='ltr'>ex</span> <span class='ocrx_word' id='word_1_533' title='bbox 717 3455 783 3487; x_wconf 87' lang='lat' dir='ltr'>fine,</span> <span class='ocrx_word' id='word_1_534' title='bbox 802 3457 861 3481; x_wconf 86' lang='lat' dir='ltr'>ideo</span> <span class='ocrx_word' id='word_1_535' title='bbox 880 3461 950 3481; x_wconf 88' lang='lat' dir='ltr'>totus</span> <span class='ocrx_word' id='word_1_536' title='bbox 968 3457 1033 3482; x_wconf 90' lang='lat' dir='ltr'>ordo</span> <span class='ocrx_word' id='word_1_537' title='bbox 1051 3457 1174 3482; x_wconf 73' lang='lat' dir='ltr'>universi·</span> <span class='ocrx_word' id='word_1_538' title='bbox 1185 3466 1198 3479; x_wconf 68' lang='grc' dir='ltr'>ε</span> <span class='ocrx_word' id='word_1_539' title='bbox 1217 3462 1258 3482; x_wconf 83' lang='grc' dir='ltr'>εει</span> <span class='ocrx_word' id='word_1_540' title='bbox 1275 3463 1381 3491; x_wconf 88' lang='lat' dir='ltr'>propter</span> 
     </span>
     <span class='ocr_line' id='line_1_71' title="bbox 309 3492 1381 3526; baseline 0.001 -9"><span class='ocrx_word' id='word_1_541' title='bbox 309 3493 425 3526; x_wconf 87' lang='lat' dir='ltr'>primum</span> <span class='ocrx_word' id='word_1_542' title='bbox 442 3497 608 3523; x_wconf 87' lang='lat' dir='ltr'>moventem;</span> <span class='ocrx_word' id='word_1_543' title='bbox 627 3498 656 3517; x_wconf 93' lang='lat' dir='ltr'>ut</span> <span class='ocrx_word' id='word_1_544' title='bbox 675 3492 774 3517; x_wconf 87' lang='lat' dir='ltr'>scilicet</span> <span class='ocrx_word' id='word_1_545' title='bbox 792 3493 932 3525; x_wconf 82' lang='lat' dir='ltr'>explicetur</span> <span class='ocrx_word' id='word_1_546' title='bbox 949 3493 976 3517; x_wconf 92' lang='lat' dir='ltr'>in</span> <span class='ocrx_word' id='word_1_547' title='bbox 994 3492 1117 3517; x_wconf 88' lang='lat' dir='ltr'>universo</span> <span class='ocrx_word' id='word_1_548' title='bbox 1136 3492 1254 3517; x_wconf 86' lang='lat' dir='ltr'>ordinato</span> <span class='ocrx_word' id='word_1_549' title='bbox 1268 3493 1294 3517; x_wconf 92' lang='lat' dir='ltr'>id</span> <span class='ocrx_word' id='word_1_550' title='bbox 1309 3494 1381 3526; x_wconf 90' lang='lat' dir='ltr'>quod</span> 
     </span>
    </p>
   </div>
   <div class='ocr_carea' id='block_1_10' title="bbox 2448 267 2497 313">
    <p class='ocr_par' dir='ltr' id='par_1_14' title="bbox 2448 267 2497 313">
     <span class='ocr_line' id='line_1_72' title="bbox 2448 267 2497 313; baseline 0 -10"><span class='ocrx_word' id='word_1_551' title='bbox 2448 267 2497 313; x_wconf 85' lang='lat'>73</span> 
     </span>
    </p>
   </div>
   <div class='ocr_carea' id='block_1_11' title="bbox 1426 343 2518 2734">
    <p class='ocr_par' dir='ltr' id='par_1_15' title="bbox 1426 343 2501 714">
     <span class='ocr_line' id='line_1_73' title="bbox 1427 343 2500 393; baseline 0 -11"><span class='ocrx_word' id='word_1_552' title='bbox 1427 344 1596 382; x_wconf 85' lang='lat' dir='ltr'>maxime</span> <span class='ocrx_word' id='word_1_553' title='bbox 1614 344 1835 392; x_wconf 87' lang='lat' dir='ltr'>elongatum</span> <span class='ocrx_word' id='word_1_554' title='bbox 1855 356 1878 380; x_wconf 91' lang='lat' dir='ltr'>a</span> <span class='ocrx_word' id='word_1_555' title='bbox 1898 355 2058 393; x_wconf 91' lang='lat' dir='ltr'>corpore</span> <span class='ocrx_word' id='word_1_556' title='bbox 2079 343 2231 381; x_wconf 87' lang='lat' dir='ltr'>caelesti</span> <span class='ocrx_word' id='word_1_557' title='bbox 2245 352 2401 393; x_wconf 91' lang='lat' dir='ltr'>propter</span> <span class='ocrx_word' id='word_1_558' title='bbox 2420 344 2500 382; x_wconf 93' lang='lat' dir='ltr'>eius</span> 
     </span>
     <span class='ocr_line' id='line_1_74' title="bbox 1427 396 2501 458; baseline -0.001 -23"><span class='ocrx_word' id='word_1_559' title='bbox 1427 397 1750 458; x_wconf 79' lang='lat' dir='ltr'>materialitatem3</span> <span class='ocrx_word' id='word_1_560' title='bbox 1779 404 1817 435; x_wconf 91' lang='lat' dir='ltr'>et</span> <span class='ocrx_word' id='word_1_561' title='bbox 1835 396 1923 435; x_wconf 93' lang='lat' dir='ltr'>ideo</span> <span class='ocrx_word' id='word_1_562' title='bbox 1954 397 2114 435; x_wconf 91' lang='lat' dir='ltr'>debetur</span> <span class='ocrx_word' id='word_1_563' title='bbox 2133 397 2168 434; x_wconf 91' lang='lat' dir='ltr'>ei</span> <span class='ocrx_word' id='word_1_564' title='bbox 2195 398 2302 435; x_wconf 91' lang='lat' dir='ltr'>locus</span> <span class='ocrx_word' id='word_1_565' title='bbox 2330 398 2501 435; x_wconf 89' lang='lat' dir='ltr'>remotis-</span> 
     </span>
     <span class='ocr_line' id='line_1_75' title="bbox 1426 450 2501 501; baseline -0.001 -12"><span class='ocrx_word' id='word_1_566' title='bbox 1426 451 1545 490; x_wconf 91' lang='lat' dir='ltr'>simus</span> <span class='ocrx_word' id='word_1_567' title='bbox 1573 464 1596 489; x_wconf 90' lang='lat' dir='ltr'>a</span> <span class='ocrx_word' id='word_1_568' title='bbox 1623 451 1750 501; x_wconf 92' lang='lat' dir='ltr'>primo</span> <span class='ocrx_word' id='word_1_569' title='bbox 1781 451 2020 498; x_wconf 88' lang='lat' dir='ltr'>continente,</span> <span class='ocrx_word' id='word_1_570' title='bbox 2050 450 2115 500; x_wconf 88' lang='lat' dir='ltr'>qui</span> <span class='ocrx_word' id='word_1_571' title='bbox 2144 458 2200 488; x_wconf 88' lang='lat' dir='ltr'>est</span> <span class='ocrx_word' id='word_1_572' title='bbox 2226 450 2501 500; x_wconf 91' lang='lat' dir='ltr'>propinquissi-</span> 
     </span>
     <span class='ocr_line' id='line_1_76' title="bbox 1427 480 2501 554; baseline -0.001 -12"><span class='ocrx_word' id='word_1_573' title='bbox 1427 517 1514 542; x_wconf 90' lang='lat' dir='ltr'>mus</span> <span class='ocrx_word' id='word_1_574' title='bbox 1542 505 1689 551; x_wconf 91' lang='lat' dir='ltr'>medio;</span> <span class='ocrx_word' id='word_1_575' title='bbox 1721 511 1757 541; x_wconf 90' lang='lat' dir='ltr'>et</span> <span class='ocrx_word' id='word_1_576' title='bbox 1784 504 1835 541; x_wconf 93' lang='lat' dir='ltr'>ita</span> <span class='ocrx_word' id='word_1_577' title='bbox 1872 480 2095 554; x_wconf 91' lang='lat' dir='ltr'>superficies</span> <span class='ocrx_word' id='word_1_578' title='bbox 2125 503 2324 541; x_wconf 91' lang='lat' dir='ltr'>continens</span> <span class='ocrx_word' id='word_1_579' title='bbox 2362 517 2501 553; x_wconf 89' lang='lat' dir='ltr'>corpus</span> 
     </span>
     <span class='ocr_line' id='line_1_77' title="bbox 1426 557 2501 617; baseline -0.001 -22"><span class='ocrx_word' id='word_1_580' title='bbox 1426 570 1542 606; x_wconf 88' lang='lat' dir='ltr'>grave</span> <span class='ocrx_word' id='word_1_581' title='bbox 1563 558 1698 596; x_wconf 93' lang='lat' dir='ltr'>dicitur</span> <span class='ocrx_word' id='word_1_582' title='bbox 1716 559 1824 595; x_wconf 92' lang='lat' dir='ltr'>locus</span> <span class='ocrx_word' id='word_1_583' title='bbox 1844 558 1924 596; x_wconf 91' lang='lat' dir='ltr'>eius</span> <span class='ocrx_word' id='word_1_584' title='bbox 1944 558 2158 595; x_wconf 89' lang='lat' dir='ltr'>secundum</span> <span class='ocrx_word' id='word_1_585' title='bbox 2176 557 2501 617; x_wconf 82' lang='lat' dir='ltr'>propinquitatem</span> 
     </span>
     <span class='ocr_line' id='line_1_78' title="bbox 1427 610 2501 661; baseline 0 -13"><span class='ocrx_word' id='word_1_586' title='bbox 1427 611 1476 648; x_wconf 93' lang='lat' dir='ltr'>ad</span> <span class='ocrx_word' id='word_1_587' title='bbox 1506 611 1690 649; x_wconf 88' lang='lat' dir='ltr'>medium.</span> <span class='ocrx_word' id='word_1_588' title='bbox 1711 612 1822 650; x_wconf 92' lang='lat' dir='ltr'>Unde</span> <span class='ocrx_word' id='word_1_589' title='bbox 1843 612 2033 660; x_wconf 91' lang='lat' dir='ltr'>signanter</span> <span class='ocrx_word' id='word_1_590' title='bbox 2053 611 2142 649; x_wconf 90' lang='lat' dir='ltr'>dicit</span> <span class='ocrx_word' id='word_1_591' title='bbox 2170 612 2275 661; x_wconf 93' lang='lat' dir='ltr'>quod</span> <span class='ocrx_word' id='word_1_592' title='bbox 2303 612 2410 648; x_wconf 91' lang='lat' dir='ltr'>locus</span> <span class='ocrx_word' id='word_1_593' title='bbox 2435 610 2501 661; x_wconf 94' lang='lat' dir='ltr'>qui</span> 
     </span>
     <span class='ocr_line' id='line_1_79' title="bbox 1427 665 2364 714; baseline 0.001 -13"><span class='ocrx_word' id='word_1_594' title='bbox 1427 672 1483 701; x_wconf 90' lang='lat' dir='ltr'>est</span> <span class='ocrx_word' id='word_1_595' title='bbox 1510 665 1613 702; x_wconf 87' lang='lat' dir='ltr'>circa</span> <span class='ocrx_word' id='word_1_596' title='bbox 1641 666 1806 703; x_wconf 86' lang='lat' dir='ltr'>medium</span> <span class='ocrx_word' id='word_1_597' title='bbox 1835 673 1891 703; x_wconf 91' lang='lat' dir='ltr'>est</span> <span class='ocrx_word' id='word_1_598' title='bbox 1920 665 2090 714; x_wconf 90' lang='lat' dir='ltr'>corporis</span> <span class='ocrx_word' id='word_1_599' title='bbox 2118 665 2364 702; x_wconf 88' lang='lat' dir='ltr'>subsistentis.</span> 
     </span>
    </p>

    <p class='ocr_par' dir='ltr' id='par_1_16' title="bbox 1427 717 2506 1838">
     <span class='ocr_line' id='line_1_80' title="bbox 1483 717 2502 769; baseline 0 -15"><span class='ocrx_word' id='word_1_600' title='bbox 1483 718 1518 754; x_wconf 89' lang='lat'>8.</span> <span class='ocrx_word' id='word_1_601' title='bbox 1541 719 1599 755; x_wconf 87' lang='lat' dir='ltr'>Ex</span> <span class='ocrx_word' id='word_1_602' title='bbox 1617 718 1676 755; x_wconf 89' lang='lat' dir='ltr'>his</span> <span class='ocrx_word' id='word_1_603' title='bbox 1696 726 1824 756; x_wconf 88' lang='lat' dir='ltr'>autem</span> <span class='ocrx_word' id='word_1_604' title='bbox 1853 731 1952 768; x_wconf 93' lang='lat' dir='ltr'>quae</span> <span class='ocrx_word' id='word_1_605' title='bbox 1971 719 2168 769; x_wconf 89' lang='lat' dir='ltr'>proposita</span> <span class='ocrx_word' id='word_1_606' title='bbox 2182 724 2196 739; x_wconf 77' lang='lat'><em>¹</em></span> <span class='ocrx_word' id='word_1_607' title='bbox 2216 726 2304 755; x_wconf 89' lang='lat' dir='ltr'>sunt</span> <span class='ocrx_word' id='word_1_608' title='bbox 2327 717 2502 767; x_wconf 90' lang='lat' dir='ltr'>procedit</span> 
     </span>
     <span class='ocr_line' id='line_1_81' title="bbox 1428 770 2502 821; baseline 0 -14"><span class='ocrx_word' id='word_1_609' title='bbox 1428 770 1478 807; x_wconf 93' lang='lat' dir='ltr'>ad</span> <span class='ocrx_word' id='word_1_610' title='bbox 1491 771 1733 820; x_wconf 91' lang='lat' dir='ltr'>propositum</span> <span class='ocrx_word' id='word_1_611' title='bbox 1753 772 2035 810; x_wconf 91' lang='lat' dir='ltr'>ostendendum</span> <span class='ocrx_word' id='word_1_612' title='bbox 2054 785 2101 810; x_wconf 85' lang='lat' dir='ltr'>ex</span> <span class='ocrx_word' id='word_1_613' title='bbox 2116 784 2279 821; x_wconf 91' lang='lat' dir='ltr'>corpore</span> <span class='ocrx_word' id='word_1_614' title='bbox 2298 771 2386 819; x_wconf 87' lang='lat' dir='ltr'>levi,</span> <span class='ocrx_word' id='word_1_615' title='bbox 2407 770 2502 808; x_wconf 92' lang='lat' dir='ltr'>sicut</span> 
     </span>
     <span class='ocr_line' id='line_1_82' title="bbox 1428 825 2500 876; baseline 0 -15"><span class='ocrx_word' id='word_1_616' title='bbox 1428 836 1544 873; x_wconf 88' lang='lat' dir='ltr'>supra</span> <span class='ocrx_word' id='word_1_617' title='bbox 1573 825 1591 844; x_wconf 83' lang='lat'>*</span> <span class='ocrx_word' id='word_1_618' title='bbox 1621 833 1859 873; x_wconf 85' lang='lat' dir='ltr'>processerat</span> <span class='ocrx_word' id='word_1_619' title='bbox 1896 838 1941 863; x_wconf 86' lang='lat' dir='ltr'>ex</span> <span class='ocrx_word' id='word_1_620' title='bbox 1979 838 2140 876; x_wconf 92' lang='lat' dir='ltr'>corpore</span> <span class='ocrx_word' id='word_1_621' title='bbox 2177 825 2295 874; x_wconf 88' lang='lat' dir='ltr'>gravi.</span> <span class='ocrx_word' id='word_1_622' title='bbox 2330 825 2500 862; x_wconf 91' lang='lat' dir='ltr'>Necesse</span> 
     </span>
     <span class='ocr_line' id='line_1_83' title="bbox 1429 877 2502 929; baseline 0 -15"><span class='ocrx_word' id='word_1_623' title='bbox 1429 885 1486 914; x_wconf 90' lang='lat' dir='ltr'>est</span> <span class='ocrx_word' id='word_1_624' title='bbox 1500 877 1602 914; x_wconf 93' lang='lat' dir='ltr'>enim</span> <span class='ocrx_word' id='word_1_625' title='bbox 1622 890 1761 927; x_wconf 92' lang='lat' dir='ltr'>corpus</span> <span class='ocrx_word' id='word_1_626' title='bbox 1781 879 1865 916; x_wconf 92' lang='lat' dir='ltr'>leve</span> <span class='ocrx_word' id='word_1_627' title='bbox 1889 879 1995 928; x_wconf 93' lang='lat' dir='ltr'>quod</span> <span class='ocrx_word' id='word_1_628' title='bbox 2010 880 2254 929; x_wconf 72' lang='lat' dir='ltr'>superfertur,</span> <span class='ocrx_word' id='word_1_629' title='bbox 2272 891 2354 916; x_wconf 91' lang='lat' dir='ltr'>esse</span> <span class='ocrx_word' id='word_1_630' title='bbox 2370 878 2409 915; x_wconf 93' lang='lat' dir='ltr'>in</span> <span class='ocrx_word' id='word_1_631' title='bbox 2427 878 2502 915; x_wconf 90' lang='lat' dir='ltr'>hoc</span> 
     </span>
     <span class='ocr_line' id='line_1_84' title="bbox 1428 931 2500 982; baseline 0 -14"><span class='ocrx_word' id='word_1_632' title='bbox 1428 931 1514 968; x_wconf 90' lang='lat' dir='ltr'>loco</span> <span class='ocrx_word' id='word_1_633' title='bbox 1534 931 1683 968; x_wconf 90' lang='lat' dir='ltr'>medio:</span> <span class='ocrx_word' id='word_1_634' title='bbox 1706 931 1807 979; x_wconf 92' lang='lat' dir='ltr'>quia,</span> <span class='ocrx_word' id='word_1_635' title='bbox 1829 945 1918 969; x_wconf 88' lang='lat' dir='ltr'>cum</span> <span class='ocrx_word' id='word_1_636' title='bbox 1939 945 2056 971; x_wconf 91' lang='lat' dir='ltr'>omne</span> <span class='ocrx_word' id='word_1_637' title='bbox 2086 945 2226 982; x_wconf 90' lang='lat' dir='ltr'>corpus</span> <span class='ocrx_word' id='word_1_638' title='bbox 2247 932 2293 969; x_wconf 92' lang='lat' dir='ltr'>sit</span> <span class='ocrx_word' id='word_1_639' title='bbox 2314 932 2354 970; x_wconf 91' lang='lat' dir='ltr'>in</span> <span class='ocrx_word' id='word_1_640' title='bbox 2373 931 2500 981; x_wconf 90' lang='lat' dir='ltr'>aliquo</span> 
     </span>
     <span class='ocr_line' id='line_1_85' title="bbox 1427 985 2502 1034; baseline 0 -13"><span class='ocrx_word' id='word_1_641' title='bbox 1427 985 1526 1032; x_wconf 89' lang='lat' dir='ltr'>loco,</span> <span class='ocrx_word' id='word_1_642' title='bbox 1548 985 1579 1021; x_wconf 93' lang='lat' dir='ltr'>si</span> <span class='ocrx_word' id='word_1_643' title='bbox 1607 997 1746 1034; x_wconf 92' lang='lat' dir='ltr'>corpus</span> <span class='ocrx_word' id='word_1_644' title='bbox 1774 986 1859 1022; x_wconf 91' lang='lat' dir='ltr'>leve</span> <span class='ocrx_word' id='word_1_645' title='bbox 1887 998 1966 1023; x_wconf 94' lang='lat' dir='ltr'>non</span> <span class='ocrx_word' id='word_1_646' title='bbox 2004 994 2102 1023; x_wconf 90' lang='lat' dir='ltr'>esset</span> <span class='ocrx_word' id='word_1_647' title='bbox 2130 987 2170 1024; x_wconf 91' lang='lat' dir='ltr'>in</span> <span class='ocrx_word' id='word_1_648' title='bbox 2197 987 2274 1023; x_wconf 89' lang='lat' dir='ltr'>hoc</span> <span class='ocrx_word' id='word_1_649' title='bbox 2306 987 2392 1022; x_wconf 93' lang='lat' dir='ltr'>loco</span> <span class='ocrx_word' id='word_1_650' title='bbox 2422 997 2502 1022; x_wconf 91' lang='lat' dir='ltr'>me-</span> 
     </span>
     <span class='ocr_line' id='line_1_86' title="bbox 1429 1036 2500 1089; baseline 0 -14"><span class='ocrx_word' id='word_1_651' title='bbox 1429 1037 1515 1086; x_wconf 87' lang='lat' dir='ltr'>dio,</span> <span class='ocrx_word' id='word_1_652' title='bbox 1543 1046 1643 1075; x_wconf 92' lang='lat' dir='ltr'>esset</span> <span class='ocrx_word' id='word_1_653' title='bbox 1671 1045 1774 1075; x_wconf 88' lang='lat' dir='ltr'>extra</span> <span class='ocrx_word' id='word_1_654' title='bbox 1802 1038 1948 1088; x_wconf 91' lang='lat' dir='ltr'>ipsum;</span> <span class='ocrx_word' id='word_1_655' title='bbox 1978 1040 2083 1088; x_wconf 93' lang='lat' dir='ltr'>quod</span> <span class='ocrx_word' id='word_1_656' title='bbox 2113 1048 2169 1077; x_wconf 91' lang='grc' dir='ltr'>εει</span> <span class='ocrx_word' id='word_1_657' title='bbox 2205 1038 2439 1089; x_wconf 88' lang='lat' dir='ltr'>impossibile</span> <span class='ocrx_word' id='word_1_658' title='bbox 2467 1036 2500 1086; x_wconf 66' lang='lat'>³,</span> 
     </span>
     <span class='ocr_line' id='line_1_87' title="bbox 1429 1091 2503 1142; baseline 0.001 -14"><span class='ocrx_word' id='word_1_659' title='bbox 1429 1091 1521 1141; x_wconf 90' lang='lat' dir='ltr'>quia</span> <span class='ocrx_word' id='word_1_660' title='bbox 1540 1099 1644 1129; x_wconf 87' lang='lat' dir='ltr'>extra</span> <span class='ocrx_word' id='word_1_661' title='bbox 1671 1092 1775 1129; x_wconf 92' lang='lat' dir='ltr'>hunc</span> <span class='ocrx_word' id='word_1_662' title='bbox 1793 1093 1923 1130; x_wconf 91' lang='lat' dir='ltr'>locum</span> <span class='ocrx_word' id='word_1_663' title='bbox 1952 1093 2124 1130; x_wconf 89' lang='lat' dir='ltr'>medium</span> <span class='ocrx_word' id='word_1_664' title='bbox 2154 1106 2199 1130; x_wconf 84' lang='lat' dir='ltr'>ex</span> <span class='ocrx_word' id='word_1_665' title='bbox 2223 1105 2301 1130; x_wconf 93' lang='lat' dir='ltr'>una</span> <span class='ocrx_word' id='word_1_666' title='bbox 2320 1100 2426 1142; x_wconf 90' lang='lat' dir='ltr'>parte</span> <span class='ocrx_word' id='word_1_667' title='bbox 2447 1099 2503 1129; x_wconf 88' lang='lat' dir='ltr'>est</span> 
     </span>
     <span class='ocr_line' id='line_1_88' title="bbox 1429 1145 2502 1195; baseline 0.001 -14"><span class='ocrx_word' id='word_1_668' title='bbox 1429 1157 1570 1194; x_wconf 89' lang='lat' dir='ltr'>corpus</span> <span class='ocrx_word' id='word_1_669' title='bbox 1599 1146 1777 1193; x_wconf 90' lang='lat' dir='ltr'>caeleste,</span> <span class='ocrx_word' id='word_1_670' title='bbox 1808 1146 1914 1195; x_wconf 91' lang='lat' dir='ltr'>quod</span> <span class='ocrx_word' id='word_1_671' title='bbox 1943 1154 1999 1183; x_wconf 90' lang='lat' dir='ltr'>est</span> <span class='ocrx_word' id='word_1_672' title='bbox 2027 1147 2108 1184; x_wconf 91' lang='lat' dir='ltr'>sine</span> <span class='ocrx_word' id='word_1_673' title='bbox 2136 1146 2319 1195; x_wconf 84' lang='lat' dir='ltr'>gravitate</span> <span class='ocrx_word' id='word_1_674' title='bbox 2349 1153 2385 1183; x_wconf 91' lang='lat' dir='ltr'>et</span> <span class='ocrx_word' id='word_1_675' title='bbox 2411 1145 2502 1183; x_wconf 87' lang='lat' dir='ltr'>levi-</span> 
     </span>
     <span class='ocr_line' id='line_1_89' title="bbox 1429 1198 2501 1250; baseline 0.001 -15"><span class='ocrx_word' id='word_1_676' title='bbox 1429 1205 1516 1246; x_wconf 88' lang='lat' dir='ltr'>tate,</span> <span class='ocrx_word' id='word_1_677' title='bbox 1547 1211 1594 1235; x_wconf 86' lang='lat' dir='ltr'>ex</span> <span class='ocrx_word' id='word_1_678' title='bbox 1623 1198 1695 1236; x_wconf 91' lang='lat' dir='ltr'>alia</span> <span class='ocrx_word' id='word_1_679' title='bbox 1722 1206 1852 1236; x_wconf 87' lang='lat' dir='ltr'>autern</span> <span class='ocrx_word' id='word_1_680' title='bbox 1882 1201 1901 1221; x_wconf 75' lang='lat'><em>*</em></span> <span class='ocrx_word' id='word_1_681' title='bbox 1928 1207 2036 1248; x_wconf 87' lang='lat' dir='ltr'>parte</span> <span class='ocrx_word' id='word_1_682' title='bbox 2065 1208 2121 1237; x_wconf 92' lang='lat' dir='ltr'>est</span> <span class='ocrx_word' id='word_1_683' title='bbox 2149 1213 2287 1250; x_wconf 92' lang='lat' dir='ltr'>corpus</span> <span class='ocrx_word' id='word_1_684' title='bbox 2315 1206 2501 1247; x_wconf 89' lang='lat' dir='ltr'>terrestre,</span> 
     </span>
     <span class='ocr_line' id='line_1_90' title="bbox 1431 1252 2502 1303; baseline 0.002 -15"><span class='ocrx_word' id='word_1_685' title='bbox 1431 1252 1538 1301; x_wconf 93' lang='lat' dir='ltr'>quod</span> <span class='ocrx_word' id='word_1_686' title='bbox 1565 1253 1680 1289; x_wconf 91' lang='lat' dir='ltr'>habet</span> <span class='ocrx_word' id='word_1_687' title='bbox 1707 1253 1944 1300; x_wconf 91' lang='lat' dir='ltr'>gravitatem.</span> <span class='ocrx_word' id='word_1_688' title='bbox 1980 1254 2072 1290; x_wconf 93' lang='lat' dir='ltr'>Non</span> <span class='ocrx_word' id='word_1_689' title='bbox 2105 1261 2234 1291; x_wconf 90' lang='lat' dir='ltr'>autem</span> <span class='ocrx_word' id='word_1_690' title='bbox 2268 1261 2395 1303; x_wconf 91' lang='lat' dir='ltr'>potest</span> <span class='ocrx_word' id='word_1_691' title='bbox 2429 1252 2502 1290; x_wconf 93' lang='lat' dir='ltr'>dici</span> 
     </span>
     <span class='ocr_line' id='line_1_91' title="bbox 1432 1305 2503 1356; baseline 0.001 -14"><span class='ocrx_word' id='word_1_692' title='bbox 1432 1305 1537 1355; x_wconf 93' lang='lat' dir='ltr'>quod</span> <span class='ocrx_word' id='word_1_693' title='bbox 1565 1305 1612 1343; x_wconf 90' lang='lat' dir='ltr'>sit</span> <span class='ocrx_word' id='word_1_694' title='bbox 1634 1305 1769 1355; x_wconf 82' lang='lat' dir='ltr'>aliquis</span> <span class='ocrx_word' id='word_1_695' title='bbox 1788 1307 1895 1344; x_wconf 92' lang='lat' dir='ltr'>locus</span> <span class='ocrx_word' id='word_1_696' title='bbox 1915 1307 2036 1355; x_wconf 83' lang='lat' dir='ltr'>magis</span> <span class='ocrx_word' id='word_1_697' title='bbox 2057 1307 2238 1344; x_wconf 91' lang='lat' dir='ltr'>deorsum</span> <span class='ocrx_word' id='word_1_698' title='bbox 2258 1319 2376 1356; x_wconf 91' lang='lat' dir='ltr'>quam</span> <span class='ocrx_word' id='word_1_699' title='bbox 2394 1306 2503 1343; x_wconf 81' lang='lat' dir='ltr'>locus</span> 
     </span>
     <span class='ocr_line' id='line_1_92' title="bbox 1431 1359 2504 1410; baseline 0 -14"><span class='ocrx_word' id='word_1_700' title='bbox 1431 1359 1498 1407; x_wconf 92' lang='lat' dir='ltr'>qui</span> <span class='ocrx_word' id='word_1_701' title='bbox 1526 1367 1583 1396; x_wconf 89' lang='lat' dir='ltr'>est</span> <span class='ocrx_word' id='word_1_702' title='bbox 1611 1359 1781 1408; x_wconf 90' lang='lat' dir='ltr'>corporis</span> <span class='ocrx_word' id='word_1_703' title='bbox 1809 1360 1984 1397; x_wconf 91' lang='lat' dir='ltr'>habentis</span> <span class='ocrx_word' id='word_1_704' title='bbox 2012 1361 2254 1409; x_wconf 89' lang='lat' dir='ltr'>gravitatem;</span> <span class='ocrx_word' id='word_1_705' title='bbox 2284 1360 2372 1410; x_wconf 92' lang='lat' dir='ltr'>quia</span> <span class='ocrx_word' id='word_1_706' title='bbox 2397 1360 2504 1397; x_wconf 91' lang='lat' dir='ltr'>locus</span> 
     </span>
     <span class='ocr_line' id='line_1_93' title="bbox 1433 1413 2503 1463; baseline 0.002 -14"><span class='ocrx_word' id='word_1_707' title='bbox 1433 1413 1498 1462; x_wconf 91' lang='lat' dir='ltr'>qui</span> <span class='ocrx_word' id='word_1_708' title='bbox 1528 1420 1584 1450; x_wconf 89' lang='lat' dir='ltr'>est</span> <span class='ocrx_word' id='word_1_709' title='bbox 1611 1413 1716 1462; x_wconf 88' lang='lat' dir='ltr'>apud</span> <span class='ocrx_word' id='word_1_710' title='bbox 1744 1413 1930 1461; x_wconf 89' lang='lat' dir='ltr'>medium,</span> <span class='ocrx_word' id='word_1_711' title='bbox 1957 1421 2013 1450; x_wconf 89' lang='lat' dir='ltr'>est</span> <span class='ocrx_word' id='word_1_712' title='bbox 2039 1414 2215 1463; x_wconf 90' lang='lat' dir='ltr'>proprius</span> <span class='ocrx_word' id='word_1_713' title='bbox 2236 1413 2327 1451; x_wconf 91' lang='lat' dir='ltr'>eius.</span> <span class='ocrx_word' id='word_1_714' title='bbox 2349 1414 2408 1451; x_wconf 86' lang='lat' dir='ltr'>Ex</span> <span class='ocrx_word' id='word_1_715' title='bbox 2427 1414 2503 1450; x_wconf 90' lang='lat' dir='ltr'>hoc</span> 
     </span>
     <span class='ocr_line' id='line_1_94' title="bbox 1433 1466 2504 1516; baseline 0 -13"><span class='ocrx_word' id='word_1_716' title='bbox 1433 1474 1562 1503; x_wconf 89' lang='lat' dir='ltr'>autem</span> <span class='ocrx_word' id='word_1_717' title='bbox 1598 1474 1703 1515; x_wconf 92' lang='lat' dir='ltr'>patet</span> <span class='ocrx_word' id='word_1_718' title='bbox 1743 1467 1850 1516; x_wconf 91' lang='lat' dir='ltr'>quod</span> <span class='ocrx_word' id='word_1_719' title='bbox 1886 1467 2126 1516; x_wconf 88' lang='lat' dir='ltr'>impossibile</span> <span class='ocrx_word' id='word_1_720' title='bbox 2164 1475 2220 1505; x_wconf 91' lang='lat' dir='ltr'>est</span> <span class='ocrx_word' id='word_1_721' title='bbox 2261 1480 2345 1504; x_wconf 92' lang='lat' dir='ltr'>esse</span> <span class='ocrx_word' id='word_1_722' title='bbox 2387 1466 2504 1504; x_wconf 87' lang='lat' dir='ltr'>alium</span> 
     </span>
     <span class='ocr_line' id='line_1_95' title="bbox 1434 1519 2504 1570; baseline 0 -13"><span class='ocrx_word' id='word_1_723' title='bbox 1434 1519 1625 1557; x_wconf 89' lang='lat' dir='ltr'>mundum</span> <span class='ocrx_word' id='word_1_724' title='bbox 1654 1519 1744 1568; x_wconf 92' lang='lat' dir='ltr'>quia</span> <span class='ocrx_word' id='word_1_725' title='bbox 1773 1528 1964 1570; x_wconf 89' lang='lat' dir='ltr'>oporteret</span> <span class='ocrx_word' id='word_1_726' title='bbox 1992 1520 2043 1557; x_wconf 91' lang='lat' dir='ltr'>ibi</span> <span class='ocrx_word' id='word_1_727' title='bbox 2072 1533 2156 1558; x_wconf 90' lang='lat' dir='ltr'>esse</span> <span class='ocrx_word' id='word_1_728' title='bbox 2185 1520 2339 1569; x_wconf 91' lang='lat' dir='ltr'>aliquod</span> <span class='ocrx_word' id='word_1_729' title='bbox 2365 1532 2504 1569; x_wconf 89' lang='lat' dir='ltr'>corpus</span> 
     </span>
     <span class='ocr_line' id='line_1_96' title="bbox 1433 1573 2506 1623; baseline 0 -13"><span class='ocrx_word' id='word_1_730' title='bbox 1433 1574 1540 1619; x_wconf 90' lang='lat' dir='ltr'>leve;</span> <span class='ocrx_word' id='word_1_731' title='bbox 1575 1580 1611 1610; x_wconf 94' lang='lat' dir='ltr'>et</span> <span class='ocrx_word' id='word_1_732' title='bbox 1647 1573 1721 1621; x_wconf 92' lang='lat' dir='ltr'>sic,</span> <span class='ocrx_word' id='word_1_733' title='bbox 1751 1573 1781 1610; x_wconf 92' lang='lat' dir='ltr'>si</span> <span class='ocrx_word' id='word_1_734' title='bbox 1819 1574 1988 1611; x_wconf 90' lang='lat' dir='ltr'>mundus</span> <span class='ocrx_word' id='word_1_735' title='bbox 2026 1574 2086 1611; x_wconf 91' lang='lat' dir='ltr'>ille</span> <span class='ocrx_word' id='word_1_736' title='bbox 2125 1581 2223 1611; x_wconf 90' lang='lat' dir='ltr'>esset</span> <span class='ocrx_word' id='word_1_737' title='bbox 2255 1586 2370 1623; x_wconf 90' lang='lat' dir='ltr'>supra</span> <span class='ocrx_word' id='word_1_738' title='bbox 2402 1574 2506 1610; x_wconf 91' lang='lat' dir='ltr'>hunc</span> 
     </span>
     <span class='ocr_line' id='line_1_97' title="bbox 1434 1626 2504 1676; baseline -0.001 -12"><span class='ocrx_word' id='word_1_739' title='bbox 1434 1627 1646 1675; x_wconf 88' lang='lat' dir='ltr'>mundum,</span> <span class='ocrx_word' id='word_1_740' title='bbox 1677 1639 1816 1676; x_wconf 90' lang='lat' dir='ltr'>corpus</span> <span class='ocrx_word' id='word_1_741' title='bbox 1844 1628 1930 1664; x_wconf 89' lang='lat' dir='ltr'>leve</span> <span class='ocrx_word' id='word_1_742' title='bbox 1959 1635 2059 1664; x_wconf 91' lang='lat' dir='ltr'>esset</span> <span class='ocrx_word' id='word_1_743' title='bbox 2086 1639 2200 1676; x_wconf 91' lang='lat' dir='ltr'>supra</span> <span class='ocrx_word' id='word_1_744' title='bbox 2228 1627 2356 1664; x_wconf 89' lang='lat' dir='ltr'>locum</span> <span class='ocrx_word' id='word_1_745' title='bbox 2391 1626 2504 1673; x_wconf 89' lang='lat' dir='ltr'>caeli;</span> 
     </span>
     <span class='ocr_line' id='line_1_98' title="bbox 1434 1680 2506 1730; baseline -0.001 -13"><span class='ocrx_word' id='word_1_746' title='bbox 1434 1680 1465 1718; x_wconf 92' lang='lat' dir='ltr'>si</span> <span class='ocrx_word' id='word_1_747' title='bbox 1493 1688 1622 1718; x_wconf 88' lang='lat' dir='ltr'>autem</span> <span class='ocrx_word' id='word_1_748' title='bbox 1651 1688 1750 1718; x_wconf 92' lang='lat' dir='ltr'>esset</span> <span class='ocrx_word' id='word_1_749' title='bbox 1777 1680 1873 1718; x_wconf 88' lang='lat' dir='ltr'>infra</span> <span class='ocrx_word' id='word_1_750' title='bbox 1900 1681 2004 1718; x_wconf 92' lang='lat' dir='ltr'>hunc</span> <span class='ocrx_word' id='word_1_751' title='bbox 2031 1681 2235 1728; x_wconf 91' lang='lat' dir='ltr'>mundum,</span> <span class='ocrx_word' id='word_1_752' title='bbox 2258 1693 2397 1730; x_wconf 90' lang='lat' dir='ltr'>corpus</span> <span class='ocrx_word' id='word_1_753' title='bbox 2420 1681 2506 1717; x_wconf 92' lang='lat' dir='ltr'>leve</span> 
     </span>
     <span class='ocr_line' id='line_1_99' title="bbox 1435 1733 2506 1784; baseline -0.001 -13"><span class='ocrx_word' id='word_1_754' title='bbox 1435 1742 1534 1772; x_wconf 89' lang='lat' dir='ltr'>esset</span> <span class='ocrx_word' id='word_1_755' title='bbox 1561 1734 1657 1772; x_wconf 83' lang='lat' dir='ltr'>infra</span> <span class='ocrx_word' id='word_1_756' title='bbox 1684 1734 1815 1772; x_wconf 91' lang='lat' dir='ltr'>locum</span> <span class='ocrx_word' id='word_1_757' title='bbox 1845 1734 2016 1784; x_wconf 91' lang='lat' dir='ltr'>corporis</span> <span class='ocrx_word' id='word_1_758' title='bbox 2044 1735 2185 1783; x_wconf 86' lang='lat' dir='ltr'>gravis,</span> <span class='ocrx_word' id='word_1_759' title='bbox 2215 1734 2320 1784; x_wconf 93' lang='lat' dir='ltr'>quod</span> <span class='ocrx_word' id='word_1_760' title='bbox 2349 1741 2404 1771; x_wconf 91' lang='lat' dir='ltr'>est</span> <span class='ocrx_word' id='word_1_761' title='bbox 2435 1733 2506 1770; x_wconf 90' lang='lat' dir='ltr'>im-</span> 
     </span>
     <span class='ocr_line' id='line_1_100' title="bbox 1433 1787 1627 1838; baseline -0.005 -13"><span class='ocrx_word' id='word_1_762' title='bbox 1433 1787 1627 1838; x_wconf 83' lang='lat' dir='ltr'>possibile.</span> 
     </span>
    </p>

    <p class='ocr_par' dir='ltr' id='par_1_17' title="bbox 1433 1839 2518 2734">
     <span class='ocr_line' id='line_1_101' title="bbox 1489 1839 2518 1890; baseline -0.002 -11"><span class='ocrx_word' id='word_1_763' title='bbox 1489 1854 1525 1890; x_wconf 89' lang='lat'>9.</span> <span class='ocrx_word' id='word_1_764' title='bbox 1556 1841 1635 1879; x_wconf 89' lang='lat' dir='ltr'>Sed</span> <span class='ocrx_word' id='word_1_765' title='bbox 1654 1840 1744 1878; x_wconf 92' lang='lat' dir='ltr'>huic</span> <span class='ocrx_word' id='word_1_766' title='bbox 1772 1840 1907 1878; x_wconf 89' lang='lat' dir='ltr'>rationi</span> <span class='ocrx_word' id='word_1_767' title='bbox 1932 1849 2062 1890; x_wconf 91' lang='lat' dir='ltr'>posset</span> <span class='ocrx_word' id='word_1_768' title='bbox 2090 1841 2223 1890; x_wconf 91' lang='lat' dir='ltr'>aliquis</span> <span class='ocrx_word' id='word_1_769' title='bbox 2252 1841 2423 1889; x_wconf 88' lang='lat' dir='ltr'>obviare,</span> <span class='ocrx_word' id='word_1_770' title='bbox 2453 1839 2518 1877; x_wconf 68' lang='lat' dir='ltr'>di-‘</span> 
     </span>
     <span class='ocr_line' id='line_1_102' title="bbox 1435 1895 2508 1944; baseline -0.002 -11"><span class='ocrx_word' id='word_1_771' title='bbox 1435 1895 1558 1933; x_wconf 88' lang='lat' dir='ltr'>cendo</span> <span class='ocrx_word' id='word_1_772' title='bbox 1574 1895 1680 1944; x_wconf 90' lang='lat' dir='ltr'>quod</span> <span class='ocrx_word' id='word_1_773' title='bbox 1696 1906 1836 1944; x_wconf 89' lang='lat' dir='ltr'>corpus</span> <span class='ocrx_word' id='word_1_774' title='bbox 1856 1895 1942 1932; x_wconf 92' lang='lat' dir='ltr'>leve</span> <span class='ocrx_word' id='word_1_775' title='bbox 1964 1902 2019 1932; x_wconf 90' lang='lat' dir='ltr'>est</span> <span class='ocrx_word' id='word_1_776' title='bbox 2039 1902 2142 1932; x_wconf 88' lang='lat' dir='ltr'>extra</span> <span class='ocrx_word' id='word_1_777' title='bbox 2156 1895 2259 1931; x_wconf 91' lang='lat' dir='ltr'>hunc</span> <span class='ocrx_word' id='word_1_778' title='bbox 2270 1895 2408 1931; x_wconf 88' lang='lat' dir='ltr'>-locum</span> <span class='ocrx_word' id='word_1_779' title='bbox 2427 1905 2508 1930; x_wconf 88' lang='lat' dir='ltr'>me-</span> 
     </span>
     <span class='ocr_line' id='line_1_103' title="bbox 1435 1948 2508 1997; baseline -0.003 -11"><span class='ocrx_word' id='word_1_780' title='bbox 1435 1948 1560 1996; x_wconf 92' lang='lat' dir='ltr'>dium,</span> <span class='ocrx_word' id='word_1_781' title='bbox 1590 1961 1670 1985; x_wconf 91' lang='lat' dir='ltr'>non</span> <span class='ocrx_word' id='word_1_782' title='bbox 1698 1948 1914 1985; x_wconf 90' lang='lat' dir='ltr'>secundum</span> <span class='ocrx_word' id='word_1_783' title='bbox 1943 1955 2140 1995; x_wconf 89' lang='lat' dir='ltr'>naturam,</span> <span class='ocrx_word' id='word_1_784' title='bbox 2171 1948 2238 1985; x_wconf 89' lang='lat' dir='ltr'>sed</span> <span class='ocrx_word' id='word_1_785' title='bbox 2266 1955 2416 1997; x_wconf 90' lang='lat' dir='ltr'>praeter</span> <span class='ocrx_word' id='word_1_786' title='bbox 2443 1958 2508 1984; x_wconf 92' lang='lat' dir='ltr'>na-</span> 
     </span>
     <span class='ocr_line' id='line_1_104' title="bbox 1433 2001 2510 2050; baseline -0.002 -10"><span class='ocrx_word' id='word_1_787' title='bbox 1433 2009 1572 2040; x_wconf 86' lang='lat' dir='ltr'>turam.</span> <span class='ocrx_word' id='word_1_788' title='bbox 1593 2022 1617 2030; x_wconf 92' lang='lat'><em>-</em></span> <span class='ocrx_word' id='word_1_789' title='bbox 1639 2001 1717 2039; x_wconf 93' lang='lat' dir='ltr'>Sed</span> <span class='ocrx_word' id='word_1_790' title='bbox 1745 2001 1795 2039; x_wconf 94' lang='lat' dir='ltr'>ad</span> <span class='ocrx_word' id='word_1_791' title='bbox 1822 2002 1898 2039; x_wconf 92' lang='lat' dir='ltr'>hoc</span> <span class='ocrx_word' id='word_1_792' title='bbox 1927 2001 2221 2048; x_wconf 86' lang='lat' dir='ltr'>excludendum,</span> <span class='ocrx_word' id='word_1_793' title='bbox 2248 2001 2376 2038; x_wconf 89' lang='lat' dir='ltr'>subdit</span> <span class='ocrx_word' id='word_1_794' title='bbox 2404 2001 2510 2050; x_wconf 92' lang='lat' dir='ltr'>quod</span> 
     </span>
     <span class='ocr_line' id='line_1_105' title="bbox 1434 2055 2509 2106; baseline -0.002 -13"><span class='ocrx_word' id='word_1_795' title='bbox 1434 2067 1562 2106; x_wconf 84' lang='lat' dir='ltr'>neque</span> <span class='ocrx_word' id='word_1_796' title='bbox 1582 2055 1698 2092; x_wconf 90' lang='lat' dir='ltr'>etiam</span> <span class='ocrx_word' id='word_1_797' title='bbox 1716 2062 1868 2104; x_wconf 87' lang='lat' dir='ltr'>praeter</span> <span class='ocrx_word' id='word_1_798' title='bbox 1886 2063 2063 2092; x_wconf 87' lang='lat' dir='ltr'>naturam</span> <span class='ocrx_word' id='word_1_799' title='bbox 2091 2055 2271 2104; x_wconf 82' lang='lat' dir='ltr'>possibile</span> <span class='ocrx_word' id='word_1_800' title='bbox 2295 2062 2350 2092; x_wconf 90' lang='lat' dir='ltr'>est</span> <span class='ocrx_word' id='word_1_801' title='bbox 2371 2067 2509 2103; x_wconf 88' lang='lat' dir='ltr'>corpus</span> 
     </span>
     <span class='ocr_line' id='line_1_106' title="bbox 1435 2107 2510 2155; baseline -0.002 -9"><span class='ocrx_word' id='word_1_802' title='bbox 1435 2109 1520 2147; x_wconf 89' lang='lat' dir='ltr'>leve</span> <span class='ocrx_word' id='word_1_803' title='bbox 1541 2121 1623 2146; x_wconf 91' lang='lat' dir='ltr'>esse</span> <span class='ocrx_word' id='word_1_804' title='bbox 1645 2116 1747 2146; x_wconf 83' lang='lat' dir='ltr'>extra</span> <span class='ocrx_word' id='word_1_805' title='bbox 1766 2109 1869 2146; x_wconf 89' lang='lat' dir='ltr'>hunc</span> <span class='ocrx_word' id='word_1_806' title='bbox 1889 2109 2061 2146; x_wconf 93' lang='lat' dir='ltr'>medium</span> <span class='ocrx_word' id='word_1_807' title='bbox 2091 2110 2232 2146; x_wconf 91' lang='lat' dir='ltr'>locum.</span> <span class='ocrx_word' id='word_1_808' title='bbox 2263 2108 2364 2155; x_wconf 87' lang='lat' dir='ltr'>Quia</span> <span class='ocrx_word' id='word_1_809' title='bbox 2384 2107 2510 2145; x_wconf 90' lang='lat' dir='ltr'>omnis</span> 
     </span>
     <span class='ocr_line' id='line_1_107' title="bbox 1435 2162 2511 2212; baseline -0.001 -13"><span class='ocrx_word' id='word_1_810' title='bbox 1435 2163 1543 2200; x_wconf 91' lang='lat' dir='ltr'>locus</span> <span class='ocrx_word' id='word_1_811' title='bbox 1558 2162 1624 2211; x_wconf 90' lang='lat' dir='ltr'>qui</span> <span class='ocrx_word' id='word_1_812' title='bbox 1641 2170 1696 2199; x_wconf 92' lang='lat' dir='ltr'>est</span> <span class='ocrx_word' id='word_1_813' title='bbox 1715 2162 1871 2200; x_wconf 88' lang='lat' dir='ltr'>alicuius</span> <span class='ocrx_word' id='word_1_814' title='bbox 1892 2162 2062 2212; x_wconf 89' lang='lat' dir='ltr'>corporis</span> <span class='ocrx_word' id='word_1_815' title='bbox 2081 2170 2231 2212; x_wconf 89' lang='lat' dir='ltr'>praeter</span> <span class='ocrx_word' id='word_1_816' title='bbox 2250 2169 2437 2208; x_wconf 82' lang='lat' dir='ltr'>naturam,</span> <span class='ocrx_word' id='word_1_817' title='bbox 2455 2169 2511 2198; x_wconf 94' lang='grc' dir='ltr'>εει</span> 
     </span>
     <span class='ocr_line' id='line_1_108' title="bbox 1435 2214 2509 2265; baseline 0 -13"><span class='ocrx_word' id='word_1_818' title='bbox 1435 2215 1593 2253; x_wconf 87' lang='lat' dir='ltr'>alicuius</span> <span class='ocrx_word' id='word_1_819' title='bbox 1622 2215 1793 2265; x_wconf 91' lang='lat' dir='ltr'>corporis</span> <span class='ocrx_word' id='word_1_820' title='bbox 1831 2216 2045 2254; x_wconf 90' lang='lat' dir='ltr'>secundum</span> <span class='ocrx_word' id='word_1_821' title='bbox 2074 2217 2268 2253; x_wconf 82' lang='lat' dir='ltr'>n&#39;aturam:</span> <span class='ocrx_word' id='word_1_822' title='bbox 2298 2228 2378 2252; x_wconf 92' lang='lat' dir='ltr'>non</span> <span class='ocrx_word' id='word_1_823' title='bbox 2406 2214 2509 2252; x_wconf 90' lang='lat' dir='ltr'>enirn</span> 
     </span>
     <span class='ocr_line' id='line_1_109' title="bbox 1436 2268 2511 2318; baseline -0.001 -12"><span class='ocrx_word' id='word_1_824' title='bbox 1436 2270 1543 2307; x_wconf 89' lang='lat' dir='ltr'>Deus</span> <span class='ocrx_word' id='word_1_825' title='bbox 1570 2269 1632 2306; x_wconf 91' lang='lat' dir='ltr'>vel</span> <span class='ocrx_word' id='word_1_826' title='bbox 1662 2277 1796 2306; x_wconf 89' lang='lat' dir='ltr'>natura</span> <span class='ocrx_word' id='word_1_827' title='bbox 1824 2269 1911 2306; x_wconf 89' lang='lat' dir='ltr'>fecit</span> <span class='ocrx_word' id='word_1_828' title='bbox 1938 2269 2105 2318; x_wconf 90' lang='lat' dir='ltr'>aliquem</span> <span class='ocrx_word' id='word_1_829' title='bbox 2134 2270 2262 2306; x_wconf 90' lang='lat' dir='ltr'>locum</span> <span class='ocrx_word' id='word_1_830' title='bbox 2291 2269 2441 2315; x_wconf 87' lang='lat' dir='ltr'>frustra,</span> <span class='ocrx_word' id='word_1_831' title='bbox 2471 2268 2511 2305; x_wconf 90' lang='lat' dir='ltr'>in</span> 
     </span>
     <span class='ocr_line' id='line_1_110' title="bbox 1436 2322 2509 2371; baseline -0.001 -12"><span class='ocrx_word' id='word_1_832' title='bbox 1436 2334 1514 2371; x_wconf 91' lang='lat' dir='ltr'>quo</span> <span class='ocrx_word' id='word_1_833' title='bbox 1544 2322 1684 2359; x_wconf 89' lang='lat' dir='ltr'>scilicet</span> <span class='ocrx_word' id='word_1_834' title='bbox 1712 2334 1792 2359; x_wconf 93' lang='lat' dir='ltr'>non</span> <span class='ocrx_word' id='word_1_835' title='bbox 1820 2322 1866 2359; x_wconf 92' lang='lat' dir='ltr'>sit</span> <span class='ocrx_word' id='word_1_836' title='bbox 1893 2330 2026 2360; x_wconf 91' lang='lat' dir='ltr'>natum</span> <span class='ocrx_word' id='word_1_837' title='bbox 2061 2335 2143 2359; x_wconf 92' lang='lat' dir='ltr'>esse</span> <span class='ocrx_word' id='word_1_838' title='bbox 2173 2322 2328 2370; x_wconf 76' lang='lat' dir='ltr'>aIIquod</span> <span class='ocrx_word' id='word_1_839' title='bbox 2357 2334 2509 2370; x_wconf 90' lang='lat' dir='ltr'>corpus.</span> 
     </span>
     <span class='ocr_line' id='line_1_111' title="bbox 1436 2375 2511 2424; baseline -0.002 -11"><span class='ocrx_word' id='word_1_840' title='bbox 1436 2377 1529 2413; x_wconf 93' lang='lat' dir='ltr'>Non</span> <span class='ocrx_word' id='word_1_841' title='bbox 1566 2383 1696 2413; x_wconf 89' lang='lat' dir='ltr'>autem</span> <span class='ocrx_word' id='word_1_842' title='bbox 1730 2375 1922 2413; x_wconf 87' lang='lat' dir='ltr'>invenitur</span> <span class='ocrx_word' id='word_1_843' title='bbox 1949 2376 1988 2413; x_wconf 93' lang='lat' dir='ltr'>in</span> <span class='ocrx_word' id='word_1_844' title='bbox 2018 2388 2146 2413; x_wconf 91' lang='lat' dir='ltr'>rerum</span> <span class='ocrx_word' id='word_1_845' title='bbox 2185 2383 2318 2412; x_wconf 90' lang='lat' dir='ltr'>natura</span> <span class='ocrx_word' id='word_1_846' title='bbox 2355 2375 2511 2424; x_wconf 90' lang='lat' dir='ltr'>aliquod</span> 
     </span>
     <span class='ocr_line' id='line_1_112' title="bbox 1437 2428 2512 2478; baseline -0.001 -12"><span class='ocrx_word' id='word_1_847' title='bbox 1437 2429 1539 2466; x_wconf 91' lang='lat' dir='ltr'>aliud</span> <span class='ocrx_word' id='word_1_848' title='bbox 1568 2441 1707 2478; x_wconf 90' lang='lat' dir='ltr'>corpus</span> <span class='ocrx_word' id='word_1_849' title='bbox 1744 2436 1894 2478; x_wconf 91' lang='lat' dir='ltr'>praeter</span> <span class='ocrx_word' id='word_1_850' title='bbox 1922 2429 1992 2466; x_wconf 91' lang='lat' dir='ltr'>ista</span> <span class='ocrx_word' id='word_1_851' title='bbox 2025 2429 2114 2476; x_wconf 89' lang='lat' dir='ltr'>tria,</span> <span class='ocrx_word' id='word_1_852' title='bbox 2146 2429 2284 2478; x_wconf 91' lang='lat' dir='ltr'>quibus</span> <span class='ocrx_word' id='word_1_853' title='bbox 2321 2428 2391 2465; x_wconf 88' lang='lat' dir='ltr'>tria</span> <span class='ocrx_word' id='word_1_854' title='bbox 2426 2429 2512 2466; x_wconf 90' lang='lat' dir='ltr'>loca</span> 
     </span>
     <span class='ocr_line' id='line_1_113' title="bbox 1435 2482 2509 2532; baseline -0.001 -13"><span class='ocrx_word' id='word_1_855' title='bbox 1435 2483 1628 2532; x_wconf 89' lang='lat' dir='ltr'>praedicta</span> <span class='ocrx_word' id='word_1_856' title='bbox 1649 2484 1668 2504; x_wconf 77' lang='grc'><strong>*</strong></span> <span class='ocrx_word' id='word_1_857' title='bbox 1690 2482 1931 2531; x_wconf 89' lang='lat' dir='ltr'>deputantur,</span> <span class='ocrx_word' id='word_1_858' title='bbox 1952 2490 1994 2520; x_wconf 89' lang='lat' dir='ltr'>ut</span> <span class='ocrx_word' id='word_1_859' title='bbox 2014 2495 2058 2520; x_wconf 87' lang='lat' dir='ltr'>ex</span> <span class='ocrx_word' id='word_1_860' title='bbox 2074 2482 2180 2520; x_wconf 89' lang='lat' dir='ltr'>dictis</span> <span class='ocrx_word' id='word_1_861' title='bbox 2202 2484 2243 2504; x_wconf 49' lang='grc' dir='ltr'>Ἠ</span> <span class='ocrx_word' id='word_1_862' title='bbox 2261 2489 2376 2532; x_wconf 89' lang='lat' dir='ltr'>patet.</span> <span class='ocrx_word' id='word_1_863' title='bbox 2397 2482 2509 2519; x_wconf 90' lang='lat' dir='ltr'>Unde</span> 
     </span>
     <span class='ocr_line' id='line_1_114' title="bbox 1436 2536 2510 2585; baseline -0.001 -12"><span class='ocrx_word' id='word_1_864' title='bbox 1436 2549 1562 2585; x_wconf 92' lang='lat' dir='ltr'>neque</span> <span class='ocrx_word' id='word_1_865' title='bbox 1601 2536 1815 2573; x_wconf 90' lang='lat' dir='ltr'>secundum</span> <span class='ocrx_word' id='word_1_866' title='bbox 1853 2543 2054 2583; x_wconf 90' lang='lat' dir='ltr'>naturam,</span> <span class='ocrx_word' id='word_1_867' title='bbox 2092 2548 2217 2585; x_wconf 88' lang='lat' dir='ltr'>neque</span> <span class='ocrx_word' id='word_1_868' title='bbox 2254 2542 2404 2585; x_wconf 90' lang='lat' dir='ltr'>praeter</span> <span class='ocrx_word' id='word_1_869' title='bbox 2444 2548 2510 2572; x_wconf 89' lang='lat' dir='ltr'>na—</span> 
     </span>
     <span class='ocr_line' id='line_1_115' title="bbox 1436 2590 2509 2639; baseline -0.001 -12"><span class='ocrx_word' id='word_1_870' title='bbox 1436 2597 1581 2638; x_wconf 88' lang='lat' dir='ltr'>turam,</span> <span class='ocrx_word' id='word_1_871' title='bbox 1610 2596 1738 2638; x_wconf 91' lang='lat' dir='ltr'>potest</span> <span class='ocrx_word' id='word_1_872' title='bbox 1765 2601 1848 2626; x_wconf 90' lang='lat' dir='ltr'>esse</span> <span class='ocrx_word' id='word_1_873' title='bbox 1878 2602 2017 2639; x_wconf 91' lang='lat' dir='ltr'>corpus</span> <span class='ocrx_word' id='word_1_874' title='bbox 2045 2590 2131 2627; x_wconf 90' lang='lat' dir='ltr'>leve</span> <span class='ocrx_word' id='word_1_875' title='bbox 2161 2597 2264 2627; x_wconf 86' lang='lat' dir='ltr'>extra</span> <span class='ocrx_word' id='word_1_876' title='bbox 2298 2590 2401 2626; x_wconf 90' lang='lat' dir='ltr'>hunc</span> <span class='ocrx_word' id='word_1_877' title='bbox 2429 2601 2509 2626; x_wconf 91' lang='lat' dir='ltr'>me-</span> 
     </span>
     <span class='ocr_line' id='line_1_116' title="bbox 1437 2642 2510 2693; baseline 0 -13"><span class='ocrx_word' id='word_1_878' title='bbox 1437 2643 1544 2681; x_wconf 91' lang='lat' dir='ltr'>dium</span> <span class='ocrx_word' id='word_1_879' title='bbox 1580 2644 1732 2680; x_wconf 90' lang='lat' dir='ltr'>locum:</span> <span class='ocrx_word' id='word_1_880' title='bbox 1762 2650 1798 2680; x_wconf 91' lang='lat' dir='ltr'>et</span> <span class='ocrx_word' id='word_1_881' title='bbox 1826 2642 1879 2679; x_wconf 91' lang='lat' dir='ltr'>sic</span> <span class='ocrx_word' id='word_1_882' title='bbox 1907 2643 2142 2693; x_wconf 90' lang='lat' dir='ltr'>impossibile</span> <span class='ocrx_word' id='word_1_883' title='bbox 2172 2651 2228 2680; x_wconf 90' lang='lat' dir='ltr'>est</span> <span class='ocrx_word' id='word_1_884' title='bbox 2257 2655 2339 2680; x_wconf 89' lang='lat' dir='ltr'>esse</span> <span class='ocrx_word' id='word_1_885' title='bbox 2368 2644 2510 2680; x_wconf 91' lang='lat' dir='ltr'>multos</span> 
     </span>
     <span class='ocr_line' id='line_1_117' title="bbox 1436 2697 1616 2734; baseline 0 0"><span class='ocrx_word' id='word_1_886' title='bbox 1436 2697 1616 2734; x_wconf 86' lang='lat' dir='ltr'>mundos.</span> 
     </span>
    </p>
   </div>
   <div class='ocr_carea' id='block_1_12' title="bbox 1491 2749 2598 2798">
    <p class='ocr_par' dir='ltr' id='par_1_18' title="bbox 1491 2749 2598 2798">
     <span class='ocr_line' id='line_1_118' title="bbox 1491 2749 2598 2798; baseline -0.001 -11"><span class='ocrx_word' id='word_1_887' title='bbox 1491 2750 1594 2798; x_wconf 91' lang='lat' dir='ltr'>Quia</span> <span class='ocrx_word' id='word_1_888' title='bbox 1620 2762 1715 2787; x_wconf 90' lang='lat' dir='ltr'>vero</span> <span class='ocrx_word' id='word_1_889' title='bbox 1737 2751 1756 2771; x_wconf 70' lang='lat'>&#39;²‘</span> <span class='ocrx_word' id='word_1_890' title='bbox 1776 2750 1924 2787; x_wconf 90' lang='lat' dir='ltr'>locutus</span> <span class='ocrx_word' id='word_1_891' title='bbox 1953 2750 2075 2787; x_wconf 89' lang='lat' dir='ltr'>fuerat</span> <span class='ocrx_word' id='word_1_892' title='bbox 2096 2750 2143 2787; x_wconf 91' lang='lat' dir='ltr'>de</span> <span class='ocrx_word' id='word_1_893' title='bbox 2162 2749 2293 2787; x_wconf 90' lang='lat' dir='ltr'>medio</span> <span class='ocrx_word' id='word_1_894' title='bbox 2319 2749 2508 2787; x_wconf 89' lang='lat' dir='ltr'>elemento</span> <span class='ocrx_word' id='word_1_895' title='bbox 2537 2758 2547 2770; x_wconf 78' lang='grc'><strong>“</strong></span> <span class='ocrx_word' id='word_1_896' title='bbox 2563 2757 2598 2785; x_wconf 80' lang='lat' dir='ltr'>Qu</span> 
     </span>
    </p>
   </div>
   <div class='ocr_carea' id='block_1_13' title="bbox 1436 2803 2508 2853">
    <p class='ocr_par' dir='ltr' id='par_1_19' title="bbox 1436 2803 2508 2853">
     <span class='ocr_line' id='line_1_119' title="bbox 1436 2803 2508 2853; baseline -0.001 -12"><span class='ocrx_word' id='word_1_897' title='bbox 1436 2803 1544 2853; x_wconf 86' lang='lat' dir='ltr'>quasi</span> <span class='ocrx_word' id='word_1_898' title='bbox 1573 2805 1620 2842; x_wconf 93' lang='lat' dir='ltr'>de</span> <span class='ocrx_word' id='word_1_899' title='bbox 1658 2816 1738 2841; x_wconf 90' lang='lat' dir='ltr'>uno</span> <span class='ocrx_word' id='word_1_900' title='bbox 1767 2803 1938 2853; x_wconf 89' lang='lat' dir='ltr'>quodam</span> <span class='ocrx_word' id='word_1_901' title='bbox 1969 2816 2152 2853; x_wconf 88' lang='lat' dir='ltr'>corpore,</span> <span class='ocrx_word' id='word_1_902' title='bbox 2183 2803 2375 2851; x_wconf 89' lang='lat' dir='ltr'>subiungit</span> <span class='ocrx_word' id='word_1_903' title='bbox 2402 2804 2508 2852; x_wconf 92' lang='lat' dir='ltr'>quod</span> 
     </span>
    </p>
   </div>
   <div class='ocr_carea' id='block_1_14' title="bbox 1433 2993 2509 3241">
    <p class='ocr_par' dir='ltr' id='par_1_20' title="bbox 1433 2993 2507 3055">
     <span class='ocr_line' id='line_1_120' title="bbox 1433 2993 2507 3028; baseline 0.001 -10"><span class='ocrx_word' id='word_1_904' title='bbox 1433 2994 1527 3019; x_wconf 87' lang='lat' dir='ltr'>timum</span> <span class='ocrx_word' id='word_1_905' title='bbox 1546 2995 1589 3019; x_wconf 87' lang='lat' dir='ltr'>vel</span> <span class='ocrx_word' id='word_1_906' title='bbox 1608 2995 1723 3028; x_wconf 89' lang='lat' dir='ltr'>primum</span> <span class='ocrx_word' id='word_1_907' title='bbox 1737 2995 1763 3020; x_wconf 90' lang='lat' dir='ltr'>in</span> <span class='ocrx_word' id='word_1_908' title='bbox 1776 2994 1826 3020; x_wconf 89' lang='lat' dir='ltr'>hoc</span> <span class='ocrx_word' id='word_1_909' title='bbox 1844 2995 1943 3025; x_wconf 83' lang='lat' dir='ltr'>ordine,</span> <span class='ocrx_word' id='word_1_910' title='bbox 1963 2995 2010 3019; x_wconf 87' lang='lat' dir='ltr'>sed</span> <span class='ocrx_word' id='word_1_911' title='bbox 2026 2999 2065 3019; x_wconf 85' lang='lat' dir='ltr'>est</span> <span class='ocrx_word' id='word_1_912' title='bbox 2078 2994 2185 3018; x_wconf 88' lang='lat' dir='ltr'>omnino</span> <span class='ocrx_word' id='word_1_913' title='bbox 2204 2998 2274 3018; x_wconf 80' lang='lat' dir='ltr'>extra</span> <span class='ocrx_word' id='word_1_914' title='bbox 2292 2993 2410 3018; x_wconf 86' lang='lat' dir='ltr'>ordinem</span> <span class='ocrx_word' id='word_1_915' title='bbox 2429 2994 2507 3019; x_wconf 91' lang='lat' dir='ltr'>totius</span> 
     </span>
     <span class='ocr_line' id='line_1_121' title="bbox 1433 3037 1557 3055; baseline 0.008 -1"><span class='ocrx_word' id='word_1_916' title='bbox 1433 3037 1557 3055; x_wconf 77' lang='lat' dir='ltr'>universi.</span> 
     </span>
    </p>

    <p class='ocr_par' dir='ltr' id='par_1_21' title="bbox 1434 3064 2509 3134">
     <span class='ocr_line' id='line_1_122' title="bbox 1488 3064 2509 3099; baseline 0 -9"><span class='ocrx_word' id='word_1_917' title='bbox 1488 3064 1513 3099; x_wconf 82' lang='grc' dir='ltr'>θ)</span> <span class='ocrx_word' id='word_1_918' title='bbox 1533 3073 1602 3091; x_wconf 85' lang='lat' dir='ltr'>unus</span> <span class='ocrx_word' id='word_1_919' title='bbox 1621 3066 1727 3098; x_wconf 82' lang='lat' dir='ltr'>quidem</span> <span class='ocrx_word' id='word_1_920' title='bbox 1753 3067 1834 3092; x_wconf 83' lang='lat' dir='ltr'>locus.</span> <span class='ocrx_word' id='word_1_921' title='bbox 1853 3081 1872 3086; x_wconf 94' lang='lat'>—</span> <span class='ocrx_word' id='word_1_922' title='bbox 1893 3065 1963 3090; x_wconf 84' lang='lat' dir='ltr'>unde</span> <span class='ocrx_word' id='word_1_923' title='bbox 1988 3072 2056 3090; x_wconf 85' lang='lat' dir='ltr'>unus</span> <span class='ocrx_word' id='word_1_924' title='bbox 2074 3064 2180 3097; x_wconf 84' lang='lat' dir='ltr'>quidem</span> <span class='ocrx_word' id='word_1_925' title='bbox 2202 3064 2275 3089; x_wconf 83' lang='lat' dir='ltr'>locus</span> <span class='ocrx_word' id='word_1_926' title='bbox 2300 3068 2340 3089; x_wconf 85' lang='lat' dir='ltr'>est</span> <span class='ocrx_word' id='word_1_927' title='bbox 2358 3065 2386 3089; x_wconf 86' lang='lat' dir='ltr'>P.</span> <span class='ocrx_word' id='word_1_928' title='bbox 2405 3078 2424 3083; x_wconf 96' lang='lat'>—</span> <span class='ocrx_word' id='word_1_929' title='bbox 2444 3065 2509 3090; x_wconf 89' lang='lat' dir='ltr'>Post</span> 
     </span>
     <span class='ocr_line' id='line_1_123' title="bbox 1434 3101 2006 3134; baseline -0.004 -8"><span class='ocrx_word' id='word_1_930' title='bbox 1434 3110 1514 3127; x_wconf 87' lang='lat' dir='ltr'>unam</span> <span class='ocrx_word' id='word_1_931' title='bbox 1533 3102 1576 3127; x_wconf 90' lang='lat' dir='ltr'>lin.</span> <span class='ocrx_word' id='word_1_932' title='bbox 1592 3110 1640 3134; x_wconf 90' lang='lat' dir='ltr'>pro</span> <span class='ocrx_word' id='word_1_933' title='bbox 1658 3102 1773 3132; x_wconf 77' lang='lat' dir='ltr'>substat,</span> <span class='ocrx_word' id='word_1_934' title='bbox 1793 3102 1913 3127; x_wconf 84' lang='lat' dir='ltr'>subsistit</span> <span class='ocrx_word' id='word_1_935' title='bbox 1931 3101 2006 3125; x_wconf 87' lang='lat' dir='ltr'>codd.</span> 
     </span>
    </p>

    <p class='ocr_par' dir='ltr' id='par_1_22' title="bbox 1435 3135 2509 3241">
     <span class='ocr_line' id='line_1_124' title="bbox 1490 3135 2508 3171; baseline 0 -10"><span class='ocrx_word' id='word_1_936' title='bbox 1490 3137 1511 3171; x_wconf 90' lang='grc' dir='ltr'>ι)</span> <span class='ocrx_word' id='word_1_937' title='bbox 1526 3138 1647 3162; x_wconf 79' lang='lat' dir='ltr'>verba.—</span> <span class='ocrx_word' id='word_1_938' title='bbox 1659 3138 1797 3162; x_wconf 81' lang='lat' dir='ltr'>naturalia</span> <span class='ocrx_word' id='word_1_939' title='bbox 1812 3138 1831 3162; x_wconf 87' lang='lat' dir='ltr'>P</span> <span class='ocrx_word' id='word_1_940' title='bbox 1846 3142 1872 3162; x_wconf 89' lang='lat' dir='ltr'>et</span> <span class='ocrx_word' id='word_1_941' title='bbox 1885 3137 1960 3161; x_wconf 89' lang='lat' dir='ltr'>codd.</span> <span class='ocrx_word' id='word_1_942' title='bbox 1970 3143 2023 3160; x_wconf 83' lang='lat' dir='ltr'>exc.</span> <span class='ocrx_word' id='word_1_943' title='bbox 2033 3136 2065 3165; x_wconf 85' lang='lat' dir='ltr'>A,</span> <span class='ocrx_word' id='word_1_944' title='bbox 2080 3135 2212 3160; x_wconf 85' lang='lat' dir='ltr'>evidenter</span> <span class='ocrx_word' id='word_1_945' title='bbox 2225 3140 2346 3168; x_wconf 85' lang='lat' dir='ltr'>corrupte</span> <span class='ocrx_word' id='word_1_946' title='bbox 2358 3143 2406 3167; x_wconf 91' lang='lat' dir='ltr'>pro</span> <span class='ocrx_word' id='word_1_947' title='bbox 2419 3135 2508 3166; x_wconf 83' lang='lat' dir='ltr'>verba,</span> 
     </span>
     <span class='ocr_line' id='line_1_125' title="bbox 1435 3170 2509 3200; baseline -0.002 -2"><span class='ocrx_word' id='word_1_948' title='bbox 1435 3181 1496 3198; x_wconf 88' lang='lat' dir='ltr'>nam</span> <span class='ocrx_word' id='word_1_949' title='bbox 1515 3173 1654 3198; x_wconf 81' lang='lat' dir='ltr'>naturalia</span> <span class='ocrx_word' id='word_1_950' title='bbox 1677 3173 1704 3197; x_wconf 88' lang='lat' dir='ltr'>in</span> <span class='ocrx_word' id='word_1_951' title='bbox 1723 3178 1842 3198; x_wconf 83' lang='lat' dir='ltr'>contextu</span> <span class='ocrx_word' id='word_1_952' title='bbox 1861 3180 1914 3196; x_wconf 88' lang='lat' dir='ltr'>non</span> <span class='ocrx_word' id='word_1_953' title='bbox 1932 3171 2010 3196; x_wconf 87' lang='lat' dir='ltr'>habet</span> <span class='ocrx_word' id='word_1_954' title='bbox 2029 3178 2150 3200; x_wconf 86' lang='lat' dir='ltr'>sensum;</span> <span class='ocrx_word' id='word_1_955' title='bbox 2170 3171 2202 3195; x_wconf 88' lang='lat' dir='ltr'>cf.</span> <span class='ocrx_word' id='word_1_956' title='bbox 2218 3170 2282 3195; x_wconf 80' lang='lat' dir='ltr'>infra</span> <span class='ocrx_word' id='word_1_957' title='bbox 2301 3171 2452 3196; x_wconf 85' lang='lat' dir='ltr'>Secundo..</span> <span class='ocrx_word' id='word_1_958' title='bbox 2454 3172 2509 3196; x_wconf 85' lang='lat' dir='ltr'>.de</span> 
     </span>
     <span class='ocr_line' id='line_1_126' title="bbox 1435 3205 2509 3241; baseline -0.002 -7"><span class='ocrx_word' id='word_1_959' title='bbox 1435 3209 1484 3234; x_wconf 85' lang='lat' dir='ltr'>hoc</span> <span class='ocrx_word' id='word_1_960' title='bbox 1503 3209 1575 3241; x_wconf 83' lang='lat' dir='ltr'>quod</span> <span class='ocrx_word' id='word_1_961' title='bbox 1593 3209 1666 3238; x_wconf 78' lang='lat' dir='ltr'>dicit,</span> <span class='ocrx_word' id='word_1_962' title='bbox 1681 3213 1707 3233; x_wconf 86' lang='lat' dir='ltr'>et</span> <span class='ocrx_word' id='word_1_963' title='bbox 1720 3216 1768 3241; x_wconf 89' lang='lat' dir='ltr'>pro</span> <span class='ocrx_word' id='word_1_964' title='bbox 1783 3208 1947 3240; x_wconf 86' lang='lat' dir='ltr'>corruptione</span> <span class='ocrx_word' id='word_1_965' title='bbox 1961 3207 2018 3231; x_wconf 91' lang='lat' dir='ltr'>lect.</span> <span class='ocrx_word' id='word_1_966' title='bbox 2033 3214 2082 3236; x_wconf 81' lang='lat' dir='ltr'>xnr,</span> <span class='ocrx_word' id='word_1_967' title='bbox 2098 3211 2151 3231; x_wconf 90' lang='lat' dir='ltr'>not.</span> <span class='ocrx_word' id='word_1_968' title='bbox 2162 3205 2221 3231; x_wconf 89' lang='grc' dir='ltr'>λ.-</span> <span class='ocrx_word' id='word_1_969' title='bbox 2232 3206 2291 3231; x_wconf 86' lang='lat' dir='ltr'>Lin.</span> <span class='ocrx_word' id='word_1_970' title='bbox 2306 3214 2363 3240; x_wconf 87' lang='lat' dir='ltr'>seq.</span> <span class='ocrx_word' id='word_1_971' title='bbox 2377 3215 2425 3240; x_wconf 93' lang='lat' dir='ltr'>pro</span> <span class='ocrx_word' id='word_1_972' title='bbox 2437 3214 2509 3232; x_wconf 90' lang='lat' dir='ltr'>com-</span> 
     </span>
    </p>
   </div>
   <div class='ocr_carea' id='block_1_15' title="bbox 1430 3241 2258 3277">
    <p class='ocr_par' dir='ltr' id='par_1_23' title="bbox 1430 3241 2258 3277">
     <span class='ocr_line' id='line_1_127' title="bbox 1430 3241 2258 3277; baseline -0.004 -8"><span class='ocrx_word' id='word_1_973' title='bbox 1430 3247 1526 3277; x_wconf 76' lang='lat' dir='ltr'>putat,</span> <span class='ocrx_word' id='word_1_974' title='bbox 1546 3245 1616 3277; x_wconf 82' lang='lat' dir='ltr'>quod</span> <span class='ocrx_word' id='word_1_975' title='bbox 1635 3244 1731 3268; x_wconf 88' lang='lat' dir='ltr'>habent</span> <span class='ocrx_word' id='word_1_976' title='bbox 1749 3244 1823 3268; x_wconf 89' lang='lat' dir='ltr'>codd.</span> <span class='ocrx_word' id='word_1_977' title='bbox 1837 3248 1863 3268; x_wconf 89' lang='lat' dir='ltr'>et</span> <span class='ocrx_word' id='word_1_978' title='bbox 1881 3243 1922 3268; x_wconf 90' lang='lat' dir='ltr'>ed.</span> <span class='ocrx_word' id='word_1_979' title='bbox 1940 3241 2020 3274; x_wconf 84' lang='lat'>1514,</span> <span class='ocrx_word' id='word_1_980' title='bbox 2039 3245 2210 3274; x_wconf 83' lang='lat' dir='ltr'>computatur</span> <span class='ocrx_word' id='word_1_981' title='bbox 2229 3243 2258 3267; x_wconf 89' lang='lat' dir='ltr'>P.</span> 
     </span>
    </p>
   </div>
   <div class='ocr_carea' id='block_1_16' title="bbox 1434 3277 2510 3524">
    <p class='ocr_par' dir='ltr' id='par_1_24' title="bbox 1434 3277 2510 3382">
     <span class='ocr_line' id='line_1_128' title="bbox 1489 3277 2509 3312; baseline -0.002 -7"><span class='ocrx_word' id='word_1_982' title='bbox 1489 3280 1514 3312; x_wconf 79' lang='grc' dir='ltr'>κ)</span> <span class='ocrx_word' id='word_1_983' title='bbox 1530 3280 1682 3311; x_wconf 80' lang='lat' dir='ltr'>proposita.</span> <span class='ocrx_word' id='word_1_984' title='bbox 1694 3293 1714 3298; x_wconf 89' lang='lat'><em>-</em></span> <span class='ocrx_word' id='word_1_985' title='bbox 1721 3279 1839 3311; x_wconf 80' lang='lat' dir='ltr'>probata</span> <span class='ocrx_word' id='word_1_986' title='bbox 1858 3278 1890 3309; x_wconf 87' lang='lat' dir='ltr'>P;</span> <span class='ocrx_word' id='word_1_987' title='bbox 1910 3283 1998 3302; x_wconf 89' lang='lat' dir='ltr'>tamen</span> <span class='ocrx_word' id='word_1_988' title='bbox 2013 3285 2080 3310; x_wconf 82' lang='lat' dir='ltr'>quae</span> <span class='ocrx_word' id='word_1_989' title='bbox 2094 3278 2161 3302; x_wconf 92' lang='lat' dir='ltr'>dicta</span> <span class='ocrx_word' id='word_1_990' title='bbox 2175 3283 2236 3302; x_wconf 81' lang='lat' dir='ltr'>sunt</span> <span class='ocrx_word' id='word_1_991' title='bbox 2251 3278 2282 3302; x_wconf 91' lang='lat' dir='ltr'>de</span> <span class='ocrx_word' id='word_1_992' title='bbox 2296 3277 2380 3302; x_wconf 89' lang='lat' dir='ltr'>tribus</span> <span class='ocrx_word' id='word_1_993' title='bbox 2394 3278 2509 3303; x_wconf 88' lang='lat' dir='ltr'>elemen-</span> 
     </span>
     <span class='ocr_line' id='line_1_129' title="bbox 1434 3313 2510 3346; baseline -0.001 -6"><span class='ocrx_word' id='word_1_994' title='bbox 1434 3316 1468 3340; x_wconf 86' lang='lat' dir='ltr'>tis</span> <span class='ocrx_word' id='word_1_995' title='bbox 1484 3321 1509 3340; x_wconf 87' lang='lat' dir='ltr'>et</span> <span class='ocrx_word' id='word_1_996' title='bbox 1519 3316 1582 3340; x_wconf 88' lang='lat' dir='ltr'>locis</span> <span class='ocrx_word' id='word_1_997' title='bbox 1597 3316 1634 3339; x_wconf 89' lang='lat' dir='ltr'>eis</span> <span class='ocrx_word' id='word_1_998' title='bbox 1650 3314 1922 3346; x_wconf 81' lang='lat' dir='ltr'>correspondentibus,</span> <span class='ocrx_word' id='word_1_999' title='bbox 1936 3313 2022 3346; x_wconf 89' lang='lat' dir='ltr'>potius</span> <span class='ocrx_word' id='word_1_1000' title='bbox 2036 3313 2173 3346; x_wconf 89' lang='lat' dir='ltr'>proposuit</span> <span class='ocrx_word' id='word_1_1001' title='bbox 2186 3314 2339 3338; x_wconf 81' lang='lat' dir='ltr'>An&#39;stoteles</span> <span class='ocrx_word' id='word_1_1002' title='bbox 2354 3321 2434 3346; x_wconf 87' lang='lat' dir='ltr'>quam</span> <span class='ocrx_word' id='word_1_1003' title='bbox 2448 3321 2510 3346; x_wconf 92' lang='lat' dir='ltr'>pro-</span> 
     </span>
     <span class='ocr_line' id='line_1_130' title="bbox 1435 3349 2473 3382; baseline -0.001 -7"><span class='ocrx_word' id='word_1_1004' title='bbox 1435 3351 1518 3382; x_wconf 84' lang='lat' dir='ltr'>bavit3</span> <span class='ocrx_word' id='word_1_1005' title='bbox 1538 3350 1571 3375; x_wconf 91' lang='lat' dir='ltr'>cf.</span> <span class='ocrx_word' id='word_1_1006' title='bbox 1586 3350 1612 3374; x_wconf 90' lang='lat' dir='ltr'>in</span> <span class='ocrx_word' id='word_1_1007' title='bbox 1625 3350 1750 3382; x_wconf 86' lang='lat' dir='ltr'>principio</span> <span class='ocrx_word' id='word_1_1008' title='bbox 1769 3349 1871 3374; x_wconf 89' lang='lat' dir='ltr'>numeri</span> <span class='ocrx_word' id='word_1_1009' title='bbox 1889 3349 2009 3382; x_wconf 81' lang='lat' dir='ltr'>praeced.</span> <span class='ocrx_word' id='word_1_1010' title='bbox 2023 3349 2060 3373; x_wconf 85' lang='lat' dir='ltr'>ad</span> <span class='ocrx_word' id='word_1_1011' title='bbox 2078 3349 2150 3381; x_wconf 82' lang='lat' dir='ltr'>quod</span> <span class='ocrx_word' id='word_1_1012' title='bbox 2163 3349 2335 3380; x_wconf 79' lang='lat' dir='ltr'>probandum</span> <span class='ocrx_word' id='word_1_1013' title='bbox 2350 3350 2473 3374; x_wconf 80' lang='lat' dir='ltr'>assumit.</span> 
     </span>
    </p>

    <p class='ocr_par' dir='ltr' id='par_1_25' title="bbox 1435 3384 2510 3524">
     <span class='ocr_line' id='line_1_131' title="bbox 1488 3384 2510 3418; baseline 0 -8"><span class='ocrx_word' id='word_1_1014' title='bbox 1488 3385 1516 3418; x_wconf 87' lang='grc' dir='ltr'>λ)</span> <span class='ocrx_word' id='word_1_1015' title='bbox 1536 3393 1633 3417; x_wconf 85' lang='lat' dir='ltr'>corpus</span> <span class='ocrx_word' id='word_1_1016' title='bbox 1658 3385 1714 3410; x_wconf 85' lang='lat' dir='ltr'>leve</span> <span class='ocrx_word' id='word_1_1017' title='bbox 1738 3385 1809 3417; x_wconf 81' lang='lat' dir='ltr'>quod</span> <span class='ocrx_word' id='word_1_1018' title='bbox 1831 3385 2034 3418; x_wconf 81' lang='lat' dir='ltr'>superfertur...</span> <span class='ocrx_word' id='word_1_1019' title='bbox 2048 3384 2120 3417; x_wconf 81' lang='lat' dir='ltr'>quod</span> <span class='ocrx_word' id='word_1_1020' title='bbox 2140 3387 2180 3409; x_wconf 80' lang='lat' dir='ltr'>est</span> <span class='ocrx_word' id='word_1_1021' title='bbox 2200 3385 2510 3417; x_wconf 80' lang='lat' dir='ltr'>impossibi1e.—corpus</span> 
     </span>
     <span class='ocr_line' id='line_1_132' title="bbox 1435 3420 2510 3454; baseline -0.001 -8"><span class='ocrx_word' id='word_1_1022' title='bbox 1435 3422 1508 3454; x_wconf 85' lang='lat' dir='ltr'>quod</span> <span class='ocrx_word' id='word_1_1023' title='bbox 1521 3422 1723 3454; x_wconf 72' lang='lat' dir='ltr'>superfertur...</span> <span class='ocrx_word' id='word_1_1024' title='bbox 1737 3420 1809 3453; x_wconf 85' lang='lat' dir='ltr'>quod</span> <span class='ocrx_word' id='word_1_1025' title='bbox 1822 3423 1862 3445; x_wconf 84' lang='lat' dir='ltr'>est</span> <span class='ocrx_word' id='word_1_1026' title='bbox 1871 3420 1998 3452; x_wconf 77' lang='lat' dir='ltr'>possibile</span> <span class='ocrx_word' id='word_1_1027' title='bbox 2012 3427 2067 3445; x_wconf 83' lang='lat' dir='ltr'>esse</span> <span class='ocrx_word' id='word_1_1028' title='bbox 2079 3420 2099 3444; x_wconf 89' lang='lat' dir='ltr'>P</span> <span class='ocrx_word' id='word_1_1029' title='bbox 2113 3428 2166 3444; x_wconf 87' lang='lat' dir='ltr'>non</span> <span class='ocrx_word' id='word_1_1030' title='bbox 2180 3425 2258 3451; x_wconf 85' lang='lat' dir='ltr'>recte,</span> <span class='ocrx_word' id='word_1_1031' title='bbox 2273 3425 2302 3445; x_wconf 91' lang='lat' dir='ltr'>ut</span> <span class='ocrx_word' id='word_1_1032' title='bbox 2320 3425 2390 3452; x_wconf 84' lang='lat' dir='ltr'>patet</span> <span class='ocrx_word' id='word_1_1033' title='bbox 2408 3428 2438 3445; x_wconf 84' lang='lat' dir='ltr'>ex</span> <span class='ocrx_word' id='word_1_1034' title='bbox 2457 3426 2510 3445; x_wconf 89' lang='lat' dir='ltr'>tota</span> 
     </span>
     <span class='ocr_line' id='line_1_133' title="bbox 1435 3455 2510 3490; baseline 0 -9"><span class='ocrx_word' id='word_1_1035' title='bbox 1435 3456 1657 3490; x_wconf 77' lang='lat' dir='ltr'>argumentatione</span> <span class='ocrx_word' id='word_1_1036' title='bbox 1676 3455 1753 3480; x_wconf 87' lang='lat' dir='ltr'>huius</span> <span class='ocrx_word' id='word_1_1037' title='bbox 1766 3464 1839 3481; x_wconf 89' lang='lat' dir='ltr'>num.</span> <span class='ocrx_word' id='word_1_1038' title='bbox 1851 3456 1875 3480; x_wconf 87' lang='grc' dir='ltr'><strong>Α</strong></span> <span class='ocrx_word' id='word_1_1039' title='bbox 1889 3455 1980 3481; x_wconf 87' lang='lat' dir='ltr'>habet:</span> <span class='ocrx_word' id='word_1_1040' title='bbox 2000 3463 2097 3488; x_wconf 84' lang='lat' dir='ltr'>corpus</span> <span class='ocrx_word' id='word_1_1041' title='bbox 2116 3456 2172 3480; x_wconf 83' lang='lat' dir='ltr'>leve</span> <span class='ocrx_word' id='word_1_1042' title='bbox 2186 3456 2258 3488; x_wconf 81' lang='lat' dir='ltr'>quod</span> <span class='ocrx_word' id='word_1_1043' title='bbox 2271 3457 2441 3489; x_wconf 68' lang='lat' dir='ltr'>superfertur</span> <span class='ocrx_word' id='word_1_1044' title='bbox 2454 3463 2510 3481; x_wconf 87' lang='lat' dir='ltr'>esse</span> 
     </span>
     <span class='ocr_line' id='line_1_134' title="bbox 1436 3491 2509 3524; baseline -0.001 -7"><span class='ocrx_word' id='word_1_1045' title='bbox 1436 3493 1462 3518; x_wconf 89' lang='lat' dir='ltr'>in</span> <span class='ocrx_word' id='word_1_1046' title='bbox 1482 3493 1531 3517; x_wconf 87' lang='lat' dir='ltr'>hoc</span> <span class='ocrx_word' id='word_1_1047' title='bbox 1549 3493 1614 3522; x_wconf 85' lang='lat' dir='ltr'>loco,</span> <span class='ocrx_word' id='word_1_1048' title='bbox 1634 3491 1733 3516; x_wconf 85' lang='lat' dir='ltr'>scilicet</span> <span class='ocrx_word' id='word_1_1049' title='bbox 1756 3491 1851 3520; x_wconf 79' lang='lat' dir='ltr'>medio,</span> <span class='ocrx_word' id='word_1_1050' title='bbox 1871 3491 1989 3523; x_wconf 85' lang='lat' dir='ltr'>alioquin</span> <span class='ocrx_word' id='word_1_1051' title='bbox 2010 3495 2078 3516; x_wconf 85' lang='lat' dir='ltr'>esset</span> <span class='ocrx_word' id='word_1_1052' title='bbox 2096 3495 2178 3516; x_wconf 79' lang='lat' dir='ltr'>extra</span> <span class='ocrx_word' id='word_1_1053' title='bbox 2198 3492 2292 3524; x_wconf 80' lang='lat' dir='ltr'>ipsum,</span> <span class='ocrx_word' id='word_1_1054' title='bbox 2312 3492 2384 3524; x_wconf 82' lang='lat' dir='ltr'>quod</span> <span class='ocrx_word' id='word_1_1055' title='bbox 2401 3495 2442 3517; x_wconf 86' lang='lat' dir='ltr'>est</span> <span class='ocrx_word' id='word_1_1056' title='bbox 2461 3492 2509 3516; x_wconf 80' lang='lat' dir='ltr'>im—</span> 
     </span>
    </p>
   </div>
   <div class='ocr_carea' id='block_1_17' title="bbox 310 3526 2510 3561">
    <p class='ocr_par' dir='ltr' id='par_1_26' title="bbox 310 3526 2510 3561">
     <span class='ocr_line' id='line_1_135' title="bbox 310 3526 2510 3561; baseline -0 -8"><span class='ocrx_word' id='word_1_1057' title='bbox 310 3533 350 3553; x_wconf 89' lang='lat' dir='ltr'>est</span> <span class='ocrx_word' id='word_1_1058' title='bbox 369 3529 394 3553; x_wconf 88' lang='lat' dir='ltr'>in</span> <span class='ocrx_word' id='word_1_1059' title='bbox 413 3528 546 3553; x_wconf 88' lang='lat' dir='ltr'>intellectu</span> <span class='ocrx_word' id='word_1_1060' title='bbox 571 3533 597 3553; x_wconf 89' lang='grc' dir='ltr'>ει</span> <span class='ocrx_word' id='word_1_1061' title='bbox 621 3528 753 3553; x_wconf 81' lang='lat' dir='ltr'>voluntate</span> <span class='ocrx_word' id='word_1_1062' title='bbox 776 3528 852 3560; x_wconf 90' lang='lat' dir='ltr'>primi</span> <span class='ocrx_word' id='word_1_1063' title='bbox 876 3528 1013 3553; x_wconf 89' lang='lat' dir='ltr'>moventis.</span> <span class='ocrx_word' id='word_1_1064' title='bbox 1037 3528 1070 3552; x_wconf 88' lang='lat' dir='ltr'>Et</span> <span class='ocrx_word' id='word_1_1065' title='bbox 1093 3528 1130 3552; x_wconf 89' lang='lat' dir='ltr'>sic</span> <span class='ocrx_word' id='word_1_1066' title='bbox 1155 3532 1258 3560; x_wconf 82' lang='lat' dir='ltr'>oportet</span> <span class='ocrx_word' id='word_1_1067' title='bbox 1276 3529 1347 3561; x_wconf 91' lang='lat' dir='ltr'>quod</span> <span class='ocrx_word' id='word_1_1068' title='bbox 1365 3537 1381 3554; x_wconf 80' lang='lat' dir='ltr'>a</span> <span class='ocrx_word' id='word_1_1069' title='bbox 1430 3528 1573 3561; x_wconf 80' lang='lat' dir='ltr'>possibile5</span> <span class='ocrx_word' id='word_1_1070' title='bbox 1592 3526 1654 3551; x_wconf 89' lang='lat' dir='ltr'>nihil</span> <span class='ocrx_word' id='word_1_1071' title='bbox 1673 3531 1743 3551; x_wconf 88' lang='lat' dir='ltr'>vetat</span> <span class='ocrx_word' id='word_1_1072' title='bbox 1761 3527 1865 3552; x_wconf 89' lang='lat' dir='ltr'>credere</span> <span class='ocrx_word' id='word_1_1073' title='bbox 1878 3527 1905 3551; x_wconf 86' lang='lat' dir='ltr'>iu</span> <span class='ocrx_word' id='word_1_1074' title='bbox 1919 3527 2007 3559; x_wconf 78' lang='lat' dir='ltr'>aliquo</span> <span class='ocrx_word' id='word_1_1075' title='bbox 2021 3528 2110 3552; x_wconf 88' lang='lat' dir='ltr'>codice</span> <span class='ocrx_word' id='word_1_1076' title='bbox 2127 3527 2239 3552; x_wconf 83' lang='lat' dir='ltr'>familiae</span> <span class='ocrx_word' id='word_1_1077' title='bbox 2250 3528 2274 3552; x_wconf 88' lang='lat' dir='ltr'><strong>A</strong></span> <span class='ocrx_word' id='word_1_1078' title='bbox 2286 3528 2416 3552; x_wconf 89' lang='lat' dir='ltr'>omissum</span> <span class='ocrx_word' id='word_1_1079' title='bbox 2429 3527 2510 3551; x_wconf 87' lang='lat' dir='ltr'>fuisse</span> 
     </span>
    </p>
   </div>
   <div class='ocr_carea' id='block_1_18' title="bbox 308 3563 1381 3668">
    <p class='ocr_par' dir='ltr' id='par_1_27' title="bbox 308 3563 1381 3668">
     <span class='ocr_line' id='line_1_136' title="bbox 308 3563 1381 3598; baseline 0.001 -10"><span class='ocrx_word' id='word_1_1080' title='bbox 308 3564 395 3597; x_wconf 89' lang='lat' dir='ltr'>primo</span> <span class='ocrx_word' id='word_1_1081' title='bbox 414 3568 537 3588; x_wconf 83' lang='lat' dir='ltr'>movente</span> <span class='ocrx_word' id='word_1_1082' title='bbox 555 3563 588 3588; x_wconf 88' lang='lat' dir='ltr'>sit</span> <span class='ocrx_word' id='word_1_1083' title='bbox 606 3569 660 3589; x_wconf 79' lang='lat' dir='ltr'>tota</span> <span class='ocrx_word' id='word_1_1084' title='bbox 678 3564 805 3588; x_wconf 89' lang='lat' dir='ltr'>ordinatio</span> <span class='ocrx_word' id='word_1_1085' title='bbox 823 3564 938 3589; x_wconf 86' lang='lat' dir='ltr'>universi</span> <span class='ocrx_word' id='word_1_1086' title='bbox 954 3573 968 3587; x_wconf 73' lang='grc' dir='ltr'>ι)</span> <span class='ocrx_word' id='word_1_1087' title='bbox 989 3563 1160 3598; x_wconf 80' lang='lat' dir='ltr'>(Metaphys.</span> <span class='ocrx_word' id='word_1_1088' title='bbox 1174 3564 1233 3593; x_wconf 89' lang='lat' dir='ltr'>XII,</span> <span class='ocrx_word' id='word_1_1089' title='bbox 1253 3564 1311 3589; x_wconf 85' lang='lat' dir='ltr'>lect.</span> <span class='ocrx_word' id='word_1_1090' title='bbox 1329 3571 1381 3595; x_wconf 72' lang='grc' dir='ltr'>ιιι,</span> 
     </span>
     <span class='ocr_line' id='line_1_137' title="bbox 309 3599 1380 3632; baseline 0 -8"><span class='ocrx_word' id='word_1_1091' title='bbox 309 3599 376 3624; x_wconf 84' lang='lat' dir='ltr'>circa</span> <span class='ocrx_word' id='word_1_1092' title='bbox 394 3599 574 3632; x_wconf 83' lang='lat' dir='ltr'>principium).</span> <span class='ocrx_word' id='word_1_1093' title='bbox 591 3612 610 3618; x_wconf 83' lang='lat'>—-</span> <span class='ocrx_word' id='word_1_1094' title='bbox 627 3600 717 3624; x_wconf 87' lang='lat' dir='ltr'>Lectio</span> <span class='ocrx_word' id='word_1_1095' title='bbox 737 3605 823 3625; x_wconf 85' lang='lat' dir='ltr'>autern</span> <span class='ocrx_word' id='word_1_1096' title='bbox 842 3600 900 3624; x_wconf 91' lang='lat' dir='ltr'>cod.</span> <span class='ocrx_word' id='word_1_1097' title='bbox 914 3600 937 3624; x_wconf 89' lang='lat' dir='ltr'><strong>A</strong></span> <span class='ocrx_word' id='word_1_1098' title='bbox 955 3607 1009 3624; x_wconf 88' lang='lat' dir='ltr'>non</span> <span class='ocrx_word' id='word_1_1099' title='bbox 1026 3599 1128 3624; x_wconf 89' lang='lat' dir='ltr'>videtur</span> <span class='ocrx_word' id='word_1_1100' title='bbox 1146 3599 1187 3624; x_wconf 91' lang='lat' dir='ltr'>hic</span> <span class='ocrx_word' id='word_1_1101' title='bbox 1206 3599 1380 3631; x_wconf 79' lang='lat' dir='ltr'>praeferenda.</span> 
     </span>
     <span class='ocr_line' id='line_1_138' title="bbox 309 3635 1380 3668; baseline -0.001 -8"><span class='ocrx_word' id='word_1_1102' title='bbox 309 3635 376 3660; x_wconf 90' lang='lat' dir='ltr'>Nam</span> <span class='ocrx_word' id='word_1_1103' title='bbox 395 3635 510 3668; x_wconf 90' lang='lat' dir='ltr'>primum</span> <span class='ocrx_word' id='word_1_1104' title='bbox 529 3642 652 3664; x_wconf 84' lang='lat' dir='ltr'>movens,</span> <span class='ocrx_word' id='word_1_1105' title='bbox 672 3643 687 3660; x_wconf 81' lang='lat' dir='ltr'>a</span> <span class='ocrx_word' id='word_1_1106' title='bbox 706 3643 759 3668; x_wconf 89' lang='lat' dir='ltr'>quo</span> <span class='ocrx_word' id='word_1_1107' title='bbox 779 3640 819 3660; x_wconf 90' lang='lat' dir='ltr'>est</span> <span class='ocrx_word' id='word_1_1108' title='bbox 837 3640 890 3660; x_wconf 89' lang='lat' dir='ltr'>tota</span> <span class='ocrx_word' id='word_1_1109' title='bbox 908 3635 1035 3660; x_wconf 86' lang='lat' dir='ltr'>ordinatio</span> <span class='ocrx_word' id='word_1_1110' title='bbox 1053 3635 1180 3664; x_wconf 82' lang='lat' dir='ltr'>universi,</span> <span class='ocrx_word' id='word_1_1111' title='bbox 1205 3642 1257 3659; x_wconf 91' lang='lat' dir='ltr'>non</span> <span class='ocrx_word' id='word_1_1112' title='bbox 1282 3639 1321 3660; x_wconf 88' lang='lat' dir='ltr'>est</span> <span class='ocrx_word' id='word_1_1113' title='bbox 1338 3635 1380 3660; x_wconf 92' lang='lat' dir='ltr'>ul-</span> 
     </span>
    </p>
   </div>
   <div class='ocr_carea' id='block_1_19' title="bbox 454 3688 809 3721">
    <p class='ocr_par' dir='ltr' id='par_1_28' title="bbox 454 3688 809 3721">
     <span class='ocr_line' id='line_1_139' title="bbox 454 3688 809 3721; baseline 0 -8"><span class='ocrx_word' id='word_1_1114' title='bbox 454 3688 524 3721; x_wconf 87' lang='lat' dir='ltr'>Opp.</span> <span class='ocrx_word' id='word_1_1115' title='bbox 543 3689 574 3713; x_wconf 93' lang='lat' dir='ltr'>D.</span> <span class='ocrx_word' id='word_1_1116' title='bbox 589 3688 703 3713; x_wconf 66' lang='grc' dir='ltr'>ΤιειοιιΑε</span> <span class='ocrx_word' id='word_1_1117' title='bbox 718 3688 750 3713; x_wconf 88' lang='grc' dir='ltr'>Τ.</span> <span class='ocrx_word' id='word_1_1118' title='bbox 770 3689 809 3713; x_wconf 88' lang='grc' dir='ltr'>ΙΙΙ.</span> 
     </span>
    </p>
   </div>
   <div class='ocr_carea' id='block_1_20' title="bbox 1434 3562 2509 3667">
    <p class='ocr_par' dir='ltr' id='par_1_29' title="bbox 1434 3562 2509 3667">
     <span class='ocr_line' id='line_1_140' title="bbox 1435 3562 2509 3596; baseline -0.001 -8"><span class='ocrx_word' id='word_1_1119' title='bbox 1435 3564 1632 3588; x_wconf 87' lang='lat' dir='ltr'>homoteleuton</span> <span class='ocrx_word' id='word_1_1120' title='bbox 1646 3563 1710 3595; x_wconf 83' lang='lat' dir='ltr'>quia</span> <span class='ocrx_word' id='word_1_1121' title='bbox 1723 3570 1815 3588; x_wconf 87' lang='lat' dir='ltr'>cum...</span> <span class='ocrx_word' id='word_1_1122' title='bbox 1830 3563 1887 3588; x_wconf 82' lang='lat' dir='ltr'>loco</span> <span class='ocrx_word' id='word_1_1123' title='bbox 1901 3562 1997 3592; x_wconf 84' lang='lat' dir='ltr'>medio,</span> <span class='ocrx_word' id='word_1_1124' title='bbox 2009 3563 2187 3596; x_wconf 89' lang='lat' dir='ltr'>mendumque</span> <span class='ocrx_word' id='word_1_1125' title='bbox 2196 3563 2246 3588; x_wconf 92' lang='lat' dir='ltr'>hoc</span> <span class='ocrx_word' id='word_1_1126' title='bbox 2261 3563 2375 3596; x_wconf 84' lang='lat' dir='ltr'>aliquem</span> <span class='ocrx_word' id='word_1_1127' title='bbox 2385 3564 2509 3587; x_wconf 89' lang='lat' dir='ltr'>lectorem</span> 
     </span>
     <span class='ocr_line' id='line_1_141' title="bbox 1436 3598 2508 3632; baseline -0.002 -8"><span class='ocrx_word' id='word_1_1128' title='bbox 1436 3598 1578 3624; x_wconf 79' lang='lat' dir='ltr'>correxisse</span> <span class='ocrx_word' id='word_1_1129' title='bbox 1592 3598 1710 3623; x_wconf 88' lang='lat' dir='ltr'>addendo</span> <span class='ocrx_word' id='word_1_1130' title='bbox 1728 3598 1856 3631; x_wconf 80' lang='lat' dir='ltr'>alioquin,</span> <span class='ocrx_word' id='word_1_1131' title='bbox 1872 3599 1942 3631; x_wconf 89' lang='lat' dir='ltr'>quod</span> <span class='ocrx_word' id='word_1_1132' title='bbox 1962 3598 2060 3623; x_wconf 91' lang='lat' dir='ltr'>bonum</span> <span class='ocrx_word' id='word_1_1133' title='bbox 2080 3599 2186 3632; x_wconf 88' lang='lat' dir='ltr'>quidem</span> <span class='ocrx_word' id='word_1_1134' title='bbox 2199 3607 2307 3624; x_wconf 89' lang='lat' dir='ltr'>sensum</span> <span class='ocrx_word' id='word_1_1135' title='bbox 2325 3599 2375 3630; x_wconf 86' lang='lat' dir='ltr'>dat,</span> <span class='ocrx_word' id='word_1_1136' title='bbox 2390 3598 2437 3623; x_wconf 91' lang='lat' dir='ltr'>sed</span> <span class='ocrx_word' id='word_1_1137' title='bbox 2456 3606 2508 3622; x_wconf 91' lang='lat' dir='ltr'>non</span> 
     </span>
     <span class='ocr_line' id='line_1_142' title="bbox 1434 3634 2065 3667; baseline -0.002 -7"><span class='ocrx_word' id='word_1_1138' title='bbox 1434 3640 1488 3660; x_wconf 83' lang='lat' dir='ltr'>tam</span> <span class='ocrx_word' id='word_1_1139' title='bbox 1507 3635 1613 3667; x_wconf 85' lang='lat' dir='ltr'>plenum</span> <span class='ocrx_word' id='word_1_1140' title='bbox 1632 3634 1698 3659; x_wconf 87' lang='lat' dir='ltr'>sicut</span> <span class='ocrx_word' id='word_1_1141' title='bbox 1716 3634 1794 3659; x_wconf 88' lang='lat' dir='ltr'>ceteri</span> <span class='ocrx_word' id='word_1_1142' title='bbox 1812 3634 1914 3659; x_wconf 84' lang='lat' dir='ltr'>codices</span> <span class='ocrx_word' id='word_1_1143' title='bbox 1933 3634 2065 3667; x_wconf 79' lang='lat' dir='ltr'>praebent.</span> 
     </span>
    </p>
   </div>
   <div class='ocr_carea' id='block_1_21' title="bbox 2300 3694 2330 3711">
    <p class='ocr_par' dir='ltr' id='par_1_30' title="bbox 2300 3694 2330 3711">
     <span class='ocr_line' id='line_1_143' title="bbox 2300 3694 2330 3711; baseline 0 0"><span class='ocrx_word' id='word_1_1144' title='bbox 2300 3694 2330 3711; x_wconf 84' lang='lat'>10</span> 
     </span>
    </p>
   </div>
   <div class='ocr_carea' id='block_1_22' title="bbox 2530 829 2745 859">
    <p class='ocr_par' dir='ltr' id='par_1_31' title="bbox 2530 829 2745 859">
     <span class='ocr_line' id='line_1_144' title="bbox 2530 829 2745 859; baseline 0 -7"><span class='ocrx_word' id='word_1_1145' title='bbox 2530 831 2539 840; x_wconf 73' lang='lat'>‘¹</span> <span class='ocrx_word' id='word_1_1146' title='bbox 2549 829 2586 852; x_wconf 83' lang='lat' dir='ltr'>Cf.</span> <span class='ocrx_word' id='word_1_1147' title='bbox 2594 830 2695 859; x_wconf 86' lang='lat' dir='ltr'>lect.xv1,</span> <span class='ocrx_word' id='word_1_1148' title='bbox 2704 837 2745 858; x_wconf 89' lang='lat' dir='ltr'>n.4</span> 
     </span>
    </p>
   </div>
   <div class='ocr_carea' id='block_1_23' title="bbox 2529 1204 2731 1225">
    <p class='ocr_par' dir='ltr' id='par_1_32' title="bbox 2529 1204 2731 1225">
     <span class='ocr_line' id='line_1_145' title="bbox 2529 1204 2731 1225; baseline 0 0"><span class='ocrx_word' id='word_1_1149' title='bbox 2529 1204 2540 1215; x_wconf 75' lang='lat'>&#39;⁵</span> <span class='ocrx_word' id='word_1_1150' title='bbox 2555 1205 2633 1225; x_wconf 82' lang='lat' dir='ltr'>autem</span> <span class='ocrx_word' id='word_1_1151' title='bbox 2647 1209 2695 1225; x_wconf 88' lang='lat' dir='ltr'>om.</span> <span class='ocrx_word' id='word_1_1152' title='bbox 2709 1209 2731 1225; x_wconf 81' lang='grc' dir='ltr'>Α.</span> 
     </span>
    </p>
   </div>
   <div class='ocr_carea' id='block_1_24' title="bbox 2538 2485 2756 2514">
    <p class='ocr_par' dir='ltr' id='par_1_33' title="bbox 2538 2485 2756 2514">
     <span class='ocr_line' id='line_1_146' title="bbox 2538 2485 2756 2514; baseline 0 -7"><span class='ocrx_word' id='word_1_1153' title='bbox 2538 2487 2548 2495; x_wconf 90' lang='grc'>·</span> <span class='ocrx_word' id='word_1_1154' title='bbox 2559 2485 2686 2514; x_wconf 78' lang='lat' dir='ltr'>praedicta</span> <span class='ocrx_word' id='word_1_1155' title='bbox 2702 2491 2742 2507; x_wconf 90' lang='lat' dir='ltr'>om</span> <span class='ocrx_word' id='word_1_1156' title='bbox 2749 2500 2756 2506; x_wconf 89' lang='lat'>.</span> 
     </span>
    </p>
   </div>
   <div class='ocr_carea' id='block_1_25' title="bbox 2538 2528 2736 2561">
    <p class='ocr_par' dir='ltr' id='par_1_34' title="bbox 2538 2528 2736 2561">
     <span class='ocr_line' id='line_1_147' title="bbox 2538 2528 2736 2561; baseline 0 0"><span class='ocrx_word' id='word_1_1157' title='bbox 2538 2528 2559 2550; x_wconf 82' lang='lat'>..·</span> <span class='ocrx_word' id='word_1_1158' title='bbox 2576 2539 2612 2561; x_wconf 83' lang='lat' dir='ltr'>Cf.</span> <span class='ocrx_word' id='word_1_1159' title='bbox 2623 2539 2676 2561; x_wconf 84' lang='lat' dir='ltr'>lect.</span> <span class='ocrx_word' id='word_1_1160' title='bbox 2686 2545 2736 2561; x_wconf 83' lang='lat' dir='ltr'>vm.</span> 
     </span>
    </p>
   </div>
   <div class='ocr_carea' id='block_1_26' title="bbox 2538 2757 2750 2812">
    <p class='ocr_par' dir='ltr' id='par_1_35' title="bbox 2538 2757 2750 2812">
     <span class='ocr_line' id='line_1_148' title="bbox 2600 2757 2750 2783; baseline 0 -5"><span class='ocrx_word' id='word_1_1161' title='bbox 2600 2757 2632 2778; x_wconf 80' lang='lat' dir='ltr'>od</span> <span class='ocrx_word' id='word_1_1162' title='bbox 2645 2762 2702 2778; x_wconf 84' lang='lat' dir='ltr'>vero</span> <span class='ocrx_word' id='word_1_1163' title='bbox 2720 2763 2750 2783; x_wconf 71' lang='grc' dir='ltr'>ι’,</span> 
     </span>
     <span class='ocr_line' id='line_1_149' title="bbox 2538 2784 2715 2812; baseline -0.011 -6"><span class='ocrx_word' id='word_1_1164' title='bbox 2538 2784 2620 2812; x_wconf 82' lang='lat' dir='ltr'>Quare</span> <span class='ocrx_word' id='word_1_1165' title='bbox 2633 2789 2680 2805; x_wconf 82' lang='lat' dir='ltr'>non</span> <span class='ocrx_word' id='word_1_1166' title='bbox 2693 2789 2715 2804; x_wconf 75' lang='grc' dir='ltr'>ιι.</span> 
     </span>
    </p>
   </div>
  </div>
 </body>
</html>
