2782 4134
1137 276 1250 313 CAP.
1282 276 1351 324 IX,
1383 275 1535 312 LECT.
1565 275 1656 312 XIX

293 361 334 399 Si
353 360 514 397 omnino
535 360 688 408 similes,
710 365 836 396 essent
853 357 1006 394 frustra:
1037 356 1142 405 quod
1162 368 1241 392 non
1262 368 1366 392 corn-

291 414 385 464 petit
404 414 611 463 sapientiae
635 412 766 462 ipsius.
797 411 838 448 Si
857 417 987 447 autem
1008 409 1220 457 dissimiles,
1241 409 1366 446 nullus

293 480 429 505 eorum
464 465 810 517 comprehenderet
846 463 885 500 in
918 475 958 500 se
992 475 1152 499 omnem
1190 470 1366 499 naturam

293 521 464 570 corporis
484 520 690 558 sensibilis:
721 526 757 555 et
783 517 834 555 ita
857 517 983 554 nullus
1009 528 1144 553 eorum
1165 523 1264 552 esset
1281 528 1366 564 per-

292 575 424 623 fectus,
455 574 523 612 sed
544 587 589 611 ex
609 572 788 611 omnibus
818 569 1109 608 constitueretur
1135 581 1236 606 unus
1255 581 1366 605 mun-

295 628 366 666 dus
394 629 594 678 perfectus.

347 681 434 719 Alio
459 680 580 718 modo
604 686 730 729 potest
750 676 855 725 argui
879 676 944 713 sic.
968 676 1124 723 Quanto
1145 673 1288 723 aliquid
1313 681 1368 710 est

293 735 478 782 nobilius,
512 740 617 771 tanto
651 732 732 768 eius
765 729 912 779 species
946 737 1001 766 est
1029 729 1150 778 magis
1177 729 1366 773 virtuosa3

293 788 462 826 mundus
480 794 610 824 autem
631 793 686 822 est
705 783 871 822 nobilior
889 782 1059 832 qualibet
1078 795 1116 819 re
1131 780 1290 820 naturali
1306 779 1367 817 hic

293 841 494 886 existente3
530 851 619 876 curn
638 838 748 887 igitur
767 837 914 887 species
935 836 989 874 rei
1008 835 1188 874 naturalis
1209 835 1271 872 hic
1291 834 1366 871 exi-

292 893 433 940 stentis,
453 892 654 942 puta-equi
674 898 740 929 aut
759 890 883 938 bovis,
904 889 1025 939 possit
1043 890 1229 943 perfiqere
1256 889 1367 938 plura

290 946 506 994 individua,
535 946 658 983 multo
678 944 800 993 magis
819 943 967 994 species
989 944 1103 981 totius
1127 943 1263 981 mundi
1282 950 1366 991 pot-

292 1007 348 1037 est
365 1000 476 1050 plura
500 998 699 1036 individua
716 998 913 1048 perficere.
926 1018 950 1025 -
967 997 1045 1035 Sed
1071 997 1120 1035 ad
1139 997 1215 1034 hoc
1240 996 1366 1034 dicen-

291 1052 385 1091 dum
399 1061 456 1091 est
470 1053 576 1103 quod
595 1052 753 1090 maioris
771 1051 920 1089 virtutis
936 1059 993 1089 est
1007 1051 1130 1088 facere
1146 1062 1267 1088 unum
1281 1061 1366 1099 per-

2444 288 2495 324 79

1422 355 1584 402 fectum,
1615 367 1732 405 quam
1765 355 1888 391 facere
1922 355 2042 392 multa
2075 354 2308 404 imperfecta.
2340 355 2496 403 Singula

1423 416 1551 445 autem
1575 408 1774 446 individua
1798 420 1927 445 rerum
1948 408 2177 445 naturalium
2197 420 2295 457 quae
2315 415 2403 445 sunt
2420 408 2494 457 hic,

1422 469 1509 499 sunt
1523 462 1761 512 imperfecta;
1782 461 1872 510 quia
1887 461 2035 499 nullum
2051 473 2187 498 eorum
2204 461 2495 511 comprehendit

1422 515 1460 552 in
1480 528 1522 552 se
1540 523 1665 552 totum
1694 515 1800 564 quod
1818 515 1981 564 pertinet
2004 514 2055 552 ad
2074 527 2186 552 suam
2206 514 2386 564 speciem.
2418 515 2496 552 Sed

1422 569 1590 606 mundus
1623 569 1698 605 hoc
1731 570 1851 606 modo
1881 568 2070 618 perfectus
2105 575 2179 605 est:
2214 568 2318 605 unde
2347 580 2393 604 ex
2421 568 2496 605 hoc

1422 621 1506 670 ipso
1536 622 1617 659 eius
1645 622 1791 671 species
1820 621 2032 659 ostenditur
2059 621 2181 670 magis
2205 621 2386 659 virtuosa.

1477 675 1609 712 Tertio
1630 675 1806 712 obiicitur
1820 675 1883 712 sic.
1905 675 2045 713 Melius
2066 682 2122 712 est
2140 674 2380 724 multiplicari
2400 674 2496 723 opti-

1423 740 1500 775 ma,
1521 740 1640 776 quam
1661 741 1706 765 ea
1725 741 1824 777 quae
1844 736 1932 766 sunt
1950 729 2078 766 minus
2097 729 2217 775 bona3
2239 728 2308 765 sed
2326 728 2495 765 mundus

1424 788 1479 817 est
1499 781 1689 829 optimus;
1721 794 1809 830 ergo
1831 782 1967 819 melius
1988 789 2045 819 est
2064 794 2147 819 esse
2165 782 2294 831 plures
2313 781 2494 829 mundos,

1423 846 1541 882 quarn
1554 835 1664 883 plura
1678 834 1856 872 animalia
1870 843 1935 872 aut
1952 835 2080 884 plures
2094 836 2282 885 plantas.-
2290 835 2339 871 Et
2357 835 2407 872 ad
2421 835 2497 872 hoc

1423 887 1630 926 dicendum
1651 888 1757 936 quod
1785 889 1860 925 hoc
1879 888 2006 937 ipsum
2033 889 2196 938 pertinet
2215 888 2265 926 ad
2284 887 2495 925 bonitatem

1422 940 1575 989 mundi,
1596 941 1703 990 quod
1723 941 1769 978 sit
1790 953 1890 978 unus
1908 943 1948 987 *ς
1978 942 2067 991 quia
2094 954 2217 979 unum
2245 942 2362 979 habet
2384 941 2497 978 ratio-

1423 1007 1514 1032 nem
1542 994 1655 1032 boni:
1689 994 1867 1032 videmus
1897 995 1999 1032 enim
2028 996 2134 1044 quod
2166 1007 2237 1045 per
2265 994 2496 1033 divisionem

1423 1048 1549 1098 aliqua
1578 1048 1759 1086 decidunt
1786 1061 1809 1085 a
1836 1048 1991 1098 propria
2017 1049 2198 1087 bonitate.

2523 949 2533 959 ·
2548 954 2617 971 unum
2632 948 2702 971 codd.
