2782 4134
51 1030 63 1041 ·
75 1029 121 1053 sed
132 1030 202 1062 codd.
214 1035 266 1052 eze.

50 1060 196 1099 metallan
216 1063 266 1079 om.

1139 302 1251 339 CAP.
1282 303 1351 350 IX,
1381 302 1534 340 LECT.
1565 303 1655 340 XIX

296 382 543 430 naturalibus,
563 394 727 433 quarum
748 382 896 419 formae
916 392 996 417 non
1014 388 1176 429 possunt
1196 393 1278 418 esse
1298 393 1371 418 nec

295 436 449 484 intelligi
477 436 557 474 sine
583 435 741 473 materia
773 433 957 480 sensibili;
988 434 1084 471 sicut
1111 434 1253 471 simum
1291 447 1371 472 non

295 497 423 539 potest
450 502 534 527 esse
553 502 626 527 nec
648 488 801 536 intelligi
819 487 901 524 sine
920 499 1027 524 naso.
1050 487 1129 524 Sed
1148 495 1277 525 tamen
1296 489 1370 525 for-

296 555 386 580 mae
413 543 616 591 naturales,
637 540 814 591 quamvis
833 552 913 578 non
936 540 1084 589 possint
1111 540 1265 589 intelligi
1288 541 1370 578 sine

297 596 457 634 materia
485 595 653 634 sensibili
678 595 718 632 in
739 593 950 640 communi,
971 601 1132 643 possunt
1159 601 1288 631 tamen
1316 594 1370 631 in-

296 650 410 698 telligi
424 650 504 687 sine
524 648 683 687 materia
697 647 864 685 sensibili
877 646 896 676 fi
915 647 1070 695 signata,
1087 659 1186 696 quae
1203 655 1258 684 est
1276 647 1371 684 indi-

295 703 527 741 viduationis
551 710 588 740 et
605 700 870 750 singularitatis
896 700 1150 749 principium;
1179 700 1276 737 sicut
1303 712 1372 749 pes

296 769 377 794 non
395 763 522 805 potest
539 754 693 803 intelligi
713 754 794 791 sine
814 753 993 791 carnibus
1013 762 1050 791 et
1069 753 1231 801 ossibus,
1246 761 1373 802 potest

295 817 426 847 tamen
453 808 606 857 intelligi
625 808 707 846 sine
725 807 784 845 his
806 806 983 845 carnibus
1002 815 1039 844 et
1056 807 1115 844 his
1135 807 1297 844 ossibus.
1324 807 1372 844 Et

295 862 384 900 ideo
404 862 532 900 subdit
547 863 668 911 quod,
689 861 721 898 si
744 873 824 898 non
851 873 1061 910 possumus
1081 859 1287 908 intelligere
1307 872 1372 898 ne-

295 927 371 964 que
391 927 545 952 sumere
572 915 612 952 in
630 922 761 952 nostra
782 914 1087 952 consideratione
1108 913 1250 963 aliquid
1269 914 1371 951 aliud

294 976 446 1018 praeter
470 968 688 1019 singulare,
721 968 818 1006 idest
848 975 1000 1017 praeter
1027 967 1241 1015 materiam,
1271 980 1371 1017 quae

294 1021 500 1060 includitur
517 1022 557 1059 in
576 1022 722 1059 ratione
751 1021 961 1070 singularis,
982 1021 1123 1058 scilicet
1142 1021 1163 1042 *
1181 1029 1297 1070 prout
1317 1028 1372 1058 est

294 1075 442 1124 signata
469 1075 574 1125 (quia
601 1075 838 1125 quandoque
874 1074 966 1112 nihil
993 1074 1172 1124 prohibet
1206 1075 1283 1111 hoc
1310 1087 1371 1111 ac-

295 1129 434 1176 cidere,
455 1137 497 1166 ut
524 1129 665 1166 scilicet
692 1141 772 1166 non
799 1128 920 1178 possit
956 1129 1080 1165 forma
1107 1128 1261 1176 intelligi
1289 1127 1370 1165 sine

294 1182 455 1233 materia
482 1182 671 1229 sensibili,
700 1182 796 1220 sicut
827 1182 858 1220 si
895 1182 1148 1230 intelligamus
1187 1182 1370 1218 circulum

284 1236 375 1274 ‘sine
388 1232 565 1274 ‘materia
592 1236 792 1282 sensibili):
822 1235 1070 1273 nihilominus
1088 1243 1218 1272 tamen
1246 1234 1286 1271 in
1305 1246 1371 1271 na-

236 1304 238 1306 ’
293 1290 490 1338 ruralibus,
510 1290 549 1327 in
576 1289 717 1338 quibus
739 1290 816 1326 hoc
842 1289 978 1326 accidit
996 1289 1103 1337 quod
1131 1300 1211 1325 non
1238 1287 1371 1324 intelli-

293 1343 393 1392 gitur
420 1343 546 1380 forma
573 1343 654 1380 sine
683 1343 862 1389 materia,
892 1343 966 1380 alia
994 1350 1051 1379 est
1079 1341 1174 1379 ratio
1203 1341 1256 1378 rei
1284 1341 1323 1378 in
1350 1341 1371 1362 ³⁸

294 1396 496 1434 communi
509 1404 689 1446 acceptae
710 1403 747 1433 et
765 1396 804 1433 in
823 1395 1014 1444 singulari,
1031 1395 1127 1433 sicut
1146 1394 1314 1431 hominis
1334 1402 1371 1431 et

293 1450 406 1488 huius
433 1450 617 1496 hominis3
645 1457 739 1498 puta
766 1449 798 1486 si
827 1449 1000 1486 dicamus
1037 1448 1145 1499 quod
1179 1447 1282 1485 aliud
1316 1455 1371 1485 est

293 1515 373 1541 esse
401 1503 541 1540 circulo
571 1511 608 1540 et
634 1502 724 1540 huic
752 1502 915 1550 circulo,
945 1502 1044 1540 idest
1079 1502 1152 1539 alia
1186 1509 1242 1538 est
1270 1501 1365 1538 ratio

293 1556 492 1594 definitiva
509 1555 718 1605 utriusque.
739 1556 790 1593 Et
810 1555 907 1593 haec
926 1556 1096 1605 quidem,
1118 1554 1258 1593 scilicet
1276 1555 1370 1592 ratio

292 1609 348 1648 rei
375 1610 415 1647 in
443 1609 653 1656 communi,
675 1616 732 1646 est
757 1610 909 1658 species,
929 1609 1027 1647 idest
1053 1609 1136 1659 ipsa
1160 1609 1255 1646 ratio
1285 1620 1369 1658 spe-

292 1662 382 1700 ciei:
410 1664 508 1700 haec
536 1670 678 1710 autem,
699 1662 840 1700 scilicet
868 1663 963 1700 ratio
992 1662 1045 1700 rei
1073 1663 1112 1700 in
1139 1662 1368 1711 particulari,

291 1715 479 1766 significat
498 1716 685 1754 rationem
705 1716 846 1765 speciei
865 1716 904 1754 in
922 1717 1082 1754 materia
1106 1715 1369 1764 determinata,

292 1777 338 1808 etv
358 1777 415 1808 est
443 1770 491 1808 de
520 1782 683 1808 numero
712 1769 973 1818 singularium.

350 1824 384 1861 5.
405 1824 556 1862 Deinde
586 1835 686 1861 cumv
703 1823 807 1861 dicit:
841 1824 1031 1866 Quoniam
1060 1823 1179 1873 igitur
1205 1829 1260 1860 est
1285 1834 1369 1860 cae·

258 1886 262 1890 “
291 1876 372 1914 lum
401 1884 493 1925 etc.,
522 1877 631 1926 ponit
658 1877 850 1915 minorem
888 1877 1097 1926 syllogismi
1135 1876 1290 1914 inducti.
1320 1877 1370 1914 Et

45 2098 169 2122 ἀὑ-Δ.

292 1930 383 1968 dicit
409 1931 528 1979 quod,
559 1943 649 1968 cum
667 1930 828 1977 caelum,
849 1930 946 1968 idest
973 1931 1155 1977 mundus,
1177 1930 1223 1968 sit
1246 1929 1368 1979 quod-

292 1983 383 2021 dam
412 1984 612 2032 sensibile,
642 1995 799 2021 necesse
829 1991 885 2021 est
912 1984 1019 2032 quod
1047 1984 1093 2021 sit
1120 1985 1170 2022 de
1203 1995 1368 2022 numero

290 2036 556 2085 singularium:
586 2045 623 2075 et
658 2038 734 2075 hoc
767 2037 876 2085 ideo,
907 2037 998 2086 quia
1035 2050 1154 2075 omne
1191 2037 1367 2075 sensibile

290 2091 408 2128 habet
427 2103 509 2128 esse
529 2091 568 2128 in
588 2090 759 2128 materia.
781 2092 824 2129 Id
843 2098 973 2128 autem
994 2091 1014 2113 *
1035 2092 1141 2140 quod
1165 2099 1221 2128 est
1241 2091 1367 2128 forma

290 2155 371 2181 non
398 2144 438 2181 in
457 2144 629 2192 materia,
650 2156 731 2182 non
759 2151 816 2181 est
834 2144 1023 2192 sensibile,
1045 2144 1112 2182 sed
1137 2144 1368 2192 intelligibile

241 2202 243 2204 ’
290 2203 456 2234 tantum:
487 2197 686 2246 qualitates
725 2197 827 2234 enim
856 2197 1055 2235 sensibiles
1091 2205 1180 2234 sunt
1207 2197 1367 2247 disposi-

44 2470 141 2495 'fflm
155 2476 235 2500 moe.

269 2299 278 2307 .
289 2250 415 2288 tiones
442 2251 626 2288 materiae
640 2256 667 2287 ⁷.

345 2304 382 2342 6.
403 2304 554 2342 Deinde
574 2316 663 2342 curn
684 2303 790 2341 dicit:
811 2304 854 2340 Si
866 2309 991 2341 autem
1010 2303 1266 2354 singularium
1283 2310 1365 2351 etc.,

288 2357 399 2407 ponit
417 2357 720 2395 conclusionem.
741 2357 791 2393 Et
809 2357 900 2395 dicit
919 2357 1026 2406 quod
1045 2357 1075 2394 si
1094 2357 1255 2404 caelum,
1271 2356 1368 2394 idest

289 2411 470 2458 mundus,
493 2419 550 2448 est
568 2411 618 2449 de
641 2421 805 2448 numero
826 2410 1087 2458 singularium,
1106 2418 1149 2447 ut
1168 2418 1366 2447 ostensum

289 2470 344 2502 est
363 2465 396 2513 ¹⁸¹,
417 2465 578 2502 alterum
606 2465 679 2502 erit
703 2475 783 2500 esse
808 2465 896 2501 huic
923 2464 1028 2501 caelo
1047 2463 1284 2512 singulariter
1312 2463 1367 2500 di-

289 2525 362 2566 cto,
391 2524 427 2555 et
453 2519 558 2556 caelo
586 2517 820 2567 simpliciter,
850 2517 948 2555 idest
974 2517 1239 2554 universaliter
1262 2529 1366 2554 sum-

285 2578 373 2621 pto;
402 2571 500 2609 idest
525 2571 599 2609 alia
627 2571 697 2609 erit
723 2571 819 2609 ratio
843 2571 1053 2620 utriusque.
1081 2571 1131 2608 Et
1159 2570 1212 2607 sic
1241 2570 1366 2619 sequi-

342 2715 369 2751 β)
383 2718 411 2743 in
425 2716 594 2744 communi...
608 2716 736 2742 sensibili.
748 2729 768 2736 -
780 2717 846 2748 Hoc,
861 2716 939 2742 solita
951 2717 1098 2748 occasione,
1112 2725 1166 2742 om.
1181 2717 1258 2742 codd.
1272 2724 1327 2742 exc.
1339 2717 1362 2742 A

287 2754 335 2780 sG.
354 2755 422 2779 Ante
441 2754 507 2778 duas
521 2753 565 2778 lin.
579 2757 640 2786 post
654 2752 770 2785 intelligi
786 2752 844 2777 sine
862 2760 937 2782 naso,
955 2753 975 2777 C
994 2753 1065 2778 addit
1079 2755 1195 2785 possunt
1213 2756 1302 2778 tamen
1323 2752 1363 2777 in-

287 2790 375 2823 telligi
385 2789 444 2815 sine
462 2788 577 2814 materia
590 2788 714 2821 signatas
725 2787 769 2813 vix
778 2787 887 2813 dubium
901 2795 961 2814 esse
971 2793 1059 2821 potest
1067 2789 1131 2821 quin
1148 2788 1199 2813 hoc
1212 2788 1290 2814 fuen't
1303 2793 1364 2813 nota

286 2816 451 2859 marginilss,
470 2832 550 2859 quam
573 2824 708 2856 imperitus
727 2823 838 2856 scriptor
861 2824 1001 2850 oscitanter
1019 2824 1098 2849 textui
1116 2824 1261 2849 inseruerit.
1272 2838 1292 2843 -
1305 2824 1364 2849 Lin.

287 2868 346 2894 seq.
359 2866 479 2894 propes,
500 2859 571 2893 quod
585 2867 639 2884 om.
652 2859 712 2892 Apl,
732 2859 775 2884 hic
788 2865 839 2891 pes
858 2867 911 2884 non
929 2863 999 2884 recte
1018 2859 1092 2891 esG;
1112 2867 1227 2892 sequens
1242 2859 1362 2884 homote-

233 2917 235 2919 .
287 2897 379 2923 leuton
396 2897 455 2922 sine
472 2895 598 2922 carnibus
608 2894 759 2928 ...intelligi
777 2901 832 2920 om.
846 2895 922 2920 codd.
935 2902 989 2920 exc.
1003 2895 1084 2920 AEG.
1096 2909 1116 2915 -
1128 2896 1169 2921 De
1187 2895 1228 2920 his
1248 2903 1316 2928 quae
1337 2895 1364 2920 in

285 2931 340 2958 hoc
357 2939 467 2958 numero
486 2932 613 2962 dicuntur,
632 2930 730 2957 scilicet
748 2930 820 2963 quod
839 2930 866 2956 in
886 2931 991 2956 ratione
1009 2938 1102 2956 eorum
1121 2938 1190 2964 quae
1207 2931 1245 2956 ad
1262 2931 1365 2957 mathe-

286 2967 414 3004 ptatieam
428 2967 575 2999 pertinent,
595 2973 648 2992 non
664 2965 780 2998 ponitur
794 2966 910 2991 materia
921 2966 1060 2996 sensibilis,
1074 2971 1100 2991 et
1113 2967 1183 3000 quod
1192 2966 1302 3001 formae
1316 2974 1364 2991 na-

288 3003 405 3032 turales,
423 3002 546 3035 quamvis
563 3009 616 3028 non
630 3002 739 3034 possint
758 3002 873 3036 intelligi
893 3002 952 3028 sine
970 3002 1085 3028 materia
1109 3002 1228 3028 sensibili
1246 3003 1273 3028 in
1292 3010 1365 3028 com-

288 3038 377 3067 muni,
392 3041 508 3070 possunt
527 3040 615 3062 tamen
635 3037 750 3070 intelligi
771 3038 829 3063 sine
851 3037 966 3063 materia
990 3038 1109 3063 sensibili
1126 3038 1248 3071 signata,
1267 3039 1364 3063 videsis

288 3073 396 3107 Physic.
410 3073 430 3103 1,
442 3080 460 3103 1,
475 3080 499 3103 2,
514 3077 540 3098 et
553 3073 583 3103 ΙΙ,
596 3080 625 3103 11,
639 3078 665 3097 et
683 3073 787 3098 Poster.
798 3074 911 3107 Analyt.
926 3074 944 3103 1,
959 3081 1010 3105 xm,
1029 3079 1083 3099 not.
1097 3073 1121 3102 ζ.
1140 3074 1267 3099 Notatnus
1287 3074 1364 3099 etiam

287 3109 362 3142 quod
379 3108 444 3133 haec
462 3108 518 3139 tria,
530 3108 634 3142 sor-ma,
654 3108 734 3138 ratio,
753 3109 853 3140 species
871 3109 1021 3142 promiscue
1037 3109 1197 3142 accipiuntur
1215 3110 1240 3134 in
1260 3110 1308 3134 hac
1328 3110 1365 3134 le-

288 3144 381 3175 ctione,
401 3147 530 3177 quatenus
549 3142 694 3176 significant
710 3148 842 3175 nammm,
861 3151 910 3169 seu
928 3145 1080 3174 essentiam,
1101 3152 1148 3170 seu
1167 3145 1364 3178 quidditativam

288 3180 425 3210 rationem,
444 3186 525 3212 quam
544 3177 670 3211 significat
688 3177 810 3210 definitio,
827 3184 853 3204 et
870 3187 919 3213 per
937 3187 1016 3212 quam
1035 3180 1134 3206 scimus
1153 3181 1186 3206 de
1203 3189 1365 3214 unoquoque

287 3215 352 3248 quid
371 3216 417 3240 sit:
439 3225 452 3238 «
464 3219 556 3239 natura
574 3214 644 3239 enim
663 3214 758 3246 speciei
777 3215 914 3240 constituta
927 3222 959 3240 ex
972 3215 1057 3241 sonna
1070 3220 1096 3241 et
1110 3216 1217 3242 materia
1231 3217 1364 3242 communi

289 3259 320 3276 se
331 3250 410 3276 habet
428 3256 457 3275 ut
470 3250 587 3275 formalis
601 3254 721 3282 respectu
740 3250 861 3275 individui
877 3251 948 3284 quod
963 3252 1098 3284 participat
1115 3253 1194 3277 talem
1209 3257 1337 3278 naturam.
1348 3261 1363 3276 s

290 3286 398 3320 Phystc.
409 3286 437 3317 11,
450 3293 475 3317 v,
485 3293 517 3318 43
532 3285 563 3310 cf.
574 3293 653 3318 supra
661 3285 720 3309 lect.
734 3292 761 3309 iv
775 3290 829 3310 not.
839 3293 862 3310 o.
874 3300 894 3305 —
904 3283 944 3311 Ne
958 3291 1045 3311 autem
1053 3287 1135 3312 verba
1147 3287 1214 3313 intra
1227 3288 1363 3320 parenthe-

289 3322 341 3347 sim
355 3322 544 3355 comprehensa
561 3321 698 3346 videantur
711 3320 786 3345 alicui
805 3328 913 3346 sensum
925 3329 941 3346 a
958 3329 982 3347 s.
996 3322 1048 3348 Th.
1062 3322 1189 3348 intentum
1203 3323 1290 3348 minus
1305 3331 1364 3357 per-

290 3357 381 3391 spicue
406 3357 534 3388 exhibere,
559 3357 764 3382 animadvertere
783 3356 843 3381 licet
867 3364 975 3381 sensum
999 3358 1105 3382 illorum
1127 3358 1270 3383 verborum
1291 3367 1363 3384 esse:

290 3393 450 3426 quandoque
465 3392 528 3417 nihil
546 3392 668 3426 prohibet
687 3392 758 3425 quod
777 3391 861 3417 forma
881 3399 934 3417 non
948 3393 1032 3424 possit
1053 3393 1161 3426 intelligi
1180 3394 1236 3419 sine
1256 3395 1364 3420 materia

288 3428 415 3457 sensibili,
430 3428 497 3453 idest
510 3436 564 3453 non
579 3428 663 3462 possit
675 3435 706 3452 eo
721 3428 801 3452 modo
813 3428 922 3460 intelligi
941 3435 996 3460 quo
1013 3428 1180 3462 intelligimus
1195 3429 1292 3463 aliquid
1308 3438 1363 3455 ma-

290 3463 468 3493 thematicum,
479 3468 543 3497 puta
556 3464 691 3495 circulum,
704 3463 730 3488 in
741 3463 815 3488 cuius
825 3463 924 3488 ratione
938 3464 1044 3489 materia
1055 3465 1185 3489 sensibilis
1195 3473 1248 3489 non
1263 3466 1364 3491 cadit.-

289 3499 331 3524 Ad
344 3499 471 3524 maiorem
489 3499 567 3524 etiam
593 3500 735 3525 claritatem
757 3499 954 3524 transcribimus
973 3499 1098 3524 nonnulla
1117 3507 1147 3525 ex
1169 3499 1364 3527 Commentario

290 3534 414 3567 Simplicii
429 3542 510 3568 super
520 3539 686 3567 praesentem
698 3539 796 3560 textum
808 3534 971 3561 Aristotelis:
986 3544 999 3558 e
1015 3535 1042 3559 ln
1054 3535 1177 3560 omnibus
1192 3541 1217 3560 et
1235 3540 1325 3561 natura
1338 3541 1364 3562 et

237 3565 247 3570 “
290 3574 345 3595 arte
355 3570 566 3602 consistentibus,
578 3575 604 3595 et
616 3570 796 3596 universaliter
809 3570 835 3595 in
845 3570 886 3595 his
901 3578 968 3604 quae
983 3578 1014 3595 ex
1027 3571 1134 3595 materia
1148 3575 1174 3595 et
1183 3571 1278 3604 specie,
1292 3573 1363 3605 quod

290 3605 398 3639 quidem
411 3605 438 3630 in
451 3605 575 3630 omnibus
589 3602 773 3639 singularibus,
783 3606 805 3630 si
819 3606 894 3639 plura
906 3607 963 3636 sint,
975 3613 1102 3639 apparens
1113 3611 1162 3638 est,
1175 3614 1315 3632 commune
1325 3607 1363 3633 di-

290 3642 356 3666 citur
374 3646 400 3666 et
418 3645 458 3667 est
464 3649 471 3673 ;
491 3646 517 3666 et
535 3641 557 3666 si
575 3649 627 3666 non
646 3642 723 3675 plura
740 3647 827 3667 autem
853 3642 904 3666 sint
927 3642 1078 3674 singularia,
1098 3642 1145 3667 sed
1163 3650 1248 3667 unum
1267 3643 1362 3675 solum,

289 3677 364 3702 velut
387 3685 439 3702 una
457 3676 568 3710 phoenix
586 3677 651 3702 avis*
665 3682 708 3703 aut
731 3685 799 3703 unus
823 3677 948 3708 circulus,
968 3677 1030 3702 nihil
1054 3677 1141 3703 minus
1166 3678 1235 3703 aliud
1260 3679 1361 3711 species

2452 319 2502 355 77

1425 388 1486 418 tur
1513 382 1619 431 quod
1647 382 1808 420 alterum
1838 382 1884 420 sit
1911 384 2125 422 secundum
2155 385 2501 424 considerationem

1424 436 1496 472 hoc
1523 436 1671 473 caelum
1709 436 1946 484 singulariter
1979 437 2144 486 dictum,
2179 446 2216 475 et
2243 439 2389 476 caelum
2417 440 2501 477 uni-

1424 489 1619 526 versaliter
1637 497 1851 539 sumptum:
1874 490 1924 527 ita
1943 490 2083 528 scilicet
2102 492 2208 540 quod
2227 493 2302 529 hoc
2323 494 2471 530 caelum
2487 491 2502 515 δ

1424 542 1688 580 universaliter
1717 551 1915 592 sumptum
1935 544 1982 581 sit
2001 544 2097 581 sicut
2125 545 2272 594 species
2297 554 2334 583 et
2353 547 2498 593 forma;

1425 595 1500 631 hoc
1529 603 1671 644 autern,
1688 596 1828 633 scilicet
1856 598 2004 635 caelum
2034 597 2269 646 singulariter
2292 607 2498 649 sumptum,

1426 648 1472 684 sit
1491 648 1587 685 sicut
1606 650 1730 686 forma
1751 650 1952 688 coniuncta
1982 651 2175 688 materiae.
2198 652 2315 698 Quod
2344 665 2424 690 non
2445 661 2501 690 est

1427 700 1480 737 sic
1508 701 1793 750 intelligendum
1832 704 1938 752 quod
1966 704 2004 742 in
2034 705 2180 742 ratione
2208 705 2262 742 rei
2290 707 2469 744 naturalis
2488 713 2500 728 ⁸

1426 754 1688 792 universaliter
1716 765 1890 805 sumptae
1920 759 2024 795 nullo
2053 759 2173 796 modo
2195 759 2306 796 cadat
2323 760 2498 807 materia;

1426 807 1495 844 sed
1515 809 1620 856 quod
1640 821 1719 845 non
1739 810 1849 846 cadat
1867 810 1918 847 ibi
1944 812 2104 849 materia
2127 812 2284 861 signata.

1481 873 1518 909 7.
1538 861 1690 899 Deinde
1711 874 1799 899 cum
1821 863 1924 901 dicit:
1959 865 2130 907 Quorum
2149 871 2276 902 autem
2295 871 2351 903 est
2358 868 2500 915 forma

1426 915 1613 962 quaedam
1635 922 1718 962 etc.,
1742 916 1851 964 ponit
1879 919 2092 955 secundum
2121 919 2405 967 syllogismum,
2436 919 2501 969 qui

1425 967 1507 1005 talis
1537 975 1602 1005 est.
1634 968 1981 1019 Quorumcumque
2021 979 2077 1009 est
2105 972 2229 1009 forma
2261 972 2300 1009 in
2327 973 2499 1021 materia,

1426 1029 1490 1058 aut
1509 1029 1597 1058 sunt
1623 1029 1690 1059 aut
1708 1022 1890 1071 contingit
1917 1036 1999 1061 esse
2028 1026 2137 1073 plura
2165 1025 2363 1063 individua
2385 1026 2500 1063 unius

1426 1074 1583 1123 speciei;
1613 1075 1681 1112 sed
1700 1076 1772 1112 hoc
1790 1076 1937 1113 caelum
1962 1078 2146 1125 significat
2167 1079 2331 1116 formam
2359 1079 2399 1117 in
2418 1092 2499 1117 ma-

1425 1128 1529 1175 teria,
1549 1136 1592 1165 ut
1611 1128 1755 1165 dictum
1785 1137 1841 1166 est
1861 1131 1898 1174 *ς
1929 1143 2018 1179 ergo
2048 1140 2112 1168 aut
2140 1140 2228 1169 sunt
2256 1140 2320 1170 aut
2337 1140 2500 1182 possunt

1426 1193 1510 1218 esse
1537 1182 1666 1230 plures
1695 1182 1800 1219 caeli.
1838 1183 1948 1220 Circa
1975 1185 2051 1221 hoc
2079 1193 2208 1223 autem
2235 1186 2362 1235 primo
2391 1187 2501 1236 ponit

1425 1234 1631 1281 maiorem;
1653 1236 1823 1273 seeundo
1840 1237 2056 1274 manifestat
2075 1250 2173 1286 eam,
2194 1239 2262 1276 ibi:
2293 1240 2380 1277 Sive
2397 1240 2498 1277 enim

1423 1288 1498 1324 sint
1523 1290 1662 1337 species
1683 1290 1703 1310 ξ’·
1724 1297 1811 1335 etc.;
1832 1290 1941 1327 tertio
1970 1291 2081 1329 infert
2109 1293 2407 1340 conclusionem,
2429 1293 2497 1330 ibi:

1424 1342 1559 1390 Itaque
1586 1347 1654 1379 aut
1669 1348 1758 1379 sunt
1775 1343 1794 1363 ³⁸
1820 1352 1889 1381 etc.
1912 1344 2105 1382 Minorem
2125 1346 2306 1395 supponit
2325 1359 2371 1384 ex
2388 1358 2498 1395 prae*
2526 1356 2535 1366 ·

1425 1394 1543 1432 misso
1572 1396 1807 1444 syllogismo,

1479 1448 1579 1486 Dicit
1608 1461 1696 1497 ergo
1725 1449 1852 1499 primo
1873 1451 1979 1498 quod
2009 1452 2139 1489 omnia
2167 1452 2227 1489 illa
2255 1465 2417 1501 quorum
2446 1458 2502 1490 est

1413 1502 1552 1550 forma
1580 1503 1767 1551 quaedam
1797 1509 1834 1540 et
1857 1505 1996 1554 species
2015 1504 2040 1551 ζ,
2071 1505 2167 1542 idest
2194 1518 2292 1553 quae
2313 1518 2391 1543 non
2411 1514 2499 1543 sunt

1425 1555 1530 1604 ipsae
1550 1556 1698 1593 formae
1718 1564 1755 1592 et
1774 1557 1933 1605 species,
1950 1558 2017 1595 sed
2036 1559 2179 1609 habent
2194 1559 2337 1596 formas
2357 1567 2394 1596 et
2413 1571 2497 1608 spe·

1425 1608 1513 1656 cies,
1544 1617 1608 1646 aut
1636 1617 1724 1646 sunt
1751 1610 1860 1658 plura
1888 1610 2091 1658 singularia
2109 1611 2223 1649 unius
2244 1612 2404 1661 speciei,
2434 1620 2499 1650 aut

1426 1662 1608 1710 contingit
1635 1663 1718 1699 fieri
1746 1664 1876 1712 plura:
1906 1663 1967 1700 illa
1984 1676 2079 1701 vero
2102 1677 2200 1714 quae
2229 1665 2392 1714 ipsamet
2412 1674 2499 1703 sunt

1425 1716 1572 1753 formae
1602 1723 1638 1753 et
1666 1716 1812 1765 species
1847 1717 2114 1765 subsistentes,
2144 1718 2240 1755 sicut
2268 1719 2498 1756 substantiae

1425 1777 1634 1818 separatae,
1660 1782 1739 1806 non
1767 1778 1929 1818 possunt
1957 1783 2040 1808 esse
2069 1772 2176 1820 plura
2203 1772 2317 1809 unius
2345 1772 2496 1823 speciei.

1480 1824 1516 1860 8.
1546 1823 1698 1860 Deinde
1718 1835 1807 1860 cum
1829 1823 1934 1861 dicit:
1959 1824 2046 1862 Sive
2060 1826 2160 1862 enim
2174 1825 2249 1862 sint
2259 1826 2399 1874 species
2413 1834 2497 1874 etc.,

1424 1876 1640 1914 manifestat
1666 1877 1900 1926 praedictam
1931 1878 2235 1927 propositionem
2263 1887 2342 1916 tam
2364 1892 2498 1916 secun-

1426 1930 1519 1967 dum
1540 1930 1764 1979 opinionem
1785 1931 2035 1979 Platonicam,
2053 1944 2168 1980 quam
2186 1933 2399 1970 secundum
2416 1933 2497 1982 opi-

1425 1983 1584 2021 nionem
1613 1983 1822 2033 propriam.
1853 1985 1902 2021 Et
1931 1984 2019 2021 dicit
2047 1986 2152 2034 quod
2173 1986 2193 2007 *
2218 1986 2299 2023 sive
2328 1986 2401 2023 sint
2418 1998 2498 2035 spe·
2526 1997 2536 2007 ·

1424 2037 1510 2084 cies,
1530 2037 1628 2075 idest
1655 2037 1765 2074 ideae
1793 2045 2002 2086 separatae,
2024 2038 2120 2076 sicut
2148 2039 2332 2076 Platonici
2358 2039 2497 2088 dicunt,

1424 2102 1582 2128 necesse
1602 2098 1659 2128 est
1678 2092 1753 2128 hoc
1772 2091 1966 2139 accidere,
1996 2091 2136 2129 scilicet
2164 2093 2270 2140 quod
2298 2092 2371 2129 sint
2389 2094 2498 2142 plura

1424 2144 1623 2182 individua
1658 2144 1772 2181 unius
1810 2144 1950 2193 speciei
1988 2145 2103 2193 (quia
2140 2146 2286 2194 species
2324 2153 2498 2195 separata

1422 2197 1579 2246 ponitur
1598 2197 1694 2234 sicut
1713 2199 1907 2246 exemplar
1934 2198 1987 2235 rei
2007 2198 2209 2245 sensibilis;
2239 2199 2420 2248 possibile
2441 2207 2498 2237 est

1424 2258 1554 2287 autem
1574 2251 1624 2288 ad
1642 2263 1763 2287 unum
1784 2252 1979 2300 exemplar
1997 2251 2081 2289 fieri
2101 2253 2220 2289 multa
2245 2253 2495 2301 exemplata);

1424 2303 1505 2340 sive
1526 2303 1640 2340 etiam
1668 2304 1815 2340 nullum
1844 2304 1989 2352 talium,
2019 2305 2116 2342 idest
2144 2306 2246 2342 nulla
2267 2306 2494 2355 specierum,

1423 2356 1628 2406 separatim
1665 2357 1822 2403 existat;
1866 2357 2114 2395 nihilominus
2150 2359 2260 2407 plura
2297 2359 2496 2396 individua

1421 2417 1584 2460 possunt
1621 2422 1703 2447 esse
1744 2410 1857 2447 unius
1895 2411 2047 2460 speciei.
2090 2411 2279 2449 Videmus
2316 2412 2418 2449 enim
2456 2412 2496 2450 in

1423 2463 1605 2500 omnibus
1638 2463 1691 2500 sic
1724 2463 1917 2511 accidere,
1952 2476 2117 2513 quorum
2145 2466 2368 2512 substantia,
2399 2465 2496 2503 idest

1423 2517 1588 2554 essentia
1615 2529 1734 2565 quam
1748 2517 1769 2546 ³*
1789 2517 1975 2566 significat
1998 2517 2182 2566 definitio,
2204 2526 2260 2555 est
2278 2518 2317 2556 in
2337 2519 2496 2556 materia

1422 2570 1578 2618 signata,
1595 2570 1702 2618 quod
1721 2578 1808 2607 sunt
1821 2571 1942 2620 plura,
1959 2571 2081 2608 immo
2101 2572 2249 2608 infinita
2268 2572 2467 2610 individua
2479 2577 2495 2596 ’¹

1416 2716 1481 2749 ipsa,
1500 2721 1527 2742 et
1544 2717 1614 2742 aliud
1633 2717 1705 2750 quod
1723 2721 1785 2742 suut
1803 2721 1954 2749 utrumque.
1969 2716 2035 2741 Nam
2055 2722 2080 2741 et
2099 2716 2194 2742 circulo
2210 2717 2279 2742 aliud
2299 2722 2338 2742 est
2357 2722 2382 2742 et
2401 2718 2496 2743 circulo

1417 2759 1484 2782 esse,
1498 2753 1571 2785 quod
1590 2753 1696 2785 quidem
1715 2751 1860 2777 secundum
1879 2752 1994 2784 speciem
2013 2752 2099 2777 circuli
2115 2753 2298 2783 consideratur,
2309 2758 2335 2777 et
2348 2753 2416 2778 aliud
2432 2761 2492 2778 sen-

1418 2788 1498 2813 sibilis
1518 2788 1567 2813 iste
1585 2788 1705 2817 circulus,
1724 2788 1769 2820 qui
1788 2795 1848 2812 cum
1868 2787 1975 2812 materia
1994 2787 2144 2813 subsistit...
2164 2788 2197 2813 Et
2215 2789 2236 2812 si
2255 2796 2337 2813 unum
2356 2794 2443 2813 autem
2462 2789 2496 2813 sit

1417 2824 1550 2855 sensibile,
1569 2829 1595 2849 et
1613 2829 1719 2857 propter
1737 2823 1786 2849 hoc
1799 2831 1852 2848 non
1871 2831 2015 2856 possumus
2035 2823 2177 2856 intelligere
2196 2832 2335 2849 commune
2354 2824 2450 2856 aliquid
2469 2829 2495 2849 et

1419 2858 1488 2883 aliud
1507 2864 1610 2892 praeter
1629 2860 1768 2891 singulare,
1782 2864 1812 2883 ut
1830 2859 1851 2883 si
1870 2866 1938 2883 unus
1958 2859 2031 2883 solus
2047 2859 2185 2891 accipiatur
2199 2859 2321 2889 circulus,
2342 2865 2367 2884 et
2379 2865 2440 2884 tunc
2455 2859 2493 2884 ni-

1418 2895 1454 2920 hil
1473 2895 1561 2920 minus
1581 2894 1696 2928 species,
1720 2902 1789 2927 quae
1807 2895 1952 2919 secundum
1976 2895 2137 2919 intellectum
2157 2900 2292 2927 separatur
2310 2903 2324 2919 a
2343 2895 2449 2919 materia
2468 2901 2494 2920 et

2526 1139 2539 1151 ⁸
2551 1138 2623 1160 Num.
2638 1144 2715 1166 praee.

2526 1298 2536 1308 ·
2551 1297 2622 1320 Num.
2638 1304 2690 1326 seq.

2550 1355 2622 1378 Num.
2636 1362 2660 1384 9.

2551 1996 2614 2024 quod
2627 2002 2675 2018 om.
2690 2003 2713 2018 r.

2522 2527 2531 2536 '¹
2547 2531 2609 2554 quae
2621 2532 2644 2548 r.

1418 2939 1472 2956 non
1487 2931 1616 2956 detinetur
1629 2931 1660 2956 ab
1674 2930 1738 2963 ipsa,
1753 2938 1922 2956 communem
1937 2931 2049 2955 insinuat
2062 2935 2181 2955 naturam
2195 2935 2221 2955 et
2234 2930 2387 2963 possibilem
2402 2930 2491 2955 multis
2546 2962 2548 2965 ,

1419 2966 1533 2999 adaptari
1554 2966 1729 2999 singularibus
1748 2965 1821 2990 factis
1846 2971 1952 2999 propter
1971 2966 2105 2990 materiam
2121 2974 2135 2989 »
2158 2965 2223 2998 (op.
2237 2965 2287 2996 cit.‚
2301 2965 2344 2990 fol.
2358 2965 2393 2997 43
2413 2971 2492 2997 recto,

1419 3003 1470 3027 col.
1488 3010 1497 3027 x
1507 3001 1526 3037 ).
1545 3002 1693 3034 Simplicius
1708 3009 1772 3034 ergo
1790 3002 1848 3026 loco
1866 3002 1891 3026 si
1908 3002 1993 3026 solum
2007 3004 2162 3026 assumatur
2174 3001 2296 3030 circulus,
2312 3001 2372 3033 legit
2385 3001 2410 3026 si
2424 3008 2493 3027 unus

1418 3038 1490 3062 solus
1509 3038 1660 3070 accipiatur
1670 3038 1786 3063 circulus
1806 3036 1854 3069 (cf.
1870 3042 1966 3061 textum
1980 3037 2130 3070 graecum).
2148 3037 2269 3061 Attamen
2282 3037 2368 3069 quoad
2383 3044 2491 3061 sensum

1417 3078 1489 3107 patet
1507 3074 1579 3106 quod
1599 3074 1654 3098 eius
1673 3073 1799 3106 expositio
1817 3072 1843 3096 in
1862 3072 1930 3097 idem
1950 3072 2015 3096 redit
2034 3080 2094 3096 cum
2114 3072 2272 3103 expositione
2291 3080 2312 3096 s.
2327 3071 2455 3096 Thomae.

1472 3108 1500 3143 γ)
1516 3109 1703 3141 dispositiones
1717 3108 1856 3133 materiae.
1869 3122 1889 3126 -
1902 3107 2087 3140 dispositiones
2104 3107 2206 3132 mediae
2220 3107 2247 3137 Ρ,
2264 3112 2384 3139 corrupte
2397 3112 2422 3132 et
2435 3107 2491 3132 sine

1417 3145 1489 3169 bono
1509 3152 1597 3170 sensu.

1472 3179 1498 3214 δ)
1513 3181 1586 3212 quod
1597 3180 1646 3206 hoc
1658 3180 1769 3206 caelum.
1779 3193 1799 3198 ·-
1809 3179 1880 3211 quod
1893 3178 1994 3203 caelum
2008 3178 2078 3202 BsG.
2094 3178 2206 3210 Pergunt
2219 3177 2419 3210 PBCDFIpEG:
2430 3179 2490 3204 uni—

1419 3216 1560 3241 versaliter
1572 3219 1707 3249 sumptum
1726 3215 1762 3240 sit
1779 3214 1848 3239 sicut
1862 3213 1942 3247 (sicut
1959 3221 2012 3238 om.
2025 3213 2056 3247 P)
2069 3215 2166 3247 forma
2184 3214 2326 3241 coniuncta
2345 3214 2491 3245 mater-iae,-

1418 3253 1540 3276 omittunt
1553 3260 1648 3284 nempe
1658 3251 1853 3276 homoteleuton
1862 3249 1960 3280 species
1973 3252 1999 3274 εί
2004 3250 2128 3282 forma...
2141 3252 2276 3281 sumptum
2286 3249 2322 3274 sit
2331 3249 2407 3280 sicut,
2418 3249 2490 3282 quod

1418 3292 1448 3312 ut
1466 3288 1608 3321 corrigatur
1622 3295 1713 3320 margo
1727 3286 1749 3310 D
1764 3285 1834 3309 addit
1852 3292 1904 3309 non
1924 3289 1983 3309 ante
2002 3284 2197 3314 universaliter,
2213 3292 2304 3317 margo
2323 3284 2384 3309 item
2401 3285 2422 3309 C
2437 3292 2490 3310 non

1419 3328 1479 3348 ante
1496 3323 1647 3348 coniuncta.
1662 3321 1777 3347 Lectioni
1792 3320 1884 3351 AsEG,
1900 3328 1966 3352 quae
1981 3325 2021 3344 est
2040 3319 2211 3361 nostraknihil
2227 3319 2323 3350 deficit;
2338 3319 2369 3344 cf.
2382 3325 2490 3346 textum.

1473 3357 1494 3393 ε)
1510 3359 1550 3384 rei
1563 3358 1704 3383 naturalis.
1717 3371 1737 3376 —
1749 3355 1789 3380 rei
1802 3355 1922 3380 naturali
1936 3356 1964 3386 P,
1978 3363 2065 3380 errore
2084 3361 2153 3380 certe
2169 3355 2406 3388 typographorum;
2426 3363 2488 3381 nam

1419 3395 1541 3419 naturali
1559 3395 1591 3418 ad
1610 3394 1715 3418 ratione
1734 3391 1849 3424 profecto
1868 3391 1996 3423 pertinere
2015 3399 2068 3415 non
2087 3397 2180 3424 potest.
2194 3405 2213 3410 -
2226 3391 2276 3416 Pro
2293 3398 2344 3416 non
2358 3391 2442 3417 cadat
2455 3391 2492 3416 ibi

1419 3430 1534 3455 materia
1553 3430 1669 3463 signata,
1690 3435 1742 3452 non
1761 3426 1835 3452 cadit
1854 3426 1880 3451 in
1900 3427 1956 3452 eius
1975 3427 2080 3452 ratione
2099 3426 2214 3451 materia
2234 3427 2344 3460 signata
2363 3426 2391 3451 P.

1471 3465 1498 3500 ζ)
1510 3467 1608 3499 forma
1631 3463 1761 3497 quaedam
1781 3466 1807 3487 et
1828 3462 1934 3494 species.
1947 3475 1966 3482 —-
1979 3462 2111 3495 quaedam
2134 3470 2188 3487 om.
2202 3462 2240 3491 A,
2265 3465 2291 3487 et
2309 3470 2363 3487 om.
2379 3462 2437 3492 PG;
2457 3462 2490 3487 cf.

1417 3506 1524 3526 textum.
1551 3501 1663 3533 Pet-gunt
1682 3499 1701 3523 P
1721 3503 1747 3523 et
1764 3498 1840 3522 codd.
1855 3505 1908 3522 exc.
1927 3498 1964 3522 A:
1991 3498 2060 3523 idest
2078 3505 2146 3530 quae
2170 3504 2221 3522 non
2241 3501 2305 3522 sunt
2324 3497 2382 3529 ipsa
2393 3498 2490 3531 sor-ma

1418 3540 1445 3562 et
1462 3536 1572 3569 species,
1593 3538 1641 3560 aut
1659 3537 1721 3560 sunt
1736 3534 1819 3565 plura
1837 3533 2002 3567 singularia,
2023 3533 2171 3558 omittentes
2191 3532 2387 3558 homoteleuton
2405 3533 2454 3558 sed

1418 3572 1524 3604 species.
1537 3585 1556 3590 -
1570 3571 1605 3595 Ibi
1624 3571 1694 3595 sicut
1706 3569 1872 3594 substantiae
1885 3572 2034 3601 separatae,
2051 3569 2126 3594 codd.
2137 3576 2190 3594 exc.
2200 3569 2222 3594 Α
2238 3574 2408 3601 corrumpunt
2421 3568 2491 3593 sicut

1418 3609 1444 3632 in
1463 3610 1540 3635 sunt,·
1559 3607 1628 3631 idem
1647 3605 1725 3630 habet
1739 3605 1768 3636 P,
1783 3605 1830 3629 sed
1848 3605 1974 3629 mendum
1994 3604 2098 3637 corrigit
2117 3612 2165 3638 pro
2185 3612 2237 3629 non
2252 3607 2368 3636 possunt
2379 3604 2490 3636 legendo

1418 3647 1445 3669 et
1463 3645 1701 3712 'ssnfissffgf‘ssfssmo
1716 3676 1822 3710 infinita
1841 3676 1988 3702 individua.
2003 3691 2021 3696 -
2034 3676 2115 3701 immo
2128 3679 2298 3708 corrumpunt
2312 3674 2386 3699 codd.
2400 3681 2453 3699 exc.
2465 3673 2490 3698 Α
