2690 4062
0 1860 2 1865 ⁴
0 1781 5 1823 ,Ἦ
0 1630 11 1771 Ἴμψ-ῃ-,ψ-,ν
4 1590 7 1594 ,

1114 493 1562 587 INDEX

517 642 764 686 EORUM
806 647 1004 700 QUAE
1046 655 1117 695 IN
1159 658 1578 709 APPENDICE
1618 671 2150 725 CONTINENTUR

1028 910 1082 946 IN
1105 911 1284 952 LIBROS
1308 870 1632 962 ARISTOTELIS

662 997 751 1049 DE
791 999 1300 1062 GENERATIONE
1340 1012 1424 1064 ET
1464 1015 1989 1083 CORRUPTIONE

1175 1116 1479 1154 CONTINUATIO

654 1214 700 1234 Lm
719 1215 730 1235 1
751 1216 816 1237 cAP.
835 1218 874 1239 vl.

522 1255 663 1286 LECTIO
691 1260 1001 1294 DECIMAOCTAVA

225 1315 325 1351 Quare
339 1323 368 1346 et
381 1327 442 1356 quo
456 1321 559 1350 ordine
580 1323 617 1352 sit
634 1328 818 1357 tractandum
833 1330 869 1358 de
882 1331 1014 1368 mixtura,
1037 1334 1074 1362 de

285 1365 370 1403 agere
396 1365 424 1387 et
444 1361 513 1397 pati,
535 1369 563 1390 et
584 1364 621 1392 de
641 1371 719 1395 tactu
732 1383 751 1388 -
766 1369 982 1400 Determinatur
1002 1373 1072 1401 defi-

283 1403 357 1426 nmo
378 1404 470 1429 tactus
481 1422 1068 1441 ....................

685 1475 749 1496 CAP.
778 1477 828 1497 vn.

544 1516 685 1546 LECTIO
712 1521 969 1552 DECIMANONA

169 1586 173 1591 .
219 1561 383 1604 Opiniones
410 1567 573 1597 contrariae
603 1570 679 1599 circa
710 1572 908 1604 habitudinem
936 1584 1068 1607 mutuam

278 1604 390 1640 agentis
411 1612 439 1634 et
458 1607 608 1645 patientis3
629 1611 790 1649 assignatur
804 1623 891 1644 causa
912 1618 1067 1647 contrarie—

187 1640 192 1646 ’“
226 1665 229 1668 Δ
263 1643 344 1672 .tatis
364 1661 385 1666 —
404 1646 502 1683 Agens
523 1655 552 1677 et
572 1650 684 1686 patiens
705 1662 768 1682 esse
788 1654 892 1684 similia
912 1666 1018 1693 genere
1039 1665 1068 1687 et

278 1682 392 1714 diversa
413 1687 508 1723 specie
529 1691 670 1725 probatur
672 1714 1067 1727 ..............

579 1757 681 1786 LECT
682 1759 721 1786 10
743 1760 924 1791 VIGESIMA

214 1805 371 1837 nivei-sitas
393 1817 421 1839 et
434 1820 522 1841 causa
542 1814 712 1845 diversitatis
733 1820 881 1855 agentium
894 1837 913 1842 -
929 1822 1064 1852 Ostendi-

274 1854 322 1877 tur
341 1850 379 1878 ad
397 1860 470 1888 quas
485 1862 586 1883 causas
600 1857 775 1886 reducantur
795 1869 883 1897 agens
898 1868 926 1890 et
938 1863 1060 1899 patiens.
1105 1877 1119 1891 ³>

1113 1712 1127 1727 Ξ)

675 1926 739 1946 CAP.
760 1927 821 1948 vm.

515 1967 617 1996 LECT
618 1969 657 1997 10
678 1971 980 2003 VIGESIMAPRIMA

211 2014 348 2045 Diversae
370 2018 525 2055 opiniones
551 2022 587 2050 de
608 2024 699 2052 modo
721 2034 781 2061 quo
803 2027 950 2065 pei-ficitur
975 2037 1060 2066 agere

270 2062 300 2084 et
319 2058 379 2094 pati
400 2058 431 2087 in
446 2061 636 2099 corporibus;
658 2073 866 2101 comparantur
886 2067 1057 2097 adinvicem.
1103 2081 1117 2095 »

693 2230 758 2252 CAP.
779 2232 799 2252 1.

600 2275 702 2303 LECT
702 2277 742 2304 10
764 2278 883 2306 PRIMA

204 2321 414 2360 Recapitulatio
434 2327 672 2362 praecedentium
685 2345 705 2350 -
721 2329 800 2364 Quid
821 2337 909 2359 restet
923 2332 1055 2361 conside-

263 2365 389 2392 randum
410 2381 430 2386 -
451 2367 589 2395 Refutatis
610 2368 687 2396 falsis
702 2368 890 2406 opinionibus
912 2372 948 2400 de
962 2379 1053 2401 mate-

262 2402 306 2431 ria
319 2405 531 2435 elementorum
551 2408 716 2437 manifestat
729 2410 924 2447 Philosophus
938 2412 1054 2449 opinio-

261 2452 331 2472 nem
351 2445 502 2482 propriam
531 2469 1053 2481 ..................
1071 2461 1146 2493 pag.

646 2509 729 2530 cAPP.
750 2511 775 2536 1,
796 2511 827 2531 11.

564 2553 706 2582 LECTlO
728 2555 907 2585 SECUNDA

198 2602 305 2638 Qualia
325 2603 382 2632 sint
395 2605 491 2641 prima
508 2606 652 2644 principia
671 2608 806 2638 formalia
826 2610 1047 2641 elementorum.
1093 2625 1107 2639 1>

667 2676 733 2696 CAP.
754 2677 796 2697 m.

577 2719 719 2747 LECTIO
741 2721 885 2750 TERTIA

195 2769 330 2804 Quatuor
350 2776 415 2795 esse
435 2767 580 2796 elementa
599 2770 741 2805 probatur
761 2780 796 2798 ex
816 2772 929 2800 ratione
950 2780 979 2801 et
992 2784 1044 2803 an-

254 2808 405 2845 tiquorum
419 2806 505 2835 variis
520 2807 710 2843 opinionibus
724 2810 762 2836 de
775 2819 900 2839 numero
915 2812 1044 2841 elemen-

254 2854 352 2876 torum
367 2864 386 2869 -
402 2846 475 2881 Quis
496 2847 579 2875 locus
596 2847 737 2883 vproprius
758 2848 875 2877 cuilibet
889 2850 1043 2887 elemento,

254 2894 283 2916 et
304 2896 379 2925 quae
401 2886 524 2924 qualitas
545 2886 575 2914 in
595 2896 778 2924 unoquoque
800 2888 980 2918 dominetur.
1004 2913 1010 2918 .
1034 2913 1040 2919 .
1085 2904 1100 2918 ›>

664 2954 729 2973 CAP.
751 2954 791 2974 rv.

566 2997 707 3025 LECTIO
730 2998 889 3032 QUARTA

194 3052 303 3082 Omnia
324 3053 467 3081 elementa
481 3057 549 3079 nata
563 3058 630 3079 sunt
643 3060 677 3079 ex
692 3060 722 3079 se
736 3051 859 3096 invicem
876 3053 1006 3097 generari
1022 3071 1042 3075 -

254 3094 322 3128 Quo
345 3093 435 3120 modo
464 3101 566 3119 eorum
588 3098 690 3119 mutua
717 3098 863 3128 generatio
884 3099 1041 3130 contingat

253 3133 284 3161 in
305 3132 423 3169 speciali
444 3131 605 3160 ostenditur
607 3153 1034 3160 ...............
1079 3144 1094 3159 >>

669 3200 734 3219 CAP.
756 3200 784 3219 V.

569 3245 709 3273 LECTIO
732 3246 877 3280 QUINTA

192 3299 337 3328 Pr0batur
358 3299 520 3327 subiectum
548 3298 797 3326 transmutationis
824 3299 1035 3344 elementorum

251 3348 314 3367 non
335 3349 398 3368 esse
419 3339 540 3376 aliquod
561 3347 667 3375 corpus
686 3355 705 3359 -
725 3338 934 3375 Recapitulatio
955 3348 1037 3375 prae-

207 3372 209 3374 *
253 3379 417 3407 cedentium
421 3390 1093 3408 .......................

583 3438 723 3465 LECTIO
746 3438 871 3465 SEXTA

191 3483 375 3519 Reprobatur
396 3483 498 3520 opinio
519 3484 679 3512 dicentium
701 3493 761 3511 non
783 3483 883 3511 omnia
897 3483 1037 3528 elementa

251 3522 413 3551 adinvicem
435 3524 622 3552 transmutari
636 3540 655 3545 -
675 3523 835 3552 ostenditur
856 3530 1037 3568 suppostmm

252 3563 333 3599 quod
344 3562 375 3590 in
384 3564 626 3592 transmutatione
636 3564 848 3592 elementorum
862 3563 1036 3600 impOSSibile

252 3609 295 3630 est
315 3603 474 3639 procedere
495 3603 526 3631 in
546 3603 692 3632 infinitum
696 3614 1090 3632 .............

1086 1424 1160 1454 Pag-

1255 1711 1286 1731 Ν

1242 1877 1284 1896 vu
1398 1871 1429 1900 in
1450 1874 1540 1903 mixto
1570 1899 2183 1923 .....................

1625 1943 1767 1973 LECTio
1788 1944 2117 1988 VIGESIMAQUINTA
2153 1981 2155 1984 s

1336 1996 1419 2024 Duae
1447 1998 1602 2034 opiniones
1631 2000 1667 2030 de
1693 2006 1784 2034 modo
1812 2008 1960 2039 mixtionis
1987 2014 2147 2044 refiitantur
2166 2034 2186 2039 -

1396 2037 1611 2073 Determinatur
1631 2044 1750 2078 quando
1773 2052 1801 2073 et
1821 2056 1855 2075 ex
1877 2049 1982 2085 quibus
2003 2052 2053 2081 fiat
2074 2055 2183 2093 mixtio,

1250 2080 1281 2100 ix
1397 2081 1426 2103 et
1446 2086 1521 2113 quae
1541 2079 1661 2116 facilius,
1684 2092 1758 2119 quae
1780 2084 1926 2117 difficilius
1949 2091 2125 2123 misceantur
2146 2118 2152 2124 .

1191 2152 1349 2191 LIBER
1378 2156 1422 2193 ΙΙ.

1807 2252 1877 2285 εΑΡ,
1894 2255 1933 2276 vi.

1702 2301 1805 2331 LECT
1806 2304 1845 2332 10
1867 2306 2033 2337 SEPTIMA

1332 2359 1483 2389 Reflitatur
1503 2363 1605 2400 opinio
1619 2367 1805 2404 Empedoclis
1821 2372 1856 2400 de
1870 2378 2112 2407 transmutatione
2127 2380 2184 2409 ele-

1391 2407 1558 2432 mentorum
1562 2426 1689 2435 .....
1713 2422 1719 2436 -.
1743 2431 2179 2449 ...............
2198 2432 2272 2462 pag.

1214 2464 1275 2484 xxv

1623 1230 1763 1262 LECTIO
1785 1237 2143 1275 VIGESIMASECUNDA

1351 1274 1512 1311 Opiniones
1532 1279 1695 1316 praedictae
1720 1287 1800 1322 (lect.
1822 1295 1972 1331 praeced.)
2000 1299 2194 1336 multipliciter

1409 1319 1601 1353 reprobantur

1814 1404 1878 1426 CAP-
1900 1407 1941 1427 lx.

1636 1441 1776 1473 LECTIO
1802 1448 2123 1486 VIGESIMATERTIA

1345 1493 1511 1540 Secundum
1524 1499 1672 1530 veritatem
1692 1495 1898 1538 determinatur
1919 1517 2071 1549 quomodo
2092 1525 2120 1546 et
2134 1522 2187 1549 sub

1404 1536 1508 1571 quibus
1530 1540 1746 1573 conditionibus
1767 1549 1914 1587 contingat
1935 1562 2020 1590 agere
2041 1563 2069 1584 et
2089 1559 2148 1594 pati

1403 1575 1486 1604 Falsa
1507 1578 1608 1614 opinio
1630 1582 1666 1610 de
1686 1586 1778 1614 modo
1798 1589 1926 1624 patiendi
1947 1592 2129 1631 improbatur
2150 1621 2156 1627 .
2180 1622 2186 1628 .
2231 1614 2245 1628 »

1651 1677 1653 1679 ¹
1813 1662 1877 1684 car.
1902 1665 1931 1686 x.

1621 1701 1763 1732 LECTIO
1784 1707 2125 1748 VIGESIMAQUARTA

1340 1751 1450 1792 Utrumv
1465 1761 1494 1783 et
1513 1760 1665 1793 quomodo
1686 1762 1787 1792 mixtio
1814 1766 1926 1796 differat
1946 1763 1963 1798 a
1983 1775 2183 1813 generatione,

1399 1793 1581 1825 alteratione*
1595 1805 1623 1826 et
1643 1809 1800 1838 augmento
1826 1822 1845 1826 —
1872 1809 2036 1845 Explicatur
2064 1816 2186 1851 qualiter

1397 1833 1540 1864 elementa
1553 1838 1670 1867 veniant
1679 1842 1717 1869 ad
1728 1842 1906 1883 mixtionem,
1922 1856 1950 1877 et
1961 1855 2114 1887 quomodo
2128 1856 2185 1884 sint

1746 2475 1828 2511 carr.
1850 2492 1900 2521 vn,
1922 2494 1982 2515 vin.

1663 2555 1666 2558 >
1701 2542 1842 2572 LECTIO
1865 2546 2025 2578 OCTAVA

1179 2623 1273 2644 xxvm
1327 2601 1495 2637 Improbata
1516 2604 1657 2642 opinione
1678 2609 1866 2646 Empedoclis
1880 2614 2088 2646 determinatur
2103 2629 2176 2657 quo-

1191 2903 1232 2923 XX
1235 2904 1266 2924 XI

1387 2643 1479 2671 modo
1502 2644 1534 2672 fit
1555 2646 1676 2676 mixtum
1695 2658 1728 2677 ex
1743 2651 1893 2682 elementis
1907 2671 1927 2676 -
1941 2656 2066 2686 Ulterius
2080 2666 2177 2688 osten-

1387 2681 1465 2710 ditur
1486 2684 1603 2714 cuilibet
1623 2687 1714 2717 mixto
1737 2691 1837 2720 omnia
1856 2691 1954 2723 'inesse
1976 2697 2119 2727 elementa
2140 2722 2146 2728 .

1799 2759 1864 2786 cAP.
1885 2767 1924 2787 ix.

1708 2812 1710 2815 '
1721 2814 1863 2843 LECTIO
1885 2817 1993 2845 NONA

1321 2869 1439 2896 Praeter
1459 2879 1577 2899 causam
1598 2874 1777 2904 materialem
1799 2884 1827 2905 et
1847 2879 2000 2908 formalem
2020 2885 2170 2918 generabi-

1381 2906 1461 2952 lium.
1473 2911 1628 2946 requiritur
1656 2916 1800 2949 quaedam
1822 2918 1904 2945 tertia
1925 2935 1945 2939 —
1965 2921 2170 2956 improbantur

1380 2955 1535 2982 opiniones
1557 2953 1718 2980 contrariae

1757 3033 1838 3053 capr.
1860 3034 1899 3061 rx,
1921 3035 1950 3054 x.

1696 3076 1837 3109 LECTIO
1858 3084 2004 3112 DECIMA

1169 3142 1262 3162 xxxw
1318 3133 1400 3167 Quae
1414 3133 1450 3161 sit
1464 3144 1551 3163 causa
1568 3134 1696 3164 efficiens
1717 3140 1910 3174 generationis
1925 3148 1953 3169 et
1967 3144 2160 3180 corruptionis

1155 3387 1257 3406 XXXVH

1165 3611 1255 3630 XXXIX

1375 3179 1530 3208 perpetuae
1542 3191 1561 3195 -
1575 3176 1617 3202 Ex
1632 3176 1714 3203 dictis
1728 3177 1849 3206 solvitur
1863 3181 1993 3216 quaestio
2016 3185 2159 3218 quaedam

1375 3212 1562 3248 antiquorum
1583 3230 1602 3235 —
1623 3215 1726 3243 Utrum
1748 3222 1776 3244 et
1798 3219 1876 3245 unde
1903 3219 1940 3246 sit
1960 3227 2057 3248 motus
2085 3231 2156 3250 con-

1373 3251 1471 3279 tinuus
1492 3252 1522 3279 in
1543 3253 1628 3281 rebus

1778 3329 1842 3349 CAP-
1861 3301 1904 3349 ⁴XI.

1660 3378 1800 3406 LECTIO
1822 3380 2020 3409 UNDECIMA

1310 3443 1413 3471 Utrum
1434 3442 1578 3479 quaedam
1598 3450 1770 3479 generantur
1791 3453 1824 3472 ex
1845 3446 2013 3475 necessitate

1645 3503 1785 3530 LECTIO
1806 3504 2034 3534 DUODECIMA

1311 3563 1411 3598 Qualis
1432 3562 1578 3599 generatio
1593 3563 1752 3591 secundum
1767 3563 1974 3609 Philosophum
1990 3566 2026 3594 sit
2046 3576 2147 3604 perpe·
2182 3603 2186 3606 Ι

1369 3609 1418 3631 tua
1432 3620 1450 3624 -
1464 3602 1621 3630 Solvuntur
1642 3603 1715 3631 duae
1730 3610 1912 3640 quaestiones
1927 3614 2146 3643 consequentes.
2190 3619 2205 3634 >›

2176 2119 2183 2125 ι
2227 2110 2242 2125 »

2171 2723 2177 2729 .
2222 2713 2236 2728 >>

2355 1614 2406 1635 XVI

2331 1909 2404 1929 xvm

2354 2111 2406 2132 XXI

2354 2435 2403 2456 XLI

2309 3460 2369 3480 LVII

2315 3617 2363 3637 LIX
