2690 4062
296 268 342 293 ιιι
782 253 852 290 DE
883 249 1270 289 GENERATIONE
1299 248 1371 284 ET
1400 246 1784 284 CORRUPTIONE
1814 247 1909 283 LIB.
1941 247 1973 283 II

1051 507 1352 565 LECTIO
1401 506 1716 562 DECIMA

530 638 737 704 QUAE·SIT
761 662 902 695 CAUSA
925 660 1145 692 EFFICIENS
1170 659 1490 691 GENERATIONIS
1514 659 1572 689 ET
1597 658 1919 691 CORRUPTIONIS
1942 660 2200 692 PERPETUAE
2225 679 2244 684 -

734 722 790 751 EX
813 719 954 751 DICTIS
978 718 1195 750 SOLVITUR
1219 716 1438 755 QUAESTIO
1463 716 1680 753 QUAEDAM
1701 717 2001 755 ANTIQUORUM
2018 735 2037 741 -

812 777 968 808 UTRUM
991 776 1049 806 ET
1073 776 1192 807 UNDE
1216 775 1283 805 SIT
1307 774 1459 805 MOTUS
1483 773 1736 805 CONTINUUS
1759 774 1803 805 IN
1822 775 1961 807 REBUS

1408 905 1426 925 *
1439 905 1539 937 Nobis
1554 912 1663 936 autem
1678 913 1710 937 et
1724 906 1942 938 universaliter
1964 908 2053 948 prius
2071 909 2194 940 dictum
2209 915 2257 940 est
2271 909 2311 940 de
2326 909 2440 949 causis,
2456 916 2488 942 et
2513 920 2587 950 Ἕως.
2601 933 2608 937 »
2624 911 2628 913 ’
2647 924 2650 926 ·

1475 960 1561 981 nunc
1585 950 1832 982 determinatum
1853 957 1900 983 est
1915 952 1954 983 de
1977 953 2109 983 materia
2127 960 2159 984 et
2174 953 2289 984 forma.
2305 953 2486 995 *Amplius
2513 950 2636 1004 2⁸33„

1474 1004 1550 1025 vero
1567 994 1723 1036 quoniam
1746 996 1924 1026 secundum
1947 996 2133 1028 allationem
2155 1005 2264 1029 motus
2287 998 2486 1030 demonstra·
2659 1031 2660 1034 ,

1475 1046 1546 1070 tum
1570 1046 1617 1070 est
1639 1039 1796 1080 quoniam
1818 1047 1988 1081 perpetua,
2012 1051 2140 1072 necesse
2163 1048 2211 1073 est
2232 1042 2282 1072 his
2305 1043 2432 1074 entibus
2454 1050 2486 1075 et

1475 1083 1714 1124 generationem
1733 1093 1801 1115 esse
1816 1085 1983 1116 continue:
2008 1085 2114 1117 allatio
2131 1085 2218 1117 enim
2241 1086 2334 1118 faciet
2355 1097 2484 1128 genera-

1474 1129 1596 1159 tionem
1618 1128 1797 1167 actualiter,
1821 1129 1897 1170 quia
1919 1130 2049 1161 adducit
2070 1137 2102 1162 et
2124 1130 2253 1162 abducit
2274 1141 2439 1172 generans.
2476 1147 2478 1150 >

1407 1173 1511 1204 Simul
1539 1179 1648 1204 autem
1674 1172 1898 1213 manifestum,
1922 1174 2079 1215 quoniam
2105 1181 2139 1215 et
2161 1174 2268 1216 priora
2297 1176 2379 1207 bene
2402 1176 2485 1208 dicta

1473 1224 1566 1256 sunt,
1595 1218 1902 1249 transmutationum
1933 1218 2071 1259 primam
2099 1219 2299 1259 allationem,
2329 1221 2386 1252 sed
2414 1230 2484 1253 nou

1472 1261 1711 1302 generationem
1733 1262 1915 1294 dicendum.

1406 1307 1547 1338 Multum
1570 1306 1657 1338 enim
1684 1306 1902 1338 rationabilius
1926 1314 1990 1347 est,
2014 1318 2070 1339 ens
2093 1318 2161 1339 non
2185 1309 2249 1341 enti
2271 1309 2484 1350 generationis

1473 1361 1604 1383 causam
1627 1361 1706 1390 esse,
1721 1361 1822 1393 quam
1839 1362 1905 1383 non
1924 1362 1980 1383 ens
1995 1352 2060 1384 enti
2077 1362 2155 1384 esse.
2171 1354 2271 1391 Quod
2293 1353 2395 1386 fertur
2408 1354 2482 1398 qui·

1473 1397 1548 1427 dem
1570 1395 1667 1436 igitur
1681 1402 1739 1434 est,
1755 1397 1845 1438 quod
1861 1404 2028 1437 generatur
2050 1404 2159 1429 autem
2181 1408 2249 1429 non
2264 1405 2328 1430 est:
2350 1405 2482 1441 propter

1472 1441 1563 1482 quod
1586 1448 1617 1472 et
1639 1440 1746 1472 allatio
1770 1441 1857 1482 prior
1880 1448 1927 1472 est
1951 1442 2164 1482 generatione.

1404 1486 1422 1505 *
1437 1485 1603 1524 Quoniam
1626 1491 1735 1516 autem
1757 1486 1964 1526 suppositum
1985 1493 2016 1518 et
2038 1487 2293 1518 demonstratum
2316 1494 2375 1527 est,
2390 1488 2482 1530 quod

1472 1537 1519 1561 est
1542 1529 1695 1561 continua
1713 1540 1769 1561 ens
1791 1531 1886 1562 rebus
1909 1531 2070 1571 generatio
2094 1537 2126 1563 et
2141 1532 2321 1573 corruptio,
2344 1531 2482 1564 dicimu-

1471 1574 1579 1606 autem
1604 1584 1733 1606 causam
1751 1584 1820 1606 esse
1838 1575 2022 1607 allationem
2037 1576 2260 1617 generationis,
2275 1576 2483 1609 manifestum

1471 1619 1615 1662 quidem,
1631 1619 1722 1660 quod
1736 1629 1802 1651 una
1817 1619 1968 1651 existente
1983 1620 2133 1652 allatione
2155 1631 2223 1652 non
2243 1620 2400 1662 contingit
2413 1620 2482 1658 fieri

289 921 386 964 Ἡμῖν
410 910 447 947 δέ
470 910 615 944 καθόλου
637 921 675 941 τε
694 906 857 952 πρότερον
883 907 1015 949 εἴρηται
1041 906 1115 949 περὶ
1133 904 1199 936 τῶν
1220 904 1352 945 αἰτίων,

357 962 414 993 καὶΙ
438 959 495 990 νῦν
519 951 695 999 διώρισται
720 954 793 996 περί
813 963 850 982 τε
869 951 932 987 τῆς
951 949 1030 987 ὕλης
1053 951 1111 981 καὶ
1130 949 1192 986 τῆς
1208 948 1349 1001 μορφῆς.

351 1007 428 1037 Ἔτι
457 998 494 1033 δὲ
523 1000 596 1032 ἐπεὶ
622 999 642 1034 ’ἡ
667 996 763 1028 κατά
793 995 858 1032 τήν
887 996 990 1039 φοράν
1021 996 1147 1031 κίνησις
1177 987 1353 1024 δεδεικται

359 1049 412 1082 ὅτι
438 1042 557 1085 ἀίδιος,
581 1041 711 1088 ἀνάγκη
739 1039 872 1073 τούτων
899 1038 1004 1071 ὄντων
1028 1040 1085 1070 καὶ
1110 1037 1240 1083 γένεσιν
1266 1033 1353 1068 εἶναι

357 1091 517 1136 συνεχῶς·
544 1089 565 1125 ἡ
589 1086 652 1133 γάρ
677 1086 764 1130 φορά
788 1082 923 1120 ποιήσει
942 1083 1005 1121 τήν
1023 1081 1152 1129 γένεσιν
1171 1077 1352 1126 ἐνδελεχῶς

357 1135 416 1170 διά
439 1134 480 1167 τό
505 1131 687 1177 προσάγειν
712 1131 769 1161 καὶ
796 1127 943 1173 ἀπάγειν
969 1127 1010 1160 τό
1034 1125 1244 1173 γεννητικόν.

283 1184 374 1228 ’Ἅμα
399 1177 434 1213 δὲ
459 1175 563 1216 δῆλον
589 1174 644 1208 ὅτι
667 1176 724 1206 καὶ
751 1174 798 1205 τά
823 1174 985 1217 πρότερον
1009 1171 1120 1208 καλῶς
1141 1172 1288 1215 εἴρηται,
1311 1168 1352 1201 τὸ

356 1226 491 1271 πρώτην
517 1221 583 1253 τῶν
608 1218 806 1264 μεταβολῶν
833 1218 896 1254 τη“ν
919 1216 1021 1261 φοραῖν
1041 1214 1131 1248 ἀλλά
1147 1214 1194 1260 μγ)
1213 1215 1279 1251 τήν
1297 1213 1354 1260 γε’-

356 1281 442 1302 νεσιν
468 1269 591 1300 εἰπεῖν·

290 1316 376 1350 πολύ
399 1313 462 1360 γοίρ
488 1307 715 1354 εὐλογώτερον
741 1305 782 1338 τό
808 1304 843 1338 ὃν
868 1305 915 1346 τῷ
941 1304 988 1348 μή
1015 1304 1088 1337 ὄντι
1115 1303 1276 1350 γενέσεως
1302 1303 1352 1334 ‹zl-

355 1370 428 1393 τιον
458 1353 544 1389 εἶναι
569 1352 590 1391 ἦ
617 1353 658 1384 τὸ
683 1351 729 1395 μὴ
756 1349 791 1383 ὂν
817 1351 865 1391 τῷ
891 1349 964 1381 ὄντι
990 1349 1052 1382 τοῦ
1077 1345 1175 1380 εἶναι.
1212 1348 1257 1379 Τό
1289 1348 1349 1392 μέν

354 1402 411 1438 οὖν
436 1399 613 1446 φερόμενον
640 1396 727 1437 ἔστι,
749 1396 791 1427 τό
817 1390 853 1426 δέ
878 1393 1052 1440 γινόμενον
1078 1393 1138 1425 οὐκ
1159 1391 1270 1424 ἔστιν·
1297 1386 1350 1423 διὸ

353 1450 411 1481 καὶ
436 1447 456 1483 ἣ
481 1443 567 1489 φοραὶ
591 1439 742 1486 προτέρα
767 1439 830 1477 τῆς
854 1437 1028 1485 γενέσεως.

282 1495 378 1526 Ἐπεὶ
410 1486 439 1522 δ’
468 1488 649 1523 ὑπόκειται
683 1487 741 1517 καὶ
773 1479 948 1516 δέδεικται
979 1481 1121 1527 συνεχής
1158 1479 1244 1514 οὖσα
1277 1484 1348 1519 τοῖς

355 1550 379 1570 π
403 1535 531 1582 άγμασι
563 1533 621 1564 καὶ
646 1529 772 1576 γένεσις
805 1530 862 1559 καὶ
887 1526 1014 1572 φθορά,
1042 1525 1149 1571 φαμὲν
1174 1522 1202 1558 δ’
1232 1526 1348 1557 αἰτίαν

353 1592 438 1614 ειναι
462 1579 526 1616 τήν
551 1575 654 1621 φοροίν
679 1574 742 1606 τοῦ
766 1571 930 1619 γίνεσθαι,
950 1570 1089 1616 φανερὸν
1116 1569 1170 1603 ὅτι
1189 1571 1267 1615 μιᾶς
1317 1571 1348 1602 ἐν

2507 1496 2606 1529 frma
2625 1510 2629 1514 ¹

354 1626 453 1662 οὔσης
478 1623 541 1659 τῆς
565 1620 666 1675 φορᾶς
691 1619 751 1651 οὐκ
782 1612 962 1662 ἐνδέχεται
992 1614 1142 1663 γίνεσθαι
1170 1615 1265 1659 ἄμφω
1313 1617 1350 1647 ια

353 1672 394 1703 τὸ
418 1669 559 1701 ἐναντία
587 1674 689 1696 ειναι·
717 1662 758 1694 τὸ
782 1663 848 1708 γάρ
875 1660 964 1695 αὐτὸ
993 1663 1050 1693 καὶ
1075 1659 1238 1698 ὡσαύτως
1268 1659 1346 1706 ἔχον

355 1714 405 1747 ἀεὶ
431 1712 472 1745 τὰ
498 1709 587 1744 adv&
614 1707 739 1751 πέφυκε
764 1709 882 1738 ποιεῖν.
913 1704 1018 1738 ’Ὦστε
1044 1704 1125 1741 ἤτοι
1148 1704 1276 1751 γένεσις
1296 1706 1348 1737 ἀεὶ

352 1760 452 1791 ἔσται
479 1755 500 1793 ἧ
525 1752 642 1799 φθορά.
681 1753 736 1783 Δεῖ
758 1746 795 1782 δέ
820 1743 954 1788 πλείους
987 1746 1072 1781 εἶναι
1105 1750 1170 1787 τάς
1201 1748 1348 1787 κινήσεις

350 1805 406 1836 καὶ
432 1802 602 1840 ἐναντίας,
625 1796 646 1834 ἦ
667 1797 712 1839 τῇ
737 1796 823 1840 φορᾷ
847 1793 868 1830 ἦ
894 1795 939 1837 τῇ
966 1795 1163 1838 ἀνωμαλίᾳ·
1190 1794 1257 1826 τῶν
1281 1795 1347 1840 γάρ

351 1849 512 1880 ἐναντίων
530 1841 703 1876 τάναντία
721 1842 830 1872 αἴτια.
858 1839 915 1871 Ate
931 1841 989 1871 καὶ
1007 1839 1071 1884 οὐχ
1088 1839 1108 1875 ἡ
1127 1838 1244 1883 πρώτη
1262 1838 1349 1883 φοραὶ

352 1892 451 1924 αἰτία
474 1888 547 1922 ἐστὶ
571 1886 731 1934 γενέσεως
764 1886 823 1916 καὶ
846 1882 990 1928 φθορᾶς,
1020 1882 1091 1917 ἀλλ’
1121 1884 1141 1919 ’ἢ
1166 1884 1263 1916 κατά
1287 1883 1347 1916 τόν

349 1936 448 1977 λοξὸν
478 1933 618 1967 κύκλον·
645 1931 678 1964 ἐν
703 1929 820 1972 ταύτῃ
850 1929 914 1986 γάρ
946 1931 1003 1961 καὶ
1035 1929 1076 1961 τὸ
1105 1927 1242 1984 συνεχές
1272 1928 1347 1960 ἐστι

349 1983 407 2012 καὶ
433 1980 474 2012 τό
505 1976 667 2010 κινεῖσθαι
695 1969 756 2007 δύο
786 1985 950 2012 κινησεις·
979 1972 1110 2020 ἀνάγκη
1140 1985 1228 2019 γαρ,
1255 1974 1346 2019 εἴγε

352 2026 403 2058 ἀεὶ
428 2024 526 2056 ἔσται
552 2019 692 2066 συνεχής
715 2017 844 2065 γένεσις
867 2021 925 2050 καὶ
943 2017 1060 2063 φθορά,
1082 2017 1133 2049 ἀεὶ
1159 2017 1218 2062 μέν
1237 2029 1271 2049 τι
1295 2029 1343 2049 κι-

349 2067 497 2109 νεῖσθαι,
525 2067 584 2098 ἵνα
609 2067 655 2111 μη
681 2064 896 2097 ἐπιλείπωσιν
926 2063 1033 2096 αὗται
1063 2063 1097 2094 αἱ
1130 2063 1344 2106 μεταβολαί,

348 2109 408 2146 δύο
433 2109 479 2154 δ’,
507 2110 595 2148 ὅπως
621 2110 668 2155 μή
693 2107 834 2151 θάτερον
860 2108 1026 2152 συμβαίνῃ
1052 2106 1165 2152 μόνον.
1193 2108 1261 2145 Τῆς
1285 2107 1345 2151 μὲν

349 2157 405 2192 οὖν
423 2158 596 2201 συνεχείας
614 2156 634 2192 ’ἡ
655 2153 716 2187 τοῦ
743 2152 820 2186 ὅλου
841 2154 926 2198 φορά
944 2153 1055 2194 αἰτία,
1075 2152 1138 2184 τοῦ
1156 2147 1192 2184 δὲ
1216 2151 1346 2196 προσιέ-

348 2215 402 2236 ναι
426 2204 483 2234 καὶ
509 2199 646 2233 ἀπιέναι
671 2200 691 2235 ἡ
719 2197 879 2244 ἔγκλισις·
906 2197 1081 2243 συμβαίνει
1106 2198 1171 2242 γάρ
1199 2197 1259 2229 ὁτὲ
1284 2198 1344 2239 μὲν

348 2247 456 2292 πόρρω
487 2243 637 2292 γίνεσθαι
668 2242 728 2276 ὁτὲ
775 2241 782 2252 ’
810 2241 925 2290 ἐγγύς.
957 2243 1090 2275 Ἀνίσου
1121 2236 1159 2273 δὲ
1184 2243 1246 2274 τοῦ
1271 2236 1346 2274 δια-

347 2291 524 2336 στήματος
551 2289 646 2326 ὄντος
673 2286 848 2331 ἀνώμαλος
869 2287 969 2320 ἔσται
995 2287 1016 2324 ἢ
1040 2288 1187 2324 κίνησις·
1214 2285 1295 2319 ὥστ’
1315 2287 1345 2318 εἰ

347 2338 394 2378 τῷ
427 2333 600 2379 προσιέναι
630 2335 689 2364 καὶ
720 2330 820 2379 ἐγγυς
853 2329 938 2364 εἶναι
970 2332 1093 2378 γεννᾷ,
1125 2331 1173 2372 τῷ
1205 2330 1344 2364 ἀπιέναι

347 2381 477 2414 ταύτόν
503 2379 609 2412 τοῦτο
633 2379 690 2410 καὶ
712 2378 821 2421 πόρρω
846 2375 996 2423 γίνεσθαι
1021 2375 1156 2421 φθείρει,
1173 2379 1231 2408 καὶ
1250 2376 1279 2408 εἰ
1296 2377 1344 2418 τῷ

347 2423 509 2462 πολλάκις
527 2421 699 2468 προσιέναι
719 2434 834 2468 γεννᾳ,
852 2423 909 2453 καὶ
929 2422 976 2463 τῷ
999 2419 1162 2458 πολλάκις
1183 2418 1360 2454 ἀπελθεΐν“

345 2469 483 2514 φθείρει·
510 2469 576 2500 τῶν
601 2467 665 2513 γάρ
690 2467 852 2499 ἐναντίων
878 2466 1051 2498 τάναντία
1077 2467 1188 2498 αἴτια.
1217 2467 1283 2498 Καὶ
1308 2465 1342 2498 ἐν

345 2516 403 2556 ἴσῳ
426 2512 531 2559 χρόνῳ
555 2515 612 2544 καὶ
631 2512 651 2548 ἢ
669 2510 775 2555 φθορά
797 2513 855 2543 καὶ
872 2511 892 2548 ἡ
911 2510 1039 2557 γένεσις
1064 2511 1085 2547 ή
1109 2512 1207 2542 κατα
1231 2509 1340 2556 φύσιν.

281 2602 335 2636 Διὸ
368 2604 425 2634 καὶ
451 2603 480 2633 οἱ
504 2599 617 2645 χρόνοι
647 2602 705 2631 καὶ
731 2602 760 2632 οἱ
785 2599 851 2641 βίοι
876 2599 1030 2631 ἑκάστων
1064 2598 1201 2644 ἀριθμόν
1227 2598 1343 2644 ἔχουσι

347 2648 403 2679 καὶ
429 2644 541 2686 τούτῳ
558 2640 780 2689 διορίζονται·
808 2643 947 2676 πάντων
965 2643 1028 2690 γάρ
1055 2644 1129 2677 ἐστι
1155 2642 1365 2698 τάξιςῃκαὶ-

349 2691 415 2728 πᾶς
438 2690 508 2731 βίος
532 2691 588 2721 καὶ
613 2688 729 2735 χρόνος
755 2692 931 2733 μετρεῖται
953 2684 1108 2730 περιόδῳ,
1128 2689 1216 2725 πλην
1239 2700 1277 2722 ου
1295 2690 1342 2732 τῇ

348 2732 439 2777 αὐτῇ
466 2735 612 2775 πάντες,
645 2731 716 2765 οἰλλΙ
747 2735 776 2765 οἱ
801 2732 859 2778 μέν
886 2731 1049 2765 ἐλάττονι
1076 2735 1105 2766 οἱ
1130 2730 1166 2764 δέ
1193 2734 1340 2766 πλείονι·

348 2782 418 2817 τοῖς
436 2778 494 2823 μὲν
519 2778 582 2825 γάρ
608 2776 774 2820 ἐνιαυτός,
795 2782 865 2815 τοῖς
883 2772 919 2809 δέ
937 2778 1072 2821 μείζων,
1093 2781 1164 2815 τοῖς
1181 2773 1217 2809 δέ
1239 2777 1342 2810 ἐλάτ-

348 2835 413 2856 των
439 2824 459 2859 ⁷3
486 2818 637 2867 περίοδός
663 2822 736 2855 ἐστι
763 2823 802 2855 τό
829 2821 965 2867 μέτρον.

281 2869 446 2900 Φαίνεται
470 2862 506 2898 δέ
531 2869 588 2899 καὶ
613 2867 707 2899 κατά
733 2866 795 2903 την
815 2866 965 2903 αἴσθησιν
988 2865 1251 2921 ’ὁμολογούμενα
1270 2871 1341 2905 τοϊς

348 2913 424 2954 παρ’
455 2912 547 2954 ἡμῶν
579 2910 710 2958 λόγοις·
736 2912 861 2956 ὁρῶμεν
886 2911 950 2957 γοίρ
976 2911 1031 2943 ὁτι
1059 2910 1257 2955 προσιόντος
1282 2912 1342 2956 μὲν

348 2957 409 2988 τοῦ
436 2956 531 2992 ἡλίου
555 2956 682 3001 γένεσίς
707 2956 812 2997 ἐστιν,
834 2953 996 2993 ἀπιόντος
1022 2950 1058 2987 δὲ
1084 2954 1202 3000 φθίσις,
1229 2958 1287 2988 καὶ
1307 2957 1340 2989 ἐν

345 3001 403 3041 ἴσῳ
427 2998 532 3046 χρόνῳ
557 3000 737 3045 ἑκάτερον·
762 3002 832 3038 ’ίσος
856 2999 920 3045 γοὶρ
946 3001 962 3032 ό
987 2999 1105 3046 χρόνος
1131 3000 1194 3036 τῆς
1219 2999 1341 3045 φθορᾶς

347 3047 403 3076 καὶ
428 3045 490 3082 τῆς
514 3044 672 3090 γενέσεως
698 3045 760 3082 τῆς
783 3047 878 3078 κατα
902 3043 1011 3088 φύσιν.
1041 3044 1150 3076 Ἀλλά
1165 3044 1342 3086 συμβαίνει

348 3087 511 3126 πολλάκις
536 3089 568 3120 ἐν
595 3088 757 3121 ἐλάττονι
785 3087 974 3134 φθείρεσθαι
999 3085 1058 3121 διαὶ
1082 3088 1145 3126 τήν
1171 3088 1252 3130 πρός
1285 3089 1342 3123 ἀλ-

345 3133 435 3169 ληλα
459 3132 657 3178 σύγκρασιν·
686 3133 863 3177 ἀνωμάλου
889 3132 952 3181 γοίρ
979 3133 1078 3171 οὔσης
1097 3134 1160 3171 τῆς
1177 3131 1258 3173 ὕλης
1282 3137 1340 3167 καὶ

348 3177 385 3208 οὗ
411 3178 594 3222 πανταχοῦ
620 3178 683 3215 τῆς
717 3178 827 3215 αὐτ-ῆς
860 3176 926 3210 ἀνά
951 3189 991 3215 κη
1023 3180 1081 3210 καὶ
1107 3177 1169 3216 τοίς
1218 3178 1339 3218 ενέσεις

349 3221 542 3264 ἀνωμάλους
567 3219 653 3254 εἶναι
678 3223 736 3254 καὶ
761 3222 822 3260 τοὶς
849 3222 907 3267 μέν
928 3190 1083 3261 θάττους
1109 3222 1172 3261 τοίς
1221 3223 1235 3256 ἐ
1260 3223 1343 3269 βρα-

348 3259 509 3306 δυτέρας,
536 3264 625 3298 ὥστε
657 3266 833 3310 συμβαίνει
864 3262 923 3299 8ιά
955 3267 1019 3304 τήν
1045 3266 1179 3300 τούτων
1211 3268 1340 3316 γένεσιν

349 3309 461 3347 ἄλλοις
484 3309 634 3355 γίνεσθαι
658 3309 795 3354 φθοράν.

277 3351 346 3383 Ἀεὶ
371 3349 416 3394 δ’,
442 3352 551 3398 ὥσπερ
577 3355 721 3395 εἴρηται,
748 3355 888 3400 συνεχής
914 3356 1013 3388 ἔσται
1038 3356 1059 3393 ή
1084 3354 1212 3402 γένεσις
1236 3359 1294 3390 καὶ
1320 3358 1341 3394 ἡ

348 3395 464 3449 φθορά,
481 3400 538 3429 καὶ
557 3395 721 3430 οὐδέποτε
743 3398 917 3443 ὑπολείψει
934 3396 971 3431 δι’
992 3401 1032 3437 ἦν
1051 3401 1188 3444 εἴπομεν
1208 3402 1339 3435 αἰτίαν.

349 3442 459 3473 Τουτο
483 3437 511 3472 δ’
540 3439 686 3488 εὐλόγως
709 3442 934 3486 συμβέβηκεν·
963 3442 1036 3476 ἐπεὶ
1061 3443 1124 3490 γοὶρ
1151 3443 1183 3477 ἐν
1211 3445 1339 3479 ἅπασιν

351 3485 403 3517 ἀεὶ
429 3486 490 3516 τοῦ
516 3485 685 3525 βελτίονος
712 3484 884 3532 ὀρέγεσθαί
909 3499 1017 3532 φαμεν
1043 3488 1107 3525 τήν
1133 3489 1242 3545 φύσιν,
1266 3490 1341 3531 βέλ-

349 3539 422 3560 τιον
447 3524 483 3560 δὲ
509 3529 548 3561 τό
575 3527 660 3562 εἶναι
685 3529 705 3566 ἦ
731 3530 769 3563 τό
797 3532 844 3575 μή
871 3528 957 3564 εἶναι
982 3532 1045 3574 (τὸ
1071 3528 1099 3563 δ’
1122 3545 1208 3566 ειναι
1234 3546 1340 3566 ποσα-

347 3573 414 3617 χῶς
430 3573 584 3619 λέγομεν,
611 3574 643 3605 ἐν
670 3574 782 3612 ἀλλοις
805 3577 971 3619 εἴρηται),
990 3577 1097 3609 τοῦτο
1115 3572 1144 3608 δ’
1167 3573 1338 3614 ἀδύνατον

348 3617 381 3648 ἐν
409 3615 534 3648 ἅπασιν
570 3616 733 3662 ὑπάρχειν
757 3614 816 3650 ’διαὶ
841 3620 881 3651 τό
912 3620 1021 3663 πόρρω
1047 3621 1109 3658 τῆς
1135 3622 1240 3668 ἀρχῆς
1268 3623 1340 3665 ἀφί-

1471 1665 1584 1703 ambo,
1608 1664 1685 1706 quia
1709 1664 1864 1695 contraria
1886 1671 1980 1696 sunt:
2003 1664 2090 1696 idem
2113 1665 2201 1696 enim
2225 1673 2256 1698 et
2278 1665 2424 1698 similloer
2445 1675 2482 1698 ιι

1471 1709 1602 1748 habens,
1627 1718 1754 1749 semper
1767 1708 1855 1739 idem
1877 1708 2025 1740 innatum
2048 1716 2096 1741 est
2110 1709 2227 1741 facere:
2251 1710 2413 1752 quocirca,
2427 1719 2481 1752 ge-

1471 1753 1592 1785 neratio
1615 1763 1742 1794 semper
1764 1753 1822 1785 erit
1843 1759 1900 1784 aut
1922 1753 2097 1794 corruptio.
2121 1753 2259 1796 Oportet
2275 1762 2384 1787 autem
2397 1755 2482 1787 mul-

1465 1805 1516 1830 tos
1540 1808 1607 1829 esse
1630 1805 1740 1829 motus
1763 1804 1795 1829 et
1818 1797 1993 1829 contrarios
2024 1805 2151 1837 motus,
2175 1805 2231 1831 aut
2252 1799 2403 1832 allatione
2425 1806 2482 1832 aut

1469 1843 1711 1885 inaequalitate:
1736 1842 1969 1874 contrariorum
1985 1843 2072 1874 enim
2087 1843 2243 1874 contraria
2261 1852 2365 1876 cauam
2389 1844 2480 1876 Ideo-

1469 1898 1534 1930 que
1557 1898 1624 1919 non
1647 1887 1751 1928 prima
1773 1887 1880 1918 allatio
1905 1897 1999 1918 causa
2021 1887 2233 1928 generationis
2257 1895 2305 1920 eat
2325 1888 2480 1921 eteorra-

1469 1932 1600 1974 pfionis,
1617 1932 1672 1963 sed
1687 1941 1770 1974 quae
1786 1931 1866 1963 circa
1882 1932 2053 1974 obliquum
2072 1932 2246 1964 circulum:
2270 1932 2304 1964 in
2317 1933 2378 1965 hac
2392 1933 2481 1966 enim

1469 1984 1502 2009 et
1524 1977 1716 2009 continuum
1738 1976 1819 2008 inest
1843 1983 1874 2008 et
1896 1977 2019 2008 moveri
2039 1977 2228 2008 *secundum
2251 1978 2336 2010 duos
2357 1984 2479 2010 motus.

1468 2023 1603 2053 Necesse
1627 2021 1725 2060 enim,
1749 2020 1775 2052 si
1798 2021 1856 2053 erit
1870 2031 1996 2062 semper
2018 2021 2171 2053 continua
2184 2021 2345 2064 generatio
2361 2029 2395 2054 et
2408 2031 2480 2055 cor·

1469 2067 1590 2108 ruptio,
1607 2075 1733 2107 semper
1755 2066 1877 2108 aliquid
1899 2066 2038 2106 moveri,
2062 2073 2099 2098 ut
2121 2076 2189 2098 non
2213 2066 2361 2099 deficiant
2381 2073 2480 2099 mua-

1469 2111 1663 2143 mutationes
1687 2111 1757 2150 hae,
1781 2111 1847 2142 duo
1870 2118 1990 2150 autem,
2014 2117 2052 2142 ut
2074 2121 2141 2142 non
2157 2111 2293 2143 alterum
2315 2111 2480 2154 coming-t

1469 2157 1586 2188 solum.
1619 2155 1849 2188 Continuitatis
1879 2155 2011 2197 quidem
2038 2155 2135 2196 igitur
2165 2156 2266 2188 totius
2295 2155 2404 2188 allatio
2430 2162 2480 2189 eat

1468 2211 1574 2240 causa,
1598 2200 1794 2242 praesentiae
1808 2210 1884 2231 vero
1900 2207 1932 2232 et
1946 2200 2106 2232 absentiae
2122 2211 2217 2232 causa
2233 2207 2280 2232 est
2294 2200 2477 2233 inclinatio:

1468 2245 1624 2286 contingit
1638 2244 1725 2276 enim
1740 2245 1936 2286 quandoque
1951 2245 2048 2286 longe
2062 2244 2141 2285 fieri,
2153 2246 2351 2288 quandoque
2361 2254 2476 2287 prope.

1469 2289 1631 2332 inaequali
1646 2290 1733 2321 enim
1749 2289 1895 2321 distantia
1910 2289 2073 2330 existente,
2083 2290 2258 2332 inaequalis
2273 2289 2332 2322 erit
2348 2297 2476 2331 motua3

1468 2335 1618 2377 quocirca
1641 2335 1667 2366 si
1690 2334 1723 2365 in
1746 2334 1926 2366 accedendo
1951 2341 1982 2366 et
2003 2334 2037 2366 in
2060 2344 2162 2376 prope
2185 2345 2253 2366 esse
2275 2341 2422 2376 generat,
2445 2341 2479 2368 et

1467 2380 1500 2411 in
1523 2379 1700 2412 recedendo
1716 2386 1748 2410 et
1761 2378 1858 2420 longe
1881 2378 1948 2410 fieri
1971 2379 2113 2421 idipsum
2134 2379 2328 2422 corrumpit3
2351 2386 2384 2412 et
2397 2379 2425 2411 si
2442 2379 2478 2412 in

1467 2424 1632 2456 multoties
1647 2423 1846 2455 adveniendo
1862 2430 2001 2464 generat,
2025 2431 2056 2456 et
2070 2424 2104 2455 in
2120 2424 2285 2456 multoties
2298 2424 2476 2457 recedmde

1467 2469 1658 2510 corrumpit:
1684 2468 1917 2500 contrariorum
1937 2468 2024 2500 enim
2043 2469 2199 2500 contraria
2215 2475 2262 2500 est
2277 2478 2382 2502 cam
2404 2468 2477 2501 *Et

1466 2514 1499 2545 in
1522 2513 1647 2555 aequali
1675 2519 1820 2554 tempore
1843 2519 1875 2544 et
1898 2513 2062 2555 corruptio
2085 2520 2117 2545 et
2138 2513 2299 2554 generatio
2322 2523 2406 2556 quae
2427 2523 2475 2545 se-

1466 2559 1610 2590 cundum
1634 2564 1789 2589 naturam.

1398 2603 1539 2645 Ideoque
1563 2610 1594 2634 et
1617 2609 1744 2644 tempus
1759 2609 1791 2634 et
1812 2601 1876 2634 vita
1898 2601 2152 2644 uniuscuiusque
2168 2601 2287 2634 habent
2301 2611 2476 2635 numerum

1465 2655 1497 2679 et
1520 2648 1582 2679 hoc
1603 2646 1867 2678 determinantur:
1892 2647 2042 2678 omniurn
2058 2646 2145 2678 enim
2161 2654 2207 2678 est
2222 2647 2315 2686 ordo,
2330 2653 2362 2679 et
2376 2657 2475 2680 omne

1465 2699 1593 2734 tempus
1617 2699 1648 2724 et
1662 2691 1726 2722 vita
1749 2697 1952 2722 mensuratur
1974 2691 2120 2732 periodo,
2144 2692 2199 2722 sed
2215 2698 2323 2723 tamen
2342 2701 2409 2723 non
2424 2701 2476 2724 ea-

1464 2738 1538 2768 dem
1562 2747 1687 2775 omnes,
1711 2736 1766 2767 sed
1788 2735 1822 2767 hi
1845 2736 1977 2778 quidem
2001 2735 2130 2775 minori,
2154 2735 2187 2767 hi
2210 2742 2319 2768 autem
2341 2735 2471 2768 maiori:

1465 2782 1514 2813 his
1537 2782 1623 2813 enim
1646 2791 1766 2820 annus,
1791 2780 1840 2811 his
1863 2787 1972 2812 autem
2001 2780 2121 2820 maior,
2145 2780 2214 2812 aliis
2237 2787 2346 2812 autem
2368 2780 2476 2813 minor

1464 2826 1616 2868 periodus
1639 2832 1686 2857 est
1709 2835 1868 2856 mensura.

1396 2871 1592 2913 *Apparent
1614 2877 1723 2902 autem
1746 2877 1777 2901 et
1800 2869 1978 2901 secundum
2001 2879 2133 2901 sensum
2156 2868 2300 2901 confessa
2322 2869 2371 2901 hia
2389 2879 2474 2912 quae

1463 2926 1482 2947 a
1498 2915 1591 2947 nobis
1614 2915 1697 2946 dicta
1713 2921 1798 2946 sunt.
1814 2914 1970 2959 Videmus
1985 2914 2071 2945 enim
2087 2914 2177 2955 quod
2192 2913 2378 2946 adveniente
2400 2914 2472 2956 qui-

1464 2961 1538 2991 dem
1562 2960 1629 2991 sole
1652 2959 1813 3000 generatio
1837 2966 1899 2998 est,
1923 2959 2087 2990 recedente
2108 2965 2215 2990 autem
2232 2958 2422 2999 deminutio,
2441 2964 2474 2991 et

1463 3005 1496 3036 in
1513 3004 1636 3046 aequali
1656 3011 1800 3045 tempore
1817 3010 2006 3044 utrumque:
2031 3003 2163 3045 aequale
2180 3003 2267 3034 enim
2282 3010 2330 3035 est
2344 3009 2473 3045 tempu·

1464 3048 1677 3090 corruptionis
1701 3055 1732 3080 et
1754 3047 1966 3089 generationis
1998 3058 2082 3089 quae
2105 3048 2283 3079 secundum
2313 3054 2471 3080 naturam.

1463 3093 1526 3125 Sed
1559 3093 1714 3134 contingit
1746 3092 1909 3124 multoties
1936 3092 1969 3123 in
2000 3092 2118 3124 minori
2149 3092 2311 3134 corrumpi
2341 3099 2474 3135 propter

1464 3137 1641 3168 adinvicem
1666 3137 1899 3169 confusionem.
1926 3137 2087 3178 Inaequali
2121 3137 2207 3168 enim
2230 3137 2381 3169 existente
2403 3146 2472 3169 ma-

1463 3182 1540 3213 teria
1563 3189 1594 3213 et
1617 3192 1683 3212 non
1703 3182 1823 3223 ubique
1847 3181 1969 3220 eadem,
1994 3191 2120 3213 necesse
2140 3188 2171 3213 et
2185 3181 2404 3222 generationes
2426 3181 2472 3213 in-

1463 3226 1610 3268 aequales
1633 3236 1712 3266 esse,
1729 3233 1760 3258 et
1783 3227 1839 3257 has
1858 3226 1990 3268 quidem
2006 3225 2141 3265 citiores,
2158 3225 2214 3257 has
2229 3233 2337 3258 autem
2351 3225 2470 3258 tardio-

1462 3278 1526 3310 res;
1551 3271 1700 3312 quocirca
1721 3270 1833 3302 accidit
1855 3277 1986 3312 propter
2007 3270 2126 3302 horum
2149 3270 2386 3312 generationem
2401 3269 2471 3302 aliia

1462 3315 1602 3356 generari
1627 3315 1876 3356 corruptionem.

1395 3359 1527 3400 Semper
1545 3369 1632 3399 vei-0,
1651 3367 1685 3391 ut
1702 3360 1823 3391 dictum
1838 3367 1896 3399 est,
1921 3359 2073 3391 continua
2096 3359 2154 3390 erit
2168 3358 2330 3400 generatio
2353 3365 2385 3391 et
2399 3368 2469 3391 cor·

1462 3404 1581 3445 ruptio,
1598 3411 1628 3435 et
1644 3415 1812 3446 nunquam
1836 3404 1959 3436 deficiet
1979 3411 2109 3445 propter
2128 3414 2199 3435 eam
2215 3413 2314 3445 quam
2331 3403 2470 3435 diximus

1463 3458 1602 3480 causam.
1626 3446 1642 3464 ⁴¹
1654 3449 1727 3480 Hoc
1747 3456 1855 3480 autem
1878 3448 2105 3480 rationabiliter
2120 3448 2290 3489 contingit;
2312 3448 2469 3490 quoniam

1463 3492 1549 3523 enim
1568 3493 1600 3523 in
1625 3493 1775 3524 omnibus
1798 3493 1963 3535 inquimus
1987 3493 2077 3535 quod
2093 3492 2208 3524 melius
2231 3499 2279 3524 est
2293 3492 2469 3524 desiderare

1463 3544 1608 3568 naturam
1631 3545 1769 3578 semper:
1794 3538 1908 3569 melius
1925 3544 2033 3569 autem
2052 3544 2099 3569 est
2114 3547 2181 3568 esse
2197 3547 2295 3578 quam
2319 3547 2386 3568 non
2400 3546 2468 3568 esee

1463 3580 1544 3623 (esse
1561 3588 1668 3613 autem
1683 3589 1764 3623 quot
1780 3582 1886 3612 modis
1902 3582 2038 3613 dicimus
2053 3581 2086 3612 in
2103 3581 2171 3612 aliis
2184 3581 2305 3613 dictum
2321 3579 2394 3624 est),
2405 3580 2468 3612 hoc

1462 3632 1570 3656 autem
1593 3625 1625 3656 in
1642 3626 1791 3657 omnibus
1815 3626 2011 3667 impossibile
2035 3626 2164 3657 existere
2187 3632 2317 3667 propter
2339 3625 2435 3666 longe
2449 3635 2468 3656 a

2501 2471 2615 2499 ’ΤοιιΑ

2498 2866 2626 2901 ‘Tm'
