2782 4134
1118 265 1231 302 CAP.
1261 266 1331 313 XI,
1362 265 1514 302 LECT.
1546 264 1674 302 XXIV

311 345 366 384 rei
394 357 494 395 quae
522 345 643 394 possit
672 345 846 383 desinere
862 356 957 381 esse
985 356 1055 393 per
1083 345 1385 394 corruptionem:

311 406 352 437 tu
381 398 484 436 enim
514 398 579 448 qui
616 406 728 448 potes
757 397 929 436 desinere
969 409 1051 434 esse
1078 409 1149 446 per
1177 398 1386 448 corruptio-

312 464 414 500 nem,
437 465 477 489 es
497 465 600 490 nunc
628 452 669 490 in
690 450 898 501 praesenti;
920 456 957 487 et
975 450 1141 488 similiter
1167 458 1300 499 tactus,
1322 452 1386 501 qui

311 513 438 556 potest
467 505 640 543 desinere
669 517 765 552 esse,
787 503 855 542 sed
882 515 962 541 non
989 516 1060 553 per
1088 505 1384 554 corruptionem,

312 566 370 596 est
406 571 534 606 nunc;
564 558 633 596 sed
664 566 795 596 tamen
831 564 1037 606 utrumque
1074 558 1216 594 horum
1254 558 1389 595 dicitur

313 612 441 662 aliquo
470 612 592 650 modo
621 610 876 660 corruptibile,
906 610 1044 647 scilicet
1072 611 1285 648 secundum
1312 611 1387 660 pri-

311 678 421 703 murn
450 665 614 703 modum
642 663 910 713 corruptibilis;
941 663 1030 712 quia
1058 663 1199 700 scilicet
1227 663 1296 700 erit
1324 664 1388 701 ali-

313 719 468 769 quando
498 717 655 768 quando
683 729 764 755 non
793 716 862 754 erit
893 728 1030 754 verum
1059 716 1185 754 dicere
1214 718 1320 765 quod
1347 725 1389 754 tu

313 773 374 820 sis,
394 784 468 810 nec
487 771 555 809 erit
573 783 712 808 verum
731 770 858 808 dicere
877 770 984 819 quod
1003 770 1079 807 hoc
1102 777 1276 818 tangatur
1294 775 1317 806 ⁹.
1339 771 1389 807 Et

313 825 402 864 ideo
429 824 522 862 illud
549 823 717 861 maxime
745 823 900 873 proprie
929 823 1062 861 dicitur
1089 823 1386 872 incorruptibile,

344 968 347 969 ⁷
365 983 390 1018 ν)
405 986 679 1017 tanguam-tangas
692 982 728 1014 P;
748 990 816 1016 quae
834 982 930 1016 pergit:
942 982 1006 1008 Ideo
1024 983 1054 1008 id
1068 982 1190 1008 maxime
1208 982 1309 1008 dicitur
1320 990 1387 1015 pro-

306 1020 371 1053 prie
388 1018 599 1052 incorruptibile.

366 1053 391 1089 ξ)
409 1058 499 1081 tam
518 1054 701 1088 contingat.—
712 1057 802 1080 tamen
821 1061 876 1079 om.
889 1054 919 1084 P,
938 1053 1000 1087 quia
1018 1054 1096 1079 codd.
1108 1061 1162 1079 exc.
1180 1054 1229 1079 Asl
1248 1054 1312 1079 illud
1331 1061 1387 1079 cor-

310 1093 594 1161 Νωὸωὸιιιὲᾰΐὲἕὲοη
612 1125 783 1158 respondet...
795 1128 823 1150 et
831 1125 940 1158 primus·
953 1125 1054 1158 primo.
1068 1139 1087 1145 —-
1099 1125 1173 1151 Patet
1191 1125 1327 1159 quomodo
1336 1129 1388 1150 ter-

310 1161 364 1188 tius
382 1161 478 1187 modus
502 1160 704 1194 incorruptibilis
729 1160 886 1194 respondeat
910 1160 986 1186 tertio
1005 1161 1086 1186 modo
1110 1161 1298 1194 corruptibilis,
1319 1168 1386 1193 qua-

309 1202 388 1224 tenus
407 1197 639 1230 scilicetfui-quod
658 1196 690 1222 ab
717 1204 773 1222 uno
791 1201 908 1229 negatur,
929 1195 1073 1222 affirmatur
1097 1196 1129 1221 ab
1148 1197 1214 1222 alio:
1233 1204 1294 1221 nam
1312 1195 1388 1221 tertio

260 1262 269 1263 ἶ
285 1228 611 1266 ΔΑιιικἸιιι’ἰιὶῖ;οἶ-π·ι.ιι;ιῑίἰήιε
628 1232 721 1258 dicitur
739 1232 812 1266 quod
830 1240 884 1257 non
902 1232 935 1257 de
953 1232 1020 1257 facili
1045 1232 1234 1265 corrumpitur,
1260 1231 1388 1264 corrupti-

311 1267 365 1296 bil·
382 1273 471 1294 autem
489 1268 562 1302 quod
581 1276 596 1294 e
615 1275 742 1294 converso
762 1267 837 1293 facile
855 1267 1036 1301 corrumpitur.
1051 1268 1102 1293 Sed
1121 1275 1175 1292 non
1193 1272 1234 1292 est
1251 1267 1286 1292 ita
1303 1267 1387 1292 maui-

310 1302 408 1330 festum
427 1303 561 1338 quomodo
580 1303 727 1330 secundum
751 1303 909 1336 praedictam
927 1303 1055 1329 rationem
1082 1302 1132 1328 sibi
1150 1303 1260 1328 invicem
1278 1309 1388 1335 respon-

312 1339 391 1366 deant
408 1339 451 1365 alii
475 1340 528 1365 duo
551 1339 623 1364 modi
648 1339 822 1372 corruptibilis
845 1343 872 1364 et
893 1338 1109 1372 incompabilis,
1136 1345 1232 1372 nempe
1254 1337 1389 1364 secundus

310 1375 430 1437 mdicengo
447 1378 475 1401 et
486 1375 717 1437 mmmmm
735 1379 815 1436 ἵζοι
829 1374 925 1416 dicitur
941 1375 1066 1435 igbffiitu.
1083 1373 1282 1435 Videtur-daim
1299 1374 1387 1407 potius

313 1419 499 1472 cundougoss
518 1417 998 1480 oempfibifigrxssedusmgssmcorrpupmo·
1015 1417 1253 1478 Dgtffiessffigque
1270 1417 1388 1470 ἓέἒυῐῗιῗῖι

2463 279 2512 315 99

1442 345 1548 394 quod
1581 344 1739 394 quidem
1775 352 1831 382 est
1859 357 1947 393 ens,
1977 345 2045 382 sed
2078 345 2313 394 impossibile
2343 353 2398 382 est
2424 346 2515 384 illud

1443 398 1636 448 corrumpi
1664 399 1739 435 hoc
1768 398 1888 436 modo
1917 406 1974 446 ut,
2006 411 2095 435 cum
2124 398 2244 436 modo
2274 399 2319 435 sit
2347 411 2425 446 ens,
2444 412 2514 448 po-

1442 452 1576 489 sterius
1610 465 1690 490 non
1722 451 1769 489 sit
1806 463 1873 489 ens
1915 459 1979 489 aut
2014 451 2204 500 contingat
2231 464 2311 489 non
2344 464 2448 500 esse,
2479 460 2516 489 et

1442 505 1620 555 quamvis
1639 503 1815 544 nondum
1829 505 1876 543 sit
1896 512 2130 555 corruptum,
2146 512 2276 542 tamen
2292 505 2483 553 contingat
2501 503 2515 528 ἔ

1442 566 1638 607 postremo
1673 558 1765 596 illud
1797 571 1876 596 non
1906 571 2010 603 esse:
2039 558 2132 596 illud
2166 558 2269 595 enirn
2302 558 2408 607 quod
2436 571 2516 596 non

1442 613 1517 649 hoc
1536 612 1656 649 modo
1677 624 1718 649 se
1737 612 1864 659 habet,
1886 612 2022 650 dicitur
2038 611 2194 662 proprie
2218 611 2513 660 incorruptibile.

1496 665 1628 702 Tertio
1648 665 1769 702 modo
1786 665 1919 703 dicitur
1939 665 2082 714 aliquid
2100 664 2395 714 incorruptibile,
2408 665 2515 713 quod

1443 729 1522 754 non
1543 717 1590 754 de
1615 718 1711 755 facili
1735 718 2002 768 corrumpitur.
2029 718 2148 767 Quod
2177 718 2291 756 etiarn
2311 718 2518 767 respondet

1442 770 1553 807 tertio
1583 771 1704 808 modo
1734 772 1996 821 corruptibilis,
2018 772 2114 810 sicut
2134 773 2154 794 *²
2183 779 2221 809 et
2248 771 2440 809 secundus
2459 783 2516 808 se-

1444 823 1583 871 cundo,
1605 831 1642 861 et
1669 824 1815 873 primus
1842 825 1969 874 primo
1997 831 2021 862 ⁰.

1444 983 1525 1008 modo
1543 982 1738 1016 incorruptibile
1756 983 1836 1016 quod,
1855 991 1916 1008 cum
1935 984 1968 1009 sit
1986 991 2040 1015 ens,
2055 985 2127 1010 nullo
2146 984 2234 1014 modo,
2254 991 2341 1017 neque
2365 991 2412 1018 per
2430 992 2518 1009 corru-

1444 1019 1561 1051 ptionem
1580 1023 1667 1052 neque
1685 1019 1742 1043 sine
1754 1019 1926 1051 corruptione,
1940 1020 2063 1052 contingit
2080 1025 2171 1053 postea
2190 1028 2244 1045 non
2262 1027 2330 1045 esse.
2346 1019 2413 1045 Huic
2432 1025 2519 1045 autem

1444 1054 1614 1079 contrariatur
1637 1054 1737 1087 primus
1760 1054 1856 1079 modus
1876 1055 2061 1087 corruptibilis,
2086 1056 2230 1081 secundum
2249 1063 2330 1089 quem
2353 1055 2519 1089 corruptibile

1445 1090 1536 1115 dicitur
1554 1089 1580 1115 id
1605 1090 1685 1123 quod,
1706 1097 1767 1115 cum
1785 1090 1858 1123 prius
1878 1090 1919 1121 sit,
1939 1092 2108 1123 postmodum
2133 1092 2175 1116 vel
2194 1099 2247 1116 non
2266 1096 2307 1116 est
2329 1091 2372 1116 vel
2395 1091 2520 1124 contingit

1444 1133 1496 1150 non
1515 1133 1584 1157 esse,
1599 1133 1768 1158 quocumque
1787 1125 1867 1150 modo
1886 1125 1936 1150 hoc
1952 1127 2090 1159 contingat.
2109 1127 2209 1152 Eadem
2228 1127 2456 1160 correspondentia
2476 1134 2518 1152 se-

1444 1161 1560 1186 cundum
1569 1161 1696 1186 rationem
1710 1161 1897 1186 contrarietatis
1912 1166 2025 1194 apparet,
2041 1162 2063 1187 si
2077 1168 2242 1196 comparetur
2255 1162 2356 1195 primus
2370 1162 2465 1187 modus
2480 1162 2519 1187 in-

2544 781 2553 789 “
2568 781 2629 802 sicut
2642 786 2690 802 om.
2700 787 2722 802 Ρ.

2643 830 2657 846 ο

1444 1196 1617 1229 corruptibilis
1630 1204 1691 1221 cum
1705 1197 1822 1222 secundo
1835 1197 1915 1221 modo
1934 1197 2118 1230 corruptibilis.
2139 1198 2238 1223 Dicitur
2256 1198 2326 1223 enirn
2340 1197 2426 1231 primo
2438 1198 2519 1222 modo
2545 1205 2548 1207 ’

1443 1231 1638 1264 incorruptibile
1658 1232 1731 1265 quod
1754 1237 1841 1265 potest
1859 1232 1979 1258 desinere
2006 1240 2073 1265 esse,
2093 1234 2140 1258 sed
2159 1241 2211 1258 non
2235 1241 2283 1267 per
2307 1234 2519 1267 corruptionem:

1444 1267 1612 1301 corruptibile
1630 1272 1718 1293 autem
1737 1268 1854 1293 secundo
1872 1268 1953 1294 modo
1972 1268 2064 1294 dicitur
2081 1269 2152 1302 quod
2171 1276 2219 1302 per
2245 1269 2385 1302 specialem
2409 1269 2519 1294 modum

1445 1303 1616 1336 corruptionis
1635 1307 1723 1336 potest
1741 1303 1858 1329 amittere
1878 1311 1946 1329 esse.
1958 1317 1978 1324 —-
1990 1304 2051 1329 Ideo
2070 1309 2175 1337 propter
2192 1304 2259 1330 hanc
2273 1312 2381 1330 causam
2399 1312 2452 1329 non
2470 1305 2519 1329 im-

1444 1338 1538 1364 merito
1556 1343 1649 1371 posset
1667 1339 1760 1372 aliquis
1775 1339 1900 1372 suspicari
1919 1339 1944 1364 in
1963 1344 2034 1364 textu
2047 1340 2160 1373 aliquam
2178 1340 2407 1372 transpositionem
2425 1340 2519 1365 verbo-

1443 1381 1512 1405 rum,
1527 1382 1596 1407 quae
1615 1374 1647 1399 ab
1667 1375 1870 1400 amanuensibus
1889 1375 1954 1400 facta
1973 1375 2049 1400 fuerit
2066 1376 2109 1400 vel
2122 1383 2153 1401 ex
2166 1375 2313 1406 oscitantia,
2331 1376 2374 1400 vel
2392 1375 2470 1401 etiam
2489 1383 2519 1400 ea

1443 1414 1532 1470 :pente
1551 1415 1581 1436 ut
1598 1410 1679 1436 verba
1696 1410 1723 1436 in
1741 1411 1857 1436 secundo
1876 1415 1902 1436 et
1920 1411 1995 1436 tertio
2014 1411 2134 1437 membro
2157 1411 2322 1437 materialiter
2344 1410 2392 1436 sibi
2410 1418 2520 1444 respon-

1462 1450 1544 1472 erent.
