2782 4134
0 587 9 620 ἶ
34 581 47 593 ¹*
59 580 132 603 Num.
147 579 170 602 6.

0 746 10 773 5
35 737 171 766 ’poneret
181 743 204 759 ι’.

1123 273 1234 310 CAP.
1263 273 1332 321 VI,
1363 273 1515 310 LECT.
1544 274 1615 310 XII

332 355 367 392 8.
385 354 565 392 Secundo
576 353 644 391 ibi:
659 354 795 391 Adhuc
804 348 930 390 au'tem
944 352 1056 388 etiam
1067 352 1252 402 contingit
1259 359 1341 399 etc.,

275 407 439 444 excludit
459 407 621 444 eandem
640 406 900 444 obviationem
919 405 993 441 alio
1014 405 1132 442 modo
1148 411 1170 442 '.
1190 406 1239 442 Et
1258 405 1346 442 dicit

276 461 381 510 quod
408 473 617 509 possumus
645 470 795 496 sumere
823 459 862 495 in
886 458 1210 495 demonstratione
1237 470 1344 507 prae-

276 514 375 551 dicta
403 515 509 562 quod
538 514 636 551 duae
665 511 866 560 gravitates
894 511 966 548 sint
995 519 1343 559 commensuratae,

275 567 327 605 ita
346 565 611 615 scilicetquod
630 566 663 603 E
689 571 972 602 commensuret
991 566 1038 602 G.
1061 565 1186 613 Supra
1202 566 1221 586 ’³‘
1241 565 1344 601 enim

275 620 401 670 primo
431 627 584 668 sumpta
603 625 659 656 est
677 617 946 666 magnitudinis
973 629 1074 666 pars,
1095 617 1235 654 scilicet
1262 619 1343 663 BD,

278 674 385 711 cuius
423 672 647 722 gravitatem
685 670 849 708 diximus
887 683 970 707 esse
1009 671 1060 707 E:
1091 677 1127 707 et
1154 670 1242 707 ideo
1272 670 1345 707 dici

275 727 466 778 poterat*
483 724 588 774 quod
617 725 650 761 E
679 736 758 761 non
785 731 980 761 mensurat
1008 724 1055 761 G.
1085 723 1189 760 Nihil
1218 727 1346 760 autem

278 779 405 819 differt
431 778 481 816 ad
504 777 746 827 propositum
772 784 901 814 utrum
921 776 1146 825 incipiamus
1175 789 1197 814 a
1224 776 1345 825 gravi-

276 841 364 880 tate,
387 831 610 881 accipiendo
638 838 787 880 partem
815 830 896 867 eius
924 842 1208 879 quamcumque
1236 830 1346 867 volu-

277 896 376 934 mus,
397 892 463 923 aut
480 897 503 922 a
521 884 782 932 magnitudine
811 883 866 920 sic
893 880 1090 933 sumpta&
1114 891 1207 932 puta
1232 883 1274 930 si,
1290 883 1346 920 in-

277 939 454 990 cipiendo
475 951 498 975 a
515 937 710 987 gravitate,
731 945 904 974 sumatur
922 937 1112 986 quaedam
1135 949 1223 986 pars
1252 936 1345 985 eius,

277 992 417 1030 scilicet
445 993 500 1039 E,
529 1003 628 1040 quae
658 998 853 1028 mensuret
885 998 1027 1038 totum,
1058 990 1198 1028 scilicet
1226 991 1282 1037 G;
1313 997 1348 1027 et

278 1052 556 1095 consequenter
584 1045 632 1082 ab
661 1044 809 1082 infinito
839 1056 999 1093 corpore
1023 1044 1254 1093 accipiamus
1283 1043 1346 1080 ali-

278 1110 397 1150 quam
422 1106 589 1147 partem,
619 1098 760 1135 scilicet
788 1098 870 1145 BD,
892 1097 999 1134 cuius
1027 1097 1190 1146 gravitas
1218 1097 1264 1134 sit
1291 1098 1346 1143 E;

279 1159 317 1190 et
339 1151 478 1190 deinde
500 1153 756 1202 procedamus
777 1156 789 1172 ⁰
808 1158 850 1188 ut
869 1163 1000 1200 supra,
1026 1159 1068 1188 ut
1087 1150 1227 1188 scilicet
1254 1150 1350 1187 sicut

268 1204 635 1253 wheb‘efgravitas
655 1206 688 1242 E
709 1203 758 1242 ad
777 1204 1001 1253 gravitatem
1022 1205 1069 1252 G,
1085 1204 1136 1240 ita
1155 1216 1195 1240 se
1210 1204 1351 1240 habeat

277 1257 501 1308 magnitudo
535 1259 603 1296 BD
633 1257 682 1295 ad
711 1257 823 1295 aliam
841 1257 1143 1306 magnitudinem
1162 1257 1349 1294 maiorem

279 1317 378 1362 quae
399 1318 456 1349 est
474 1312 549 1348 BZ.
571 1312 621 1349 Et
639 1312 715 1349 hoc
733 1311 833 1358 ideo,
855 1311 944 1360 quia
964 1323 1010 1348 ex
1029 1323 1107 1359 quo
1126 1309 1349 1358 magnitudo

278 1365 394 1404 totius
426 1364 596 1414 corporis
625 1372 682 1402 est
699 1364 857 1411 infinita,
873 1363 1055 1424 contingit
1081 1363 1219 1401 auferri
1241 1375 1286 1400 ex
1306 1375 1351 1400 ea

279 1425 633 1469 quantumcumque
651 1417 846 1467 placuerit.
868 1417 953 1454 Hoc
978 1417 1089 1465 igitur
1106 1416 1227 1454 modo
1249 1429 1352 1454 surn-

278 1471 354 1525 ptis
370 1470 541 1522 partibus
573 1470 764 1519 gravitatis
798 1477 835 1507 et
866 1470 1151 1519 magnitudinis,
1172 1478 1352 1530 sequetur

281 1524 386 1578 quod
406 1523 762 1572 et*magnitudines
782 1531 819 1560 et
836 1523 1039 1572 gravitates
1059 1531 1168 1561 erunt
1186 1523 1351 1560 invicem

281 1583 629 1624 commensuratae3
650 1577 700 1614 ita
720 1576 860 1614 scilicet
883 1576 990 1626 quod
1015 1576 1174 1615 minor*
1187 1576 1351 1625 gravitas

278 1629 516 1669 mensurabit
532 1629 731 1678 maiorem,
749 1638 785 1668 et
799 1629 969 1668 similiter
982 1630 1110 1668 minor
1127 1629 1350 1679 magnitudo

162 1684 166 1698 ¹
220 1680 235 1697 ·’
279 1683 480 1722 maiorem.

335 1749 372 1786 9.
401 1736 551 1775 Deinde
581 1748 669 1774 cum
702 1736 810 1774 dicit:
838 1736 925 1773 Nec
962 1737 1088 1786 utique
1123 1737 1352 1788 magnitudi-

281 1802 368 1829 nem
393 1797 475 1838 etc.,
493 1789 656 1827 excludit
674 1790 884 1828 secundam
902 1789 1177 1829 obviationem.
1200 1791 1352 1840 Suppo-

281 1851 409 1882 suerat
437 1844 457 1865 ¹⁸
486 1843 589 1894 enim
619 1855 701 1880 esse
738 1842 1020 1892 magnitudines
1048 1844 1352 1894 proportionales

281 1896 538 1946 gravitatibus.
560 1896 679 1944 Quod
698 1897 854 1945 quidem
873 1908 1029 1935 necesse
1057 1905 1114 1935 est
1132 1897 1170 1936 in
1190 1910 1351 1947 corpore

281 1949 461 1989 similium
483 1949 669 1999 partium;
699 1962 789 1987 curn
818 1949 921 1988 enim
939 1949 986 1988 sit
1011 1951 1183 2000 undique
1209 1963 1279 2001 per
1297 1958 1352 1989 to-

281 2010 364 2042 tum
393 2003 522 2041 similis
550 2003 754 2052 gravitatis,
775 2015 932 2041 necesse
961 2011 1018 2041 est
1036 2006 1142 2054 quod
1160 2005 1199 2043 in
1217 2004 1352 2042 maiori

280 2063 388 2108 parte
416 2055 463 2094 sit
489 2057 615 2095 maior
642 2056 825 2105 gravitas:
846 2056 914 2095 sed
940 2057 979 2094 in
1007 2070 1168 2108 corpore
1193 2057 1352 2096 dissimi-

281 2110 374 2148 lium
400 2110 567 2160 partium
595 2110 671 2147 hoc
707 2122 787 2148 non
816 2118 871 2148 est
907 2123 1081 2159 necesse,
1111 2111 1201 2161 quia
1227 2120 1354 2161 potest

282 2175 366 2201 esse
385 2163 491 2212 quod
509 2162 672 2211 gravitas
699 2163 859 2201 minoris
879 2164 996 2213 partis
1015 2164 1036 2185 *
1051 2165 1210 2203 excedat
1232 2165 1354 2213 gravi-

281 2223 408 2254 tatem.
417 2216 584 2264 maioris,
605 2216 701 2254 sicut
720 2216 849 2254 minor
867 2229 956 2266 pars
983 2224 1105 2254 terrae
1127 2225 1183 2256 est
1201 2219 1354 2267 gravior

282 2269 419 2308 maiori
446 2277 553 2320 parte
582 2281 716 2318 aquae.

337 2323 449 2360 Hanc
477 2335 567 2371 ergo
597 2322 859 2360 obviationem
889 2322 1067 2371 excludit,
1097 2323 1227 2361 dicens
1247 2324 1353 2375 quod

282 2375 374 2414 nihil
421 2375 547 2414 differt
598 2376 646 2414 ad
695 2375 1060 2414 demonstrationem
1101 2377 1354 2427 praemissam

281 2436 409 2468 utrum
427 2429 650 2478 magnitudo
669 2429 815 2467 infinita
844 2429 891 2467 de
915 2442 991 2479 qua
1011 2430 1214 2479 loquimur,
1235 2443 1355 2491 quan-

282 2489 365 2520 tum
392 2483 442 2520 ad
469 2482 694 2531 gravitatem
722 2482 769 2520 sit
794 2483 1062 2520 homoeomera
1081 2489 1111 2530 π,
1131 2483 1228 2522 idest
1256 2484 1355 2521 simi-

282 2535 376 2573 lium
409 2536 589 2586 partium,
626 2536 689 2574 vel
726 2547 1032 2583 anomoeomera,
1062 2536 1159 2574 idest
1195 2537 1355 2575 dissimi-

282 2588 378 2627 lium
404 2589 583 2639 partium.
604 2589 707 2637 Quia
734 2601 758 2627 a
782 2601 943 2640 corpore
971 2589 1119 2627 infinito
1146 2603 1354 2640 possumus

285 2653 437 2680 sumere
475 2649 831 2692 quantumcumque
867 2643 1117 2692 voluerimus,
1136 2645 1199 2681 vel
1237 2657 1356 2694 appo-

284 2695 415 2734 nendo
450 2697 514 2734 vel
554 2695 841 2743 subtrahend03
883 2696 935 2734 ita
976 2697 1082 2746 quod
1122 2697 1356 2747 accipiamus

286 2749 432 2798 aliquas
458 2756 585 2799 partes
612 2749 755 2787 habere
784 2750 986 2798 aequalem
1009 2750 1232 2798 gravitatem
1259 2751 1355 2801 parti

284 2802 411 2852 primo
439 2809 627 2852 sumptae,
656 2802 796 2840 scilicet
823 2804 906 2850 BD,
927 2803 1007 2840 sive
1028 2803 1113 2841 illae
1141 2812 1267 2853 partes
1285 2817 1355 2854 po-

286 2855 421 2894 sterius
457 2863 674 2905 assumptae
712 2855 786 2893 sint
822 2856 988 2894 maiores
1019 2856 1058 2893 in
1095 2858 1354 2905 magnitudine

286 2908 368 2946 sive
394 2907 574 2946 minores.
596 2909 637 2946 Si
657 2908 760 2946 enim
787 2908 914 2958 primo
938 2909 1197 2959 acceperimus
1216 2917 1231 2941 Ρ
1250 2911 1356 2959 quod

287 2961 356 2998 BD
385 2961 432 2998 sit
457 2961 696 3009 tricubitum,
724 2963 871 2999 habens
898 2962 1122 3011 gravitatem
1149 2964 1201 3010 E;
1232 2972 1268 3001 et
1295 2977 1355 3001 ac-

288 3013 475 3062 cipiamus
494 3014 585 3052 alias
611 3016 749 3052 multas
768 3023 905 3064 partes,
926 3023 1019 3065 puta
1047 3016 1182 3054 decem
1212 3017 1355 3054 cubito-

289 3078 388 3114 rum,
407 3066 592 3104 habentes
611 3069 812 3117 aequalem
835 3069 1074 3116 gravitatem3
1094 3069 1198 3107 idem
1226 3070 1294 3107 erit
1312 3083 1356 3108 ac

288 3119 319 3157 si
348 3126 562 3156 sumeretur
589 3119 662 3157 alia
679 3133 768 3169 pars
796 3122 964 3170 aequalis
981 3122 1128 3160 habens
1156 3124 1357 3172 aequalem

288 3172 524 3221 gravitatem.
547 3172 611 3210 Sic
629 3172 739 3220 igitur
757 3174 927 3222 sequitur
946 3175 1049 3212 idem
1068 3175 1355 3214 inconveniens.

342 3226 557 3263 Praemissa
593 3225 704 3274 igitur
740 3227 1083 3275 demonstratione,
1117 3236 1155 3265 et
1197 3229 1356 3266 exclusis

290 3279 586 3327 obviationibus,
604 3278 795 3316 concludit
814 3292 860 3316 ex
879 3280 986 3317 dictis
1001 3281 1106 3329 quod
1124 3281 1260 3319 infiniti
1275 3294 1356 3319 cor-

342 3410 367 3445 ν)
387 3410 441 3436 alio
461 3411 548 3436 modo.
562 3424 582 3430 —-
594 3413 694 3443 quanto
717 3410 797 3435 modo
819 3410 999 3443 BCEFpDG1;
1018 3411 1067 3443 hoc
1085 3412 1163 3436 modo
1182 3412 1216 3443 1>;
1236 3414 1283 3437 sed
1305 3414 1359 3438 alio

290 3446 369 3472 modo
388 3446 483 3471 melius
508 3446 617 3479 quadrat
636 3454 695 3471 curn
720 3445 804 3470 forma
822 3445 945 3478 loquendi
968 3453 1035 3479 quae
1059 3446 1208 3472 immediate
1226 3448 1357 3480 sequitur,

291 3482 327 3507 Et
345 3481 419 3507 dicit.

344 3514 368 3551 ξ)
379 3517 418 3542 sic
427 3520 542 3548 sumpta.
549 3531 567 3536 -
576 3517 645 3542 sicut
656 3523 740 3548 supra
749 3517 782 3541 ΑΙ
788 3525 795 3547 ;
806 3516 875 3542 sicut
886 3519 993 3548 sumpta
1003 3521 1051 3541 cet.
1060 3517 1168 3541 Videtur
1180 3517 1256 3542 lectio
1266 3518 1286 3542 Ρ
1296 3525 1357 3542 con-

290 3553 397 3577 cordare
416 3560 476 3577 cum
494 3551 536 3576 his
555 3559 622 3585 quae
636 3552 785 3577 immediate
804 3557 956 3585 sequuntur,
971 3555 1042 3584 puta
1058 3552 1082 3577 si·
1100 3552 1249 3584 inct‘pt'endo
1263 3557 1312 3578 etc.

344 3586 371 3621 ο)
390 3591 417 3612 et
432 3587 528 3612 deinde
540 3587 730 3619 procedamus.
743 3601 762 3606 -
776 3587 881 3613 Deinde
894 3587 1070 3620 procedemus
1082 3588 1118 3619 A,
1136 3591 1163 3613 et
1185 3587 1281 3612 deinde
1289 3595 1358 3620 pro-

289 3622 412 3648 cedemus
431 3627 479 3648 cet.
490 3636 510 3641 -
524 3626 554 3647 ut
571 3627 631 3647 ante
648 3623 748 3648 scilicet
765 3631 819 3648 om.
833 3623 862 3648 P.

434 3677 503 3711 Opp.
523 3677 554 3702 D.
568 3677 683 3702 Tuom
701 3677 733 3702 T.
752 3678 791 3702 111.

2413 285 2464 322 49

1400 352 1504 401 poris
1532 364 1611 389 non
1639 359 1763 401 potest
1791 363 1873 388 esse
1902 352 2008 389 finita
2036 353 2209 401 gravitas.
2230 353 2468 403 Relinquitur

1401 417 1490 453 ergo
1511 405 1617 455 quod
1636 405 1682 442 sit
1700 405 1858 442 infinita.
1881 405 1920 442 Si
1946 418 2034 454 ergo
2054 406 2288 455 impossibile
2309 415 2365 444 est
2385 420 2467 445 esse

1400 458 1624 507 gravitatem
1650 458 1858 506 infinitam,
1887 465 1929 495 ut
1956 459 2081 496 statim
2108 459 2303 508 probabit,
2335 473 2467 498 conse-

1400 524 1522 561 quens
1552 519 1607 548 est
1635 512 1740 561 quod
1759 511 1994 560 impossibile
2023 512 2069 549 sit
2093 525 2174 550 esse
2203 513 2358 562 aliquod
2388 526 2468 551 cor-

1400 578 1472 614 pus
1501 565 1704 602 infinitum.

1461 631 1517 655 10.
1538 618 1688 655 Deinde
1709 630 1798 655 cum
1828 618 1932 656 dicit:
1953 618 2028 655 Sed
2045 619 2169 656 adhuc
2187 619 2367 668 quoniam
2387 620 2468 669 infi-

1401 672 1518 708 nitam
1548 679 1630 718 etc.,
1661 671 1825 708 ostendit
1853 672 1958 721 quod
1985 680 2238 722 supposuerat
2259 674 2296 720 ²¹²,
2331 673 2470 710 scilicet

1401 724 1506 773 quod
1530 736 1609 760 non
1628 724 1747 772 possit
1766 737 1847 761 esse
1867 724 2029 773 gravitas
2048 725 2212 763 infinita:
2244 733 2279 763 et
2298 725 2336 763 in
2355 726 2430 763 hoc
2451 727 2471 748 '¹‘

1402 777 1558 814 destruit
1596 789 1834 826 consequens
1871 778 2106 827 praemissae
2144 779 2408 817 conditionalis
2438 781 2467 817 *.

1403 830 1512 867 Circa
1539 830 1613 866 hoc
1642 838 1771 866 autem
1792 830 1869 867 duo
1895 831 1993 869 facit.
2015 831 2145 869 Primo
2165 832 2346 882 proponit
2365 834 2470 882 quod

1401 883 1577 921 intendit:
1607 890 1644 919 et
1672 882 1882 932 dicitquod
1907 885 2032 922 adhuc
2051 893 2202 934 oportet
2229 886 2470 924 manifestare

1403 949 1448 974 ex
1476 936 1534 974 his
1562 948 1662 986 quae
1691 936 1992 986 subsequuntur,
2023 939 2128 987 quod
2162 939 2397 988 impossibile
2426 940 2472 977 sit

1403 990 1624 1039 gravitatem
1651 989 1839 1026 infinitam
1868 1003 1961 1028 esse.

1463 1055 1520 1080 11.
1548 1042 1726 1080 Secundo
1756 1043 1823 1079 ibi:
1859 1044 1902 1080 Si
1935 1045 2034 1080 enim
2072 1050 2174 1082 tanta
2213 1053 2281 1083 etc.
2295 1074 2304 1093 ,
2333 1046 2471 1107 probat

1402 1096 1652 1156 propositum.
1670 1097 1719 1133 Et
1733 1095 1859 1145 primo
1874 1097 2078 1146 praemittit
2091 1099 2279 1148 quasdam
2297 1101 2471 1160 supposi-

1403 1150 1544 1195 tiones;
1565 1149 1734 1186 secundo
1756 1162 1801 1186 ex
1819 1149 1877 1187 his
1897 1153 2213 1199 argumentatur*
2232 1152 2280 1190 ad
2299 1153 2472 1202 proposi-

1404 1210 1498 1249 tum,
1515 1202 1583 1239 ibi:
1603 1202 1768 1239 Necesse
1781 1203 1899 1253 igitur
1916 1216 1966 1240 ex
1979 1206 2066 1243 his*
2083 1213 2165 1252 etc.;
2181 1206 2290 1243 tertio
2312 1206 2473 1244 excludit
2498 1215 2509 1226 ⁸

1405 1256 1599 1304 quandam
1628 1255 1898 1304 obiectionem,
1920 1257 1989 1295 ibi:
2018 1259 2155 1307 Neque
2180 1259 2214 1296 si
2239 1265 2333 1296 esset
2351 1261 2371 1281 '¹‘
2401 1268 2470 1298 etc.

1405 1309 1519 1346 Ponit
1545 1316 1673 1346 autem
1710 1309 1836 1358 primo
1864 1318 1939 1347 tres
1974 1312 2267 1362 suppositiones,
2296 1315 2472 1362 Quarum

1405 1362 1528 1412 prima
1556 1370 1612 1399 est
1639 1363 1756 1411 quod,
1786 1363 1816 1400 si
1844 1364 2006 1412 gravitas
2035 1371 2159 1412 tanta,
2188 1365 2284 1403 idest
2316 1366 2472 1404 alicuius

1407 1415 1678 1454 determinatae
1696 1427 1912 1465 mensurae,
1933 1427 2065 1456 movet
2083 1424 2226 1456 tantam
2241 1419 2274 1467 *,
2290 1420 2387 1458 idest
2405 1432 2474 1469 per
2500 1429 2509 1437 ·

1407 1469 1698 1507 determinatam
1726 1470 2029 1518 magnitudinem
2067 1471 2193 1521 spatii,
2220 1473 2257 1509 in
2286 1474 2357 1510 hoc
2384 1479 2473 1510 tem-

1403 1534 1509 1572 pore,
1534 1522 1674 1560 scilicet
1693 1522 1961 1572 determinato,
1991 1537 2147 1562 necesse
2167 1533 2223 1562 est
2245 1526 2352 1574 quod
2371 1531 2474 1564 tanta

1406 1582 1442 1614 et
1467 1576 1603 1622 adhuc,
1623 1575 1720 1613 idest
1744 1576 1849 1625 quod
1864 1577 1884 1597 '¹‘
1900 1577 2064 1625 gravitas
2088 1578 2211 1615 maior
2243 1590 2341 1628 quae
2361 1580 2477 1618 habet
2502 1588 2511 1597 ¹

1406 1637 1551 1668 tantam
1571 1636 1754 1678 quantam
1774 1629 1901 1667 minor
1926 1638 1961 1668 et
1980 1631 2106 1669 adhuc
2125 1631 2298 1681 amplius,
2319 1641 2476 1671 moveat

1406 1695 1476 1733 per
1503 1690 1649 1720 tantam
1677 1682 1979 1731 magnitudinem
2013 1684 2121 1734 spatii
2149 1685 2187 1722 in
2214 1686 2353 1723 minori
2380 1694 2476 1724 tem-

1406 1749 1519 1786 pore:
1540 1735 1629 1786 quia
1656 1744 1800 1786 quanto
1819 1737 1940 1775 virtus
1966 1738 2112 1775 motiva
2133 1746 2188 1776 est
2207 1739 2348 1788 fortior,
2370 1747 2475 1778 tanto

1407 1797 1535 1827 motus
1555 1789 1636 1827 eius
1652 1791 1671 1810 '¹‘
1688 1797 1744 1827 est
1769 1791 1951 1838 velocior,
1974 1799 2011 1828 et
2029 1791 2079 1829 ita
2097 1793 2297 1842 pertransit
2316 1794 2474 1842 aequale

1407 1842 1571 1893 spatium
1599 1842 1638 1880 in
1665 1842 1803 1880 minori
1831 1851 2023 1894 tempore,
2052 1852 2094 1882 ut
2120 1846 2326 1895 probatum
2355 1855 2410 1884 est
2438 1846 2477 1884 in

1406 1899 1457 1936 VI
1485 1897 1635 1946 Physic.
1655 1896 1676 1917 ³²

1462 1950 1683 1988 Secundam
1711 1950 2015 1999 suppositionem
2044 1951 2150 2001 ponit
2178 1952 2250 1989 ibi:
2270 1954 2322 1990 Et
2346 1953 2476 1990 analo-

1406 2004 1514 2055 giam
1550 2011 1636 2041 etc.;
1667 2010 1703 2039 et
1731 2004 1826 2040 haec
1862 2004 2031 2054 sequitur
2067 2017 2112 2042 ex
2138 2005 2274 2055 prima.
2306 2005 2346 2043 Si
2375 2006 2478 2044 enirn

1408 2057 1532 2095 maior
1559 2056 1723 2106 gravitas
1751 2065 1886 2094 movet
1913 2058 1951 2094 in
1972 2057 2110 2095 minori
2138 2067 2324 2109 tempore,
2347 2072 2478 2097 conse-

1408 2123 1531 2159 quens
1550 2118 1606 2148 est
1624 2109 1731 2159 quod
1751 2111 1887 2148 eadem
1903 2111 1949 2148 sit
1963 2112 1983 2132 '³
1996 2112 2190 2162 analogia,
2207 2112 2303 2150 idest
2319 2125 2478 2162 propor-

1408 2164 1473 2212 tio,
1494 2163 1721 2212 gravitatum
1741 2171 1777 2200 et
1800 2171 2032 2214 temporum,
2053 2173 2183 2203 tamen
2196 2167 2217 2187 '¹‘
2231 2178 2252 2202 e
2273 2178 2478 2214 converso;

1408 2217 1459 2254 ita
1478 2217 1618 2254 scilicet
1635 2217 1753 2265 quod,
1774 2217 1805 2254 si
1828 2218 1956 2255 media
1975 2218 2138 2266 gravitas
2166 2227 2298 2256 movet
2316 2219 2355 2256 in
2374 2227 2479 2257 tanto

1409 2278 1604 2319 tempore,
1638 2269 1798 2319 duplum
1827 2271 2019 2319 gravitatis
2047 2279 2181 2310 movet
2207 2272 2247 2309 in
2275 2272 2479 2310 medietate

1410 2323 1511 2371 eius,
1542 2323 1680 2361 scilicet
1708 2324 1903 2372 temporis.

1463 2377 1635 2415 Tertiam
1673 2377 1975 2425 suppositionem
2010 2377 2119 2426 ponit
2154 2377 2233 2415 ibi:
2266 2378 2401 2415 Adhuc
2426 2379 2479 2426 fi-

1409 2432 1487 2469 nita
1516 2438 1586 2468 etc.
1606 2432 1656 2468 Et
1684 2429 1772 2468 dicit
1800 2431 1905 2480 quod
1927 2430 2034 2467 finita
2061 2431 2224 2479 gravitas
2252 2439 2385 2469 movet
2411 2443 2480 2479 per

1410 2485 1557 2522 finitam
1585 2483 1888 2532 magnitudinem
1907 2484 2016 2534 spatii
2045 2483 2084 2521 in
2107 2484 2278 2533 quodain
2306 2492 2480 2534 tempore

1409 2538 1530 2576 finito.

1470 2603 1528 2628 12.
1549 2589 1697 2628 Deinde
1713 2601 1803 2627 cum
1817 2589 1923 2627 dicit:
1942 2591 2107 2628 Necesse
2126 2590 2243 2639 igitur
2256 2602 2306 2627 ex
2319 2590 2375 2627 his
2396 2598 2479 2639 etc.,

1410 2651 1694 2693 argumentatur
1709 2644 1728 2664 *
1745 2655 1791 2680 ex
1808 2643 2039 2693 praemissis.
2062 2642 2102 2680 Si
2122 2643 2224 2680 enim
2253 2644 2300 2680 sit
2318 2644 2481 2691 gravitas

1410 2698 1568 2744 infinita,
1580 2703 1788 2747 sequentur
1801 2697 1879 2734 duo
1896 2696 2202 2744 contradictoria;
2220 2696 2360 2734 scilicet
2375 2697 2479 2747 quod

1410 2751 1551 2800 aliquid
1569 2751 1590 2773 *
1607 2757 1812 2788 moveatur
1839 2750 2050 2788 secundum
2078 2762 2184 2798 eam,
2206 2757 2242 2787 et
2270 2750 2375 2810 quod
2402 2763 2482 2788 non

1410 2811 1623 2842 moveatur.
1654 2804 1772 2864 Quod
1800 2811 2004 2842 moveatur
2036 2803 2210 2852 quidem,
2240 2804 2408 2862 sequitur
2436 2815 2481 2840 ex

1408 2858 1534 2918 prima
1548 2857 1830 2906 suppositione;
1856 2857 1956 2917 quia,
1977 2857 2007 2894 si
2034 2864 2137 2893 tanta
2165 2856 2329 2904 gravitas
2349 2863 2482 2893 movet

1410 2911 1448 2948 in
1467 2918 1571 2948 tanto
1591 2918 1777 2970 tempore,
1799 2911 1923 2948 maior
1943 2909 2116 2947 movebit
2137 2909 2320 2957 velocius,
2341 2909 2481 2946 scilicet

1411 2964 1449 3001 in
1486 2964 1626 3000 minori
1661 2971 1846 3012 tempore.
1884 2963 1985 3010 Quia
2018 2975 2107 3010 ergo
2136 2962 2281 2998 infinita
2318 2961 2480 3009 gravitas

1412 3025 1468 3054 est
1495 3017 1620 3054 maior
1637 3029 1754 3065 quam
1782 3016 1900 3064 finita,
1922 3016 1952 3052 si
1979 3015 2086 3052 finita
2108 3022 2240 3052 movet
2267 3014 2480 3051 secundum

1412 3070 1706 3108 determinatum
1726 3077 1877 3118 tempus
1896 3078 1966 3117 per
1984 3067 2275 3105 determinatum
2295 3067 2478 3116 spatium,

1410 3131 1452 3160 ut
1478 3123 1586 3160 tertia
1613 3122 1823 3172 suppositio
1845 3121 2004 3167 dicebat,
2026 3133 2264 3169 consequens
2292 3128 2347 3157 est
2374 3120 2480 3169 quod

1411 3176 1558 3213 infinita
1590 3183 1747 3213 moveat
1782 3180 1926 3211 tantum
1954 3179 1989 3210 et
2015 3173 2138 3210 adhuc
2169 3173 2351 3222 amplius,
2385 3173 2481 3212 idest

1410 3230 1472 3266 vel
1500 3241 1570 3278 per
1596 3228 1720 3265 maius
1757 3227 1921 3275 spatium
1949 3225 1988 3262 in
2016 3226 2163 3275 aequali
2191 3234 2386 3275 tempore,
2415 3227 2479 3264 vel

1409 3294 1479 3331 per
1503 3281 1661 3329 aequale
1681 3279 1844 3328 spatium
1873 3279 1911 3316 in
1931 3279 2069 3316 minori
2092 3287 2278 3328 tempore,
2299 3279 2406 3328 quod
2425 3286 2481 3316 est

1468 3412 1497 3444 π)
1513 3410 1926 3436 homoeomera.-homoeomera
1936 3410 1977 3435 vel
1988 3409 2152 3443 homogenea
2161 3410 2195 3441 P;
2206 3410 2296 3435 eadem
2312 3418 2368 3442 seq.
2380 3410 2422 3435 lin.
2434 3418 2482 3443 pro

1415 3448 1455 3472 vel
1473 3453 1684 3474 anomoeomera,
1700 3446 1740 3470 vel
1757 3445 1941 3478 heterogena,
1957 3445 2000 3470 ubi
2019 3445 2184 3478 BCDFpEGI
2202 3446 2480 3477 om.vel...par11'um.

1414 3482 1578 3514 Interpolatio
1592 3481 1633 3506 vel
1644 3481 1808 3514 homogenea
1820 3481 1931 3506 occurrit
1944 3481 1971 3505 in
1985 3481 2004 3505 P
2019 3482 2096 3505 etiam
2109 3481 2167 3505 lect.
2182 3488 2239 3513 seq.
2253 3489 2326 3505 num.
2341 3479 2357 3505 6
2371 3481 2435 3513 (not.
2449 3481 2480 3514 ε),

1414 3523 1439 3542 et
1458 3518 1501 3542 lib.
1516 3517 1562 3546 111,
1586 3517 1644 3541 lect.
1659 3523 1704 3541 vm
1722 3524 1814 3540 versus
1833 3515 1877 3541 fin.
1903 3516 2104 3541 Observandum
2123 3516 2194 3558 quod
2217 3517 2274 3541 loco
2295 3514 2480 3558 ὁμοιοβαρὲς..

1414 3548 1599 3586 ἆνομοιοβαρὲς
1618 3551 1709 3581 Didot,
1730 3551 1810 3576 codex
1828 3551 1875 3576 Bk.
1893 3551 1920 3575 M
1938 3551 2016 3576 habet
2035 3548 2199 3586 ὁμοιομερὲς.
2201 3569 2217 3576 ..
2237 3546 2427 3585 ἄνομοιομερὲς.

1467 3588 1492 3620 (ρ
1512 3587 1544 3611 Si
1561 3587 1631 3611 enim
1652 3586 1744 3618 primo
1766 3586 1987 3618 acceperimus.—
1967 3587 2033 3612 -Si
2050 3594 2116 3620 ergo
2132 3587 2224 3619 primo
2248 3587 2427 3619 acciperemus
2446 3586 2480 3617 P;

1413 3623 1590 3655 acciperemus
1608 3622 1704 3647 habent
1722 3622 1799 3647 etiam
1817 3622 1930 3648 BDFGl.

2286 3684 2301 3709 7

2497 683 2506 691 ·
2515 681 2586 703 Num.
2595 687 2680 709 praec„
2688 686 2711 704 et

2498 714 2567 736 supra
2581 714 2644 729 num.
2653 715 2672 736 5.

2498 740 2506 748 ·
2515 739 2624 765 infinita:
2638 739 2672 760 ita
2687 741 2711 760 et

2498 765 2674 820 &segme-
2686 772 2708 787 *-

2500 1162 2509 1171 ·
2524 1162 2608 1189 arguit
2621 1169 2642 1184 Ρ.

2522 1214 2593 1237 Num.
2609 1222 2658 1244 seq.

2501 1274 2510 1283 ''
2523 1272 2595 1295 Num.
2611 1279 2639 1301 ¹3.

2524 1429 2615 1450 tantum
2630 1434 2653 1450 Ρ.

2502 1586 2617 1641 ᾳηῖἔοέέι.
2616 1592 2664 1609 ⁰¹¹¹·
2685 1593 2714 1615 ⁴

2503 1804 2512 1813 ·
2528 1803 2578 1824 eius
2592 1809 2641 1825 orn.
2656 1808 2694 1824 ΑΕ.

2505 1908 2581 1957 §.cipri
2584 1913 2662 1956 .¹¹ie¹¹0'1.³
2672 1914 2717 1961 ῗὶῗῒ

2505 1967 2552 1989 n-7
2568 1968 2604 1990 ⁵-q

2506 2122 2515 2131 '¹
2529 2121 2563 2142 sit
2575 2127 2623 2142 om.
2637 2127 2659 2142 Ρ.

2506 2171 2515 2180 “
2543 2175 2594 2191 cum
2621 2175 2719 2196 scor-cr,

2507 2203 2554 2218 om.
2570 2203 2590 2217 P.

2508 2652 2517 2661 ¹¹
2532 2651 2614 2679 arguit
2626 2657 2648 2672 Ρ.

2508 2758 2517 2767 ·
2534 2756 2620 2784 aliquis
2633 2761 2685 2783 ppo.
