2782 4134
106 1147 115 1156 ·
135 1145 170 1167 Cf.
185 1145 236 1166 lect.
251 1150 312 1170 xxiv,

106 1179 129 1194 n.
145 1178 160 1193 ι.

104 1251 114 1262 ⁸
136 1250 173 1272 Cf.
190 1251 241 1272 lect.
255 1256 310 1277 xxii,

104 1283 126 1325 g.
133 1283 212 1325 76sqq.;
219 1280 240 1298 et
246 1282 311 1304 xxm,

104 1410 113 1421 ⁴
122 1409 184 1430 Lect.
191 1414 253 1435 xxix,
260 1413 308 1430 n.n.

104 1617 112 1626 ⁶
127 1616 196 1638 Num.
210 1621 230 1643 3.

104 1680 112 1689 ·
127 1677 256 1699 terminatis
270 1684 291 1699 r.

101 1834 114 1880 ἕ,
126 1831 189 1885 Ιῗοῐ.
206 1830 307 1859 praeced.

349 287 421 322 104

343 352 502 390 potentiam
523 351 560 379 ad
581 348 731 386 opposita,
760 346 830 375 nihil
850 352 947 374 tamen
968 344 1053 372 habet
1074 340 1233 378 potentiam
1260 345 1292 384 ut
1305 337 1401 383 simul

344 394 448 421 habeat
469 390 609 428 opposita.
625 405 644 411 -
664 389 689 416 5.
715 388 806 416 Omne
827 385 1033 422 sempiternum
1055 387 1098 409 est
1119 378 1356 423 incorrupti-bila·
1370 377 1403 406 Si

344 432 422 461 enim
442 430 663 467 sempiternum,
689 437 740 456 seu
761 427 790 454 id
812 426 891 463 quod
919 430 960 452 est
981 422 1102 450 existens
1122 426 1253 455 tempore
1277 416 1400 461 infinito,

344 478 418 500 esset
438 469 636 507 corruptibile,
657 477 707 496 seu
728 472 826 504 posset
853 473 913 492 non
934 471 1008 497 esse,
1030 465 1197 505 sequeretur
1221 458 1301 495 quod
1321 457 1400 502 idem

343 512 460 540 haberet
479 509 612 538 virtutem
636 514 668 536 ut
689 507 724 535 sit
743 513 872 541 tempore
899 502 1027 536 infinito,
1049 506 1078 528 et
1098 498 1184 527 Simul
1205 498 1323 542 haberet
1343 505 1399 541 vii-3

343 557 434 579 tutem
455 550 492 578 ad
513 550 569 577 hoc
590 548 670 584 quod
690 555 750 575 non
771 545 815 580 sit,
834 548 964 579 respectu
985 540 1114 568 eiusdem
1135 544 1274 582 temporis
1295 535 1400 564 infiniti

343 590 387 619 vel
408 588 526 618 alicuius
540 587 628 625 partis
643 586 716 622 eius;
737 594 787 613 seu
808 584 925 611 haberet
945 579 1103 617 potentiam
1125 584 1157 623 ut
1177 577 1263 605 simul
1284 582 1358 604 esset
1372 582 1400 604 et

343 639 404 658 non
424 635 498 657 esset
518 628 548 655 in
569 627 672 655 eodem
688 632 830 661 tempore;
845 628 872 650 et
886 625 1104 656 consequenter,
1119 627 1143 646 si
1158 622 1400 662 corrumperetur,

344 669 429 697 simul
450 667 608 696 secundum
628 671 723 694 actum
744 669 816 691 esset
837 668 864 689 et
884 669 944 688 non
965 665 1048 687 esset.
1070 658 1128 686 Sed
1149 658 1206 686 hoc
1227 662 1270 685 est
1290 665 1400 701 impos·

343 708 438 744 sibile;
460 716 528 744 ergo
549 704 722 742 impossibile
737 709 778 731 est
799 700 986 745 etiam-quod
1005 697 1212 742 sempiternum
1227 703 1319 733 possit
1338 705 1400 741 non

343 757 420 783 esse3
442 756 509 784 ergo
531 751 643 782 oportet
663 752 724 772 esse
744 739 966 777 incorrupt1b1le.
981 755 1001 759 —
1015 739 1043 766 6.
1060 738 1203 766 Obiectio.
1226 738 1324 765 Potest
1345 737 1400 764 dici

343 788 423 824 quod
443 786 473 814 id
494 786 573 822 quod
593 790 635 812 est
655 782 858 818 sempiternum
879 779 915 807 sit
935 787 1049 815 semper
1068 784 1143 813 actu,
1166 784 1194 805 et
1214 783 1312 805 tamen
1333 785 1400 804 cum

342 827 398 855 hoc
412 827 514 854 habeat
527 830 655 861 respectu
669 822 796 850 eiusdem
810 818 948 856 temporis
969 817 1129 855 potentiam
1143 823 1176 845 ut
1190 826 1251 845 non
1265 816 1310 845 sit.
1333 817 1400 844 Non

343 866 419 895 enirn
434 874 466 894 ex
480 866 535 893 hoc
549 863 675 901 sequitur
688 861 768 898 quod
789 860 865 888 idem
886 858 972 887 simul
993 857 1028 886 sit
1049 863 1077 886 et
1095 867 1157 886 non
1171 856 1216 892 sit,
1231 857 1282 885 sed
1303 856 1398 884 solum

414 988 429 1021 ἒ
475 975 775 1019 ,354·2¹.ostquam
803 965 1060 1013 Philosophus
1090 962 1263 1012 exposuit
1286 962 1396 1011 signi-

414 1024 436 1064 ςζ
473 1016 525 1067 257<
559 1026 589 1072 {sa
600 1021 817 1058 ficationem
847 1018 1048 1055 nominum
1087 1029 1185 1066 quae
1213 1016 1253 1053 in
1281 1028 1396 1065 quae-

405 1075 431 1125 }
578 1074 719 1112 stione
746 1078 1024 1121 proponuntur,
1044 1069 1106 1107 hic
1130 1069 1261 1119 incipit
1289 1082 1397 1117 argu-

407 1123 435 1165 ἔ
496 1116 502 1123 Ι
546 1128 584 1161 μ’
599 1125 757 1164 mentari
772 1125 821 1162 ad
836 1124 1102 1173 quaestionem
1116 1122 1352 1173 propositam
1365 1124 1396 1171 ²⁴,

339 1191 464 1220 utrum
484 1182 620 1219 scilicet
638 1178 779 1228 aliquid
796 1177 916 1227 possit
931 1189 1013 1214 esse
1033 1176 1203 1225 genitum
1220 1184 1256 1214 et
1274 1176 1398 1214 incor-

339 1235 520 1285 ruptibile,
541 1235 602 1271 vel
622 1231 830 1281 ingenitum
847 1238 882 1268 et
897 1230 1140 1280 corruptibile
1153 1231 1184 1268 *.
1205 1231 1255 1267 Et
1271 1230 1397 1279 primo

338 1289 497 1326 ostendit
523 1287 598 1324 hoc
626 1297 707 1323 esse
735 1284 970 1334 impossibile
997 1296 1068 1333 per
1099 1283 1264 1321 rationes
1294 1295 1399 1321 com-

337 1354 486 1388 munes;
507 1339 674 1377 secundo
694 1350 763 1388 per
790 1337 977 1375 rationem
996 1337 1192 1387 propriam
1221 1336 1398 1374 scientiae

336 1394 521 1441 naturalis,
542 1393 610 1430 ibi:
638 1393 689 1429 Et
715 1391 936 1429 naturaliter
953 1392 974 1412 *
998 1398 1066 1428 etc.
1089 1390 1200 1428 Circa
1227 1390 1398 1440 primum

337 1448 411 1486 duo
441 1447 541 1485 facit:
569 1446 694 1496 primo
724 1444 888 1483 ostendit
914 1444 1007 1493 quid
1027 1444 1196 1494 sequitur
1225 1456 1270 1481 ex
1289 1456 1398 1493 prae-

336 1500 457 1538 missis
494 1500 592 1537 circa
623 1498 883 1549 propositum;
918 1497 1088 1535 secundo
1126 1497 1258 1547 incipit
1289 1510 1399 1546 argu-

336 1554 493 1592 mentari
521 1553 569 1590 ad
594 1552 834 1602 propositum
864 1551 1163 1599 ostendendum,
1193 1551 1260 1588 ibi:
1289 1551 1399 1589 Prin-

336 1608 470 1656 cipium
498 1612 621 1644 autem
648 1606 696 1642 sit
720 1606 807 1643 hinc
835 1606 855 1626 *
885 1612 954 1642 etc.
974 1611 992 1626 ‘³‘

390 1673 424 1698 2.
445 1660 543 1698 Dicit
571 1671 659 1708 ergo
682 1659 808 1708 primo
828 1658 950 1708 quod,
972 1657 1229 1696 determinatis
1246 1659 1266 1679 ²³⁴
1289 1670 1398 1707 prae-

336 1713 456 1751 missis
498 1713 595 1750 eirca
629 1712 945 1760 significationem
983 1711 1208 1759 nominum,
1249 1719 1400 1761 oportet

335 1780 435 1805 nunc
469 1767 591 1805 dicere
625 1766 717 1803 illud
749 1766 855 1815 quod
895 1772 1174 1814 consequenter
1210 1777 1251 1802 se
1283 1765 1400 1802 habet

334 1821 372 1858 in
398 1821 469 1858 hac
497 1819 808 1857 consideratione.
839 1818 995 1856 Dictum
1024 1826 1080 1856 est
1105 1818 1208 1856 enim
1242 1831 1358 1868 supra
1378 1820 1398 1840 ‘¹‘

335 1874 438 1923 quod
468 1873 645 1922 possibile
674 1872 808 1909 dicitur
845 1871 1058 1909 secundum
1087 1871 1243 1922 aliquod
1277 1872 1398 1909 deter-

335 1924 534 1974 minatum,
550 1934 641 1975 puta
668 1933 805 1975 potens
835 1938 986 1963 currere
1016 1925 1150 1965 dicitur
1178 1925 1312 1974 aliquIS
1341 1938 1398 1963 se—

336 1980 501 2018 cundum
518 1987 668 2017 centum
684 1979 814 2017 stadia.
838 1980 935 2016 Sunt
949 1986 1078 2016 autem
1093 1978 1132 2016 in
1147 1979 1261 2016 rebus
1282 1991 1398 2028 quae-

336 2034 423 2071 dam
452 2046 546 2082 quae
569 2040 728 2082 possunt
756 2045 838 2070 esse
860 2040 895 2069 et
923 2045 1002 2070 non
1030 2044 1125 2070 esse.
1152 2033 1322 2070 Necesse
1343 2041 1399 2070 est

336 2099 423 2135 ergo
444 2099 488 2123 ex
507 2086 721 2135 praemissis
741 2087 845 2136 quod
867 2086 911 2123 sit
932 2085 1225 2123 determinatum
1241 2086 1398 2134 aliquod

333 2140 537 2189 plurimum
561 2147 711 2189 tempus
741 2147 777 2176 et
804 2148 978 2188 respectu
998 2139 1117 2189 ipsius
1141 2152 1237 2187 esse,
1259 2139 1308 2176 ita
1329 2139 1398 2176 sci—

335 2193 418 2230 licet
446 2193 550 2241 quod
577 2205 654 2230 non
682 2193 801 2242 possit
830 2192 1004 2242 ampliori
1033 2200 1208 2242 tempore
1238 2205 1340 2241 esse,
1362 2201 1399 2230 et

336 2254 506 2295 respectu
533 2246 649 2295 ipsius
682 2259 760 2284 non
789 2258 890 2294 esse,
921 2246 971 2283 ita
1003 2245 1142 2283 scilicet
1179 2246 1284 2296 quod
1318 2259 1397 2284 non

333 2300 451 2349 possit
478 2299 650 2348 ampliori
678 2307 852 2349 tempore
885 2312 964 2337 non
998 2311 1079 2336 esse
1107 2298 1136 2337 β.
1167 2300 1216 2337 Et
1244 2312 1292 2337 ne
1321 2300 1396 2337 hoc

334 2353 554 2401 intelligatur
581 2354 706 2390 solum
735 2353 782 2390 de
812 2365 895 2390 esse
924 2353 1173 2401 substantiali,
1203 2354 1397 2402 subiungit

334 2406 449 2455 quod,
466 2418 552 2443 curn
569 2406 728 2444 dicimus
746 2406 926 2456 possibile
941 2407 1004 2444 vel
1019 2419 1099 2443 non
1111 2406 1292 2456 possibile
1313 2419 1395 2444 rem

335 2471 427 2507 esse,
455 2460 516 2496 vel
535 2459 572 2497 id
602 2460 707 2509 quod
735 2467 791 2497 est
817 2459 998 2509 possibile
1018 2471 1097 2498 non
1117 2472 1200 2497 esse
1219 2464 1247 2508 ⁷,
1271 2467 1396 2509 potest

334 2512 483 2561 intelligi
510 2512 720 2551 secundum
749 2525 1036 2562 quamcumque
1058 2513 1394 2561 praedicationem,

389 2671 415 2704 α)
437 2671 471 2696 Et
487 2672 574 2703 primo
597 2672 714 2697 ostendit
732 2672 816 2697 hoc...
831 2671 997 2704 Principium
1021 2674 1111 2697 autem
1130 2671 1166 2697 sit
1189 2671 1251 2697 hinc
1269 2674 1318 2697 etc.
1335 2686 1355 2691 -
1373 2671 1400 2696 Si

337 2707 394 2740 quis
414 2707 536 2740 analysim
555 2712 637 2732 textus
655 2707 695 2732 his
710 2707 785 2732 lineis
800 2712 948 2732 contentam
967 2706 1066 2732 confert
1080 2715 1139 2732 cum
1159 2714 1190 2732 ea
1204 2714 1271 2740 quae
1289 2707 1401 2732 occurrit

337 2742 364 2768 in
377 2750 447 2767 num.
462 2742 484 2773 3,
499 2747 567 2775 patet
581 2751 623 2768 eas
638 2742 685 2767 sibi
700 2751 751 2768 non
766 2743 874 2768 omnino
889 2742 1037 2768 cohaerere.
1055 2743 1122 2768 Nam
1141 2743 1233 2776 primo¹
1253 2743 1397 2768 secundum

338 2777 486 2802 methodum
506 2785 556 2811 qua
579 2786 600 2802 s.
616 2777 732 2803 Thomas
751 2778 842 2809 utitur,
862 2783 887 2803 et
905 2786 973 2811 quae
994 2783 1062 2803 vetat
1082 2778 1131 2803 sub
1155 2777 1264 2803 diversis
1288 2778 1399 2812 analysi-

338 2813 388 2837 bus
401 2813 509 2838 eundem
522 2818 618 2838 textum
637 2813 768 2845 contineri,
782 2819 866 2838 textus
886 2813 1009 2846 incipiens
1030 2813 1066 2839 Et
1080 2814 1249 2843 naturaliter,
1263 2813 1303 2839 hic
1317 2814 1399 2839 semel

338 2847 437 2879 citatus,
454 2856 505 2872 non
524 2849 627 2873 deberet
645 2850 755 2882 amplius
773 2849 843 2874 citari
863 2849 911 2874 nisi
931 2853 1071 2882 postquam
1086 2850 1119 2874 ad
1133 2849 1188 2874 eius
1203 2849 1399 2882 explicationem

338 2888 442 2908 ventum
468 2889 550 2915 esset;
570 2892 622 2909 non
645 2885 749 2910 deberet
771 2892 834 2917 ergo
859 2892 991 2910 recurrere
1016 2890 1075 2910 ante
1100 2885 1158 2910 lect.
1173 2892 1244 2915 xxix,
1264 2893 1336 2910 num.
1354 2893 1380 2910 ιι
1392 2893 1399 2916 ;

339 2919 443 2944 recurrit
461 2924 546 2944 tamen
565 2919 590 2944 in
609 2919 656 2944 hac
675 2921 733 2945 lect.
747 2928 812 2949 xxvi,
828 2928 900 2945 num.
918 2919 940 2945 3.
960 2920 1069 2953 Insuper
1082 2925 1165 2946 textus
1179 2920 1327 2946 Aristotelis
1347 2928 1400 2954 quo

338 2953 400 2978 haec
420 2954 494 2979 lectio
513 2954 611 2987 incipit,
630 2955 772 2980 secundum
794 2963 865 2980 num.
883 2955 896 2980 3
916 2956 1101 2988 praeambulus
1125 2960 1166 2981 est
1184 2956 1399 2989 argumentationi

338 2996 384 3022 per
401 2990 511 3014 rationes
532 2998 682 3015 communes
697 2995 722 3015 et
735 2991 949 3024 argumentationi
964 2999 1011 3024 per
1025 2991 1151 3016 rationem
1165 2991 1296 3025 propriam
1316 2992 1399 3017 scien-

338 3024 387 3049 tiae
407 3026 541 3056 naturalis;
561 3026 607 3050 sed
626 3026 769 3051 secundum
787 3026 856 3051 hunc
869 3034 942 3051 num.
961 3034 969 3050 ι
986 3034 1038 3051 non
1051 3027 1155 3059 utrique
1167 3028 1213 3052 sed
1233 3027 1282 3052 soli
1301 3028 1400 3060 primae

339 3060 476 3092 applicatur
494 3061 537 3092 (cf.
551 3061 607 3086 lect.
621 3068 669 3091 ιον,
690 3067 743 3087 not.
756 3060 793 3095 α).
813 3061 949 3087 Credimus
964 3069 1026 3094 ergo
1045 3062 1144 3095 primos
1159 3070 1332 3088 amanuenses
1348 3071 1399 3088 non

339 3093 405 3120 bene
422 3095 575 3120 intellexisse
600 3097 784 3129 autographum
809 3105 830 3122 s.
844 3097 976 3126 Thomae.
1003 3102 1028 3122 et
1053 3097 1102 3122 hoc
1127 3098 1208 3123 modo
1232 3099 1399 3131 corrigendos

340 3137 412 3154 esse:
431 3135 588 3163 expungatur
611 3131 673 3156 haec
692 3140 751 3165 pars
772 3132 807 3157 Et
821 3132 911 3165 primo
936 3133 1084 3158 ostendit...
1101 3133 1137 3158 Et
1156 3133 1317 3159 naturaliter
1335 3137 1399 3163 etc.,·

341 3164 430 3189 deinde
448 3173 495 3198 pro
517 3166 594 3191 Circa
607 3167 724 3198 primum
745 3167 797 3192 duo
816 3168 881 3196 facit
906 3169 1006 3200 legatur
1026 3168 1061 3193 Et
1083 3169 1156 3194 circa
1180 3169 1229 3194 hoc
1248 3169 1300 3194 duo
1313 3170 1385 3203 facit
1391 3177 1399 3199 ,’

341 3207 393 3231 quo
413 3199 477 3225 iacto
497 3201 583 3226 omnia
596 3202 692 3234 optime
708 3202 856 3233 cohaerent,
878 3209 907 3228 ut
927 3211 974 3236 per
993 3211 1022 3229 se
1036 3209 1143 3236 patet.-
1155 3204 1271 3229 Diximus
1291 3206 1398 3238 scripto-

341 3235 536 3275 res-primorum
556 3237 759 3269 apographorum
778 3238 843 3263 sorte
857 3247 909 3263 non
922 3239 988 3264 bene
1007 3239 1186 3272 interpretatos
1206 3248 1265 3265 esse
1283 3240 1309 3266 id
1328 3242 1398 3274 quod

343 3270 441 3302 scripsit
459 3278 480 3295 s.
490 3270 605 3296 Thomas
613 3279 619 3302 ;
639 3277 664 3296 et
675 3272 724 3298 hoc
738 3274 868 3305 probabile
881 3274 959 3299 videri
975 3279 1060 3307 potest
1072 3274 1212 3300 conferenti
1225 3276 1361 3301 lectionem
1375 3278 1398 3301 A

343 3308 368 3328 et
381 3305 513 3329 lectionem
530 3312 670 3332 ceterorum
685 3312 710 3332 et
724 3308 751 3338 P,
765 3316 842 3341 quam
858 3317 1051 3335 conservamus.
1066 3311 1088 3335 Α
1102 3311 1138 3335 sic
1151 3310 1240 3336 habet:
1261 3311 1296 3336 Et
1306 3312 1398 3344 primo

344 3340 456 3379 ostendit
474 3340 522 3365 hoc
539 3348 594 3366 esse
613 3342 768 3374 impossibile
778 3351 829 3375 per
844 3345 960 3370 rationes
974 3353 1125 3371 communes
1131 3354 1140 3376 ,·
1159 3347 1273 3372 secundo
1288 3354 1340 3379 per
1354 3355 1399 3372 ra-

344 3376 450 3415 tionem⁸
459 3375 597 3407 propriam
616 3377 738 3404 scientiae
763 3380 893 3409 naturali,
922 3380 973 3405 ibi:
993 3381 1028 3406 Et
1046 3382 1207 3407 naturaliter
1225 3386 1315 3407 autem
1333 3386 1398 3413 etc..-

345 3411 422 3448 tertzo
441 3410 531 3442 incipit
553 3413 738 3444 argumentari
761 3414 797 3438 ad
811 3415 978 3447 propositum
1000 3417 1203 3447 ostendendum,
1224 3418 1275 3443 ibi:
1294 3418 1398 3444 Princi-

340 3447 520 3484 pium'autem
533 3446 570 3471 sit
587 3447 646 3472 hinc
663 3451 711 3474 etc.
732 3448 804 3474 Dicit
821 3457 886 3483 ergo
900 3451 991 3482 primo
1007 3452 1078 3484 quod
1097 3452 1282 3478 determinatis
1301 3451 1398 3487 (tertio

347 3481 470 3519 incipit5..
483 3480 661 3507 determinatis
680 3489 856 3516 expunguntur
870 3493 916 3518 per
935 3490 1027 3517 vacat3
1047 3487 1078 3513 cf.
1093 3486 1172 3513 finem
1191 3487 1268 3514 huius
1287 3497 1358 3514 num.
1374 3494 1399 3515 et

346 3520 496 3554 principium
516 3515 596 3556 seq).
624 3517 700 3542 Circa
718 3519 836 3550 primum
858 3521 935 3552 ponit
955 3525 1008 3547 tres
1028 3522 1156 3553 rationes,
1176 3531 1290 3556 quarum
1306 3524 1400 3556 prima

345 3551 458 3589 sumitur
476 3556 513 3590 ως
530 3554 632 3576 ratione
651 3553 796 3584 possibilis:
814 3556 928 3580 secunda
951 3563 988 3581 ex
1006 3557 1111 3583 ratione
1129 3565 1232 3590 semper
1250 3559 1398 3590 existentis,

347 3583 397 3607 ibi:
420 3583 549 3624 Quoniam
573 3589 659 3611 antem
684 3589 788 3621 negatio
811 3593 873 3619 etc.;
898 3592 976 3616 tertio
1001 3593 1107 3617 tertiam
1130 3600 1167 3618 ex
1189 3594 1294 3620 ratione
1317 3595 1400 3627 ipsius

346 3619 524 3650 corrupnbilis
535 3623 560 3645 et
576 3622 667 3653 geniti,
681 3623 728 3648 ibi:
747 3625 838 3650 Palam
854 3629 879 3650 et
893 3633 930 3651 ex
944 3627 1171 3654 determinatione.
1193 3630 1271 3655 Circa
1279 3630 1398 3662 primum

1045 265 1116 301 DE
1146 260 1320 299 CAELO
1351 259 1421 296 ET
1450 257 1647 295 MUNDO
1676 258 1771 295 LIB.
1802 259 1816 294 I

1455 337 1554 373 quod,
1577 337 1648 364 dum
1669 335 1779 374 aliquid
1801 343 1859 372 est,
1881 336 1967 364 simul
1994 335 2100 364 habeat
2127 333 2289 371 potentiam
2309 335 2348 363 ad
2367 344 2430 364 non
2457 345 2530 372 esse,

1455 385 1507 404 seu
1521 377 1626 404 habeat
1643 385 1706 404 esse
1727 385 1790 405 non
1810 375 2016 411 necessarium,
2032 375 2084 403 sed
2098 374 2279 411 contingens.
2293 391 2314 396 -
2327 376 2530 412 Respondemr

1455 417 1536 453 quod
1557 416 1587 444 id
1608 417 1690 453 quod
1710 414 1825 453 sem'per
1846 423 1906 452 est,
1935 415 2059 445 naturali
2081 413 2251 443 necessitate
2279 421 2307 443 et
2332 424 2394 444 non
2415 416 2529 445 contin-

1453 462 1554 493 genter
1569 464 1685 492 semper
1699 462 1757 484 est:
1779 457 1858 485 unde
1878 465 1942 485 non
1962 457 2049 484 habet
2069 453 2231 492 potentiam
2245 455 2284 482 ad
2301 455 2358 483 hoc
2372 456 2453 492 quod
2466 465 2529 484 non

1454 495 1499 524 sit.
1513 510 1533 516 —-
1547 505 1574 532 7.
1590 494 1728 524 Similiter
1748 504 1833 525 omne
1853 496 2064 535 sempiternum
2087 503 2203 523 necesse
2218 499 2261 522 est
2275 503 2338 523 esse
2355 494 2528 534 ingenitum.

1453 536 1528 564 Nam
1549 535 1680 573 genitum
1701 542 1744 564 est
1765 536 1847 572 quod
1867 545 1946 565 nunc
1967 542 2024 572 est,
2052 536 2103 564 sed
2123 534 2204 571 prius
2225 543 2287 563 non
2307 534 2369 562 fuit.
2398 536 2466 563 Non
2486 542 2530 564 est

1453 581 1551 603 autem
1566 575 1712 612 assignare
1732 581 1848 613 tempus
1869 585 1965 614 neque
1986 575 2101 604 finitum
2122 582 2217 612 neque
2239 574 2395 610 infinitum,
2416 574 2447 603 in
2468 585 2529 613 quo

1453 615 1483 643 id
1504 615 1586 652 quod
1613 624 1728 652 semper
1749 622 1807 652 est,
1833 615 1971 652 possibile
1998 615 2035 645 sit
2055 625 2117 644 non
2145 624 2223 644 esse:
2245 620 2415 652 sequeretur
2435 614 2528 651 enim,

1453 654 1532 683 iuxta
1553 654 1629 683 dicta
1649 654 1680 683 in
1700 664 1730 683 n.
1751 655 1778 691 5,
1801 656 1882 692 quod
1902 655 1981 685 idem
2002 655 2088 684 simul
2110 661 2185 684 esset
2206 662 2234 684 et
2254 664 2317 683 non
2338 660 2421 683 esset.
2450 656 2528 692 Ergo

1454 695 1535 732 quod
1555 703 1671 732 semper
1691 701 1743 731 est,
1765 704 1861 733 neque
1882 695 2020 732 possibile
2042 702 2085 724 est
2105 704 2221 732 semper
2241 704 2303 724 non
2331 703 2409 730 esse,
2432 703 2529 732 neque

1453 734 1590 772 possibile
1612 741 1655 763 est
1680 744 1742 763 non
1762 744 1878 772 semper
1899 745 1970 764 esse.
1984 752 2004 758 -
2019 736 2095 764 Cum
2117 745 2186 773 ergo
2207 735 2363 773 aliquando
2386 744 2442 763 non
2465 744 2529 763 esse

1454 781 1591 812 sequatur
1611 775 1649 803 ad
1670 775 1799 812 genitum
1821 781 1849 803 et
1870 775 2064 812 corruptibile,
2085 775 2109 804 si
2123 775 2153 803 id
2168 776 2249 813 quod
2270 784 2385 812 semper
2401 781 2452 810 est,
2467 783 2529 803 non

1453 814 1594 852 contingit
1615 815 1794 852 quandoque
1814 824 1876 843 non
1890 824 1962 851 esse,
1977 815 2107 853 sequitur
2121 817 2202 853 quod
2216 825 2305 845 omne
2319 814 2529 852 sempiternum

1452 855 1488 883 sit
1509 853 1670 892 ingenitum
1691 861 1720 883 et
1740 854 1966 892 incorruptibile.

1451 962 1547 999 idest
1584 961 1798 999 secundum
1836 961 2115 1011 quodcumque
2148 961 2526 1011 praedicamentum:

1450 1023 1543 1064 puta
1562 1015 1763 1052 hominem
1793 1027 1878 1052 esse
1905 1015 1967 1052 vel
1997 1027 2076 1052 non
2105 1027 2202 1064 esse,
2231 1015 2345 1064 quod.
2365 1015 2528 1066 pertinet

1452 1068 1502 1106 ad
1529 1080 1650 1118 genus
1683 1068 1936 1115 substantiae;
1971 1075 2038 1105 aut
2069 1068 2201 1106 album
2234 1081 2317 1106 esse
2350 1077 2415 1107 aut
2447 1081 2529 1107 non

1452 1135 1548 1171 esse,
1579 1122 1685 1172 quod
1712 1121 1876 1171 pertinet
1894 1122 1945 1159 ad
1963 1133 2084 1173 genus
2103 1121 2310 1171 qualitatis;
2339 1122 2528 1160 aut'bicu-

1452 1175 1574 1214 bitum
1604 1188 1686 1213 esse
1714 1176 1778 1213 vel
1806 1188 1887 1213 non
1911 1187 2012 1223 esse,
2032 1175 2140 1224 quod
2158 1175 2322 1224 pertinet
2339 1176 2390 1215 ad
2407 1188 2529 1224 genus

1452 1229 1691 1279 quantitatis;
1727 1236 1791 1266 aut
1819 1228 1868 1267 de
1895 1237 2143 1278 quocumque
2171 1228 2247 1266 alio
2281 1225 2470 1267 consimili
2494 1230 2526 1267 ⁸⁸².

1453 1284 1502 1320 Et
1526 1283 1632 1332 quod
1652 1290 1828 1332 oporteat
1855 1282 2008 1331 intelligi
2037 1282 2253 1320 secundum
2282 1282 2440 1332 aliquod
2458 1283 2530 1321 de-

1452 1337 1699 1375 terminatum
1731 1343 1907 1385 tempus,
1942 1348 2032 1373 curn
2067 1335 2203 1373 dicitur
2235 1335 2378 1385 aliquid
2413 1347 2529 1386 posse

1453 1401 1536 1428 esse
1564 1390 1628 1428 vel
1656 1402 1735 1427 non
1755 1390 1775 1410 '¹‘
1805 1402 1900 1438 esse,
1930 1389 2069 1440 probat
2097 1389 2277 1428 ducendo
2306 1389 2357 1428 ad
2384 1389 2529 1440 impos-

1453 1443 1572 1481 sibile.
1603 1443 1726 1492 Quia,
1756 1442 1852 1480 sicut
1880 1443 1962 1493 ipse
1990 1443 2091 1491 dicit,
2121 1443 2152 1480 si
2180 1455 2260 1482 non
2288 1451 2345 1481 est
2373 1444 2530 1495 aliquod

1452 1504 1606 1547 ternpus
1634 1496 1908 1535 determinatae
1947 1496 2185 1547 quantitatis,
2221 1497 2262 1535 in
2294 1510 2374 1548 quo
2408 1497 2531 1548 possit

1454 1563 1536 1588 esse
1564 1551 1627 1588 vel
1656 1563 1736 1588 non
1765 1562 1861 1599 esse,
1891 1550 1959 1588 sed
1987 1563 2143 1600 semper
2170 1549 2377 1600 accipiatur
2404 1551 2530 1591 maius

1453 1611 1627 1654 tempore
1646 1605 1667 1625 *
1684 1603 1885 1654 proposito
1905 1606 2018 1654 (puta
2037 1603 2068 1642 si
2091 1611 2218 1654 potest
2247 1615 2329 1642 esse
2353 1604 2393 1642 in
2421 1605 2530 1656 quin*-
2557 1619 2567 1630 “

1453 1657 1633 1707 quaginta
1661 1657 1782 1705 annis,
1813 1664 1850 1695 et
1877 1657 2004 1695 adhuc
2030 1658 2128 1707 plus,
2159 1666 2196 1701 et
2228 1658 2366 1696 iterum
2394 1659 2528 1708 plus),

1454 1719 1491 1748 et
1517 1723 1597 1749 non
1626 1710 1672 1749 sit
1701 1710 1882 1748 devenire
1909 1711 1960 1749 ad
1987 1710 2143 1761 aliquod
2171 1719 2326 1761 tempus
2354 1719 2529 1762 respectu

1454 1764 1560 1802 cuius
1580 1777 1696 1802 omne
1725 1772 1879 1814 tempus
1898 1764 1937 1802 in
1965 1776 2045 1813 quo
2065 1771 2192 1814 potest
2211 1777 2293 1802 esse
2313 1764 2360 1802 sit
2377 1765 2527 1813 minus3

1454 1830 1543 1855 curn
1563 1817 1667 1856 idem
1685 1819 1705 1839 ’¹‘
1723 1817 1845 1867 possit
1863 1827 1946 1856 esse
1967 1825 2003 1855 et
2017 1829 2097 1856 non
2117 1830 2212 1866 esse,
2233 1825 2275 1856 ut
2294 1818 2439 1856 dictum
2459 1826 2527 1868 est,

1453 1871 1624 1920 sequitur
1642 1871 1749 1920 quod
1768 1870 1872 1908 idem
1890 1873 1909 1893 ²⁸
1932 1871 2054 1921 possit
2077 1883 2162 1909 esse
2185 1871 2225 1910 in
2247 1878 2424 1922 tempore
2443 1871 2528 1912 infi-

1452 1978 1548 2016 ratio
1569 1986 1626 2016 est
1645 1979 1744 2016 circa
1763 1978 1839 2016 hoc
1859 1978 1965 2028 quod
1985 1986 2041 2016 est
2060 1990 2140 2016 non
2160 1991 2257 2027 esse,
2286 1986 2323 2016 et
2339 1978 2439 2018 circa
2451 1978 2528 2018 hoc

1452 2032 1558 2081 quod
1579 2040 1635 2070 est
1663 2044 1757 2070 esse.
1779 2032 1873 2070 Non
1900 2040 2031 2070 tamen
2058 2031 2110 2070 ita
2138 2031 2245 2082 quod
2262 2031 2355 2070 illud
2373 2040 2528 2083 tempus

1452 2093 1627 2135 respectu
1651 2086 1759 2123 cuius
1778 2085 1921 2135 aliquid
1947 2093 2076 2135 potest
2093 2097 2173 2123 non
2192 2098 2288 2134 esse,
2309 2086 2417 2136 quod
2435 2098 2527 2125 con-

1453 2139 1615 2176 cluditur
1652 2151 1734 2177 esse
1763 2139 1975 2187 infinitum,
2005 2139 2052 2176 sit
2079 2139 2184 2177 idem
2214 2151 2304 2177 cum
2338 2139 2402 2178 illo
2429 2147 2526 2178 tem-

1451 2204 1545 2242 pore
1573 2192 1722 2230 infinito
1752 2200 1925 2242 respectu
1950 2191 2057 2230 cuius
2086 2190 2231 2242 aliquid
2251 2192 2386 2231 dicitur
2411 2188 2528 2244 posse

1452 2258 1552 2293 esse3
1574 2245 1663 2295 quia
1691 2245 1745 2284 sic
1771 2254 1903 2295 posset
1927 2258 2010 2284 esse
2040 2253 2076 2284 et
2103 2258 2183 2284 non
2207 2258 2290 2284 esse
2319 2246 2359 2284 in
2387 2246 2528 2286 eodem

1450 2307 1643 2349 ternpore,
1673 2300 1779 2349 quod
1809 2307 1865 2337 est
1892 2299 2152 2349 impossibile,
2180 2307 2224 2338 ut
2251 2299 2350 2338 infra
2374 2301 2394 2322 *⁸
2424 2300 2527 2339 dice·

1449 2361 1530 2391 tur:
1570 2353 1638 2391 sed
1671 2353 1778 2402 quod
1810 2353 1913 2390 aliud
1950 2360 2103 2402 tempus
2143 2352 2333 2391 infinitum
2367 2353 2414 2391 sit
2446 2353 2528 2392 eius

1451 2406 1555 2456 quod
1585 2414 1641 2444 est
1660 2418 1739 2444 non
1769 2418 1866 2453 esse,
1887 2413 1924 2443 et
1942 2405 2045 2444 aliud
2065 2403 2079 2428 ὃ
2107 2405 2188 2444 eius
2213 2406 2319 2456 quod
2345 2414 2401 2444 est
2429 2419 2525 2445 esse.

1451 2459 1569 2508 Quod
1607 2467 1663 2497 est
1699 2458 1955 2509 impossibile:
1986 2470 2066 2496 non
2104 2458 2208 2497 enirn
2245 2468 2408 2510 possunt
2445 2472 2528 2499 esse

1451 2514 1527 2551 duo
1556 2521 1732 2562 tempora
1770 2512 1939 2560 infinita,
1970 2512 2060 2562 quia
2087 2512 2141 2550 sic
2171 2521 2296 2551 essent
2325 2513 2404 2552 duo
2431 2521 2529 2552 tem-

1453 2674 1507 2697 tres
1518 2672 1608 2706 facit.-
1627 2671 1720 2704 primo
1743 2671 1861 2697 ostendit
1878 2671 1944 2704 quid
1961 2672 2083 2704 sequitur
2107 2679 2146 2698 ex
2165 2672 2324 2704 praemissis
2341 2673 2532 2705 suppositioni-

1453 2707 1515 2738 bus‚·
1533 2707 1649 2734 secundo
1668 2707 1771 2733 inducit
1789 2707 1921 2740 quasdam
1946 2707 2015 2733 alias
2034 2707 2229 2740 suppositiones
2247 2708 2284 2734 ad
2302 2708 2532 2742 manifestandum

1447 2743 1628 2776 propositum,
1644 2743 1695 2768 ibi:
1709 2743 1875 2775 Prt'ncipium
1889 2746 1996 2772 autem:
2014 2743 2096 2769 tertio
2109 2743 2203 2777 incipit
2214 2744 2406 2785 argumentari
2417 2744 2456 2770 ad
2463 2751 2533 2777 pro-

1448 2778 1568 2811 positum
1587 2778 1790 2809 ostendendum,
1811 2778 1863 2804 ibi.-
1881 2777 2046 2811 Principium
2064 2782 2155 2804 autem
2173 2779 2210 2804 sit
2228 2778 2292 2805 hinc
2309 2782 2359 2805 etc.
2378 2778 2532 2805 conten-amr

1452 2813 1516 2839 haec
1535 2814 1627 2840 divisio
1652 2818 1737 2840 textuit
1757 2821 1818 2839 curn
1837 2821 1868 2839 ea
1887 2821 1955 2847 quae
1974 2815 2000 2839 in
2018 2822 2092 2839 num.
2114 2814 2127 2839 3
2147 2814 2268 2844 traditur.
2289 2819 2315 2840 et
2333 2814 2467 2848 apparebit
2486 2822 2531 2841 eas

1453 2857 1512 2875 esse
1531 2848 1635 2875 affines:
1655 2850 1874 2875 animadvertatur
1893 2857 1972 2883 porro
1990 2850 2111 2875 ultimum
2130 2849 2281 2876 membrum
2299 2849 2434 2876 divisioni·
2453 2850 2479 2876 in
2498 2851 2530 2882 Α,

1452 2885 1532 2912 tertio
1551 2885 1678 2918 incipit...
1691 2886 1727 2911 sit
1746 2885 1819 2916 hinc,
1839 2886 1984 2911 secundum
1999 2890 2149 2912 contextum
2168 2885 2219 2919 legi
2238 2886 2334 2911 debere
2352 2886 2433 2912 tertio
2446 2893 2531 2920 argu-

1453 2924 1590 2947 mentatur
1602 2921 1640 2947 ad
1650 2921 1830 2954 propositum,
1844 2921 1895 2946 ibi:
1910 2921 1942 2946 Si
1956 2921 2046 2954 itaque
2060 2921 2164 2955 aliquid
2177 2924 2226 2947 etc.
2246 2921 2390 2948 Dicendum
2409 2926 2450 2947 eat
2468 2929 2532 2956 ergo

1452 2957 1478 2981 in
1497 2957 1595 2990 analysi
1611 2957 1706 2982 codicis
1720 2958 1742 2982 Α
1760 2956 1849 2982 omnia
1869 2957 2041 2991 expungenda
2059 2964 2120 2982 esse
2138 2964 2206 2990 quae
2220 2963 2353 2982 recurrant
2371 2957 2397 2982 in
2416 2965 2490 2983 num.
2507 2956 2530 2989 3,

1453 2992 1563 3026 ideoque
1583 2992 1659 3018 etiam
1679 2992 1842 3025 principium,
1857 2992 1929 3025 quod
1949 3000 1997 3018 nos
2016 2993 2190 3018 omittendum
2205 3000 2265 3018 esse
2279 2993 2330 3018 iam
2345 2993 2470 3027 suspicati
2485 3001 2532 3019 nu—

1453 3035 1521 3059 mus,
1536 3028 1658 3062 quamvis
1677 3028 1741 3053 illud
1761 3028 1838 3053 ceteri
1853 3028 1957 3053 codices
1976 3033 2002 3053 et
2020 3028 2040 3053 P
2059 3028 2179 3054 habeant.
2198 3029 2314 3064 Apparet
2333 3028 2411 3054 etiam
2428 3032 2530 3054 eeteros

1453 3064 1554 3090 codices
1573 3064 1657 3089 multo
1676 3064 1771 3090 melius
1790 3063 1981 3097 autographum
2000 3063 2182 3097 interpretatos
2201 3071 2261 3089 eece
2279 3071 2360 3097 quum
2378 3064 2414 3095 A,
2433 3064 2479 3098 qui
2498 3064 2531 3090 nd

1451 3107 1512 3124 eum
1531 3099 1700 3125 solummodo
1719 3099 1745 3124 in
1764 3098 1815 3125 fine
1837 3099 1948 3130 accedit,
1975 3099 2054 3133 idque
2073 3099 2182 3125 omnino
2206 3100 2386 3134 inadaequate.
2406 3099 2446 3126 Cf.
2460 3107 2530 3134 quae

1452 3134 1530 3160 habet
1548 3135 1570 3160 Α
1589 3134 1630 3160 hic
1650 3139 1703 3160 not.
1717 3143 1739 3164 t,
1758 3140 1784 3160 et
1803 3135 1861 3161 lect.
1874 3142 1931 3168 seq.
1946 3140 2000 3160 not.
2016 3143 2041 3160 α.

1506 3168 1532 3205 β)
1549 3170 1697 3203 plurimum
1724 3174 1862 3203 tempus...
1877 3173 1996 3203 tempore
2022 3177 2074 3196 non
2093 3177 2157 3196 esse.
2171 3171 2240 3196 -lta
2259 3170 2327 3203 EFh
2347 3175 2396 3196 eet.
2421 3175 2531 3204 peccunt

1451 3206 1594 3231 omissione
1613 3206 1868 3238 homoteleutorum;
1887 3211 1914 3231 et
1927 3206 2034 3239 quidem
2048 3206 2070 3231 D
2084 3214 2137 3231 om.
2152 3213 2208 3232 esse
2222 3206 2262 3232 ita
2275 3205 2377 3232 scilicet
2390 3205 2462 3239 quod
2475 3213 2528 3231 non

1450 3242 1537 3273 possit
1555 3242 1682 3274 ampIiori
1706 3244 1826 3274 tempore
1849 3249 1905 3268 esse
1924 3246 1950 3268 et
1969 3245 2089 3275 respectu
2113 3242 2211 3275 ipsiu,-
2229 3241 2276 3268 CG
2294 3249 2348 3268 om.
2362 3244 2389 3268 et
2407 3244 2529 3274 respectu

1452 3277 1534 3309 ipsius
1554 3284 1605 3302 non
1626 3284 1682 3303 esse
1696 3277 1735 3302 ita
1749 3278 1849 3303 scilicet
1864 3277 1936 3310 quod
1950 3285 2002 3303 non
2012 3278 2101 3311 possit
2117 3277 2245 3312 ampliori
2259 3280 2379 3310 tempore
2391 3283 2443 3302 non
2458 3283 2529 3307 esse,-

1451 3313 1496 3337 ΑΒ
1515 3321 1568 3337 om.
1587 3320 1643 3338 esse
1661 3316 1687 3338 et
1710 3317 1830 3345 respectu
1855 3313 1938 3346 ipsius
1957 3321 2008 3339 non
2028 3321 2084 3339 esse
2103 3313 2142 3338 ita
2160 3313 2260 3339 scilicet
2277 3312 2351 3346 quod
2373 3319 2425 3337 non
2439 3311 2530 3344 possit

1451 3348 1577 3380 ampliori
1596 3352 1723 3381 tempore.
1749 3349 1819 3374 Haec
1838 3349 1933 3374 menda
1952 3349 2084 3383 corrigens
2104 3349 2123 3373 Ρ
2143 3349 2216 3382 legit:
2234 3347 2383 3381 plurimum
2410 3350 2529 3380 tempore

1451 3387 1478 3408 et
1496 3387 1616 3416 respectu
1637 3384 1719 3417 ipsium
1738 3388 1791 3414 est.
1811 3385 1851 3410 ita
1869 3384 1969 3410 scilicet
1993 3385 2066 3418 quod
2090 3391 2143 3410 non
2158 3383 2248 3417 possit
2265 3383 2392 3416 ampliori
2410 3385 2529 3416 tempore

1453 3426 1503 3444 non
1524 3426 1595 3448 esse;
1614 3419 1645 3445 ci.
1661 3425 1769 3445 textum.

1505 3453 1531 3489 γ)
1550 3462 1610 3481 cum
1629 3455 1742 3481 dicimus
1764 3456 1928 3488 possibile...
1939 3456 2067 3489 possibile
2092 3462 2144 3481 non
2169 3462 2234 3481 esse.
2246 3455 2315 3480 -lta
2333 3454 2371 3485 Ai
2390 3453 2410 3479 P
2430 3458 2456 3479 et
2479 3458 2528 3480 eet.

1451 3498 1505 3515 orn.
1520 3491 1561 3515 vel
1580 3498 1665 3516 non...
1679 3494 1719 3516 est
1733 3492 1868 3524 possibile.

1505 3524 1530 3559 ὃ)
1556 3526 1603 3551 sed
1627 3526 1699 3559 quod
1721 3527 1798 3553 aliud
1822 3530 1963 3560 tempus...
1977 3530 2003 3553 et
2021 3525 2297 3553 aliud.-secundum
2322 3525 2394 3558 quod
2417 3523 2528 3558 aliquod

1453 3564 1555 3594 tempus
1606 3565 1633 3587 et
1645 3562 1754 3595 aliquod
1773 3563 1805 3594 1³3
1825 3563 1969 3589 secundum
1989 3570 2037 3596 pro
2055 3561 2103 3588 sed
2121 3561 2217 3588 habent
2236 3561 2314 3588 etiam
2332 3560 2404 3594 BCpl
2418 3564 2445 3585 et
2459 3559 2526 3585 forte

1453 3597 1493 3621 ed.
1514 3595 1594 3627 1516;
1614 3597 1724 3629 legimus
1739 3599 1787 3624 sed
1801 3599 1880 3632 quod,
1895 3598 1956 3632 quin
1974 3597 2016 3624 hic
2030 3598 2105 3624 iocus
2120 3597 2280 3632 respondere
2295 3595 2371 3622 debet
2390 3594 2526 3629 superiori,

1454 3632 1514 3657 Non
1535 3635 1622 3658 tamen
1643 3633 1681 3658 ita
1701 3634 1780 3666 quod.

2558 1235 2692 1259 ‘sanaim

2557 1399 2773 1428 ‘pecundum

2555 1832 2566 1843 ⁸
2580 1831 2608 1854 td
2619 1838 2641 1855 ι».

2554 1885 2565 1896 ⁸
2580 1885 2608 1907 id
2619 1891 2641 1908 Ρ.

1453 1924 1545 1973 nito,
1558 1932 1594 1962 et
1613 1937 1693 1962 non
1709 1937 1790 1962 esse
1809 1925 1828 1946 ²⁸²
1843 1924 1882 1962 in
1896 1932 2072 1975 tempore
2092 1924 2260 1972 infinito;
2280 1925 2371 1975 quia
2386 1921 2531 1964 eadem‘
2554 1940 2565 1951 ·

2559 2309 2688 2338 'Num.5.
