2782 4134
0 2366 10 2387 ν-
0 2344 6 2362 -=
0 2325 9 2337 r-
0 2282 10 2319 ,-·:w
0 2054 16 2275 vsv.⁷³.era-—grezu-,

22 3490 25 3491 ⁷
38 3459 120 3483 terrae
139 3468 187 3484 om.
201 3469 224 3485 P.

9 3563 29 3579 '²¹
40 3567 76 3591 Cf.
85 3570 137 3593 lect.
147 3577 224 3599 praec.

1060 274 1172 311 CAP.
1202 275 1308 322 XIII,
1338 275 1489 312 LECT.
1520 276 1645 312 XXIII

2371 293 2446 328 209

827 533 1124 589 LECTIO
1163 537 1876 596 VIGESIMATERTIA

705 692 847 724 CAUSA
875 694 1048 731 QUIETIS
1077 695 1251 726 TERRAE
1281 697 1373 727 NON
1396 699 1476 729 EST
1501 700 1588 731 AER
1617 701 1849 734 SUSTINENS
1878 703 2003 734 IPSAM

265 831 471 877 Δναξιμένης
488 827 526 864 δὲ
542 833 602 864 καὶ
621 831 858 878 Ἀναξαγόρας
877 834 936 864 καὶ
955 832 1161 878 Δημόκριτος
1180 835 1221 867 vd
1240 834 1327 867 πλοί-

323 888 382 915 τος
416 879 527 909 αἴτιον
557 874 643 909 εἷναί
676 888 758 921 φασι
789 879 853 909 τοῦ
884 877 994 921 μένειν
1029 877 1152 915 αὐτήν.
1191 880 1237 911 Οὐ
1263 880 1327 925 γάρ

322 921 456 966 τέμνειν
484 922 557 954 ἀλλ’
580 919 850 965 ἑπιπωματίζειν
877 922 935 954 τὸν
964 922 1048 967 ἀέρα
1073 923 1132 956 τὸν
1158 923 1326 967 κοίτωθεν,

324 965 404 1011 ὅπερ
441 968 602 1011 φαίνεται
635 966 682 999 τά,
719 966 852 1004 πλοίτος
889 967 1016 1020 ἔχοντα
1054 969 1120 1000 τῶν
1158 969 1327 1013 σωμάτων

323 1015 449 1043 ποιεῖν·
477 1011 596 1043 ταῦτα
613 1010 686 1064 1γάρ
703 1013 761 1043 καὶ
780 1012 861 1056 πρὸς
879 1023 959 1050 τους
986 1011 1127 1057 ανέμους
1155 1013 1224 1060 ἔχει
1249 1010 1340 1047 ’διισ-χ

320 1054 467 1094 κινῆτως
491 1050 551 1088 διαὶ
574 1067 639 1092 την
667 1055 865 1100 ἀντέρεισιν.
893 1055 1009 1090 Ταύτό
1030 1053 1074 1095 ’δή
1093 1070 1200 1091 τουτο
1219 1063 1328 1092 ποιεῖν

322 1100 371 1141 τῷ
389 1099 517 1133 πλάτει
534 1101 616 1144 φασὶ
634 1100 699 1137 τήν
716 1102 780 1146 γῆν
800 1101 880 1145 πρὸς
899 1101 959 1134 τὸν
979 1103 1199 1145 ὑποκείμενον
1222 1103 1326 1148 ἀέρα·

322 1144 382 1176 τὸν
407 1140 436 1176 δ’
458 1145 518 1177 οὐκ
545 1145 674 1190 ἔχοντα
699 1146 919 1190 μεταστῆναι
945 1146 1054 1179 τόπον
1073 1147 1188 1179 ἱκανὸν
1209 1148 1327 1192 ἀθρόον

323 1189 371 1230 τῷ
402 1188 558 1229 κάτωθεν
583 1190 604 1228 ἦ
627 1194 736 1234 εμεῖν,
763 1189 874 1235 ὥσπερ
901 1190 942 1222 τὸ
968 1192 1000 1223 ἐν
1027 1196 1104 1230 ταῖς
1128 1190 1329 1238 κλεψύδραις

300 1248 304 1249 ’
323 1229 429 1279 ὕδωρ(
444 1234 522 1267 Ὅτι
542 1234 579 1266 δὲ
600 1235 751 1268 δύναται
769 1235 856 1267 πολύ
876 1235 977 1279 βάρος
995 1235 1102 1281 φέρειν
1123 1237 1330 1282 ἀπολαμβα-

322 1277 459 1324 νόμενος
484 1280 543 1310 καὶ
568 1279 675 1324 μένων
698 1281 714 1311 ὁ
738 1278 816 1324 ἀήρ,
835 1279 1005 1323 τεκμήρια
1028 1282 1143 1314 πολλοὶ
1158 1282 1326 1329 λέγουσιν.

253 1324 388 1366 Πρῶτον
413 1324 474 1367 μὲν
502 1322 557 1356 οὖν
583 1325 612 1356 εὶ
636 1324 683 1367 μή
710 1325 827 1357 πλατύ
852 1324 894 1357 τὸ
919 1325 1039 1369 σχῆμα
1065 1327 1128 1364 τῆς
1153 1328 1216 1373 γῆς
1239 1328 1327 1369 ἐστί,

322 1363 382 1400 διὰ
405 1370 514 1401 τοῦτο
539 1369 600 1412 μὲν
626 1367 686 1401 οὐκ
713 1368 752 1401 οἲν
778 1369 908 1413 ἧρεμοϊ.

253 1414 378 1446 Καίτοι
403 1414 466 1451 τῆς
491 1414 596 1457 μονῆς
622 1415 660 1446 οὐ
686 1413 727 1446 τὸ
753 1413 887 1451 πλοίτος
910 1415 1021 1446 αἴτιον
1040 1414 1076 1455 ἐξ
1093 1414 1136 1446 ὤν
1156 1415 1326 1462 λέγουσιν,

325 1455 416 1490 ἀλλὰ
440 1457 481 1491 τὸ
506 1457 646 1514 μέγεθος
671 1459 814 1503 μᾶλλον.
843 1457 906 1490 Διοὶ
926 1457 991 1503 γοὶρ
1013 1459 1077 1495 τήν
1099 1464 1327 1506 στενοχωρίαν

323 1503 384 1544 οὐκ
409 1502 494 1548 ἔχων
520 1515 585 1540 την
612 1498 761 1547 πάροδον
788 1504 804 1536 ὁ
833 1500 896 1544 ἀήρ
921 1502 1013 1545 μένει
1038 1499 1098 1535 διαὶ
1120 1504 1161 1537 τὸ
1180 1505 1326 1544 πλῆθος·

323 1547 427 1585 πολύς
453 1546 482 1578 δ’
512 1547 586 1581 ἐστὶ
611 1543 670 1580 διαὶ
695 1547 735 1580 τὸ
762 1547 829 1580 ὑπὸ
855 1546 1015 1592 μεγέθους
1049 1549 1179 1581 πολλοῦ
1206 1550 1328 1583 ἐναπο-

320 1591 559 1636 λαμβοίνεσθαι
585 1593 648 1624 τοῦ
672 1593 735 1630 τῆς
761 1593 837 1638 γῆς.
872 1590 976 1624 ’Ὠστε
1003 1594 1110 1626 τοῦτο
1135 1594 1195 1638 μὲν
1222 1595 1330 1639 ὑπάρ-

321 1634 388 1676 ξει,
413 1634 477 1668 κᾶν
502 1632 718 1681 σφαιροειῧῆς
743 1638 802 1681 μὲν
830 1639 850 1674 ἡ
875 1638 921 1683 γῆ
949 1635 990 1680 ᾖ,
1017 1638 1212 1677 τηλικαύτη
1231 1635 1269 1672 δὲ
1287 1640 1328 1673 τὸ

321 1678 480 1726 μέγεθος·
506 1685 601 1725 μενεῖ
623 1681 688 1728 γοὶρ
712 1682 810 1715 κατοί
834 1682 894 1714 τὸν
922 1682 1053 1714 ἐκείνων
1078 1682 1193 1730 λόγον.

262 1727 354 1764 Ολως
379 1723 417 1759 δὲ
443 1725 524 1771 πρός
548 1739 586 1772 γε
612 1727 693 1764 τούς
725 1726 816 1760 οὕτω
846 1726 1016 1772 λέγοντας
1042 1729 1116 1771 περὶ
1141 1729 1204 1766 τῆς
1235 1728 1330 1766 κινή-

270 1808 274 1810 v
320 1783 402 1810 σεως
423 1771 462 1802 οὗ
483 1772 557 1815 περὶ
574 1772 680 1815 μερῶν
703 1771 795 1804 ἐστὶν
814 1772 835 1808 ἦ
859 1771 1125 1815 ἀμφισβήτησις,
1147 1773 1238 1806 ἄλλα
1254 1775 1328 1818 περὶ

322 1814 400 1848 ὅλου
426 1816 518 1853 τινος
550 1817 609 1847 καὶ
635 1815 780 1854 παντός.
816 1815 875 1858 Ἐξ
904 1817 1010 1862 ἀρχῆς
1043 1817 1107 1863 γαρ
1161 1818 1325 1862 ιοριστέον

321 1859 466 1905 πότερόν
494 1861 567 1893 ἐστί
593 1872 644 1898 τις
670 1865 741 1899 τοῖς
759 1860 891 1905 σώμασι
916 1862 1011 1907 φύσει
1035 1863 1161 1900 κίνησις
1188 1862 1208 1899 ἦ
1235 1859 1328 1895 οὐδε-

321 1907 398 1950 μία,
423 1906 482 1936 καὶ
507 1905 653 1950 πότερον
679 1905 773 1950 φύσει
798 1907 858 1950 μέν
885 1908 945 1939 οὐκ
970 1907 1058 1947 ἔστι,
1085 1907 1142 1948 βίᾳ
1167 1902 1198 1939 δ’
1220 1908 1324 1941 ἔστιν.

315 1951 412 1983 Ἐπεὶ
437 1945 475 1982 δὲ
501 1951 576 1993 περὶ
603 1950 739 1983 τούτων.
758 1946 936 1996 διώρισται
957 1950 1121 1996 πρότερον
1144 1951 1208 1985 ὅσα
1232 1953 1330 1986 κατὰ

323 1995 387 2032 τήν
413 1995 590 2040 παροῦσαν
616 1991 758 2040 δύναμιν
784 1998 934 2040 εἴχομεν,
960 1996 1127 2041 χρηστέον
1153 1998 1195 2035 ὠς
1222 1998 1328 2043 ὑπάρ-

320 2051 450 2086 χουσιν.
478 2040 514 2070 Εἰ
539 2039 603 2086 γὰρ
629 2035 780 2084 μηδεμία
805 2040 901 2086 φύσει
924 2042 1051 2079 κίνησίς
1077 2042 1170 2074 ἐστιν
1198 2043 1326 2085 αὐτῶν,

321 2079 400 2118 οὐδὲ
426 2084 535 2124 βίαιος
567 2084 684 2117 ἔσται·
712 2086 740 2117 εἰ
764 2080 802 2118 δὲ
827 2085 876 2130 μτῖ
901 2087 974 2119 ἐστι
998 2085 1088 2130 μήτε
1113 2086 1208 2131 φύσει
1237 2087 1328 2131 μήτε

319 2129 393 2170 βίᾳ,
422 2127 506 2167 ὅλως
532 2123 628 2161 οὐδὲν
652 2129 894 2167 κινηθήσεται·
922 2132 996 2175 περὶ
1021 2131 1085 2176 γαρ
1112 2131 1247 2165 τούτων
1275 2132 1328 2165 ὅτι

322 2172 511 2220 ἀναγκαῖον
536 2174 747 2218 συμβαίνειν,
767 2170 944 2218 διώρισται
970 2177 1149 2220 πρότερον,
1167 2178 1226 2208 καὶ
1245 2177 1327 2220 προς

320 2217 459 2256 τούτοις
485 2217 540 2251 ὅτι
566 2214 634 2251 οὐδ’
664 2217 685 2251 ἦ
708 2224 799 2263 εμεῖν
827 2215 1026 2266 ἐνδέχεται·
1052 2220 1164 2266 ὥσπερ
1187 2221 1253 2267 γοὶρ
1278 2224 1329 2253 κί-

320 2275 410 2301 νησις
444 2262 590 2308 ὑπάρχει
622 2263 645 2299 ἦ
678 2231 736 2305 βρίᾳ
769 2264 790 2302 ἦ
823 2264 939 2308 φύσει,
976 2265 1066 2299 οὕτω
1097 2269 1156 2298 καὶ
1190 2266 1325 2311 ἠρεμία.

313 2306 424 2340 Ἀλλά
447 2308 513 2352 μην
538 2310 568 2340 εἴ
591 2307 631 2354 γε’
653 2306 730 2346 ,ἐστι
761 2311 887 2347 κίνησίς
913 2322 964 2348 τις
996 2310 1093 2344 κατοί
1123 2310 1241 2356 φύσιν,
1268 2309 1328 2343 οὐκ

322 2352 361 2386 ἂν
388 2353 408 2390 ή
435 2353 542 2393 βίαιος
568 2356 618 2390 εἴη
645 2353 732 2397 φοραὶ
755 2353 857 2398 μόνον
883 2351 954 2386 068’
983 2353 1161 2399 ἠρέμησις·
1187 2354 1269 2389 ὥστ’
1299 2357 1327 2388 εἱ

320 2397 378 2439 βία
403 2398 459 2429 νῦν
486 2398 506 2434 ή
532 2398 578 2444 γῆ
603 2397 707 2441 μένει,
734 2401 792 2431 καὶ
818 2398 980 2436 συν-ἦλθεν
1006 2401 1062 2432 ἐπὶ
1087 2401 1129 2433 τὸ
1154 2400 1256 2444 μέσον
1275 2411 1328 2445 φε-

319 2441 441 2486 ρομένη
478 2437 539 2474 8ιοί
569 2443 633 2479 τήν
667 2438 813 2480 δίνησιν·
845 2443 980 2481 ταύτην
1010 2446 1075 2492 γοὶρ
1110 2445 1176 2482 τήν
1210 2446 1326 2478 αἰτίαν

320 2486 450 2525 πάντες
465 2486 621 2533 λέγουσιν
648 2485 685 2520 ἐκ
710 2489 776 2521 τῶν
802 2489 836 2521 ἐν
862 2493 934 2527 τοῖς
952 2490 1062 2536 ὑγροῖς
1086 2492 1144 2522 καὶ
1167 2493 1240 2535 περὶ
1266 2489 1326 2522 τὸν

321 2529 407 2576 ἀέρα
423 2531 700 2575 συμβαινόντων·
728 2533 761 2565 ἐν
787 2532 926 2572 τούτοις
976 2534 1015 2578 cip
1043 2535 1094 2567 ἀεὶ
1120 2533 1259 2579 φέρεται
1281 2534 1328 2567 τοὶ

318 2576 420 2620 μείζω
451 2578 512 2609 καὶ
538 2577 586 2609 τοὶ
611 2577 784 2623 βαρύτερα
814 2578 894 2623 πρὸς
927 2592 968 2612 το
992 2579 1094 2623 μέσον
1125 2581 1187 2617 τῆς
1220 2576 1323 2617 δίνης.

319 2620 376 2653 Διὸ
402 2617 445 2658 δή
477 2624 534 2654 καὶ
561 2622 625 2659 τήν
651 2623 716 2669 γῆν
742 2622 870 2661 πάντες
897 2622 968 2656 ὅσοι
1001 2624 1061 2657 τόν
1087 2624 1228 2669 οὐρανὸν
1252 2636 1327 2671 γεν-

318 2667 437 2708 νῶσιν,
464 2666 519 2698 ἐπὶ
545 2666 587 2699 τὸ
612 2666 713 2711 μέσον
740 2666 907 2700 συνελθεῖν
932 2672 1050 2712 φασίν·
1260 2679 1263 2681 ·

246 1724 261 1740 1

306 2771 457 2799 SYNOPSIS.
473 2787 509 2792 —
531 2780 555 2799 1.
576 2771 675 2799 Tertia
695 2772 801 2800 soluti«)
827 2772 1014 2801 dubitationis
1034 2773 1220 2811 supradictae
1241 2774 1324 2809 (lect.

251 2820 357 2849 praec.,
382 2820 412 2839 n.
429 2813 474 2847 2).
503 2811 717 2846 Anaximenes,
746 2813 935 2849 Anaxagoras
963 2820 991 2841 et
1016 2813 1199 2841 Democritus
1221 2813 1325 2851 quietis

251 2857 344 2880 terrae
365 2860 483 2880 causam
503 2859 664 2888 posuerunt
686 2852 747 2880 eius
767 2852 958 2888 latitudinem,
980 2860 1099 2890 propter
1120 2863 1208 2890 quam
1227 2863 1324 2882 aerem

251 2891 418 2920 inferiorem
439 2891 645 2929 superequitat,
668 2892 708 2920 ita
729 2899 760 2920 ut
781 2902 830 2921 aer
851 2902 1044 2930 compressus,
1063 2903 1124 2922 non
1139 2894 1248 2922 habens
1263 2903 1323 2931 quo

252 2931 384 2969 effugiat,
412 2938 520 2960 terram
541 2931 695 2968 sustineat;
725 2932 797 2961 sicut
818 2932 950 2961 videmus
977 2934 1007 2961 in
1028 2933 1221 2962 artificialibus
1243 2933 1324 2962 factis

251 2972 290 3000 ad
308 2971 500 3000 resistendum
521 2979 624 3007 vento;
646 2972 715 3001 item
738 2973 767 3001 in
789 2974 954 3010 clepsydris,
976 2974 1006 3002 in
1028 2973 1133 3011 quibus
1154 2983 1203 3002 aer
1216 2983 1323 3011 aquarn

251 3011 364 3048 ingredi
378 3011 522 3048 prohibet.
537 3029 557 3033 -
573 3013 660 3047 Quod
675 3013 762 3041 etiarn
777 3023 913 3050 magnam
935 3014 1104 3050 gravitatem
1119 3023 1169 3042 aer
1182 3014 1324 3042 sustinere

251 3051 357 3088 possit,
372 3061 406 3080 ex
420 3051 532 3079 utribus
553 3051 659 3081 inflatis
681 3053 806 3081 maxime
827 3060 949 3082 constat.
966 3071 984 3075 —
999 3062 1026 3082 2.
1049 3055 1232 3090 Improbatur
1253 3055 1324 3082 haec

252 3091 368 3119 solutio.
391 3091 499 3120 Primo.
527 3092 603 3126 Quia
624 3099 730 3121 terram
752 3094 825 3121 latae
847 3103 908 3121 esse
930 3094 1038 3131 figurae
1060 3094 1212 3131 supponit,
1240 3095 1321 3131 quod

251 3131 356 3159 falsum
378 3140 440 3159 esse
461 3131 535 3159 infra
555 3132 672 3168 patebit.
687 3149 708 3153 -
723 3133 749 3161 3.
771 3134 916 3162 Secundo.
932 3135 974 3162 Ex
988 3143 1089 3162 eorum
1110 3134 1257 3171 principiis
1278 3144 1323 3162 se-

253 3178 390 3208 queretur
403 3178 495 3200 terrae
515 3172 753 3209 magnitudinem,
768 3173 865 3210 potius
880 3183 968 3211 quam
989 3174 1180 3210 latitudinem,
1196 3174 1322 3211 quietem

253 3211 315 3240 eius
336 3220 463 3240 causare.
483 3211 590 3240 Dicunt
611 3212 689 3240 enim
710 3212 803 3249 ipsam
818 3214 855 3241 ab
870 3214 943 3242 aeris
965 3214 1148 3242 multitudine
1170 3214 1321 3249 sustineri;

252 3257 295 3280 est
315 3257 413 3280 autem
434 3261 483 3280 aer
503 3261 688 3288 compressus
709 3253 817 3281 multus
837 3260 957 3290 propter
977 3254 1206 3291 magnitudinem
1229 3254 1290 3282 eius
1304 3263 1322 3282 a

474 3355 708 3396 ,,ῑειεῐῐιί35ὶ5
742 3356 889 3393 duabus
918 3357 1189 3405 solutionibus,
1225 3369 1317 3404 qua-

517 3421 601 3445 rum
621 3408 746 3458 prima
770 3410 984 3458 assignabat
1006 3422 1160 3446 causam
1181 3409 1316 3458 quietis

489 3463 687 3505 terrae'*
717 3475 762 3499 ex
795 3463 977 3500 infinitate
1012 3463 1091 3499 eius
1134 3463 1248 3510 quod·
1277 3462 1315 3498 in

371 3500 497 3552 *fest
515 3522 614 3552 terra
641 3516 820 3563 subsidet,
842 3516 1010 3553 secunda
1029 3527 1123 3552 vero
1149 3527 1193 3551 ex
1217 3526 1316 3562 aqua

251 3565 469 3603 subsidente
489 3574 630 3615 terrae,
660 3569 722 3605 hic
739 3570 846 3618 ponit
865 3568 1012 3605 tertiam
1033 3567 1261 3604 solutionem
1284 3568 1313 3612 *,

252 3631 349 3668 quae
379 3619 588 3668 assignatur
617 3634 639 3658 a
667 3630 774 3670 parte
803 3622 899 3658 aeris
928 3620 1153 3658 subsidentis
1182 3627 1314 3656 terrae.

394 3690 463 3721 Opp.
483 3691 513 3714 D.
529 3691 642 3715 ΤΗοτιιΛΕ
662 3691 692 3715 T.
710 3692 739 3715 III

1383 839 1400 858 *
1418 840 1630 872 Anaximenes
1659 850 1765 873 autem
1790 851 1819 874 et
1842 847 2043 885 Anaxagoras
2067 853 2098 877 et
2119 846 2322 877 Democritus
2345 848 2449 878 latitu-

1451 884 1559 915 dinem
1583 896 1711 916 causam
1734 897 1800 918 esse
1823 889 1931 920 dicunt
1958 891 2108 921 manendi
2130 891 2250 931 ipsam:
2275 902 2342 922 non
2366 893 2451 923 enim

1447 929 1596 967 dividere,
1614 931 1669 961 sed
1692 933 1926 973 superequitare
1950 945 2054 965 aerem
2070 935 2126 976 qui
2151 936 2189 966 de
2205 937 2327 967 subtus.
2353 937 2451 974 Quod

1451 973 1598 1005 videntur
1627 975 1827 1006 latitudinem
1858 978 2003 1009 habentia
2031 989 2205 1020 corporum
2228 980 2345 1011 facere:
2375 982 2451 1012 haec

1452 1018 1536 1048 enim
1562 1026 1592 1050 et
1615 1020 1655 1049 ad
1679 1026 1790 1050 ventos
1814 1021 1929 1052 habent
1953 1023 2077 1054 difficile
2101 1024 2233 1063 moveri,
2252 1032 2382 1066 propter
2406 1036 2451 1056 re-

1452 1063 1635 1094 sistentiam.
1660 1064 1732 1094 Hoc
1756 1064 1862 1104 ipsum
1887 1066 1996 1107 utique
2020 1067 2119 1098 facere
2147 1068 2179 1099 in
2203 1069 2368 1100 latitudine
2392 1077 2452 1101 ter-

1451 1118 1520 1138 ram
1543 1108 1583 1138 ad
1607 1108 1812 1148 suppositum
1836 1120 1950 1148 aerem,
1976 1121 2040 1141 non
2064 1112 2232 1144 habentem
2257 1121 2364 1144 autem
2383 1125 2450 1156 quo

1451 1152 1655 1183 transferatur
1678 1154 1798 1191 locum,
1823 1154 1979 1185 sufficiens
2003 1157 2105 1187 multo
2131 1167 2168 1187 eo
2192 1159 2281 1198 quod
2301 1159 2451 1190 deorsum

1451 1197 1631 1237 quiescere,
1666 1199 1942 1238 quemadmodum
1972 1199 2004 1229 in
2029 1201 2198 1242 clepsydris
2226 1213 2317 1242 aqua.
2352 1204 2451 1241 Quod

1452 1248 1559 1271 autem
1583 1241 1684 1282 possit
1711 1242 1847 1272 multam
1874 1244 2057 1283 gravitatem
2091 1245 2169 1276 ferre
2203 1247 2450 1287 comprehensus

1452 1292 1483 1316 et
1506 1296 1639 1316 manens
1663 1296 1726 1324 aer,
1750 1295 1935 1326 argumenta
1958 1289 2058 1319 multa
2082 1289 2200 1321 dicunt.

1384 1330 1529 1361 Primum
1545 1330 1688 1371 quidem,
1705 1331 1730 1361 si
1747 1341 1812 1361 non
1836 1332 1898 1362 lata
1921 1332 2021 1372 figura
2045 1341 2141 1364 terrae
2165 1341 2221 1373 est,
2241 1343 2371 1376 propter
2389 1337 2450 1368 hoc

1452 1374 1583 1415 quidem
1607 1385 1674 1405 non
1698 1375 1808 1416 utIque
1832 1376 1982 1416 quiescet.

1384 1419 1402 1438 *
1415 1419 1572 1457 Quamvis
1592 1420 1767 1450 mansionis
1783 1430 1849 1450 non
1865 1421 1999 1452 latitudo
2024 1429 2070 1452 est
2093 1433 2196 1462 causa,
2214 1433 2250 1454 ex
2266 1425 2381 1465 quibus
2406 1426 2450 1455 di-

1452 1471 1539 1502 cunt,
1557 1465 1611 1495 sed
1626 1464 1814 1504 magnitudo
1831 1465 1941 1505 magiS.
1958 1467 2090 1507 Propter
2107 1468 2350 1499 coarctationem
2365 1470 2450 1500 enim

1452 1517 1522 1539 non·
1542 1509 1661 1540 habens
1689 1509 1857 1540 transitum
1888 1520 1956 1548 aer,
1988 1518 2095 1541 manet
2118 1519 2246 1552 propter
2276 1514 2450 1545 multitudi-

1452 1560 1542 1583 nem:
1569 1553 1690 1584 multus
1710 1561 1817 1584 autem
1839 1561 1884 1584 est
1907 1565 1959 1585 aer
1975 1562 2103 1595 propter
2119 1556 2334 1596 magnitudine
2351 1559 2452 1589 multa

1453 1598 1680 1638 comprehendi
1706 1605 1814 1637 terrae.
1849 1599 1955 1636 Quare
1983 1599 2044 1630 hoc
2073 1600 2203 1640 quidem
2228 1601 2336 1632 existet
2360 1609 2395 1633 ·et
2425 1603 2450 1633 si

1452 1641 1613 1682 sphaerica
1627 1643 1758 1683 quidem
1783 1643 1822 1674 sit
1845 1650 1935 1681 terra,
1960 1650 2045 1674 tanta
2069 1651 2175 1675 autem
2195 1647 2370 1676 secundum
2386 1657 2451 1677 rna-

1451 1686 1669 1726 gnitudinem:
1694 1694 1802 1718 manet
1825 1688 1911 1718 enim
1934 1689 2111 1719 secundum
2133 1689 2263 1720 illorum
2286 1691 2450 1723 rationem.

1384 1731 1401 1749 *
1413 1731 1568 1762 Totaliter
1583 1739 1691 1763 autem
1711 1733 1749 1762 ad
1774 1732 1818 1763 sic
1837 1732 1975 1763 dicentes
1992 1733 2030 1763 de
2046 1740 2148 1771 motu,
2166 1744 2231 1764 non
2248 1735 2286 1765 de
2303 1743 2390 1775 parte
2407 1744 2451 1767 est

1453 1776 1628 1814 dubitatio,
1661 1777 1716 1807 sed
1739 1777 1778 1807 de
1802 1783 1871 1807 toto
1895 1778 2038 1817 quodam
2062 1785 2092 1809 et
2115 1779 2214 1810 omni.
2244 1783 2272 1810 A
2297 1780 2451 1821 principio

1452 1821 1537 1851 enim
1562 1821 1839 1852 determinandum
1862 1828 1971 1852 utrum
1993 1829 2038 1853 est
2053 1822 2166 1864 aliquis
2191 1825 2375 1864 corporibus
2399 1836 2452 1855 na-

1451 1873 1521 1897 tura
1545 1873 1653 1897 motus
1683 1873 1738 1896 aut
1763 1866 1886 1904 nullus;
1911 1873 1941 1897 et
1965 1874 2073 1897 utrum
2098 1875 2207 1898 natura
2231 1869 2361 1909 quidem
2386 1880 2452 1900 non

1452 1917 1509 1948 est,
1525 1910 1676 1942 violentia
1700 1917 1808 1941 autem
1832 1918 1886 1942 est.
1912 1911 2077 1948 Quoniam
2100 1920 2207 1943 autem
2227 1914 2264 1943 de
2281 1913 2329 1943 his
2354 1914 2451 1944 deter-

1451 1955 1609 2000 minatum
1633 1962 1679 1986 est
1702 1955 1806 1996 prius,
1831 1966 2054 1997 quaecumque
2078 1958 2255 1988 secundum
2278 1968 2348 1988 eam
2371 1969 2452 1999 quae

1451 2001 1558 2030 aderat
1573 2000 1722 2031 virtutem
1747 2000 1929 2039 habuimus,
1944 2001 2101 2031 utendum
2125 2009 2160 2032 ut
2184 2002 2394 2033 existentibus
2420 2003 2453 2034 Si

1452 2044 1537 2075 enim
1561 2044 1669 2075 nullus
1693 2045 1843 2075 naturalis
1867 2052 1974 2076 motus
1998 2053 2044 2076 est
2072 2046 2234 2086 ipsorum,
2259 2057 2362 2087 neque
2386 2047 2452 2077 vio-

1450 2089 1554 2120 lentus
1579 2089 1654 2120 erit:
1680 2089 1705 2119 si
1729 2096 1837 2120 autem
1860 2100 1927 2120 non
1951 2097 1996 2121 est
2019 2101 2122 2131 neque
2146 2098 2257 2122 natura
2285 2102 2387 2132 neque
2410 2092 2452 2130 vi,

1451 2134 1589 2165 totaliter
1605 2133 1683 2164 nihil
1702 2134 1897 2165 movebitur:
1923 2135 1962 2165 de
1986 2135 2033 2165 his
2050 2135 2136 2165 enim
2151 2136 2226 2176 quia
2242 2136 2452 2167 necessarium

1451 2185 1498 2209 est
1522 2179 1672 2217 accidere,
1695 2179 1940 2210 determinatum
1967 2186 2013 2210 est
2037 2179 2134 2220 prius.
2159 2178 2175 2195 ¹*
2190 2180 2231 2211 Et
2254 2180 2357 2211 adhuc
2377 2181 2451 2222 quia

1451 2233 1555 2264 neque
1579 2223 1740 2264 quiescere
1764 2223 1933 2263 contingit:
1966 2224 2047 2255 sicut
2075 2224 2206 2265 quidem
2235 2225 2320 2255 enim
2343 2234 2451 2256 motus

1451 2268 1554 2298 existit
1569 2275 1624 2298 aut
1639 2268 1790 2298 violentia
1811 2275 1866 2298 aut
1890 2275 2012 2306 natura,
2028 2269 2072 2299 sic
2092 2276 2122 2300 et
2137 2269 2236 2310 quies.
2261 2270 2322 2300 Sed
2337 2270 2450 2309 adhuc,

1451 2313 1477 2343 si
1501 2312 1632 2353 quidem
1656 2319 1703 2343 est
1726 2320 1834 2343 motus
1863 2314 2041 2344 secundum
2065 2321 2227 2352 naturam,
2251 2325 2317 2344 non
2341 2315 2450 2355 utique

1450 2357 1589 2387 violenta
1605 2356 1662 2388 erit
1680 2357 1756 2388 latio
1774 2357 1879 2388 solum
1900 2368 1957 2388 nec
1973 2358 2074 2399 quies.
2091 2358 2108 2376 *
2124 2359 2240 2396 Quare,
2261 2359 2286 2389 si
2302 2359 2451 2390 violentia

1450 2411 1536 2432 nunc
1561 2409 1641 2432 terra
1664 2408 1791 2440 manet,
1825 2409 1856 2432 et
1878 2402 1964 2433 venit
1994 2403 2034 2432 ad
2058 2403 2200 2433 medium
2232 2403 2294 2434 lata
2321 2411 2450 2443 propter

1451 2445 1789 2487 circumgyrationem:
1821 2457 1934 2477 omnes
1959 2447 2044 2478 enim
2069 2458 2196 2478 causam
2220 2448 2299 2478 hanc
2323 2448 2449 2486 dicunt,

1451 2501 1488 2521 ex
1502 2490 1551 2521 his
1575 2501 1656 2531 quae
1680 2491 1716 2526 in.
1731 2491 1860 2532 liquidis
1887 2498 1917 2522 et
1934 2491 2014 2522 circa
2038 2502 2142 2523 aerem
2167 2492 2392 2523 accidentibus:
2417 2493 2449 2523 in

1450 2535 1499 2566 his
1524 2535 1609 2566 enirn
1633 2546 1758 2576 semper
1781 2535 1925 2567 feruntur
1954 2536 2075 2567 maiora
2104 2544 2134 2567 et
2156 2537 2298 2577 graviora
2321 2537 2360 2567 ad
2384 2548 2449 2567 rne-

1450 2580 1540 2610 dium
1556 2580 1738 2621 gyrationis.
1763 2581 1896 2621 Propter
1918 2581 2007 2621 quod
2025 2581 2134 2622 utique
2156 2589 2186 2612 et
2209 2589 2322 2612 terram
2338 2591 2449 2612 omnes

1449 2631 1611 2666 quotquot
1627 2625 1751 2655 caelum
1766 2633 1927 2666 generant,
1945 2626 1985 2656 ad
2001 2626 2144 2656 medium
2162 2626 2268 2657 venire
2285 2626 2402 2657 dicunt.

1380 2783 1439 2810 quo
1461 2774 1732 2811 comprehenditur3
1755 2774 1795 2803 sic
1816 2774 1902 2811 igitur
1922 2775 2024 2803 eadem
2039 2774 2112 2803 ratio
2131 2781 2205 2803 esset
2219 2774 2242 2803 si
2256 2781 2331 2803 terra
2345 2775 2446 2811 sphae-

1379 2813 1455 2842 ricae
1484 2821 1558 2842 esset
1589 2814 1717 2851 figurae,
1746 2814 2011 2852 magnitudinisque
2040 2821 2136 2843 tantae
2165 2816 2244 2851 quod
2275 2816 2445 2842 tantundem

1380 2855 1415 2882 de
1436 2863 1502 2882 aere
1524 2861 1670 2883 coarctare
1692 2861 1799 2891 posset.
1822 2872 1840 2876 —
1860 2864 1889 2890 4.
1912 2854 2020 2883 Tertio.
2048 2855 2170 2891 Oportet
2195 2861 2226 2882 ut
2250 2863 2316 2882 vera
2338 2864 2445 2890 suppo-

1379 2903 1447 2922 nere
1462 2904 1536 2931 quae
1551 2894 1630 2931 prius
1645 2895 1768 2931 probata
1790 2901 1857 2922 sunt
1878 2896 1913 2922 de
1929 2904 2084 2931 corporum
2099 2901 2181 2922 motu
2196 2901 2224 2922 et
2238 2894 2347 2931 quiete:
2364 2895 2444 2931 quod

1378 2943 1484 2971 nempe
1518 2941 1615 2962 motus
1644 2934 1786 2963 violentus
1820 2935 1979 2962 naturalem
2014 2934 2240 2970 praesupponit,
2269 2933 2441 2970 sublatoque

1379 2981 1462 3002 motu
1483 2974 1617 3010 naturali,
1639 2974 1710 3002 nihil
1735 2984 1853 3011 prorsus
1879 2981 2026 3008 movetur;
2053 2974 2113 3002 imo
2134 2975 2213 3002 nulla
2238 2975 2322 3002 datur
2345 2974 2441 3010 quies;

1379 3014 1460 3051 quies
1476 3015 1563 3049 enim,
1579 3014 1772 3049 sicut‘motus‚
1789 3021 1831 3042 est
1845 3014 1982 3042 naturalis
1997 3021 2024 3041 et
2038 3013 2171 3048 violenta,
2183 3020 2210 3042 et
2225 3014 2254 3042 in
2270 3024 2305 3042 eo
2321 3015 2442 3052 quiescit

1378 3054 1487 3091 aliquid
1508 3054 1675 3083 naturaliter
1695 3055 1732 3082 ad
1754 3055 1834 3091 quod
1856 3060 1987 3081 movetur
2012 3053 2184 3081 naturaliter.
2201 3071 2219 3075 -
2232 3056 2273 3082 Ex
2288 3055 2331 3083 his
2346 3055 2441 3091 sequi-

1377 3101 1424 3122 tur
1445 3096 1534 3131 quod,
1550 3095 1572 3122 si
1588 3095 1669 3131 quies
1690 3101 1781 3122 terrae
1796 3094 1825 3121 in
1847 3093 1943 3121 medio
1965 3103 2025 3121 non
2047 3093 2082 3120 sit
2103 3093 2254 3129 naturalis,
2276 3104 2329 3123 nec
2344 3102 2441 3123 motus

1378 3134 1439 3162 eius
1460 3135 1497 3162 ad
1518 3134 1646 3162 medium
1675 3133 1812 3162 naturalis
1840 3133 1905 3166 erit,
1934 3133 1985 3160 sed
2006 3133 2162 3168 violentus,
2189 3143 2294 3170 nempe
2321 3142 2440 3171 propter

1377 3174 1556 3211 gyrationem
1578 3174 1649 3202 caeli
1678 3174 1765 3208 (sicut
1786 3173 1815 3200 in
1836 3172 1952 3209 liquidis
1979 3179 2007 3200 et
2027 3182 2092 3200 aere
2113 3172 2217 3201 accidit
2238 3175 2318 3210 quod
2339 3174 2368 3202 in
2389 3185 2439 3212 gy-

1377 3214 1488 3242 ratione
1502 3214 1634 3250 graviora
1647 3214 1685 3241 ad
1699 3220 1829 3241 centrum
1851 3214 2081 3249 congregantur).
2104 3213 2243 3241 Totaliter
2261 3223 2329 3251 ergo
2343 3223 2361 3242 a
2375 3224 2439 3243 cor-

1375 3254 1495 3290 poribus
1517 3254 1681 3281 auferentur
1701 3259 1798 3280 motus
1820 3258 1847 3279 et
1869 3252 1958 3288 quies.

1371 3357 1420 3392 Et
1451 3355 1576 3403 primo
1610 3354 1717 3403 ponit
1752 3353 2003 3399 solutionem,
2042 3355 2211 3392 secundo
2246 3356 2438 3405 improbat

1372 3421 1478 3453 earn,
1507 3408 1578 3444 ibi:
1607 3407 1781 3443 Primum
1810 3407 1957 3454 quidem
1989 3408 2007 3428 ’¹‘
2036 3415 2105 3444 ete.

1424 3460 1523 3497 Dicit
1538 3472 1626 3508 ergo
1646 3460 1772 3508 primo
1793 3460 1898 3508 quod
1916 3461 2174 3498 Anaximenes
2190 3469 2226 3498 et
2236 3464 2437 3511 Anaxago-

1372 3526 1430 3550 ras
1447 3521 1482 3549 et
1496 3512 1736 3549 Democritus
1756 3521 1966 3561 posuerunt
1986 3526 2139 3551 causam
2161 3515 2296 3564 quietis
2315 3525 2435 3553 terrae

1372 3579 1454 3602 esse
1475 3566 1710 3602 latitudinem
1731 3566 1826 3611 eius;
1854 3579 1899 3603 ex
1919 3579 1994 3615 qua
2015 3568 2194 3616 contingit
2213 3570 2318 3617 quod
2338 3578 2435 3607 terra

1372 3631 1451 3656 non
1480 3619 1613 3656 dividit
1640 3619 1856 3656 inferiorem
1894 3632 2045 3668 aerem,
2082 3621 2149 3658 sed
2178 3623 2435 3671 superequitat

2223 3699 2253 3724 27

2479 853 2487 860 ·
2504 852 2557 879 seq.
2577 858 2628 879 cap.
2639 858 2691 873 xm.

2478 878 2546 900 'sexu
2557 879 2588 900 81.

2479 1437 2486 1444 ·
2502 1435 2569 1457 Text.
2582 1435 2617 1457 82.

2480 1746 2488 1753 ·
2504 1743 2571 1765 Text.
2583 1744 2618 1772 83.

2479 2190 2487 2198 ·
2503 2188 2570 2210 Text.
2581 2189 2619 2216 84.

2477 2370 2487 2380 ⁴¹
2502 2368 2570 2391 Text.
2581 2370 2615 2396 85.

2464 3421 2475 3431 ⁶
2492 3420 2562 3442 Num.
2572 3427 2621 3448 seq.
