2782 4134
116 1229 126 1237 “’
141 1227 175 1249 Cf.
187 1227 239 1248 lect.
247 1233 322 1254 praec.

111 1259 134 1275 n.
149 1261 173 1280 4.

115 1385 126 1396 ⁴
141 1384 211 1406 Num.
226 1383 249 1406 6.

115 1813 126 1824 ⁸
139 1818 154 1833 a
168 1811 220 1833 Deo
234 1818 311 1834 om.A.

113 2762 199 2790 'Cap.
219 2769 255 2788 vr,
274 2769 297 2785 n.
314 2770 322 2785 1

113 2795 172 2817 sqq.;
177 2769 209 2811 S.
218 2779 263 2811 Tri.
270 2790 322 2811 leet.

113 2822 144 2853 ,ψ
148 2822 227 2864 Ss.q‘sh.
242 2843 294 2864 lect.
309 2849 323 2863 v

113 2875 166 2896 sq.—
156 2869 227 2890 —Did.
236 2869 275 2890 lib.
283 2869 322 2896 XI,

115 2901 166 2923 cap.

114 2926 209 2974 'sc‘i‘ii¹

177 2902 199 2916 vi
215 2902 249 2923 sq.

180 2933 209 2953 .,v
216 2932 236 2947 n
241 2927 323 2954 Ssqq:

209 2953 261 2974 lect.
274 2959 296 2974 x.

212 3079 226 3113 β

1038 276 1108 312 DE
1139 274 1315 311 CAELO
1344 273 1415 310 ET

351 357 461 395 species
482 363 594 392 motus,
617 357 697 394 quod
712 363 754 384 est
768 355 953 392 impossibile.
976 356 1035 382 Nec
1055 360 1152 390 posset
1174 353 1229 381 dici
1251 354 1331 390 quod
1349 362 1412 380 mo-

351 404 484 427 verentur
504 407 521 426 a
526 397 622 425 finitis
643 396 789 442 principiis
811 402 916 430 motus,
940 394 1007 431 quia
1028 394 1050 421 si
1073 400 1167 421 essent
1187 393 1283 421 finitae
1305 392 1413 429 species

352 445 457 473 motus,
473 447 490 466 a
504 437 590 465 finitis
611 436 757 473 principiis
772 442 912 469 causatae,
929 434 986 462 iam
1001 434 1196 462 attenderetur
1212 432 1242 460 in
1257 433 1296 460 eis
1311 432 1414 468 aliquis

352 479 436 507 ordo.
451 494 471 498 -
487 478 512 505 5.
528 478 557 513 d)
572 476 681 505 Positio
696 475 823 504 Platonis
839 474 912 503 sibi
906 474 960 510 1psi
974 472 1152 502 contradicit.
1171 472 1335 500 Inordinate
1351 481 1413 500 esse

352 524 395 546 est
415 527 477 546 esse
498 523 609 553 praeter
630 523 771 544 naturam.
794 515 865 542 Illud
886 521 981 542 autem
1000 513 1123 549 pertinet
1143 513 1180 540 ad
1201 512 1344 540 rationem
1362 521 1413 539 na-

350 564 431 586 turae
452 557 684 593 uniuscuiusque,
708 556 787 592 quod
808 555 838 582 in
853 553 981 590 pluribus
1003 562 1077 589 quae
1099 558 1165 579 sunt
1185 552 1271 579 unius
1285 551 1412 588 generis,

350 603 379 625 et
399 597 524 633 plurimo
546 603 676 632 tempore
698 594 847 623 invenitur.
870 592 1024 621 Platonicis
1042 601 1121 629 ergo,
1136 591 1333 619 inordinatum
1349 601 1413 619 mo-

350 643 414 665 tum
434 643 500 665 ante
522 637 663 664 mundum
689 634 875 663 constitutum
890 632 1066 669 ponentibus
1087 632 1116 659 in
1137 631 1250 659 infinito
1271 638 1413 668 tempore,

351 676 453 705 accidit
467 685 575 712 ponere
590 675 674 703 simul
688 673 843 708 contraria;
859 673 966 700 scilicet
980 671 1225 700 inordinationem
1240 678 1337 699 motus
1351 681 1413 699 esse

350 717 509 744 secundum
525 722 665 749 naturam,
681 696 893 742 ordinationem
908 719 1014 747 autem,
1037 718 1064 739 et
1078 711 1172 757 ipsum
1191 712 1333 739 mundum
1355 711 1413 739 iam

351 755 548 789 constitutum,
560 764 621 782 esse
636 760 748 790 praeter
762 760 931 781 naturam.-
911 752 1099 787 -Quomodo
1115 752 1240 780 rationes
1251 751 1413 779 Aristotelis

350 795 462 840 possint
476 794 591 831 intelligi
606 801 637 822 ut
652 793 774 821 directae
789 793 833 821 vel
845 799 945 820 contra
960 798 1086 820 mentem
1102 791 1238 826 Platonis,
1253 792 1297 819 vel
1313 797 1414 819 contra

350 835 412 863 eius
425 836 548 863 verba.-
559 836 586 862 6.
598 835 639 861 Ex
654 833 736 861 dictis
751 833 874 861 aliorum
889 832 1130 868 philosophorum
1142 831 1323 868 improbatur
1333 830 1411 867 posi-

350 875 391 903 tio
402 882 464 903 tum
475 874 611 908 Platonis,
623 880 685 901 tum
697 873 783 901 etiam
795 872 952 900 Democriti
965 878 992 900 et
1003 871 1154 917 Leucippij
1171 871 1220 908 qui
1234 881 1337 899 omnes
1353 872 1412 899 duo

349 914 480 951 posuisse
497 914 629 941 videntur
643 913 716 941 circa
731 922 854 949 corpora
868 919 933 940 ante
948 913 1090 940 mundum
1106 911 1267 940 existentia:
1289 913 1317 946 a)
1333 912 1413 948 quod

350 955 555 989 movebantur;
577 953 604 989 b)
627 953 707 990 quod
729 959 809 981 erant
830 959 984 990 segregata.
1012 952 1140 980 Primum
1163 951 1342 988 improbatur
1362 960 1414 987 per

349 273 423 323 246

548 1067 596 1105 ’,ι
612 1067 789 1107 ostquam
808 1059 1063 1108 Philosophus
1082 1058 1313 1108 improbavit
1333 1058 1413 1106 opi-

579 1113 767 1149 nionem
796 1112 1006 1149 Democriti
1042 1120 1078 1149 et
1107 1111 1289 1160 Leucippi
1319 1111 1414 1148 circa

549 1206 556 1213 ἱ
575 1167 596 1213 i,
613 1174 740 1203 motus
760 1178 966 1224 corporum
986 1166 1230 1212 naturalium,
1259 1165 1320 1202 hic
1344 1165 1413 1201 im-

552 1231 571 1252 :m
583 1214 594 1225 ¹
613 1220 749 1268 probat
759 1219 981 1267 opinionem
990 1219 1156 1255 Platonis
1169 1195 1264 1255 circa
1275 1218 1412 1255 idem*.

350 1275 398 1310 Et
417 1253 539 1322 primo
559 1285 628 1321 per
647 1272 826 1318 rationes;
853 1272 1022 1309 secundo
1042 1284 1111 1320 per
1135 1272 1233 1308 dicta
1252 1272 1412 1308 aliorum

348 1326 683 1375 philosophorum,
713 1325 778 1374 qui
808 1325 905 1362 circa
929 1326 1003 1362 hoc
1022 1325 1158 1362 melius
1178 1325 1338 1362 sensisse
1358 1325 1414 1362 vi-

351 1380 499 1426 dentur,
520 1379 587 1415 ibi:
617 1379 769 1416 Videtur
788 1384 912 1415 autem
932 1379 1003 1415 hoc
1021 1378 1141 1427 ipsum
1162 1379 1181 1399 ²3
1203 1386 1272 1415 etc.

405 1444 439 1469 2.
471 1432 580 1469 Circa
607 1431 773 1481 primum
792 1431 900 1480 ponit
918 1439 1082 1480 quatuor
1101 1431 1276 1468 rationes.
1305 1431 1414 1468 Circa

351 1498 511 1535 quarum
539 1485 703 1534 primam
739 1485 826 1521 dicit
857 1485 962 1533 quod
998 1485 1102 1521 idem
1141 1485 1414 1521 inconveniens

351 1539 456 1587 quod
485 1538 618 1575 accidit
644 1537 863 1574 Democrito
895 1545 930 1574 et
949 1538 1158 1586 Leucippo,
1184 1550 1338 1574 necesse
1359 1546 1415 1574 est

351 1592 520 1629 accidere
550 1591 580 1627 si
609 1591 691 1638 quis
723 1599 842 1639 ponat
875 1591 979 1640 quod
1007 1598 1211 1639 antequam
1246 1591 1413 1628 mundus

352 1652 449 1682 esset
478 1645 607 1691 factus,
638 1644 825 1680 elementa
854 1655 900 1680 ex
927 1644 1065 1692 quibus
1090 1644 1257 1681 mundus
1278 1645 1413 1681 consti-

350 1698 484 1744 tuitur,
515 1697 769 1734 movebantur
787 1705 895 1734 motu
915 1697 1141 1744 inordinato,
1167 1697 1261 1734 sicut
1283 1697 1322 1734 in
1354 1699 1389 1734 T
1386 1698 1413 1733 i

351 1763 459 1788 maeo
479 1751 652 1787 scribitur
666 1762 688 1786 a
703 1751 873 1796 Platone,
890 1758 1062 1787 narrante
1083 1751 1188 1799 quod
1207 1758 1412 1798 antequam

351 1804 519 1841 mundus
539 1816 560 1840 a
575 1805 660 1840 Deo
712 1803 830 1849 fieret,
852 1803 1010 1840 materia
1024 1803 1235 1840 inordinate
1255 1804 1413 1840 fluctua-

351 1858 425 1894 bat.
452 1857 569 1903 Quod
597 1864 724 1893 autem
754 1856 857 1893 idem
885 1856 1030 1907 accidat
1050 1869 1094 1893 ex
1113 1858 1185 1893 hac
1212 1857 1412 1905 positione,

352 1910 515 1948 ostendit
542 1909 709 1946 subdens
739 1909 843 1957 quod
871 1921 1026 1946 necesse
1056 1918 1110 1946 est
1139 1909 1279 1956 dicere,
1308 1910 1412 1959 quod

352 1971 479 2000 motus
499 1963 732 2000 inordinatus
753 1975 828 2011 quo
850 1963 1106 1999 movebantur
1125 1963 1323 2011 elementa,
1351 1971 1414 2000 aut

353 2024 451 2054 esset
476 2016 666 2052 violentus
695 2023 758 2052 aut
777 2016 988 2052 secundum
1009 2024 1192 2053 naturam.
1215 2018 1263 2053 Et
1282 2017 1312 2053 si
1333 2017 1414 2064 qui-

353 2070 441 2107 dem
468 2076 565 2105 esset
592 2069 800 2115 violentus,
830 2069 972 2106 reditur
1000 2069 1037 2106 in
1065 2069 1229 2118 primam
1258 2070 1413 2118 positio-

350 2135 457 2160 nem:
475 2122 575 2159 unde
591 2122 724 2159 accidit
738 2122 841 2158 idem
857 2122 1141 2159 inconveniens.
1159 2123 1198 2159 Si
1215 2131 1341 2160 autem
1359 2136 1414 2160 es-

351 2183 407 2213 set
426 2175 638 2212 secundum
654 2182 840 2221 naturam,
863 2175 938 2212 hoc
954 2183 1009 2212 est
1025 2176 1254 2212 contrarium
1274 2177 1413 2225 posito.

349 2228 508 2265 Ponitur
527 2228 629 2265 enim
645 2228 751 2276 quod
770 2229 937 2265 mundus
958 2229 1131 2266 nondum
1151 2236 1245 2266 erat:
1271 2229 1301 2266 si
1319 2242 1414 2267 vero

350 2283 538 2318 elementa
557 2282 814 2318 movebantur
828 2281 1039 2318 secundum
1055 2289 1242 2329 naturam,
1259 2295 1414 2320 necesse

351 2342 405 2371 est
425 2334 550 2371 dicere
570 2334 675 2382 quod
696 2342 785 2371 tunc
805 2335 971 2371 mundus
993 2343 1086 2381 erat,
1118 2335 1147 2372 si
1167 2335 1251 2384 quis
1275 2344 1414 2373 attente

348 2388 438 2425 velit
467 2387 717 2425 considerare.
748 2388 851 2424 Nam
873 2400 960 2424 cum
982 2388 1106 2425 omnis
1132 2396 1272 2436 motuS,
1300 2389 1414 2427 etiam

349 2441 561 2478 secundum
578 2442 790 2488 Platonem,
812 2441 1015 2478 reducatur
1034 2442 1129 2479 sicut
1143 2442 1181 2478 in
1202 2455 1356 2479 causam
1376 2443 1414 2480 in

348 2494 516 2544 primum
544 2506 718 2540 movens,
743 2494 774 2530 si
794 2495 982 2531 elementa
999 2501 1016 2516 ‘³‘
1036 2507 1267 2544 quocunque
1295 2497 1414 2534 modo

350 2548 617 2594 movebantur,
638 2559 794 2584 necesse
815 2555 869 2584 est
886 2547 1009 2584 dicere
1025 2548 1129 2596 quod
1145 2548 1312 2596 primum
1333 2561 1415 2585 mo-

347 2613 444 2637 vens
473 2602 655 2637 movebat
674 2600 842 2649 seipsum
862 2601 1073 2637 secundum
1094 2609 1280 2638 naturam.
1297 2623 1321 2629 -
1337 2602 1415 2639 Pri-

349 2666 459 2691 mum
479 2661 607 2690 autem
627 2666 790 2690 movens
805 2653 865 2690 hic
880 2653 1091 2701 intelligitur
1106 2666 1184 2691 non
1200 2655 1417 2703 simpliciter

349 2706 529 2756 primum,
560 2707 647 2755 quia
665 2706 740 2743 hoc
761 2714 815 2743 est
835 2706 993 2743 omnino
1019 2706 1229 2755 immobile,
1258 2716 1300 2744 ut
1327 2721 1415 2756 pro—

351 2760 461 2797 batur
481 2759 519 2796 in
538 2760 624 2796 VIII
640 2759 788 2807 Physic.
806 2759 824 2779 '³
842 2767 878 2796 et
896 2759 934 2796 in
954 2761 1023 2796 XII
1043 2761 1325 2809 Metaphys.**;
1348 2762 1413 2799 sed

349 2813 517 2862 primum
534 2825 696 2849 movens
712 2812 750 2849 in
765 2825 901 2860 genere
918 2813 1144 2850 naturalium
1162 2814 1414 2861 moventium,

351 2866 454 2915 quod
489 2874 621 2902 movet
658 2866 841 2914 seipsum,
871 2874 1053 2915 tanquam
1083 2867 1339 2915 compositum
1370 2881 1414 2905 ex

349 2927 498 2957 motore
519 2926 556 2956 et
574 2927 694 2965 moto,
714 2926 756 2955 ut
775 2919 978 2967 probatum
997 2927 1052 2956 est
1071 2920 1109 2956 in
1128 2920 1214 2956 VIII
1234 2921 1383 2969 Physic.
1397 2922 1415 2942 ’²‘

350 2973 434 3009 Alia
453 2980 582 3009 tamen
602 2972 720 3009 littera
740 2973 874 3008 habet:
900 2973 1069 3021 primum
1090 2985 1244 3010 movens
1268 2986 1415 3011 necesse

350 3037 502 3062 movere
526 3026 646 3074 ipsum
671 3031 812 3062 motum
834 3026 988 3072 (scilicet
1006 3026 1190 3074 primum)
1210 3028 1413 3064 secundum

350 3084 549 3123 naturam‚·
578 3087 614 3115 et
641 3086 731 3115 tunc
758 3078 970 3126 intelligitur
999 3079 1046 3116 de
1075 3079 1199 3128 primo
1230 3088 1377 3117 motore
1398 3079 1415 3109 β

351 3139 531 3168 movente
561 3131 787 3180 simpliciter,
819 3132 924 3180 quod
942 3140 997 3168 est
1016 3133 1174 3169 omnino
1205 3133 1413 3180 immobile,

351 3185 455 3232 quod
475 3192 607 3221 movet
625 3184 791 3233 primum
807 3185 960 3222 mobile.
973 3186 1266 3234 -Quocumque
1286 3194 1414 3223 autem

351 3237 469 3274 modo
502 3237 705 3286 accipiatur
742 3238 910 3286 primum
943 3251 1128 3285 movenS,
1168 3251 1322 3276 necesse
1361 3248 1416 3276 est

406 3368 432 3399 α)
451 3368 522 3392 Nam
541 3376 617 3394 cum.
618 3370 670 3394 ,si
688 3370 857 3394 elementa.-
870 3370 888 3394 P
908 3378 962 3395 om.
982 3371 1061 3399 Nam,
1082 3376 1118 3400 et.
1138 3375 1166 3395 ut
1185 3375 1340 3396 structuram
1355 3379 1413 3396 sen-

351 3402 445 3427 tentiae
459 3409 551 3433 servet
563 3412 610 3436 pro
622 3404 647 3428 si
661 3405 721 3435 legit
733 3405 756 3429 si
770 3412 843 3438 ergo.
859 3406 879 3429 B
892 3413 945 3429 om.
959 3405 983 3430 si
996 3407 1147 3431 elementa..
1150 3406 1287 3438 .pr·imum
1299 3414 1413 3432 movens.

407 3436 432 3469 β)
450 3441 476 3462 et
495 3441 556 3463 tunc
575 3439 734 3471 intelligitur
752 3440 784 3464 de
799 3440 890 3472 primo
910 3444 1050 3466 motore.-
1067 3445 1093 3466 et
1109 3442 1189 3466 etiam
1208 3442 1368 3475 intelligitur
1381 3443 1414 3468 de

348 3472 440 3503 primo
459 3476 559 3497 murore
577 3474 731 3505 simpliciter
750 3475 784 3505 P;
804 3476 850 3499 sed
869 3476 948 3500 etiam
969 3476 994 3500 in
1014 3482 1132 3501 contextu
1147 3482 1215 3509 patet
1233 3485 1291 3502 esse
1311 3478 1413 3503 falsum.

353 3507 410 3532 Par.
429 3515 482 3532 om.
502 3512 611 3533 motore.

407 3544 432 3575 γ)
454 3550 535 3574 neque
553 3544 687 3575 quiescant
707 3551 758 3576 per
783 3545 944 3570 violentiam.
963 3560 982 3564 -
997 3554 1048 3578 per
1068 3547 1218 3573 violentiam
1238 3556 1290 3573 om.
1306 3549 1381 3573 codd.
1397 3563 1414 3567 —

353 3577 417 3601 Post
436 3578 499 3602 duas
519 3578 562 3602 lin.
581 3586 628 3610 pro
653 3579 689 3603 ad
709 3579 835 3609 medium,
857 3581 882 3605 in
903 3581 1017 3606 medium
1038 3582 1066 3606 P.
1083 3596 1102 3601 -
1120 3583 1170 3607 Pro
1189 3586 1214 3608 et
1232 3591 1337 3608 sursum
1358 3591 1414 3608 ma-

355 3615 449 3641 neant,
474 3616 501 3637 et
524 3620 629 3638 sursum
655 3618 810 3639 moveantur
829 3599 863 3645 Ρ,
889 3616 934 3640 sed
954 3617 1084 3650 serantur
1102 3625 1119 3642 a
1145 3618 1231 3643 medio
1256 3624 1281 3643 et
1305 3626 1411 3644 sursum

1444 273 1639 310 MUNDO
1670 274 1763 311 LIB.
1794 275 1843 311 III

1468 353 1544 380 dicta
1558 354 1757 390 Anaxagorae,
1774 354 1823 390 qui
1845 354 1947 382 melius
1969 354 2066 391 posuit
2081 354 2224 381 mundum
2239 362 2273 381 ex
2287 353 2458 390 corporibus
2475 364 2537 383 non

1468 392 1554 420 motis
1576 393 1745 429 incoepisse.
1768 395 1865 422 Motus
1887 394 1965 422 enirn
1987 400 2028 422 est
2050 400 2130 422 actus
2144 393 2175 421 in
2189 393 2319 430 potentia
2340 393 2494 429 existentis,
2509 401 2538 423 et

1467 432 1507 460 ita
1529 432 1657 460 medium
1673 439 1715 460 est
1729 433 1803 461 inter
1817 433 1941 469 primam
1957 434 2115 470 potentiam
2131 440 2159 461 et
2173 433 2299 469 primum
2314 440 2426 470 actum3
2442 435 2492 462 sed
2506 434 2537 462 in

1468 472 1511 500 his
1533 481 1608 509 quae
1629 472 1710 508 fiunt,
1732 473 1904 510 principium
1921 474 2043 501 sumitur
2057 474 2093 501 ab
2109 473 2143 501 iis
2165 482 2239 510 quae
2268 473 2390 501 omnino
2419 480 2485 502 sunt
2506 474 2536 502 in

1468 512 1612 548 potentia;
1635 522 1704 549 ergo
1725 513 1924 541 rationabilius
1952 521 1995 541 est
2022 523 2132 550 ponere
2153 514 2295 541 mundum
2321 513 2481 550 incoepisse
2503 523 2537 542 ex

1468 552 1590 580 omnino
1612 561 1673 580 non
1699 553 1793 581 motis.
1816 569 1835 574 -
1856 554 2022 581 Secundum
2045 554 2226 590 improbatur
2247 562 2281 580 ex
2302 553 2383 581 dictis
2403 553 2536 589 aliorum,

1468 591 1517 628 qui
1538 599 1680 628 ponentes
1701 599 1767 620 ante
1789 593 1891 620 mundi
1912 593 2149 622 constitutionem
2171 593 2270 621 omnia
2291 592 2452 629 aliqualiter
2466 602 2536 621 con-

1466 639 1583 669 gregata
1610 632 1640 660 in
1667 642 1775 667 unum,
1807 634 1931 661 modum
1959 634 2111 670 quomodo
2142 633 2172 661 in
2201 632 2302 661 mundi
2330 632 2537 661 constitutione

1466 672 1521 700 ista
1541 679 1715 709 congregata
1742 672 1845 701 iterum
1867 680 2053 701 moverentur
2081 680 2108 702 et
2129 679 2361 710 segregarentur,
2389 672 2537 710 assignare

1467 712 1564 740 conati
1579 719 1654 747 sunt,
1671 712 1743 740 sicut
1763 712 1980 741 Anaximander
1994 713 2059 742 fecit
2074 720 2101 741 et
2115 713 2316 749 Empedocles.
2335 713 2425 747 Quod
2438 719 2536 741 autem

1467 761 1527 780 non
1549 751 1585 780 sit
1606 752 1775 780 rationabile
1796 762 1906 789 ponere
1927 753 2028 781 mundi
2050 753 2266 790 generationem
2288 752 2375 780 fuisse
2396 761 2430 780 ex
2451 753 2537 780 rebus

1467 791 1523 819 iam
1547 791 1684 827 discretis,
1707 792 1746 820 316
1761 793 1908 828 probatur.
1931 793 2010 821 Sicut
2031 800 2128 821 motus
2143 800 2186 821 est
2206 799 2286 821 actus
2305 792 2432 829 quidam,
2448 792 2488 820 ita
2509 798 2538 820 et

1467 831 1601 860 discretio
1623 841 1720 860 rerum
1741 833 1778 860 ab
1799 832 1922 861 invicem
1944 839 1986 861 est
2006 842 2058 869 per
2078 833 2187 862 forinas
2207 833 2353 870 proprias,
2375 833 2536 860 secundum

1467 872 1547 908 quod
1562 881 1607 899 res
1619 870 1687 899 sunt
1696 871 1726 899 in
1737 878 1816 900 actu:
1832 873 1919 908 unde,
1935 872 2003 909 quia
2017 873 2163 910 generatio
2179 873 2210 901 fit
2225 873 2341 909 proprie
2357 882 2390 901 6)(
2405 882 2440 900 60
2455 873 2537 909 quod

1467 918 1509 939 est
1530 911 1560 939 in
1581 911 1725 948 potentia,
1748 911 1815 940 ideo
1836 921 1898 940 non
1919 918 1962 940 est
1982 912 2153 941 rationabile
2173 914 2318 941 mundum
2343 921 2480 950 generare
2503 921 2537 940 ex

1466 952 1552 979 rebus
1574 950 1703 980 discretis
1726 958 1754 979 et
1775 951 1870 980 motis.
1893 968 1912 974 -
1933 952 2100 981 Conclusio.

1468 1058 1573 1107 quod
1602 1066 1759 1095 moveat
1786 1058 2000 1096 secundum
2029 1066 2224 1095 naturam:
2253 1070 2333 1096 non
2359 1058 2462 1095 enim
2482 1065 2538 1095 est

1467 1112 1648 1160 possibile
1668 1119 1710 1149 ut
1727 1111 1766 1149 id
1786 1111 1892 1160 quod
1913 1119 1969 1149 est
1992 1119 2142 1161 praeter
2159 1120 2347 1159 naturam,
2368 1111 2414 1148 sit
2431 1111 2537 1160 prius

1469 1177 1515 1201 eo
1536 1165 1642 1213 quod
1658 1173 1713 1202 est
1729 1165 1942 1202 secundum
1962 1173 2150 1211 naturam,
2171 1173 2213 1202 ut
2228 1177 2272 1202 ex
2286 1164 2505 1214 praemissis
2517 1166 2536 1186 '⁸

1467 1226 1581 1266 patet.
1613 1218 1653 1255 Si
1682 1226 1811 1255 autem
1839 1218 2007 1267 primum
2032 1230 2196 1255 movens
2215 1218 2435 1255 naturaliter
2453 1230 2537 1255 mo-

1468 1279 1543 1318 vet,
1562 1284 1716 1308 necesse
1738 1279 1793 1308 est
1812 1272 1917 1321 quod
1938 1284 2100 1320 corpora
2119 1279 2235 1318 mota,
2253 1283 2352 1319 quae
2373 1283 2538 1320 sequun-

1468 1332 1528 1361 tur
1556 1325 1769 1362 motionem
1804 1325 1918 1374 primi
1950 1324 2160 1371 moventis,
2192 1336 2276 1361 >non
2307 1332 2539 1362 moveantur

1466 1390 1536 1427 per
1562 1378 1796 1425 violentiam,
1827 1390 1951 1427 neque
1981 1378 2178 1427 quiescant
2195 1390 2264 1427 per
2281 1377 2504 1415 violentiam
2522 1382 2538 1404 ⁷

1468 1431 1506 1468 in
1527 1432 1690 1480 propriis
1722 1431 1835 1478 locis,
1871 1432 1940 1469 sed
1974 1439 2128 1469 servent
2160 1431 2328 1468 eundem
2360 1432 2538 1469 ordinem

1469 1497 1584 1532 quem
1614 1497 1715 1522 nunc
1743 1492 1887 1530 tenent;
1914 1484 1965 1521 ita
1989 1485 2129 1521 scilicet
2149 1486 2253 1533 quod
2274 1497 2437 1533 corpora
2454 1497 2538 1533 gra-

1467 1538 1531 1574 via
1560 1538 1696 1575 cedant
1723 1538 1772 1575 ad
1800 1537 1973 1574 medium
2003 1545 2039 1574 et
2062 1538 2114 1575 ibi
2134 1538 2345 1586 quiescant,
2375 1550 2539 1588 corpora

1469 1599 1598 1628 autem
1618 1591 1716 1628 levia
1739 1592 1905 1628 ferantur
1924 1603 1946 1627 a
1964 1591 2093 1628 medio
2115 1599 2150 1628 et
2170 1603 2322 1628 sursum
2343 1599 2536 1630 maneant.

1470 1645 1576 1681 Haec
1605 1652 1732 1681 autem
1763 1652 1819 1681 est
1847 1644 2043 1694 dispositio
2074 1645 2208 1682 mundi
2244 1645 2449 1682 existentis.
2479 1657 2537 1682 se-

1469 1698 1596 1745 quitur
1624 1710 1713 1745 ergo
1742 1699 1847 1746 quod
1867 1698 2034 1735 mundus
2060 1705 2158 1736 esset
2185 1705 2393 1746 antequam
2415 1693 2535 1735 fieret.

1470 1752 1561 1788 Non
1591 1763 1679 1798 ergo
1710 1758 1766 1787 est
1786 1763 2002 1787 consonum
2030 1763 2176 1799 ponere
2200 1751 2306 1799 quod
2335 1752 2536 1799 elementa,

1468 1805 1693 1852 priusquam
1723 1804 1891 1840 mundus
1914 1804 2034 1850 fieret,
2056 1811 2305 1841 moverentur
2323 1805 2537 1842 secundum

1469 1865 1656 1904 naturam,
1685 1857 1753 1894 sed
1774 1858 1794 1877 '³
1817 1857 2030 1894 secundum
2057 1857 2291 1895 violentiam.
2322 1858 2372 1894 Et
2399 1857 2452 1894 sic
2481 1870 2538 1894 se-

1469 1910 1595 1960 quitur
1631 1910 1734 1947 idem
1771 1910 2046 1947 inconveniens
2088 1910 2194 1960 quod
2236 1910 2460 1948 Democrito
2502 1918 2539 1948 et

1469 1963 1679 2012 Leucippo.
2534 1987 2538 1990 -

1525 2019 1558 2054 3.
1590 2016 1809 2053 Secundam
1843 2016 2030 2054 rationem
2063 2016 2172 2065 ponit
2199 2015 2270 2053 ibi:
2304 2017 2440 2054 Adhuc
2469 2029 2538 2054 au-

1469 2076 1542 2107 tem
1572 2078 1641 2107 etc.
1681 2071 1791 2117 Quae
1826 2069 1982 2118 quidem
2020 2078 2207 2118 quantum
2245 2069 2295 2107 ad
2329 2070 2472 2120 aliquid
2499 2070 2538 2108 in

1470 2124 1572 2160 idem
1593 2123 1712 2160 tendit
1741 2123 1846 2172 quod
1874 2123 2008 2172 prima,
2039 2123 2180 2160 scilicet
2198 2123 2302 2173 quod
2326 2124 2494 2162 mundus
2518 2125 2539 2146 '³

1471 2184 1570 2213 esset
1589 2184 1794 2226 antequam
1815 2177 1939 2213 fieret:
1961 2176 2030 2213 sed
2048 2177 2172 2226 prima
2191 2177 2266 2214 hoc
2286 2177 2539 2215 concludebat

1471 2242 1516 2267 ex
1535 2238 1641 2279 parte
1663 2242 1870 2279 corporum
1899 2229 2142 2279 simplicium,
2170 2230 2266 2267 haec
2291 2238 2421 2268 autem
2442 2230 2537 2269 ratio

1471 2283 1663 2320 concludit
1677 2281 1690 2305 ὃ
1705 2296 1750 2320 6)(
1764 2291 1870 2332 parte
1887 2296 2100 2332 corporum>
2110 2283 2316 2321 mixtorum
2333 2287 2539 2331 (utrorum-

1471 2349 1545 2386 que
1561 2337 1663 2374 enim
1680 2336 1875 2386 dispositio
1893 2337 2096 2374 attenditur
2111 2337 2224 2374 etiam
2240 2337 2279 2374 in
2296 2337 2539 2375 consistentia

1472 2390 1780 2436 mundi).-Dicit
1800 2402 1907 2438 ergo:
1930 2390 1960 2426 si
1980 2391 2178 2437 elementa,
2200 2398 2405 2439 antequam
2427 2393 2554 2428 mun-'

1472 2443 1543 2480 dus
1571 2443 1689 2489 fieret,
1720 2444 1977 2480 movebantur
2005 2443 2228 2490 inordinate,
2255 2451 2380 2492 potest
2403 2443 2538 2492 aliquis

1471 2508 1653 2545 quaerere
1672 2504 1801 2533 utrum
1822 2497 2010 2533 elementa
2038 2509 2136 2545 quae
2165 2495 2376 2533 inordinate
2405 2509 2539 2534 move-

1471 2550 1618 2595 bantur,
1628 2557 1781 2598 possent
1792 2549 1941 2586 misceri
1951 2549 2088 2586 talibus
2100 2549 2356 2596 mixtionibus,
2371 2557 2413 2587 ut
2423 2562 2468 2587 ex
2485 2550 2538 2587 eis

1472 2602 1787 2639 constituerentur
1811 2615 1972 2651 corpora
2001 2615 2099 2651 quae
2123 2603 2337 2640 secundum
2362 2610 2537 2640 naturam

1471 2656 1680 2692 consistunt
1699 2656 1730 2701 ³¹⁸,
1762 2655 1901 2692 scilicet
1929 2667 2060 2692 carnes
2091 2663 2127 2693 et
2150 2668 2238 2693 ossa
2263 2664 2299 2693 et
2318 2656 2390 2693 alia
2410 2656 2538 2694 huius·
2563 2665 2576 2677 ⁴

1470 2708 1587 2746 modi.
1610 2709 1649 2745 Si
1671 2709 1756 2756 quis
1777 2709 1878 2745 enim
1900 2708 1999 2746 dicat
2017 2710 2092 2746 hoc
2111 2721 2190 2746 non
2209 2709 2323 2746 fuisse
2342 2709 2536 2759 possibile,

1471 2762 1639 2811 sequitur
1662 2762 1768 2810 quod
1797 2763 1986 2799 elementa
2006 2775 2083 2799 non
2104 2762 2263 2799 omnino
2287 2763 2306 2784 *
2325 2762 2537 2803 inordinate
2563 2762 2581 2810 ξ,

1470 2816 1736 2861 movebantur,
1769 2827 1856 2852 cum
1886 2815 2025 2852 scilicet
2045 2828 2123 2852 non
2142 2824 2300 2864 possent
2320 2815 2537 2854 indifferen-

1469 2875 1525 2904 ter
1540 2869 1768 2916 quibuslibet
1783 2869 1951 2905 motibus
1967 2869 2126 2906 moveri.
2147 2870 2248 2906 Nam
2266 2869 2535 2918 Empedocles,

1468 2933 1616 2969 ponens
1646 2923 1834 2958 elementa
1863 2922 2013 2959 moveri
2042 2923 2090 2959 ab
2117 2922 2292 2970 amicitia,
2323 2922 2413 2960 dixit
2431 2923 2536 2972 quod

1468 2974 1689 3012 huiusmodi
1719 2988 1880 3024 corpora
1908 2988 1977 3024 per
2006 2984 2156 3012 motum
2191 2989 2268 3025 quo
2299 2976 2463 3014 amicitia
2493 2989 2538 3014 ea

1470 3029 1663 3071 movebat,
1673 3029 2012 3075 constituebantur;
2026 3029 2075 3066 ita
2087 3030 2106 3050 *
2118 3029 2257 3066 scilicet
2272 3029 2378 3079 quod
2389 3042 2434 3067 ex
2448 3029 2537 3067 solis
2564 3035 2574 3046 ·

1469 3081 1637 3118 motibus
1666 3082 1943 3119 elementorum
1964 3095 2032 3132 per
2051 3082 2268 3129 amicitiam,
2290 3082 2400 3120 alicui
2423 3095 2536 3132 gene-

1469 3135 1621 3171 rabatur
1641 3147 1741 3181 caro,
1764 3135 1874 3172 alicui
1895 3148 1951 3182 os,
1971 3135 2081 3172 alicui
2102 3144 2226 3185 caput,
2247 3136 2358 3173 alicui
2379 3149 2535 3184 manus3

1468 3188 1570 3224 unde
1589 3188 1677 3224 dixit
1692 3189 1797 3236 quod
1817 3200 1861 3224 ex
1877 3188 1939 3225 tali
1956 3188 2243 3226 coniunctione‘
2258 3190 2535 3228 elementorum

1468 3253 1536 3288 per
1564 3241 1788 3287 amicitiam,
1819 3250 1906 3279 sunt
1939 3242 2125 3291 producta
2154 3244 2272 3280 multa
2304 3243 2427 3292 capita
2454 3243 2535 3280 sine

1469 3376 1625 3397 moveantur
1649 3373 1701 3398 fere
1720 3374 1860 3405 tautologia
1880 3379 1932 3405 est,
1959 3375 2021 3399 dum
2040 3378 2066 3400 et
2084 3381 2189 3400 sursum
2211 3377 2336 3399 maneant
2359 3374 2468 3407 quadrat
2491 3381 2535 3400 su-

1468 3409 1554 3440 pei-ius
1574 3409 1641 3433 dicto
1660 3412 1685 3433 et
1705 3409 1740 3434 ibi
1758 3409 1902 3441 quiescant.

1521 3442 1545 3475 δ)
1561 3444 1730 3469 concludit.-
1739 3445 1787 3470 hoc
1801 3445 1935 3470 concludit
1947 3445 1991 3469 AB
2007 3450 2031 3470 et
2044 3445 2129 3470 Par.—
2141 3444 2198 3470 Lin.
2209 3452 2265 3478 seq.
2279 3445 2348 3470 enim
2361 3452 2415 3470 om.
2430 3445 2459 3477 P,
2475 3445 2536 3478 quia

1469 3478 1509 3503 BF
1530 3484 1648 3511 corrupte
1673 3479 1768 3504 halent
1787 3487 1859 3508 eam,
1880 3480 1925 3504 EG
1946 3485 1971 3506 et
1991 3481 2048 3505 Par.
2071 3480 2172 3505 eadem.
2191 3495 2210 3500 —
2228 3480 2279 3505 Pro
2297 3481 2377 3506 etiam
2398 3480 2437 3511 in,
2462 3483 2489 3506 et
2507 3479 2534 3505 in

1469 3514 1548 3544 BFG,
1567 3522 1626 3539 cum
1648 3515 1681 3544 E,
1702 3515 1728 3539 in
1748 3515 1769 3539 Α
1790 3520 1815 3539 ct
1835 3515 1891 3540 Par.

1521 3550 1542 3581 ε)
1558 3550 1778 3575 coniunctione.—
1789 3550 1904 3575 motione
1915 3551 1967 3580 ΑΒ,
1977 3550 2154 3576 commotione
2166 3550 2209 3575 EF
2223 3555 2248 3575 et
2262 3551 2327 3579 Par..
2342 3550 2535 3575 commixtione

1468 3585 1500 3609 G.
1512 3598 1531 3603 -
1546 3585 1607 3609 Post
1626 3593 1704 3609 unam
1725 3586 1768 3610 lin.
1784 3593 1831 3617 pro
1845 3586 1876 3610 Si
1889 3593 1955 3618 ergo
1968 3591 2023 3614 ete„
2039 3586 2058 3610 Ρ
2074 3586 2135 3617 legit
2150 3585 2181 3610 Si
2194 3593 2260 3618 ergo
2273 3586 2311 3611 sic
2325 3585 2439 3615 dicatur,
2448 3585 2536 3619 fuisse

1468 3620 1626 3652 impossibile
1645 3621 1708 3645 haec
1723 3621 1840 3653 produci
1843 3628 1852 3650 ‚·
1871 3621 1946 3646 codd.
1960 3629 2013 3646 exc.
2033 3622 2055 3645 A
2075 3628 2123 3653 pro
2142 3621 2174 3645 Si
2191 3628 2264 3654 ergo,
2285 3621 2330 3646 Sic
2348 3627 2413 3653 ergo
2431 3620 2463 3645 si.

2563 1199 2587 1215 n.
2564 1167 2777 1222 &napae-031:

2565 1220 2724 1248 1661.1ν,ι1.6.

2564 1869 2574 1879 '
2589 1868 2627 1891 vel
2639 1874 2662 1891 r.

2562 2135 2704 2158 ‘nomm
