2580 4094
173 261 185 269 ’
229 275 310 321 454

267 352 342 377 rioris
355 351 525 385 propinquior
537 350 638 384 corpori
658 350 760 375 caelesti
780 348 926 374 accenditur

267 395 313 420 per
327 388 381 412 eius
397 392 512 412 motum:
532 394 621 419 quare.
641 386 658 417 1,
673 393 706 414 ιν,
723 384 746 409 5.
759 392 776 408 v
783 391 836 416 per
849 387 925 409 tot.-

268 423 342 447 Latio
355 423 445 447 mundi
469 422 597 447 inferioris
615 426 655 446 est
673 420 769 445 tardior
787 424 859 444 motu
882 418 925 443 fir-

268 458 400 483 mamenti.
420 458 438 489 1,
451 465 484 487 ιι,
498 465 523 490 7.
536 471 555 476 -
568 457 596 481 In
614 455 870 481 transmutationibus
885 454 924 477 in-

267 493 390 518 feriorum
413 500 552 526 corporum
572 497 612 517 est
630 492 712 516 multa
730 491 852 519 varietas;
871 497 923 513 non

268 533 327 553 sunt
346 536 360 553 a
379 536 440 553 casu
454 533 549 553 tamen.
567 528 586 559 Ι,
599 535 616 559 1,
633 527 657 551 5.
670 540 690 545 —
703 525 842 556 Quomodo
860 524 923 548 infe-

267 565 335 589 riora
349 564 502 597 participent
515 563 642 588 ordinem.
657 562 685 591 11,
698 569 732 592 νι,
744 560 768 585 3.
781 560 821 593 Cf.
837 560 854 590 1,
868 566 886 590 1,
899 558 922 583 5.

557 654 594 690 Ν

231 741 376 765 Numam:
395 754 429 758 —
448 739 600 764 Naturaliter
622 737 687 762 fiunt
711 744 763 762 non
786 737 872 761 solum
892 743 922 761 ea

266 783 333 808 quae
353 780 413 800 sunt
431 782 542 807 semper,
555 774 601 798 sed
621 778 646 797 et
665 780 732 805 quae
751 772 776 796 in
795 772 923 804 pluribus.

266 811 283 840 1,
302 818 319 842 1,
341 810 364 835 5.
381 824 401 830 —
419 810 538 834 Naturale
557 814 596 833 est
615 808 754 840 unicuique
769 808 840 840 quod
859 815 921 832 con-

265 847 382 879 sequitur
400 846 486 878 ipsum
505 852 534 869 ex
554 852 631 868 causa
654 851 717 868 suae
740 842 922 875 generationis.

265 882 293 912 11,
307 889 360 912 vm,
380 889 400 906 1.
414 895 433 900 -
446 881 504 904 Non
521 879 608 904 omnia
622 878 746 903 naturalia
765 878 797 903 ab
816 878 923 903 homine

265 916 391 949 cognosci·
405 920 522 948 possunt.
541 915 559 946 1,
578 922 595 945 1,
615 923 641 948 9.
658 927 679 933 -
695 914 793 939 Natura
811 914 848 938 rei
868 922 922 939 non

265 951 429 984 cognoscitur
446 958 493 983 per
511 950 689 983 metaphoras:
708 957 798 983 quare.
812 949 841 981 11,
854 957 879 981 v,
895 957 922 981 4.

229 987 387 1012 Nax-naama
398 1001 431 1005 —
438 986 553 1011 Fuerunt
562 985 731 1018 sapientiores
741 985 823 1018 poetis
833 985 922 1010 Theo-

265 1022 329 1055 logis
349 1021 472 1054 sapientia
490 1021 611 1046 humana.
631 1021 659 1053 11,
679 1029 696 1052 1,
715 1028 772 1052 4.-
787 1020 923 1045 Ponebant

263 1059 391 1082 elementa
405 1065 464 1082 esse
482 1057 638 1089 generabilia
652 1061 678 1081 et
696 1056 879 1089 corruptibilia.
892 1056 921 1087 11,

262 1101 289 1122 11,
304 1100 327 1117 2.
339 1107 358 1112 -
372 1093 513 1125 Opiniones
528 1093 693 1125 antiquorum
713 1092 874 1117 Naturalium
889 1092 922 1117 de

263 1128 336 1153 mari.
355 1128 383 1158 ΙΙ,
402 1135 419 1158 1,
440 1128 463 1159 3,
482 1135 509 1159 4.
527 1135 554 1158 11,
576 1134 599 1153 2.
618 1135 652 1158 lv,
673 1135 697 1157 2,
718 1127 742 1152 3.

227 1164 378 1188 Nax-uanus
398 1171 518 1188 scnm'rxa
531 1177 565 1182 -—
580 1163 653 1188 Ordo
667 1163 792 1188 librorum
811 1163 837 1188 in
851 1163 920 1196 ipsa:

263 1200 294 1224 de
313 1199 407 1231 quibus
425 1204 548 1224 tractetur
565 1199 591 1224 in
613 1205 784 1231 unoquoque.
803 1199 821 1230 1,
839 1206 857 1230 1,
879 1198 902 1223 3.

227 1235 334 1259 Nasum
344 1249 378 1253 -
386 1234 454 1265 Quid
465 1234 506 1260 sit.
516 1234 534 1263 Ι,
543 1242 593 1264 xvt,
604 1234 655 1259 6.-
664 1235 711 1258 Est
721 1234 804 1266 magis
814 1234 919 1267 signum

262 1270 419 1295 serenitatis:
436 1270 595 1303 quandoque
610 1274 698 1295 tamen
714 1269 824 1303 pluviae.
838 1269 902 1294 ibid.

226 1306 307 1330 Nxtus
326 1320 359 1324 -
380 1306 487 1330 Fluvius
506 1306 648 1330 maximus:
668 1305 719 1330 exit
736 1305 762 1330 in
775 1312 848 1330 mare
866 1305 920 1330 Me-

262 1342 448 1366 diterraneum:
467 1341 500 1366 de
513 1341 627 1366 fontibus
641 1341 697 1366 eius
712 1341 805 1365 diversi
818 1341 920 1365 diversa

261 1377 356 1402 dicunt.
375 1377 403 1408 ΙΙ,
422 1383 459 1408 m,
478 1384 504 1408 4.

225 1412 274 1436 le
292 1426 326 1430 —
345 1412 422 1436 Venit
441 1420 471 1437 ex
490 1413 548 1437 loco
567 1412 684 1437 nubium.
704 1411 722 1444 1,
740 1419 780 1444 xv,
804 1419 825 1436 1.
838 1424 859 1430 -
871 1411 919 1436 Nix

261 1452 286 1472 et
304 1448 396 1480 pruina
414 1448 639 1480 proportionaliter
663 1452 723 1473 sunt
745 1447 827 1473 idem:
847 1447 919 1472 diffe-

243 1491 250 1499 ·
260 1483 476 1508 runtsecundum
488 1484 571 1516 magis
590 1488 616 1508 et
633 1483 721 1508 minus
734 1488 761 1508 et
774 1483 919 1508 secundum

261 1519 373 1543 multum
391 1523 418 1544 et
435 1526 557 1552 paucum.
572 1519 590 1550 1,
604 1526 644 1550 xv,
659 1527 682 1543 1.
699 1519 739 1553 εγ.
752 1518 770 1548 Ι,
784 1526 834 1548 xxv.
853 1518 920 1543 13.-

260 1554 407 1587 Utrumque
423 1559 463 1579 est
481 1555 584 1587 signum
599 1554 724 1587 temporis
743 1559 787 1579 aut
805 1554 919 1586 regionis

260 1589 374 1622 frigidae.
387 1590 405 1621 1,
417 1597 458 1621 xv,
477 1598 498 1621 1,
513 1597 537 1615 2.
550 1604 570 1610 -
583 1590 612 1615 111
625 1590 758 1615 montibus
772 1597 825 1614 non
843 1590 919 1615 valde

261 1625 318 1650 altis
337 1626 405 1650 cadit
421 1625 473 1651 nix.
492 1625 509 1655 Ι,
528 1633 578 1657 xxv,
602 1625 640 1651 13.

225 1661 313 1685 Noa-us
332 1675 367 1679 —
390 1661 454 1686 Vide
472 1662 588 1686 Aus‘raa.

225 1696 281 1721 Nox
299 1710 332 1714 —-
352 1697 398 1721 Est
413 1696 508 1722 umbra
526 1701 619 1722 terrae.
638 1697 657 1728 1,
675 1703 719 1728 ιιι,
739 1696 764 1722 6.

225 1731 311 1757 Nonas
331 1746 365 1750 —
384 1732 431 1757 Est
443 1732 559 1757 medium
573 1732 794 1757 transmutationis
813 1732 880 1758 aeris
893 1732 918 1757 in

260 1774 365 1800 aquam.
384 1767 408 1799 1,
427 1775 483 1799 xxv,
503 1767 528 1793 6.
545 1781 565 1788 -
583 1768 712 1793 Naturalis
737 1768 793 1793 eius
812 1768 918 1793 effectus

261 1808 301 1827 est
319 1803 414 1835 pluvia.
433 1803 457 1834 1,
476 1811 516 1834 xv,
538 1803 561 1828 3.
580 1811 636 1835 xxv,
656 1803 681 1829 6.
700 1817 719 1822 -
743 1803 919 1829 Condensatio

260 1838 367 1863 nubium
386 1837 415 1863 fit
433 1846 462 1863 ex
482 1838 626 1871 frigiditate.
641 1839 659 1871 Ι,
678 1847 712 1871 ιν,
728 1838 752 1864 3.
770 1847 820 1869 xxv,
837 1838 860 1864 3.
877 1839 918 1872 ij.

259 1874 278 1905 1,
291 1881 330 1905 xv,
349 1882 371 1899 1.
380 1874 540 1907 -Tempore
554 1874 637 1899 calido
651 1875 791 1908 aliquando
805 1882 836 1900 ex
849 1875 918 1899 nube

259 1909 309 1934 cito
328 1908 357 1934 fit
370 1917 451 1943 aqua:
471 1917 560 1942 quare.
574 1910 593 1941 1,
607 1918 647 1942 xv,
665 1918 704 1936 10.
715 1924 735 1931 -
749 1911 919 1936 Oondensan-

258 1949 301 1970 tur
319 1945 402 1971 nubes
421 1945 543 1978 superius
562 1945 588 1970 in
607 1953 666 1971 aere
684 1946 807 1971 inferiori.
827 1946 849 1978 1,
868 1954 918 1978 xxv,

261 1987 286 2005 2.
307 1981 348 2014 Cf.
367 1980 384 2012 1,
403 1988 443 2012 xv,
466 1989 488 2006 1.
506 1994 526 2000 -
543 1981 631 2012 Quare
649 1981 675 2006 in
693 1982 828 2015 superiore
846 1986 919 2015 parte

260 2015 326 2041 aeris
336 2016 419 2041 nubes
430 2023 482 2041 non
496 2017 668 2049 inspissentur
680 2018 712 2042 ad
726 2018 919 2050 generationem

260 2059 350 2084 aquae.
370 2052 387 2083 1,
406 2055 440 2082 xv,
461 2052 486 2078 3.
503 2060 527 2082 ν,
551 2060 572 2084 1,
589 2060 612 2077 2.
631 2067 650 2071 -
667 2053 751 2086 Saepe
768 2054 840 2078 visae
859 2057 920 2078 sunt

260 2086 343 2112 nubes
353 2094 421 2120 quae
433 2087 550 2112 feruntur
562 2095 644 2121 prope
653 2093 749 2113 terram
762 2096 822 2114 cum
835 2089 919 2114 multo

259 2129 340 2152 sono3
359 2123 499 2155 aliquando
517 2123 574 2148 sine
593 2131 668 2149 sono.
686 2124 704 2156 1,
723 2132 763 2150 xv.
783 2123 808 2149 8.

224 2158 344 2183 Numan
369 2172 403 2177 --
429 2158 506 2189 Quod
534 2159 660 2192 nutritur,
683 2165 786 2193 oportet
813 2168 919 2185 manere

259 2193 337 2218 idem.
356 2193 384 2225 ΙΙ,
403 2201 435 2224 11,ι
450 2193 476 2219 6.

554 2258 590 2294 O

222 2337 350 2362 Ocaaxms
373 2350 408 2355 —
433 2337 580 2362 Secundum
608 2337 729 2370 antiquos
755 2342 797 2362 est
823 2337 918 2363 fluvius

258 2372 364 2406 quidam
383 2372 546 2397 circumdans
560 2377 670 2398 terram:
683 2373 784 2398 occulte
797 2373 865 2398 forte
878 2374 918 2398 lo-

258 2408 412 2441 quebantur.
431 2408 448 2439 Ι,
463 2415 513 2440 xxv,
530 2416 555 2441 7.
568 2421 588 2429 -
601 2408 672 2433 Mare
691 2408 826 2434 Oceanum
845 2413 917 2434 extra

258 2444 400 2470 Columnas
419 2451 472 2468 non
491 2440 530 2468 est
549 2443 723 2477 profundum:
742 2444 848 2477 signum
868 2444 916 2470 hu-

258 2480 306 2504 ius.
325 2481 354 2511 ΙΙ,
373 2487 400 2510 11,
420 2487 445 2512 7.

222 2516 369 2541 Ormonas
388 2529 422 2534 —
442 2515 591 2540 Secundum
609 2515 790 2545 Aristotelem,
810 2516 917 2541 eaedem

256 2552 391 2584 opiniones
404 2550 537 2576 reiteratae
550 2555 611 2576 sunt
620 2555 760 2584 postquam
770 2551 917 2583 ἀπίει-11111,

258 2586 336 2620 idque
354 2586 484 2612 infinities.
503 2587 520 2617 Ι,
539 2594 577 2617 m,
599 2586 622 2612 5.

223 2623 311 2647 0111οΝ
330 2637 364 2641 -
383 2623 464 2647 Ortus
489 2622 595 2647 Orionis
619 2626 660 2647 est
677 2622 703 2646 in
728 2627 847 2655 tempore
866 2621 917 2647 fer-

258 2658 342 2683 ventis
361 2657 475 2683 aestatis.
494 2658 522 2687 11,
540 2665 575 2689 xx,
598 2666 651 2683 1.·-
668 2658 738 2683 Ante
756 2658 812 2683 eius
829 2662 917 2683 ortum

259 2699 298 2719 est
317 2693 500 2726 tranquillitas;
520 2693 546 2718 in
565 2693 624 2726 ipso
642 2697 729 2719 autem
751 2698 811 2718 ortu
829 2698 856 2718 et
873 2701 917 2719 oc-

259 2737 319 2754 casu
338 2734 488 2762 tempestas.
507 2729 536 2761 11,
555 2737 589 2761 xx,
612 2737 633 2758 1.
654 2728 678 2754 3.

223 2765 374 2790 oium-maa
393 2779 428 2784 —
451 2764 515 2790 Vide
534 2765 696 2790 Laucoaorn.

223 2801 351 2826 Onrmws
370 2814 404 2820 —
424 2800 497 2825 Unus
510 2807 542 2825 ex
554 2801 638 2834 poetis
652 2799 805 2832 Tbeologis.
815 2800 844 2832 11,
858 2807 876 2830 1,
893 2799 916 2825 3.

223 2836 282 2861 Ova
301 2850 334 2855 --
354 2836 411 2861 Ova
429 2836 505 2869 plena
523 2840 691 2869 supernatant
709 2835 735 2860 in
754 2843 822 2869 aqua
839 2835 918 2861 mixta

259 2879 318 2896 cum
337 2872 400 2898 sale.
419 2871 449 2903 ΙΙ,
466 2879 501 2901 vr.
520 2871 546 2897 8.
600 2885 603 2886 ν

553 2970 584 3006 Ρ

224 3050 389 3075 Pium-xm
407 3064 442 3069 —
460 3050 500 3075 De
527 3054 621 3083 stagno
648 3050 719 3075 salso
748 3050 917 3076 Palaestinae.

260 3085 288 3117 11,
307 3093 340 3117 vi,
360 3084 386 3111 8.
558 3103 561 3105 -

224 3121 343 3146 Panum-:s
362 3135 396 3140 —
415 3121 489 3151 Quae
508 3121 572 3146 sint:
592 3121 618 3146 in
632 3128 686 3154 quo
705 3121 823 3146 differant
837 3129 851 3146 a
866 3126 918 3146 sta-

260 3156 325 3189 gnis.
345 3156 381 3186 ΙΙ,
399 3163 422 3186 ι,
444 3155 467 3181 5.
483 3169 504 3176 -
521 3156 560 3181 De
579 3156 706 3182 Maeotide
725 3157 830 3182 Palude.
853 3157 918 3182 Vide

261 3191 387 3217 Masona.
475 3204 480 3207 ·
500 3209 503 3213 ·

226 3227 365 3251 Pansnsns
384 3241 417 3246 -—-
437 3227 512 3252 Mons
526 3228 633 3260 quidam
653 3227 782 3253 maximus
806 3228 831 3253 in
846 3228 916 3258 Asia.

261 3262 292 3286 ad
310 3267 396 3287 ortum
414 3262 568 3288 hiemalem:
587 3271 617 3288 ex
642 3264 699 3296 ipso
725 3264 799 3289 multi
818 3268 843 3288 et
862 3271 917 3289 ma-

260 3297 319 3322 ximi
339 3297 407 3322 fluvii
427 3298 552 3323 oriuntur.
571 3298 589 3328 1,
607 3306 657 3329 xvt,
676 3306 702 3332 7.

227 3332 334 3357 Panvxm
355 3347 388 3351 —
413 3333 476 3358 Vide
494 3334 659 3359 Com-muna.
678 3354 681 3357 ,

226 3368 338 3392 Panaus
358 3382 390 3387 —
414 3368 478 3394 Vide
496 3370 594 3399 Auens.
614 3370 772 3396 Sumam-uu.

226 3403 382 3428 Paaracrtm
401 3417 434 3422 -
455 3404 598 3430 Perfectum
613 3405 763 3438 simpliciter
781 3410 806 3430 et
825 3413 916 3431 secun-

262 3438 324 3462 dum
344 3439 415 3470 quid.
435 3439 452 3468 Ι,
471 3446 488 3468 1,
512 3447 534 3465 1.
758 3460 760 3462 v

226 3473 386 3498 Panrt‘ruun
405 3487 438 3493 ——
454 3474 530 3505 Quod
543 3480 583 3499 eat
595 3480 748 3508 perpetuum
763 3482 789 3501 et
804 3484 916 3509 semper.

262 3513 302 3533 est
320 3509 444 3533 motivum
461 3517 551 3534 eorum
570 3518 637 3543 quae
651 3519 703 3536 non
723 3517 784 3537 aunt
803 3519 916 3544 semper.

263 3544 280 3573 Ι,
299 3551 326 3573 11,
347 3543 371 3569 5.
393 3545 434 3577 Cf.
453 3545 552 3570 Morus.

226 3579 353 3604 Puxmou
371 3593 404 3598 -
423 3579 462 3604 De
481 3580 665 3606 exorbitatione
683 3582 746 3607 caeli
766 3583 815 3607 sub
834 3582 916 3607 Phae-

261 3619 342 3640 tonte.
361 3614 378 3646 1,
396 3622 440 3644 1111,
460 3622 484 3640 2.

1033 267 1199 304 INDEX
1228 261 1630 302 ALPHABETICUS

978 347 1176 371 Pam-rasum
1195 357 1229 363 —
1254 343 1318 367 Vide
1335 343 1543 367 Apum-rmum.

978 382 1150 406 Pmsmomm
1168 386 1247 404 mum
1260 392 1295 397 —
1304 378 1343 402 De
1355 377 1472 401 subiecto
1483 377 1548 402 eius.
1558 377 1576 407 Ι,
1589 383 1607 406 1,
1621 375 1646 402 3.
1655 389 1676 395 -

1014 416 1130 440 Citantur
1144 413 1328 439 commentaria
1347 413 1374 437 S.
1388 412 1507 437 Thomae
1522 413 1547 437 in
1561 412 1629 437 hunc
1645 412 1674 436 li-

1013 451 1100 475 brum.
1119 450 1136 480 1,
1154 457 1214 480 xvn,
1234 448 1259 473 8.
1277 463 1297 468 -
1321 448 1386 473 Vide
1403 449 1593 472 Ama-romanas.

977 487 1119 511 Pasa-rsa
1137 499 1172 503 —
1191 484 1286 509 Stellae
1305 483 1440 512 erraticae.
1465 491 1513 508 seu
1537 483 1673 516 planetae,

1013 525 1074 545 sunt
1092 521 1216 553 quinque.
1240 519 1264 550 Ι,
1282 526 1312 548 v,
1332 517 1357 543 6.
1376 526 1415 549 ιι,
1436 526 1459 543 2.
1478 527 1508 548 11,
1530 518 1554 544 3.
1571 531 1592 538 -
1608 519 1675 543 Sunt

1013 563 1092 589 supra
1111 556 1204 580 solem.
1224 554 1242 584 1,
1260 562 1291 583 v,
1310 553 1336 579 6.
1353 567 1373 574 —
1391 553 1567 579 Subdeficiunt
1584 554 1611 578 in
1629 561 1674 579 zo-

1013 591 1099 615 diaco:
1119 598 1208 623 quare.
1227 590 1249 619 Ι,
1268 597 1306 620 xx,
1329 589 1352 614 5.
1370 597 1401 619 ι,
1422 596 1447 614 2.
1463 602 1484 608 -
1501 590 1629 615 Videntur
1647 589 1674 614 in

1012 634 1060 650 suo
1085 631 1158 651 motu
1184 625 1332 650 contrariari
1355 625 1436 650 motui
1461 624 1617 650 firmamenti
1643 633 1675 650 ex

1012 662 1068 686 sola
1086 661 1267 686 retardatione.
1286 661 1304 690 Ι,
1322 668 1358 692 ι1,
1379 668 1405 693 7.
1418 674 1438 680 ·-
1455 661 1519 686 Vide
1537 661 1674 686 Comes.

977 697 1102 722 prm-rar.
1125 711 1158 716 —
1184 697 1320 722 Patiuntur
1343 701 1504 721 senectutem
1527 701 1553 721 et
1577 701 1674 721 statum

1012 733 1090 757 simul
1109 733 1255 757 secundum
1273 737 1366 756 totum.
1385 731 1403 761 Ι,
1421 739 1480 762 xvu,
1502 739 1526 757 2.

977 768 1066 793 Pru-o
1085 782 1119 786 —
1140 768 1214 793 Ratio
1233 767 1264 792 ab
1284 775 1316 792 eo
1335 767 1413 792 allata
1430 775 1512 800 quare
1529 774 1603 793 mare
1621 775 1674 792 non

1012 808 1119 834 crescat,
1133 808 1171 828 tot
1189 808 1215 828 et
1232 803 1309 827 tantis
1328 802 1412 827 fluviis
1431 802 1458 828 in
1471 803 1559 836 ipsum
1577 803 1675 828 intran-

1011 839 1094 864 tibus:
1114 839 1282 871 improbatur.
1301 838 1330 868 ΙΙ,
1348 845 1387 869 111,
1408 838 1431 868 3,
1449 846 1475 870 4.

976 875 1075 900 mevm
1094 889 1128 893 —
1147 875 1225 899 Venit
1243 882 1274 899 ex
1292 875 1351 899 loco
1370 874 1487 899 nubium.
1507 874 1525 904 Ι,
1543 882 1591 902 xv,
1614 882 1637 900 1.
1655 887 1674 894 -‹

1012 911 1060 935 Est
1077 911 1201 935 naturalis
1220 909 1325 934 effectus
1345 909 1429 934 nubis.
1449 909 1466 939 Ι,
1485 917 1535 939 xxv.
1554 909 1571 935 6
1593 910 1635 943 (J.
1654 910 1672 939 Ι,

1011 953 1045 975 tv,
1067 945 1090 971 3.
1107 960 1127 965 -
1145 946 1183 970 Dc
1207 945 1373 978 generatione
1397 945 1510 978 pluviae.
1529 945 1553 976 Ι,
1571 953 1628 975 xxv,
1647 953 1664 979 9

1010 989 1067 1010 xv1.
1086 981 1111 1006 6.
1131 981 1166 1012 ΙΙ,
1183 989 1232 1011 vn,
1253 981 1282 1010 3.
1301 988 1334 1013 4,
1353 988 1378 1014 9.
1396 995 1415 999 -
1433 980 1583 1006 Differentia
1606 981 1674 1005 inter

1010 1017 1124 1050 pluviam
1144 1022 1171 1042 et
1187 1021 1282 1049 guttas.
1301 1017 1319 1046 Ι,
1339 1024 1389 1047 m,
1408 1023 1434 1050 9.
1449 1030 1468 1035 -
1480 1016 1571 1041 Pluvia
1589 1021 1615 1041 et
1628 1021 1673 1041 ros

1012 1053 1237 1085 proportionaliter
1255 1057 1317 1077 sunt
1334 1052 1419 1077 idem:
1438 1052 1464 1076 in
1478 1059 1533 1085 quo
1546 1051 1674 1077 differant.

1011 1088 1029 1117 Ι,
1047 1095 1098 1119 xxv,
1117 1088 1156 1113 13.
1170 1096 1211 1119 xv,
1229 1096 1250 1113 1.
1263 1102 1284 1107 —
1297 1087 1386 1112 Pluvia
1400 1095 1453 1112 non
1471 1088 1539 1112 cadit
1557 1087 1584 1112 in
1597 1095 1673 1112 mon-

1010 1123 1080 1148 tibus
1105 1123 1245 1148 altissimis.
1264 1123 1288 1155 Ι,
1307 1131 1363 1152 xxv.
1386 1123 1427 1149 13.
1443 1136 1464 1143 —
1480 1123 1521 1148 Ab
1545 1123 1590 1148 illo
1615 1124 1673 1148 loco

1010 1159 1099 1192 incipit
1119 1160 1291 1190 descendere,
1313 1167 1367 1192 quo
1386 1159 1502 1184 ascendit
1525 1167 1616 1192 vapor.
1636 1159 1672 1190 ΙΙ,

1010 1203 1064 1224 vm.
1085 1202 1109 1219 2.

1046 1231 1144 1256 Diebus
1164 1230 1252 1255 calidis
1276 1230 1379 1263 pluviae
1404 1235 1466 1255 sunt
1489 1230 1672 1255 violentiores:

1011 1274 1099 1299 quare.
1119 1266 1143 1296 Ι,
1162 1274 1208 1295 xv.
1231 1274 1270 1291 10.
1286 1279 1306 1286 -
1325 1266 1398 1297 Item,
1417 1266 1522 1299 quando
1541 1266 1673 1300 generatio

1010 1309 1093 1334 aquae
1112 1306 1153 1327 est
1170 1301 1342 1334 propinquior
1359 1306 1453 1327 terrae.
1467 1302 1485 1331 Ι,
1499 1310 1540 1333 xv,
1559 1310 1599 1327 11.
1610 1315 1630 1321 -
1644 1302 1672 1326 ln

1009 1337 1096 1362 hieme
1114 1337 1198 1370 magis
1216 1337 1282 1370 pluit
1295 1345 1375 1370 quarn
1387 1338 1419 1362 .in
1435 1342 1542 1369 aestate,
1556 1342 1583 1363 et
1595 1342 1672 1362 nocte

964 1374 967 1375 ’
1009 1373 1092 1405 magis
1112 1380 1191 1406 quam
1210 1373 1236 1397 in
1255 1373 1310 1398 die:
1330 1380 1419 1406 quare.
1438 1373 1472 1402 11.
1490 1381 1540 1403 vn.
1562 1373 1588 1399 3.
1605 1387 1626 1393 —
1643 1373 1672 1398 ln

1009 1408 1103 1433 Arabia
1116 1413 1142 1433 et
1159 1408 1297 1441 Aethiopia
1309 1407 1374 1433 fiunt
1388 1409 1491 1441 pluviae
1506 1414 1604 1434 aestate
1618 1416 1672 1434 non

1009 1443 1104 1469 hieme.
1124 1444 1141 1473 1.
1160 1452 1201 1475 xv,
1224 1444 1264 1469 13.
1275 1457 1295 1465 ·-
1308 1444 1511 1477 Multiplicantur
1529 1445 1631 1477 pluviae
1645 1445 1671 1469 in

1008 1479 1242 1512 permutationibus
1256 1485 1414 1512 temporum.
1427 1480 1456 1510 ΙΙ,
1470 1488 1504 1509 ιι,
1519 1480 1671 1513 3.—Aquae

1009 1516 1136 1540 australes
1156 1520 1182 1540 et
1200 1516 1298 1548 primae
1312 1516 1477 1541 autumnales
1496 1520 1558 1542 sunt
1570 1516 1672 1549 gravio-

1009 1558 1051 1575 res
1071 1555 1097 1575 et
1115 1551 1198 1583 magis
1217 1552 1316 1576 salsae:
1333 1558 1423 1583 quare.
1437 1551 1466 1581 ΙΙ,
1480 1559 1514 1581 vt,
1529 1559 1555 1584 4.
1566 1564 1587 1572 -
1599 1551 1671 1577 Inae-

1009 1586 1120 1619 qualitas
1134 1587 1237 1619 pluviae
1251 1587 1394 1612 secundum
1414 1587 1530 1612 diversos
1549 1595 1632 1612 annos
1646 1592 1672 1612 et

1010 1622 1111 1646 diversa
1130 1623 1201 1647 loca:
1221 1630 1299 1648 causa
1318 1622 1383 1648 eius.
1401 1623 1435 1653 ΙΙ,
1453 1630 1502 1652 vu,
1521 1622 1547 1648 8.
1564 1636 1584 1642 —
1606 1622 1672 1648 Vide

1010 1657 1128 1688 Gna-rsa,
1147 1658 1263 1683 Van-rus.

973 1693 1079 1718 Pomm
1098 1707 1132 1712 -
1151 1694 1192 1718 Ad
1211 1699 1302 1726 poetas
1321 1694 1431 1727 pertinet
1447 1694 1532 1719 dicere
1550 1702 1597 1727 per
1615 1702 1671 1719 rne-

1009 1728 1139 1761 taphoras.
1158 1729 1187 1758 ΙΙ,
1206 1737 1230 1759 v.
1249 1737 1275 1762 4.

1045 1764 1142 1790 Poetae
1166 1765 1291 1798 theologi.
1315 1764 1366 1795 Qui
1391 1765 1494 1790 fuerint.
1513 1765 1548 1796 11,
1567 1773 1590 1795 1,
1611 1765 1635 1790 3.
1652 1778 1672 1785 -

1010 1799 1079 1830 Quid
1094 1801 1223 1825 senserint
1237 1801 1270 1825 de
1284 1801 1362 1825 mari:
1379 1800 1531 1826 refutantur.
1544 1801 1573 1832 ΙΙ,
1586 1808 1603 1831 1,
1620 1800 1644 1830 3,
1656 1800 1670 1826 5

1009 1843 1070 1868 sqq.

973 1871 1036 1896 Pom
1055 1885 1089 1890 -—-
1108 1871 1189 1896 Polus
1214 1872 1277 1897 caeli
1301 1871 1454 1897 manifestus
1479 1877 1505 1897 et
1524 1873 1603 1905 polus
1622 1872 1672 1897 im-

1010 1906 1171 1932 manifestus.
1191 1907 1220 1937 11,
1238 1915 1262 1938 x,
1286 1915 1307 1938 1,
1329 1915 1352 1932 2.
1371 1921 1390 1926 -
1413 1908 1478 1933 Vide
1497 1908 1581 1933 Uasa-

973 1942 1078 1967 Pom-us
1097 1957 1131 1961 —
1157 1942 1185 1967 In
1211 1943 1294 1968 Ponto
1318 1942 1348 1968 fit
1372 1951 1416 1968 ros
1441 1943 1562 1968 flantibus
1586 1944 1671 1969 ventis

1009 1978 1165 2008 borealibus,
1178 1986 1230 2003 non
1250 1984 1337 2004 autem
1356 1979 1528 2010 australibus;
1548 1987 1638 2012 quare.
1653 1979 1671 2010 Ι,

1009 2021 1059 2044 xxv,
1083 2021 1121 2045 14,
1145 2013 1183 2039 16.
1199 2029 1219 2034 -
1232 2014 1260 2039 In
1279 2014 1322 2040 illa
1340 2015 1447 2048 regione
1465 2015 1608 2048 piscatores
1623 2015 1672 2040 cir-

1009 2049 1180 2074 cumfundunt
1192 2057 1287 2083 aquam
1307 2051 1418 2076 calidam
1432 2051 1538 2076 calamis
1552 2055 1582 2076 ut
1596 2050 1671 2076 citius

1009 2086 1168 2118 coaguletur.
1187 2086 1205 2115 Ι,
1225 2093 1264 2112 xv.
1288 2086 1326 2111 13.

1044 2120 1125 2146 Mare
1143 2121 1293 2147 Ponticum.
1312 2122 1382 2147 Mare
1398 2122 1545 2152 Ponticum,
1560 2130 1607 2147 seu
1622 2122 1673 2148 Ca-

1009 2156 1104 2189 spium,
1118 2164 1170 2181 non
1189 2157 1353 2182 continuatur
1371 2158 1453 2183 alteri.
1471 2158 1505 2187 11.
1524 2165 1545 2188 1,
1565 2157 1590 2188 6,
1610 2165 1635 2191 7.
1653 2172 1672 2177 -

1008 2192 1146 2216 Habitatur
1163 2193 1190 2217 in
1208 2192 1326 2218 circuitu.
1345 2193 1374 2223 ΙΙ,
1390 2201 1407 2223 1,
1422 2193 1449 2219 6.
1459 2207 1480 2213 -
1493 2193 1562 2218 Fluit
1580 2193 1606 2218 in
1619 2195 1671 2219 Ae-

1008 2235 1110 2260 gaeum.
1131 2227 1165 2257 11.
1184 2235 1208 2258 1,
1227 2235 1253 2261 7.
1270 2242 1290 2248 -
1308 2229 1396 2260 Quare
1415 2229 1486 2255 fluat.
1506 2229 1570 2255 ibid.
1586 2242 1607 2250 ·-
1624 2229 1672 2254 Est

1007 2262 1162 2295 profundius
1181 2264 1317 2295 Maeotide,
1341 2265 1388 2290 sed
1407 2265 1494 2290 minus
1512 2265 1671 2298 profundum

1008 2306 1088 2331 quam
1106 2299 1248 2332 Aegaeum.
1268 2299 1331 2325 ibid.

972 2334 1112 2359 Panicum
1131 2348 1166 2353 —
1185 2335 1282 2360 Omnia
1299 2337 1468 2361 resolvuntur
1485 2337 1511 2362 in
1535 2344 1583 2362 sua
1601 2337 1672 2370 prin-

1009 2370 1081 2402 cipia.
1100 2370 1129 2399 ΙΙ,
1148 2377 1182 2400 vt,
1202 2369 1229 2396 6.

972 2406 1099 2431 vanio
1118 2420 1152 2424 —
1177 2406 1241 2432 Vide
1258 2407 1394 2433 Mam.

973 2441 1078 2467 Pru-mu
1097 2455 1131 2460 —
1154 2441 1220 2467 Vide
1238 2442 1295 2473 Νιι,
1315 2443 1380 2469 Ros.

972 2477 1109 2502 Psacanxs
1127 2491 1162 2496 —
1186 2477 1251 2503 Vide
1268 2478 1388 2504 Gumis.

972 2512 1054 2538 Pin-ax
1072 2526 1107 2532 —
1126 2512 1155 2537 Ιιι
1173 2513 1258 2546 puteis
1277 2521 1345 2547 aqua
1358 2513 1487 2547 colligitur
1505 2514 1530 2539 in
1549 2514 1613 2540 locis
1633 2514 1671 2539 in-

1007 2546 1077 2573 fimis
1096 2552 1122 2573 et
1140 2547 1262 2574 defossis.
1276 2549 1294 2579 1,
1306 2557 1357 2579 xvi,
1372 2549 1397 2575 6.
1410 2563 1430 2569 -
1441 2551 1534 2582 Aquae
1553 2550 1670 2583 puteales

1008 2588 1071 2608 sunt
1088 2583 1252 2610 stationariae
1271 2589 1297 2609 et
1314 2584 1450 2610 fontanae:
1469 2590 1531 2610 sunt
1553 2585 1671 2611 manufa-

1008 2623 1073 2644 ctae.
1091 2619 1121 2649 11,
1139 2626 1157 2648 1,
1178 2618 1203 2645 5.
1219 2633 1239 2639 -
1254 2620 1328 2645 Putei
1346 2620 1432 2654 magis
1443 2626 1570 2654 vaporant
1587 2621 1670 2647 flanti-

1008 2654 1058 2679 bus
1079 2655 1164 2715 vgntis
1192 2655 1339 2681 borealibus
1367 2663 1448 2689 quam
1472 2656 1637 2683 australibus.
1652 2657 1670 2689 l,

1008 2697 1058 2720 xxv,
1082 2698 1089 2715 1
1114 2708 1121 2715 .

973 2725 1133 2750 Pmuaaus
1152 2740 1186 2744 —
1205 2726 1281 2751 Mons
1300 2727 1405 2760 quidam
1426 2728 1554 2753 maximus
1574 2728 1599 2753 in
1618 2728 1671 2754 Eu—

1008 2768 1086 2794 ropa,
1107 2762 1139 2786 ad
1157 2769 1279 2787 occasum
1305 2760 1533 2796 aequinoctialem:
1557 2772 1588 2789 ex
1612 2764 1670 2798 ipso

1009 2797 1093 2822 fluunt
1112 2805 1205 2829 magna
1224 2797 1339 2823 flumina.
1359 2798 1376 2829 Ι,
1395 2806 1445 2828 xvi.
1465 2807 1490 2832 7.

972 2832 1156 2858 ernaootuot
1174 2847 1209 2852 --
1228 2833 1324 2866 Opinio
1350 2834 1580 2867 Pythagoricorum
1603 2835 1671 2861 circa

1009 2873 1132 2893 cometas.
1152 2868 1170 2898 Ι,
1184 2876 1218 2898 ιι,
1234 2868 1258 2894 3.
1272 2883 1291 2888 -
1303 2869 1456 2902 Disputatur
1471 2875 1559 2896 contra
1575 2871 1670 2904 ipsam.

1007 2903 1026 2932 1.
1045 2911 1068 2934 ι,
1090 2910 1113 2929 2.
1135 2904 1176 2938 Cf.
1195 2904 1212 2934 Ι,
1231 2912 1255 2934 ι,
1275 2903 1300 2935 6,
1320 2913 1346 2938 7.
1362 2919 1382 2925 -
1401 2905 1470 2936 Quid
1489 2907 1618 2932 senserint
1638 2907 1670 2931 de

1008 2940 1090 2964 lacteo
1108 2940 1217 2965 circulo:
1237 2940 1398 2973 improbatur
1415 2949 1508 2967 eorum
1527 2942 1632 2976 positio.
1651 2942 1669 2973 1,

1007 2982 1050 3004 ι11,
1071 2982 1095 3005 2,
1117 2975 1140 3001 3.

971 3118 1107 3148 Quam-ss
1126 3133 1160 3138 -—
1180 3119 1298 3150 Quatuor
1316 3119 1415 3152 primae
1429 3120 1566 3152 tangibiles
1585 3120 1670 3154 quali-

1007 3158 1074 3180 tates
1101 3162 1170 3187 quae
1193 3155 1252 3180 sint.
1272 3155 1298 3186 Ι,
1317 3162 1353 3185 11,
1374 3162 1398 3180 2.
1416 3168 1436 3175 -
1453 3156 1519 3181 Sunt
1545 3156 1670 3190 principia

1007 3190 1099 3222 agendi
1118 3196 1144 3215 et
1162 3190 1284 3223 patiendi.
1303 3190 1367 3216 ibid.
1380 3204 1399 3210 -
1418 3191 1515 3216 Earum
1534 3197 1598 3217 sunt
1611 3197 1668 3217 tnn-

1007 3231 1064 3251 tum
1083 3231 1195 3259 quatuor
1213 3226 1351 3259 possibiles
1372 3226 1585 3253 combinationes.
1605 3228 1670 3253 ibid.

1305 3317 1342 3369 Β

972 3404 1072 3430 Remus
1091 3418 1126 3423 —
1146 3404 1219 3430 Radii
1232 3405 1403 3438 procedentes
1417 3405 1449 3430 ad
1468 3410 1564 3430 terram
1583 3413 1597 3431 a
1611 3406 1668 3431 sole

1006 3445 1113 3465 causant
1131 3440 1294 3465 caliditatem.
1314 3441 1336 3470 Ι,
1354 3448 1395 3466 ιν.
1415 3440 1439 3465 3.
1456 3453 1476 3460 -
1494 3441 1668 3474 Repercussio

1006 3475 1138 3500 radiorum
1157 3483 1172 3501 a
1190 3481 1259 3501 terra
1277 3477 1412 3509 quomodo
1430 3475 1482 3501 fiat.
1502 3476 1565 3502 ibid.
1577 3489 1598 3496 —
1616 3477 1668 3502 De-

1007 3512 1095 3536 sinunt
1109 3511 1205 3536 habere
1217 3512 1338 3537 virtutem
1353 3511 1518 3537 calefaciendi
1531 3511 1594 3537 radii
1610 3520 1668 3544 per—

1007 3546 1076 3572 cussi
1096 3547 1200 3579 quando
1214 3547 1240 3572 in
1255 3547 1415 3572 immensum
1434 3552 1604 3580 sparguntur:
1624 3555 1668 3573 ex-

1007 3582 1125 3615 plicatur.
1143 3582 1160 3612 1.
1179 3590 1213 3612 tv,
1235 3588 1258 3615 3.
1276 3590 1326 3612 xxv.
1347 3583 1371 3608 5.

971 3618 1143 3643 Rsaaracno
1162 3632 1196 3636 —
1220 3618 1285 3643 Vide
1303 3618 1432 3650 Canum«,
1451 3618 1553 3644 Morus.

1731 341 1851 365 Remus
1870 354 1904 361 -—
1923 340 2025 365 Raritas
2044 345 2071 365 et
2087 339 2196 373 igneitas
2213 347 2246 366 se
2262 345 2429 375 consequun-

1763 381 1816 401 tur.
1834 376 1853 406 1,
1872 383 1897 407 v,
1918 375 1942 400 5.

1728 412 1783 436 Ros
1803 425 1837 430 —-
1856 411 1895 436 De
1908 411 2074 444 generatione
2092 411 2158 436 roris
2171 416 2198 437 et
2215 412 2331 445 pruinae.
2345 413 2363 443 Ι,
2377 421 2428 446 xxv,

1769 455 1808 477 10,
1831 446 1871 472 13.
1889 461 1909 466 —-
1922 447 1950 471 In
1963 454 2018 479 quo
2031 446 2157 472 differant.
2171 447 2189 476 Ι,
2202 455 2253 472 xxv.
2271 456 2279 472 1
2289 456 2311 474 1.
2323 462 2343 467 ·-
2357 448 2429 479 Qua-

1764 483 1822 508 liter
1836 482 1960 507 existente
1970 490 2028 507 aere
2039 482 2173 515 disposito.
2182 481 2227 508 fiat
2235 490 2279 508 ros
2289 488 2315 508 et
2327 484 2429 516 pruina.

1764 518 1782 550 1,
1801 526 1852 549 xxv,
1875 525 1914 543 12.
1933 531 1952 537 -
1970 517 2120 550 Specialiter
2142 518 2175 543 de
2197 525 2267 544 rore.
2285 518 2303 549 Ι,
2322 526 2373 551 xxv,
2396 527 2428 553 ¹4

1765 561 1826 587 sqq.
1843 567 1863 572 —
1881 554 1935 578 Ros
1956 558 1981 578 et
1999 553 2091 586 pruina
2108 552 2174 578 fiunt
2200 553 2316 580 inferius.
2334 555 2359 584 Ι,
2377 563 2428 587 xxv,

1768 589 1809 614 13.
1826 597 1867 620 xv,
1885 597 1908 614 1.
1921 603 1940 608 -
1952 589 2011 614 Non
2029 589 2124 614 cadunt
2141 589 2168 614 in
2187 589 2322 615 montibus
2333 591 2430 616 altissi-

1764 625 1825 650 mis.
1843 625 1861 654 Ι,
1880 632 1932 656 xxv,
1960 624 1999 649 13.
2016 637 2037 645 -
2054 624 2149 650 Pruina
2173 625 2312 658 impeditur
2338 625 2394 652 fieri
2413 634 2428 652 a

1763 660 1834 685 fluxu
1854 660 1920 685 aeris
1939 668 1987 685 seu
2011 667 2026 685 a
2048 660 2140 685 ventis.
2159 660 2182 690 1,
2200 668 2255 691 xxv,
2279 661 2318 686 13.
2337 661 2370 692 ΙΙ,
2389 669 2428 693 tx,

1765 703 1791 721 2.
1807 709 1827 716 -
1849 696 1914 721 Vide
1932 696 2041 721 Pium.
2180 718 2181 721 ,

1729 731 1843 757 Ruanmt
1860 732 1941 756 Mans
1959 745 1994 750 -—
2013 731 2187 764 Coniungitur
2205 732 2351 758 secundum
2370 740 2427 758 mo—

1763 767 1852 792 dicum
1870 767 1902 792 ad
1922 767 2069 792 Oceanum.
2087 767 2116 798 11,
2134 774 2153 798 1,
2172 766 2199 793 ὁ.

2067 857 2093 894 S

1728 945 1862 970 Sacri-ru
1881 959 1915 964 —
1934 943 2062 970 Calesxunt
2081 953 2096 970 a
2114 950 2197 970 motu.
2217 945 2236 976 Ι,
2253 953 2278 976 v.
2299 945 2324 971 5.

1728 981 1834 1006 sanson
1852 994 1887 999 -
1910 980 1995 1013 sapor
2021 981 2108 1006 salsus
2137 982 2273 1014 quomodo
2297 986 2428 1008 causetur.

1763 1015 1792 1045 ΙΙ,
1810 1023 1846 1047 vx,
1864 1023 1879 1040 2
1895 1023 1955 1049 sqq.
1968 1016 2106 1041 -Salsum
2124 1015 2154 1042 fit
2172 1017 2247 1042 dulce
2265 1018 2370 1050 quando
2383 1025 2428 1044 co-

1764 1051 1840 1076 latur.
1859 1051 1888 1081 n,
1907 1059 1935 1083 11,
1956 1059 1980 1076 2.
1998 1058 2033 1082 ιη,
2052 1050 2079 1077 8.

1727 1087 1866 1112 Saamcmt
1889 1101 1924 1105 —
1949 1087 1989 1112 De
2015 1087 2191 1120 profunditate
2215 1088 2296 1114 maris
2321 1088 2428 1115 Sardici.

1764 1122 1792 1152 Π,
1811 1130 1829 1152 1,
1849 1130 1875 1155 7.

1727 1158 1854 1183 Solutus
1872 1172 1907 1176 —
1926 1158 2157 1191 Complementum
2175 1158 2298 1185 scientiae

1763 1194 1835 1227 quod
1854 1201 1907 1218 non
1926 1193 2033 1219 sistatur
2044 1193 2079 1218 -in
2093 1194 2286 1226 communibus.
2301 1195 2348 1221 aed
2366 1203 2428 1228 pm-

1762 1230 1868 1255 cedatur
1885 1237 1972 1262 usque
1989 1229 2023 1254 ad
2041 1230 2151 1262 species.
2169 1230 2189 1260 Ι,
2206 1237 2226 1260 1.
2248 1238 2270 1256 1.

1726 1265 1844 1290 Son-axa
1862 1279 1897 1284 —
1916 1265 2006 1290 Ultimi
2019 1263 2085 1291 fines
2104 1265 2162 1291 eius
2176 1271 2237 1292 sunt
2255 1266 2363 1293 emani
2374 1271 2428 1293 tet*-

1762 1301 1826 1326 mini
1843 1306 1928 1326 terrae
1946 1300 2102 1327 habitabilis.
2120 1301 2150 1332 11,
2168 1309 2193 1332 ι,
2213 1301 2238 1327 3.

1726 1337 1863 1362 Sanam-us
1881 1350 1918 1356 —-
1935 1336 1981 1362 De.
1989 1341 2125 1362 senectute
2138 1342 2164 1362 et
2181 1341 2260 1368 statu,
2273 1344 2323 1364 seu
2334 1337 2428 1365 iulu-

1761 1377 1828 1402 tute.
1848 1377 1946 1397 terrae:
1965 1372 1992 1397 in
2011 1379 2066 1405 quo
2089 1372 2191 1398 differat
2208 1380 2224 1398 a
2249 1377 2383 1400 senem
2399 1377 2429 1400 et

1762 1413 1832 1433 statu
1850 1408 2002 1433 anirnalium
2021 1413 2046 1434 et
2063 1408 2220 1441 plantarum.
2238 1408 2257 1439 Ι,
2275 1415 2336 1439 xvix.
2355 1415 2382 1436 2.

1726 1444 1828 1469 Sanaos
1841 1458 1876 1462 —
1889 1443 2032 1476 Cognoscit
2042 1444 2183 1471 individua.
2195 1444 2213 1474 1.
2225 1451 2245 1474 1,
2259 1452 2312 1472 1.-
2324 1445 2426 1473 Sensus

1761 1485 1788 1505 et
1805 1479 1930 1505 sensibile
1948 1479 2046 1505 habent
2064 1480 2175 1505 eandem
2200 1479 2344 1507 scientiam.
2361 1480 2383 1512 1.
2399 1487 2426 1513 v,

1761 1523 1787 1548 4.
1800 1529 1820 1535 —
1833 1515 1861 1540 In
1875 1514 1915 1540 his
1934 1523 2002 1548 quae
2016 1515 2151 1541 subiacent
2165 1516 2254 1541 sensui
2267 1515 2427 1550 exquire-da

1761 1556 1803 1576 est
1821 1551 2008 1576 demonstratio
2027 1555 2097 1576 certa
2115 1557 2141 1576 et
2152 1550 2309 1578 necessaria.
2319 1550 2339 1582 Ι.
2351 1558 2388 1582 τι,
2402 1559 2426 1577 1.

1725 1587 1892 1612 smum-mo
1911 1601 1945 1611 ,-
1964 1587 2003 1612 Ει
2015 1592 2089 1620 parte
2102 1587 2287 1620 septentrionis
2305 1591 2428 1615 mxu-ent

1760 1622 1845 1648 altior.
1863 1622 1892 1652 ΙΙ,
1910 1630 1929 1652 1,
1948 1630 1973 1656 7.
1991 1637 2010 1642 —
2029 1622 2183 1648 ostenditur
2200 1630 2248 1656 per
2266 1623 2381 1656 signum.
2395 1622 2426 1653 u.

1759 1665 1778 1688 ι.
1797 1657 1823 1683 8.
1840 1671 1860 1678 -
1878 1658 2025 1691 Septentrio
2042 1663 2150 1684 vocatur
2172 1658 2257 1684 Ursa.-
2275 1657 2426 1693 quaten,

1759 1701 1811 1725 vn,
1834 1701 1874 1718 ιο.
1891 1706 1911 1714 -
1929 1693 1957 1719 111
1980 1693 2096 1727 partibus
2121 1692 2367 1728 septentrionalibus
2380 1699 2427 1721 ἀἱ

1761 1729 1933 1762 tranquillitas
1946 1729 1974 1755 in
1985 1729 2081 1759 hieme.
2094 1734 2120 1755 et
2134 1734 2197 1755 sunt
2210 1730 2266 1756 sine
2279 1729 2365 1756 καί·
2377 1729 2427 1757 bo·

1760 1765 1885 1791 realibus.
1903 1765 1933 1794 ΙΙ,
1951 1772 2004 1795 vm,
2025 1765 2050 1791 3.

1725 1801 1848 1826 chcxus
1866 1814 1901 1820 —
1920 1801 2006 1826 Causa
2025 1800 2168 1827 siccitatum
2189 1801 2215 1830 Ι,
2233 1808 2268 1833 ιι,
2286 1800 2314 1828 8.

1725 1837 1826 1862 51001111
1845 1850 1879 1855 -
1898 1836 1956 1862 Una
1974 1843 2006 1862 ex
2024 1837 2115 1870 primis
2129 1836 2297 1870 qualitatibus

1762 1871 1838 1897 libus.
1858 1871 1877 1901 1.
1895 1879 1923 1902 11,
1943 1879 1969 1898 2.
1985 1885 2005 1892 -
2023 1873 2126 1898 Siccum
2145 1876 2187 1897 est
2206 1872 2272 1898 leve.
2290 1871 2310 1904 Ι,
2326 1878 2364 1899 n.
2381 1879 2409 1900 a.

1725 1908 1843 1933 sicunuu
1861 1922 1895 1926 —
1915 1908 1987 1933 Mare
2005 1907 2123 1934 Siculum
2143 1911 2184 1933 est
2202 1907 2356 1941 profundius
2367 1908 2428 1936 A·-

1761 1951 1820 1976 geo.
1838 1943 1868 1974 ΙΙ,
1886 1951 1903 1973 1,
1924 1951 1949 1976 7.

1725 1980 1825 2005 Smm
1843 1993 1878 1998 —
1903 1979 1968 2004 Vide
1985 1979 2114 2005 srrmu.
2318 1992 2320 1994 ·

1725 2016 1778 2041 soi.
1796 2029 1831 2033 —
1850 2015 1898 2040 Est
1915 2014 2027 2040 maxime
2046 2014 2153 2041 calidus.
2172 2015 2191 2047 1,
2208 2022 2234 2046 v,
2253 2022 2280 2050 9.
2297 2027 2322 2036 -
2334 2015 2427 2043 Solen
2456 2046 2458 2049 ‚

1761 2050 1931 2084 esseigneae
1949 2055 2057 2076 namrae
2075 2055 2232 2084 putaverunt
2254 2050 2372 2084 quim.
2389 2050 2427 2081 11.

1760 2094 1788 2116 n.
1810 2086 1834 2111 5.
1851 2098 1872 2106 -
1887 2086 1998 2112 Videtur
2015 2086 2067 2112 albi
2086 2086 2191 2113 οοιοι-ιι.
2209 2086 2232 2117 1.
2249 2093 2279 2117 v.
2297 2094 2328 2121 9.
2340 2099 2362 2114 ῳ
2378 2085 2428 2113 Est

1730 2143 1732 2145 .
1762 2121 1845 2147 maior
1863 2127 1940 2147 term.
1959 2122 1977 2151 1.
1995 2129 2040 2152 ιιι.
2058 2120 2086 2148 6.
2099 2136 2120 2143 -
2132 2122 2206 2148 Circa
2224 2122 2312 2156 ipsum
2330 2129 2386 2149 aa·
2397 2120 2428 2148 fit

1761 2165 1852 2184 coma:
1865 2165 1957 2191 quare.
1970 2158 1988 2188 Ι,
2002 2165 2056 2188 xm,
2068 2158 2155 2190 4.-Α.
2170 2163 2239 2184 terta
2250 2158 2337 2191 ω
2349 2158 2428 2185 Μ

1761 2194 1803 2219 aol
1821 2201 1904 2227 quam
1922 2194 1997 2220 luna:
2016 2199 2057 2220 est
2069 2198 2158 2220 tamen
2170 2193 2236 2220 iufra
2253 2193 2356 2221 mlh.
2367 2193 2388 2224 1.
2400 2201 2427 2224 v.

1761 2229 1787 2255 6.
1806 2237 1850 2259 xxx.
1869 2228 1894 2259 6,
1914 2228 1940 2256 8.
1956 2242 1978 2250 -·
1994 2230 2040 2255 Sol
2059 2229 2427 2264 eisteti-emunetati-

1762 2270 1831 2290 stant
1849 2265 1991 2299 aequaliter
2009 2273 2024 2290 a
2042 2265 2147 2299 seipsis.
2166 2265 2184 2297 Ι,
2202 2273 2247 2296 xxx.
2265 2264 2324 2292 8.—
2335 2265 2427 2299 Dupli-

1762 2309 1820 2326 cem
1834 2300 1912 2326 habet
1924 2305 2035 2331 motum,
2045 2301 2166 2327 diurnum
2179 2301 2276 2327 scilicet
2284 2305 2311 2327 et
2321 2305 2427 2327 nomm

1761 2336 1905 2370 proprium.
1924 2337 1942 2367 Ι,
1961 2345 1986 2366 v.
2002 2336 2028 2362 6.
2050 2336 2091 2371 qi
2110 2337 2129 2368 Ι,
2142 2344 2186 2367 ιιι,
2206 2336 2232 2362 5.
2249 2344 2302 2368 xxv,
2315 2344 2342 2371 7.
2353 2349 2375 2357 -
2387 2335 2428 2363 De

1761 2380 1840 2398 causa
1858 2377 1946 2398 motus
1965 2372 2029 2398 solis
2048 2373 2194 2398 secundum
2212 2372 2343 2406 quosdam
2361 2371 2428 2398 anti-

1761 2416 1844 2442 quos:
1864 2408 2018 2434 renitantur.
2029 2407 2060 2439 11.
2073 2415 2092 2440 x,
2103 2416 2131 2440 4.
2143 2415 2172 2439 u.
2184 2407 2198 2434 5
2209 2407 2428 2442 sqq-“maur

1761 2444 1787 2469 in
1813 2444 1910 2469 circulo
1938 2443 2095 2473 zodiaco.l.
2113 2451 2170 2474 xxv.
2191 2443 2216 2469 3.
2232 2457 2253 2464 -
2269 2443 2322 2470 Ρη
2346 2449 2427 2471 mn

1761 2484 1864 2504 motum
1883 2479 2028 2512 (diurnum)
2045 2487 2098 2504 non
2117 2478 2145 2504 fit
2159 2487 2174 2506 ι
2193 2479 2268 2506 nobis
2285 2478 2426 2513 magisve!

1761 2515 1848 2540 minua
1868 2515 1976 2541 distans.
1994 2515 2013 2546 Ι,
2031 2522 2075 2544 xxx.
2094 2513 2120 2540 8.
2138 2526 2158 2534 -
2174 2514 2216 2540 Fit
2234 2519 2323 2541 autem

1759 2550 1803 2576 vel
1823 2551 1901 2584 longe
1918 2558 1966 2584 per
1983 2551 2118 2584 proprium
2137 2555 2248 2576 motum.
2266 2549 2284 2580 1.
2302 2556 2354 2577 xxv.
2373 2549 2428 2577 3.-

1761 2585 1937 2616 Quandonam
1956 2585 2069 2611 maxime
2093 2585 2286 2620 appropinquet
2306 2590 2335 2612 et
2352 2585 2426 2612 ebn-

1761 2626 1836 2654 getur
1859 2630 1874 2647 a
1899 2621 1985 2647 nobis.
2004 2621 2038 2651 ΙΙ,
2056 2629 2094 2653 ιι,
2115 2621 2143 2651 5,
2163 2621 2189 2647 8.
2206 2635 2226 2641 -
2243 2621 2383 2655 Disgregm
2399 2625 2427 2647 et

1761 2661 1902 2690 congregat
1910 2664 2023 2691 vapores
2033 2664 2080 2690 per
2092 2657 2149 2683 eius
2159 2657 2302 2683 absentiam
2314 2661 2343 2684 et
2350 2663 2426 2690 ρι’.-

1761 2692 1882 2719 sentiam.
1901 2693 1919 2723 Ι,
1937 2700 1988 2722 xxv.
2009 2692 2032 2718 3.
2049 2693 2078 2722 ΙΙ,
2090 2700 2135 2724 vn,
2157 2692 2181 2724 3,
2202 2692 2226 2724 5,
2241 2700 2272 2727 9,,
2288 2691 2426 2726 ton-Pes·

1761 2733 1862 2754 motum
1877 2729 1933 2754 eius
1945 2735 2039 2754 versus
2058 2729 2135 2761 polos
2148 2727 2178 2753 fit
2190 2733 2277 2755 aestas
2291 2732 2318 2755 et
2329 2726 2425 2757 hinnu

1761 2764 1790 2794 ΙΙ,
1808 2771 1853 2795 vu,
1872 2763 1898 2789 8.
1917 2764 1992 2790 Latio
2007 2764 2071 2790 solis
2090 2769 2131 2790 est
2145 2771 2225 2790 causa
2243 2762 2363 2791 effectiva
2378 2770 2427 2798 Q·
2481 2791 2483 2793 .

1760 2799 1918 2833 paritionum
1938 2799 1964 2825 in
1979 2800 2060 2825 caelo.
2073 2799 2091 2829 1.
2103 2807 2139 2830 vx.
2153 2807 2177 2831 2,
2190 2799 2216 2826 6.
2225 2812 2245 2820 -
2258 2799 2323 2826 Eiu-
2336 2804 2427 2826 monte

1761 2841 1850 2861 causat
1859 2835 2054 2867 generationem
2063 2841 2089 2861 et
2095 2835 2290 2869 corruptionem
2299 2839 2426 2869 nouam

1759 2871 1966 2905 permutationes
1984 2872 2012 2896 in
2029 2870 2202 2896 inferioribus.
2215 2870 2244 2902 11,
2257 2877 2287 2901 n.
2297 2876 2326 2903 4.
2337 2883 2358 2891 -
2370 2869 2424 2898 Gt*

1759 2906 1922 2932 iterationem
1940 2906 2176 2939 etant-ruptionem
2192 2910 2284 2935 causat
2299 2913 2348 2940 par
2364 2913 2422 2933 mo-

1760 2947 1818 2968 tum
1832 2943 1977 2976 proprium.
1990 2942 2010 2974 1,
2020 2960 2031 2972 ⁴.
2047 2942 2260 2969 3.-Secundum
2278 2945 2426 2969 mont-nv

1761 2978 1882 3004 diurnum
1894 2983 1984 3004 causat
1993 2978 2109 3012 pluviam
2113 2986 2123 3009 ,·
2133 2977 2278 3004 secundum

1759 3021 1824 3039 vero
1841 3021 1929 3039 rorem
1948 3018 1975 3039 et
1993 3013 2122 3047 pruinam.
2141 3013 2166 3043 1.
2184 3020 2241 3043 xxv.
2263 3020 2303 3039 101.
2357 3029 2367 3039 .
2383 3011 2424 3044 ΙΙ,

1759 3057 1804 3081 vu,
1825 3049 1848 3079 3,
1867 3048 1894 3075 8.
1910 3063 1930 3069 -
1947 3049 2035 3075 Motus
2054 3049 2111 3075 eius
2130 3054 2170 3075 est
2193 3047 2350 3083 principium
2366 3046 2425 3075 ffl-

1760 3085 1830 3111 ciens
1848 3090 1997 3111 ventorum.
2015 3085 2045 3115 ΙΙ,
2063 3093 2108 3116 vn,
2123 3084 2147 3115 3,
2165 3083 2192 3110 8.
2204 3091 2260 3113 vm.
2283 3091 2336 3110 t.-
2349 3083 2424 3116 Quoffl

1760 3121 1840 3146 modo
1858 3126 1950 3146 causet
1965 3125 2059 3146 ventos
2077 3125 2104 3146 et
2121 3120 2232 3154 pluvias.
2245 3119 2276 3152 ΙΙ,
2290 3127 2337 3152 vn,
2351 3126 2392 3147 ιο.
2404 3132 2426 3140 -

1759 3157 1805 3182 Sol
1824 3163 1929 3182 cessare
1947 3155 2111 3182 faciti-entes
2130 3161 2156 3182 et
2173 3155 2335 3189 impedit-na
2350 3153 2424 3183 flant.

1759 3192 1789 3222 ΙΙ,
1807 3199 1841 3222 ιι,
1865 3200 1886 3217 1.
1903 3203 1924 3212 —
1940 3192 2027 3218 Motus
2054 3192 2111 3217 eius
2130 3191 2246 3217 calefiacit
2267 3189 2424 3221 mmm-»h

1758 3235 1793 3257 vi.
1814 3235 1838 3253 2.
1856 3235 1916 3257 xvn.
1937 3234 1963 3254 2.
1983 3227 2013 3259 ΙΙ,
2031 3235 2076 3258 vu,
2096 3226 2254 3258 3.—Quare
2272 3226 2344 3252 calor
2360 3233 2423 3252 eau-

1758 3268 1832 3288 setur
1850 3263 1876 3288 in
1895 3262 2058 3288 inferioribus
2077 3262 2161 3296 magis
2173 3269 2205 3288 ex
2223 3266 2297 3288 mom
2315 3261 2389 3288 solis.
2401 3260 2423 3294 t.-

1757 3306 1782 3328 v.
1797 3298 1822 3324 6.
1834 3312 1854 3318 -
1866 3298 1954 3330 Quare
1972 3298 2055 3331 magis
2074 3306 2105 3324 ex
2124 3303 2197 3324 motu
2216 3297 2309 3327 solaris
2327 3304 2423 3331 eorpo-

1758 3334 1794 3360 ris
1813 3342 1894 3367 quam
1913 3334 2039 3367 sphaerae
2058 3334 2132 3360 solis.
2151 3333 2169 3365 Ι,
2187 3340 2212 3364 v.
2231 3341 2258 3367 7.
2269 3346 2290 3353 -
2303 3331 2364 3364 Qua
2381 3339 2423 3362 ιν,

1758 3370 1829 3395 tione
1856 3374 1944 3395 motus
1969 3369 2027 3396 eius
2053 3374 2143 3395 causet
2170 3369 2294 3396 calorem.
2313 3367 2386 3396 md.
2402 3380 2424 3388 -

1759 3405 1894 3436 Quaedam
1914 3413 1993 3431 causa
2011 3405 2172 3438 particularis
2188 3404 2323 3430 caliditatis
2341 3410 2422 3437 gne-

1758 3446 1828 3466 ratae
1847 3449 1876 3466 ex
1896 3446 1970 3466 motu
1989 3441 2062 3466 solia.
2081 3440 2099 3471 Ι,
2118 3448 2147 3471 v,
2166 3439 2191 3466 8.
2209 3453 2229 3460 ·-
2247 3439 2422 3471 Quandoam

1758 3476 1791 3502 sit
1810 3477 1938 3502 maximus
1952 3477 2028 3502 calor.
2044 3476 2073 3506 ΙΙ,
2086 3483 2119 3507 ιι,
2134 3475 2160 3502 8.
2172 3489 2192 3496 -
2207 3475 2275 3501 Vide
2289 3475 2417 3501 ὅτευ-ΑΙ.

1721 3512 1819 3537 Souna
1838 3526 1872 3531 —
1897 3512 1961 3537 Vide
1979 3512 2080 3537 Morus.

1722 3547 1864 3574 Srncuwn
1883 3561 1917 3566 —
1935 3547 1976 3572 De
1993 3547 2094 3573 visione
2111 3547 2149 3572 rei
2168 3547 2194 3572 in
2212 3546 2330 3580 speculo.
2348 3544 2368 3577 Ι,
2385 3551 2423 3576 xx,

1757 3590 1783 3614 4.
1803 3590 1845 3614 ιιι,
1865 3582 1891 3608 8.
1911 3583 1953 3616 Gt.
1972 3582 1991 3612 1.
2005 3589 2066 3614 yut,v
2080 3589 2105 3608 2.

1721 3619 1849 3644 SPEARRA
1868 3632 1902 3637 —-
1916 3618 1955 3643 De
1969 3617 2139 3651 dispositione
2153 3616 2279 3650 sphaerae
2291 3615 2420 3642 caelestis.
