2690 4062
68 2736 185 2764 'figurali
189 2737 276 2761 Petrus.

68 2996 78 3007 ⁶
93 2996 163 3019 Num.
177 3003 197 3025 5.

63 3022 87 3034 ⁴⁵*
93 3023 208 3051 effectibus
214 3024 275 3047 eda.

66 3049 77 3060 ⁶
91 3049 155 3072 Lect.
169 3057 217 3079 seq.

68 3178 79 3189 ⁴¹
93 3177 163 3199 Num.
177 3185 200 3205 4.

65 3354 76 3366 ⁴
90 3354 162 3376 Num.
176 3360 225 3383 seq.

65 3398 74 3407 ·
89 3397 213 3419 secundum
228 3398 274 3420 cfr-

63 3424 137 3445 culum
157 3425 211 3447 add.
231 3425 273 3447 Pe-

64 3453 122 3473 trus·

305 274 388 299 LXIV

308 341 418 383 ἕτεροι
443 335 472 369 δ’
501 338 562 369 εἰσὶ
586 336 660 369 καθ’
690 336 745 373 οὖς
778 335 838 368 οὐκ
867 335 959 366 ἔστιν
992 334 1134 365 ἐναντία
1167 330 1369 375 πνεύματα·

375 383 442 414 ἀπό
468 384 529 427 μέν
554 383 617 427 γαρ
645 381 707 413 τοῦ
724 382 740 411 Ι
761 380 797 412 ὃν
821 379 963 410 καλοῦσι
984 377 1161 421 θρασκίαν·
1190 374 1288 411 οὗτος
1305 375 1368 420 γοίρ

374 425 472 471 μέσος
507 425 672 472 ἀργέστου
705 427 762 456 καὶ
797 424 1004 466 ἀπαρκτίου·
1033 419 1100 452 ἀπό
1131 418 1168 451 δέ
1194 419 1256 450 τοῦ
1280 419 1309 449 K
1333 418 1368 450 ὃν

372 471 516 503 καλοῦσι
541 469 663 513 μέσην·
691 468 791 505 οὗτος
815 468 878 512 γοὲρ
904 466 1003 509 μέσος
1027 465 1158 495 καικίου
1182 464 1240 493 καὶ
1262 463 1371 507 ἀπαρ-

374 517 483 547 κτίου.
518 516 560 546 Ἡ
583 510 620 545 δέ
646 513 708 544 τοῦ
734 513 779 542 IK
803 507 984 554 διάμετρος
1007 508 1170 549 βούλεται
1187 507 1248 549 μὲν
1272 507 1370 538 κατ-οὶ

375 560 434 590 τόν
459 555 517 590 διαὶ
547 558 677 594 παντὸς
709 553 794 588 εἶναι
826 553 1047 598 φαινόμενον,
1075 549 1134 584 οὐκ
1162 550 1295 594 ἀκριβοῖ
1317 545 1365 581 δέ.

367 603 534 635 Ἐναντία
558 598 595 633 δὲ
622 600 759 637 τούτοις
784 599 844 632 οὐκ
870 598 943 630 ἔστι
968 601 1039 633 τοῖς
1065 593 1267 639 πνεύμασιν,
1286 594 1367 627 οὔτε

375 646 422 687 τῷ
449 646 603 691 θρασκία,
626 645 704 676 οὔτε
731 644 778 684 τῷ
799 642 883 687 μέσῃ
911 640 1023 684 (ἔπνει
1047 641 1112 685 γοὶρ
1132 639 1172 671 α”ν
1190 650 1241 676 τις
1259 639 1308 682 ἐφ’
1330 637 1368 671 οὗ

375 691 416 721 τό
441 692 491 722 Μ·
518 691 624 723 τοῦτο
649 689 711 734 γαρ
736 688 831 719 κατοί
854 684 1070 730 διάμετρον),
1093 684 1173 716 οὔτε
1199 684 1248 724 τῷ
1266 684 1295 724 Ι,
1318 683 1366 724 τῷ

375 733 533 777 θρασκία·
561 735 652 766 ἐ’πνει
669 733 731 778 γαρ
751 730 790 763 ὀὶν
810 731 878 763 ἀπό
898 729 960 761 τοῦ
984 730 1027 760 Ν·
1056 729 1163 760 τοῦτο
1184 729 1247 781 γαρ
1273 728 1369 759 κατοὶ

374 773 555 824 διάμετρον
581 778 621 809 τό
647 779 796 820 σημεῖον,
816 776 843 807 εὶ
861 774 907 819 μή
931 774 987 806 ἀπ’
1010 773 1119 805 αὐτοῦ
1145 775 1201 804 καὶ
1227 773 1280 804 επ’
1303 772 1368 804 ὀλί-

374 834 433 867 γον
460 827 536 854 πνεῖ
559 833 609 858 τις
636 820 768 864 ἄνεμος,
796 820 832 852 ὃν
856 818 1018 850 καλοῦσιν
1040 819 1070 849 οἰ
1088 818 1161 860 περὶ
1179 817 1239 849 τὸν
1258 815 1366 848 τόπον

373 869 500 902 ἐκεῖνον
525 866 699 910 φοινικίσιν.
735 865 785 895 Tot
808 863 867 907 μὲν
894 860 949 896 οὖν
981 860 1181 906 κυριώτατα
1209 862 1266 891 καὶ
1292 856 1367 891 διω-

373 909 510 958 ρισμένα
536 907 719 952 πνεύματα
740 906 841 940 ταῦτ’
863 907 935 939 ἐστὶ
961 908 1018 938 καὶ
1045 906 1171 937 τοῦτον
1190 903 1364 936 τέτακται

375 957 434 989 τόν
460 953 602 998 τρόπον·

308 1001 368 1033 τοῦ
395 996 422 1031 δ’
451 995 536 1030 εἶναι
562 998 694 1033 πλείους
728 995 867 1040 ἀνέμους
895 995 964 1027 ἀπὸ
990 994 1056 1026 τῶν
1090 995 1169 1036 πρός
1196 991 1318 1037 ἄρκτον
1345 991 1366 1028 ἦ

374 1045 440 1076 τῶν
467 1043 546 1085 πρός
571 1041 777 1085 μεσημβρίαν
811 1042 921 1072 αἴτιον
948 1037 989 1070 τό
1015 1050 1052 1070 τε
1079 1039 1144 1074 τήν
1171 1036 1366 1081 οἰκουμένην

373 1084 571 1122 ὑποκεῖσθαι
597 1086 676 1128 πρός
702 1085 827 1118 τοῦτον
853 1086 912 1117 τόν
939 1082 1060 1123 τόπον,
1087 1084 1144 1113 καὶ
1172 1080 1225 1113 ὅτι
1252 1082 1365 1123 πολλῷ

373 1134 487 1164 πλεῖον
514 1127 598 1173 ὕδωρ
623 1131 680 1160 καὶ
704 1131 786 1173 χιών
807 1127 996 1161 ἀπωθεῖται
1014 1127 1058 1165 εἰς
1078 1126 1184 1159 τοῦτο
1213 1127 1251 1158 τό
1269 1124 1366 1170 μέρος

371 1172 429 1208 δια
452 1175 493 1207 τό
518 1173 614 1206 ἐκεῖν’
644 1173 709 1205 ὑπὸ
735 1174 795 1206 τὸν
827 1172 922 1210 ἥλιον
948 1168 1034 1203 εἶναι
1064 1171 1122 1202 καὶ
1148 1171 1213 1208 τήν
1239 1170 1365 1203 ἐκείνου

371 1221 487 1265 φοροὶν,
506 1218 549 1250 ὦν
568 1216 760 1261 τηκομένων
779 1217 823 1254 εἰς
845 1218 909 1254 τήν
934 1216 999 1262 γῆν
1024 1218 1081 1246 καὶ
1099 1213 1365 1260 θερμαινομένων

371 1265 436 1298 ὑπὸ
462 1264 523 1295 τοῦ
549 1263 644 1299 ἡλίου
675 1263 733 1293 καὶ
758 1262 820 1298 τῆς
845 1262 927 1307 γῆς,
955 1261 1022 1294 ἀνα.
1047 1263 1142 1291 καῖον
1169 1261 1274 1291 πλείω
1307 1261 1364 1291 καὶ

370 1310 425 1340 ἐπὶ
452 1309 554 1340 πλείω
579 1304 686 1338 τόπον
711 1305 862 1352 γίνεσθαι
880 1305 944 1342 τήν
964 1303 1029 1338 ἀνα
1053 1305 1186 1348 υμίασιν
1204 1298 1263 1336 8ιοί
1279 1303 1366 1336 ταύ-

371 1364 432 1390 την
457 1353 522 1389 τήν
548 1351 677 1383 αἰτίαν.

295 1397 394 1430 Ἔστι
426 1393 462 1428 δὲ
493 1396 560 1428 τῶν
594 1393 772 1438 εἰρημένων
805 1405 886 1426 πνευ
917 1392 1009 1427 α’των
1041 1393 1160 1438 βορέας
1193 1394 1252 1437 μὲν
1285 1393 1302 1425 ὂ
1328 1392 1360 1424 τ’

371 1441 564 1485 ἀπαρκτίας
583 1439 794 1483 κυριώτατα,
812 1441 871 1470 καὶ
907 1441 1047 1482 ρασκίας
1071 1440 1128 1470 καὶ
1146 1436 1265 1482 μέσης.
1294 1438 1310 1470 ὁ
1327 1436 1365 1468 δὲ

368 1487 502 1523 καικίας
525 1485 636 1522 κοινός
663 1483 860 1520 ἀπηλιώτου
883 1485 941 1515 καὶ
966 1482 1102 1527 βορέου·
1129 1482 1226 1520 νότος
1244 1480 1272 1513 δ’
1293 1480 1312 1514 δ’
1329 1482 1359 1514 τ’

368 1531 525 1576 ἰθαγενῆς
549 1529 565 1561 0‘
593 1528 662 1561 ἀπὸ
688 1528 894 1573 μεσημβρίας
922 1530 980 1560 καὶ
1004 1525 1077 1571 λίψ·
1106 1526 1305 1565 ἀπηλιώτης
1331 1522 1360 1557 δ’

369 1575 387 1609 ὅ
405 1577 433 1607 τ’
458 1574 515 1607 ἀπ’
538 1573 710 1610 ἀνατολῆς
733 1572 924 1617 ἰσημερινῆς
947 1574 1005 1604 καὶ
1025 1572 1041 1603 ὁ
1057 1570 1168 1618 εὖρος·
1195 1573 1211 1604 ὁ
1237 1571 1275 1604 δὲ
1295 1582 1364 1615 φοι-

368 1622 472 1658 νικίας
496 1616 622 1655 κοινός·
647 1617 783 1661 ζέφυρος
807 1616 835 1649 δ’
866 1617 883 1648 ὅ
907 1617 938 1650 τ’
959 1617 1117 1662 ἰθαγενής
1141 1618 1198 1649 καὶ
1224 1617 1240 1649 ὁ
1269 1614 1364 1662 ἀργέ-

369 1677 450 1702 στης
479 1661 698 1706 καλούμενος.
731 1663 835 1700 ’Ὀλως
860 1660 898 1693 δὲ
924 1663 971 1695 τοὶ
994 1664 1053 1707 μὲν
1083 1661 1199 1706 βόρεια
1229 1661 1363 1694 τούτων

366 1711 538 1748 καλεῖται,
565 1706 613 1738 τοὶ
636 1703 673 1738 δὲ
698 1707 814 1740 νότια·
842 1705 1064 1750 προστίθεται
1089 1706 1126 1738 δέ
1152 1707 1200 1738 τοὶ
1223 1706 1284 1750 μὲν
1308 1706 1361 1748 ζε-

367 1754 486 1798 φυρικσὶ
506 1751 552 1793 τῷ
572 1750 673 1795 βορέᾳ
701 1750 910 1797 (ψυχρότερα
926 1752 990 1805 γάρ
1009 1747 1068 1783 διαὶ
1084 1752 1126 1784 τό
1145 1751 1214 1783 ἀπὸ
1231 1746 1363 1796 δυσμῶν

369 1797 497 1841 πνεῖν),
523 1794 608 1835 νότῳ
632 1794 671 1828 δέ
695 1798 744 1830 τοὶ
762 1797 982 1833 ἀπηλιωτικα
1007 1795 1211 1851 (θερμότερα
1227 1796 1292 1841 γοίρ
1315 1795 1363 1836 τῷ

369 1842 425 1875 ἀπ’
449 1839 620 1877 ἀνατολῆς
638 1842 764 1884 πνεῖν).
793 1839 1018 1885 Διωρισμένων
1036 1852 1093 1873 ουν
1112 1841 1160 1882 τῷ
1177 1838 1288 1886 ψυχρῷ
1305 1841 1363 1872 καὶ

368 1887 415 1928 τῷ
440 1885 474 1917 θε
496 1886 545 1929 μῷ
570 1887 628 1916 καὶ
653 1884 788 1928 ἀλεεινῷ
807 1886 874 1917 τῶν
892 1884 1094 1929 πνευμάτων
1113 1883 1221 1922 οὕτως
1247 1883 1366 1917 ἑκοίλε-

367 1941 447 1963 σαν·
473 1898 659 1976 εερμότερα
682 1929 719 1962 δὲ
745 1931 791 1963 τοὶ
817 1930 886 1964 ἀπὸ
907 1930 970 1967 τῆς
989 1928 1031 1962 ἕω
1047 1931 1116 1963 τῶν
1134 1929 1204 1962 ἀπὸ
1221 1929 1362 1974 δυσμῆς,

367 1974 422 2008 ὅτι
447 1976 550 2007 πλείω
580 1974 699 2020 χρόνον
725 1975 791 2007 ὑπὸ
816 1977 876 2008 τὸν
901 1972 997 2011 ἥλιόν
1024 1975 1097 2008 ἐστι
1122 1976 1170 2008 τοὶ
1195 1971 1255 2007 ἀπ’
1285 1975 1366 2008 ἀνα-

368 2020 490 2057 τολῆς·
517 2020 565 2051 τοὶ
584 2017 611 2053 δ’
635 2020 703 2052 ἀπὸ
727 2015 788 2052 δυσ
816 2021 855 2058 ἧς
882 2017 1062 2052 ἀπολείπει
1086 2031 1125 2051 τε
1150 2018 1280 2052 θᾶττον
1305 2021 1363 2051 καὶ

368 2063 548 2107 πλησιοίζει
573 2066 621 2108 τῷ
645 2063 740 2106 τόπῳ
767 2031 970 2109 ὀιῖ-ιαίτερον.

355 2184 357 2187 .
486 2176 498 2187 υ,
527 2167 535 2179 =
547 2162 699 2198 ostquam
716 2151 940 2197 Philosophus
960 2151 1190 2186 determinavit
1205 2151 1246 2186 de
1262 2160 1355 2186 motu

358 2223 377 2240 ,μ’
412 2202 477 2243 2¹3)
504 2206 579 2230 et
603 2197 708 2230 causis
732 2205 842 2230 motus
866 2205 1060 2238 ventorum,
1084 2196 1138 2230 hic
1161 2196 1358 2231 determinat

363 2244 367 2249 “
436 2282 438 2284 ¹
493 2237 519 2283 ᾗ
547 2241 587 2275 de
610 2242 774 2286 positione
798 2250 830 2275 et
854 2242 1099 2281 contrarietate,
1131 2250 1164 2275 et
1187 2241 1258 2275 aliis
1282 2253 1356 2293 pas-

373 2293 380 2304 *
416 2264 530 2333 ,ζῃῖᾗι
547 2285 693 2320 sionibus
718 2287 786 2319 sive
810 2285 978 2319 affectibus
1002 2296 1019 2312 α
1038 2297 1164 2319 eorum.
1182 2286 1224 2320 Et
1247 2297 1356 2331 primo

406 2322 518 2361 efflem-
546 2331 722 2375 praemittit
744 2331 961 2364 intentionem
985 2342 1096 2372 suam,
1127 2331 1238 2364 dicens
1267 2330 1359 2376 quod

302 2383 377 2420 post
400 2374 704 2409 determinationem
728 2375 970 2420 praedictorum
986 2375 1164 2409 dicendum
1188 2384 1238 2409 est
1253 2375 1288 2410 de
1305 2382 1359 2421 po-

301 2420 421 2460 sitione,
446 2418 529 2452 idest
559 2420 623 2453 situ
648 2428 679 2453 et
703 2419 834 2460 ordine,
858 2420 1007 2464 ipsorum
1035 2429 1229 2461 ventorum,
1258 2429 1291 2454 et
1319 2419 1359 2454 de

302 2464 536 2504 contrarietate,
560 2463 681 2497 scilicet
705 2465 761 2509 qui
785 2465 849 2498 sint
872 2465 1024 2498 contrarii
1048 2465 1133 2498 inter
1151 2476 1202 2506 se,
1222 2473 1255 2498 et
1273 2476 1358 2510 quos

302 2507 455 2552 possibile
472 2517 520 2541 est
536 2508 634 2542 simul
656 2508 732 2542 flare
749 2517 781 2542 et
798 2520 882 2554 quos
898 2509 1111 2554 impossibile.
1136 2508 1359 2544 Consideran-

303 2552 383 2586 dum
397 2561 446 2586 est
461 2553 558 2586 etiam
582 2553 638 2597 qui
662 2561 738 2586 sunt
761 2553 943 2587 secundum
966 2554 1111 2587 nominis
1135 2555 1307 2595 rationem,
1327 2563 1360 2588 et

304 2605 385 2641 quot
401 2605 477 2630 sunt
499 2597 679 2630 secundum
702 2609 888 2631 numerum.
911 2597 1029 2632 Adhuc
1050 2607 1161 2632 autern
1177 2598 1218 2633 de
1234 2599 1360 2644 passio-

303 2640 399 2674 nibus
416 2649 448 2674 et
463 2641 693 2682 accidentibus,
710 2642 777 2675 sive
794 2641 834 2676 de
854 2641 1022 2676 affectibus
1038 2654 1166 2683 eorum,
1183 2654 1267 2688 quae
1283 2655 1360 2677 con-

304 2685 351 2718 tin
376 2686 399 2718 't
415 2685 617 2719 considerare
634 2686 668 2720 in
684 2685 930 2730 particularibus
946 2687 1191 2722 Problematibus.
1213 2688 1254 2722 Et
1270 2688 1359 2722 hunc

305 2741 342 2763 or
366 2730 452 2763 inem
476 2739 605 2774 oportet
629 2730 832 2765 manifestare
857 2743 896 2765 ex
920 2731 1138 2777 descriptione
1162 2732 1319 2777 singulari
1334 2732 1360 2774 ⁴¹,

305 2773 516 2808 describendo
539 2775 589 2808 sin
638 2774 687 2808 los
710 2784 836 2809 ventos.
1159 2791 1166 2798 s

359 2828 388 2852 2.
414 2818 566 2852 Secundo
590 2820 600 2852 i
624 2820 651 2852 i:
678 2819 865 2855 Describitur
886 2821 1005 2866 quidem
1027 2822 1120 2865 igitur
1142 2830 1223 2863 etc.,
1247 2833 1361 2867 prose-

304 2862 413 2907 quitur
442 2863 604 2896 intentum
635 2875 742 2898 suum.
773 2867 815 2898 Et
838 2866 922 2898 circa
945 2865 1009 2899 hoc
1039 2866 1099 2899 tria
1122 2865 1220 2900 facit:
1274 2867 1360 2900 rimo

305 2907 446 2940 ostendit
468 2908 665 2952 positionem
691 2914 723 2942 e't
745 2909 894 2943 ordinem
916 2919 1112 2952 ventorum;
1136 2922 1237 2944 secun
1262 2923 1290 2945 o·
1307 2911 1361 2945 de-

303 2952 453 2985 terminat
472 2951 511 2985 de
528 2953 753 2987 contrarietate
769 2965 896 2995 eorum,
909 2954 963 2987 ibi:
987 2954 1141 2998 Quoniam
1157 2956 1251 2999 igitur
1260 2956 1360 3001 pluri-

301 2998 492 3037 mum*etc.;
508 2997 602 3030 tertio
621 2996 660 3031 de
680 2997 900 3031 accidentibus
920 2999 989 3032 sive
1006 2998 1176 3033 affectibus
1187 3002 1222 3022 ¹⁸*
1234 3011 1361 3041 eorum,

302 3039 361 3073 ibi:
387 3039 433 3074 Sic
448 3047 547 3074 autem
561 3042 706 3075 ordinatis
728 3043 822 3076 ventis
833 3042 849 3060 ‘¹
861 3051 922 3076 etc.
943 3044 1052 3077 Prima
1076 3044 1194 3078 iterum
1211 3045 1245 3078 in
1261 3044 1359 3078 duas:

302 3084 408 3128 primo
420 3086 597 3129 praemittit
612 3086 771 3131 quaedam
788 3087 967 3121 necessaria
980 3087 1020 3122 ad
1033 3089 1242 3133 propositum
1255 3098 1362 3123 osten—

303 3127 463 3170 dendum;
488 3129 632 3163 secundo
651 3130 818 3165 concludit
836 3132 1056 3176 propositum,
1074 3132 1134 3166 ibi:
1156 3133 1307 3178 sicigitur
1328 3135 1361 3167 in

301 3183 358 3216 quo
380 3173 411 3206 A
426 3173 442 3190 ⁸¹
461 3181 520 3206 etc.
553 3174 647 3208 Circa
670 3175 813 3219 primurn
837 3175 904 3210 duo
929 3176 1019 3210 facit:
1051 3178 1160 3222 primo
1184 3179 1362 3222 praemittit

302 3215 467 3260 quoddam
489 3219 708 3252 necessarium
732 3219 771 3253 ad
796 3220 1032 3254 ostendendam
1057 3222 1257 3266 positionem
1280 3234 1358 3256 ven-

302 3269 410 3294 torum
418 3273 428 3302 ;
452 3262 597 3296 secundo
621 3263 788 3308 quoddam
812 3264 902 3309 quod
925 3274 975 3298 est
997 3267 1218 3300 necessarium
1241 3266 1282 3300 ad
1307 3267 1360 3301 de-

303 3304 483 3338 clarandam
506 3318 621 3340 eorum
646 3308 924 3348 contrarietatem,
949 3309 1010 3342 ibi:
1044 3310 1105 3356 Sup
1126 3317 1238 3345 onatur
1260 3318 1361 3345 autem

297 3349 395 3392 primo
418 3350 534 3393 quidem
546 3352 563 3372 *
578 3359 637 3384 etc.
661 3352 751 3385 Dicit
774 3364 852 3396 ergo
873 3353 991 3397 primo,
1016 3317 1125 3399 quodp
1123 3366 1162 3388 ex
1178 3367 1245 3400 quo
1262 3367 1359 3400 opor-

302 3400 418 3425 tunum
434 3402 482 3426 est
499 3394 648 3428 ordinem
663 3405 838 3430 ventorum
855 3396 1059 3432 manifestare
1074 3411 1114 3432 ex
1130 3398 1359 3444 descriptione,

302 3444 338 3469 ut
350 3437 453 3481 magis
466 3438 633 3472 manifesta
648 3440 712 3473 sint
725 3439 871 3482 dicenda,
884 3441 1083 3476 describatur
1095 3443 1234 3477 horizon
1246 3444 1272 3485 *,
1283 3446 1360 3489 quia

353 3587 380 3619 α)
400 3587 543 3621 affectibus.
560 3602 579 3607 -
596 3589 632 3614 Ita
651 3594 720 3622 patet
734 3590 783 3624 legi
803 3591 896 3616 debere
915 3599 974 3617 cum
994 3594 1069 3618 Petro
1089 3594 1120 3619 de
1139 3595 1259 3620 Alvemia
1277 3595 1318 3621 hic
1336 3600 1362 3621 et

300 3622 366 3647 circa
380 3621 458 3647 finem
477 3623 575 3648 numeri
582 3630 590 3654 ;
609 3631 626 3649 a
645 3624 781 3658 affectibus
799 3626 851 3656 Pa‚·
871 3627 902 3652 cf.
921 3635 992 3653 num.
1012 3636 1069 3661 seq.

1013 252 1599 294 METEOROLOGICORUM
1628 251 1723 287 LIB.
1754 251 1786 286 II

1425 331 1488 361 Alii
1508 336 1616 362 autem
1638 336 1714 360 sunt
1738 330 1917 360 secundum
1933 339 2016 370 quos
2040 339 2107 360 non
2130 335 2205 360 sunt
2229 329 2375 360 contrarii
2394 331 2498 362 venti:

1492 385 1510 405 a
1533 374 1560 405 C
1585 373 1718 415 quidem
1749 374 1835 404 enim
1858 383 1957 415 quem
1979 380 2096 404 vocant
2119 373 2306 412 thrasciam,
2330 374 2389 405 iste
2413 375 2500 406 enim

1492 418 1616 449 medius
1641 418 1769 458 argestis
1793 425 1824 449 et
1847 417 2016 458 aparctiae:
2042 428 2060 448 a
2083 418 2114 448 K
2133 424 2242 448 autem
2265 428 2364 459 quem
2383 426 2500 451 vocant

1490 472 1616 502 mesen,
1643 462 1703 493 iste
1736 462 1823 493 enim
1849 462 1974 494 medius
2003 461 2122 492 caeciae
2151 468 2182 492 et
2210 462 2375 502 aparctiae.
2407 464 2499 501 Quae

1491 514 1600 537 autem
1631 505 1691 537 CK
1714 503 1867 537 diameter
1898 506 1968 537 vult
2000 506 2133 547 quidem
2163 507 2341 537 secundum
2373 517 2500 548 semper

1491 557 1697 591 apparentem
1721 560 1799 589 esse,
1823 560 1891 582 non
1915 550 2173 581 certitudinaliter
2195 557 2324 581 autem:
2350 552 2498 583 contrarii

1491 602 1599 626 autem
1617 605 1684 625 non
1701 602 1776 626 sunt
1790 595 1839 625 his
1855 595 1957 625 ventis
1963 602 1973 634 3
1994 605 2098 636 neque
2114 594 2195 625 mesi
2215 593 2318 638 (flaret
2333 592 2420 627 enim
2433 596 2496 627 uti-

1491 649 1554 682 que
1571 638 1686 680 aliquis
1701 640 1740 670 ab
1755 649 1795 670 eo
1810 639 1844 671 in
1860 649 1927 680 quo
1939 640 1989 677 M,
2006 639 2067 670 hoc
2083 639 2169 671 enim
2184 639 2363 671 secundum
2379 640 2498 672 diame-

1490 682 1608 726 trum);
1629 693 1733 725 neque
1751 683 1813 724 ipsi
1832 683 1859 715 C
1876 684 2028 715 thrasciae
2045 682 2147 727 (flaret
2163 683 2250 714 enim
2269 684 2380 725 utique
2395 686 2434 715 ab
2450 686 2495 724 N,

1490 728 1552 758 hoc
1568 727 1655 758 enirn
1674 728 1802 768 signum
1818 729 1997 759 secundum
2012 726 2229 771 diametrum),
2247 727 2273 759 si
2288 738 2355 759 non
2369 729 2409 760 ab
2424 729 2497 770 ipso

1491 779 1522 803 et
1544 772 1584 803 ad
1607 773 1774 804 modicum
1798 772 1853 805 flat
1875 773 2008 815 quidam
2030 779 2155 811 ventus,
2179 783 2279 814 quem
2301 780 2418 804 vocant
2441 773 2498 815 qui

1490 817 1570 847 circa
1593 816 1703 847 locum
1725 816 1830 856 illum,
1845 816 2059 858 phoeniciam.
2084 817 2342 858 Principalissimi
2365 817 2497 859 quidem

1489 861 1584 901 igitur
1611 861 1717 900 venti,
1746 868 1777 892 et
1805 862 2003 894 determinati
2033 868 2108 893 sunt
2130 861 2182 901 hi;
2211 868 2242 893 et
2269 861 2332 893 hoc
2359 862 2497 894 ordinati

1490 912 1565 936 sunt
1587 905 1698 936 modo.

1422 994 1555 1024 Essendi
1579 1000 1686 1025 autem
1714 994 1821 1035 plures
1844 1001 1957 1026 ventos
1981 1005 1999 1025 a
2021 994 2100 1026 locis
2123 995 2164 1025 ad
2187 1001 2311 1026 arctum
2333 1005 2433 1037 quam
2455 995 2496 1027 ab

1489 1038 1538 1069 his
1561 1038 1618 1079 qui
1641 1038 1681 1068 ad
1709 1039 1891 1078 meridiem,
1920 1049 2031 1078 causa,
2059 1038 2264 1070 habitabilem
2291 1040 2433 1081 supponi
2455 1039 2497 1071 ad

1487 1083 1574 1114 hunc
1597 1083 1719 1122 locum,
1735 1090 1766 1114 et
1788 1083 1864 1124 quia
1886 1083 1991 1115 multo
2015 1083 2088 1123 plus
2111 1093 2195 1124 aqua
2209 1090 2240 1114 et
2255 1083 2310 1114 nix
2330 1084 2496 1125 reponitur

1487 1127 1521 1159 in
1543 1127 1626 1159 hanc
1654 1134 1793 1168 partem,
1822 1128 1899 1169 quia
1928 1128 1982 1158 illa
2011 1128 2070 1159 sub
2094 1127 2163 1158 sole
2193 1134 2268 1159 sunt
2290 1135 2322 1160 et
2343 1128 2429 1160 illius
2451 1128 2496 1160 h-

1487 1172 1594 1211 tione;
1617 1171 1736 1213 quibus
1758 1171 1936 1214 liquefactis
1960 1172 1993 1203 in
2016 1179 2143 1210 terram,
2163 1178 2195 1203 et
2217 1172 2375 1204 calefactis
2393 1183 2413 1204 a
2427 1172 2496 1205 sole

1488 1223 1519 1247 et
1541 1223 1636 1255 terra,
1661 1217 1875 1248 necessarium
1899 1217 2090 1258 ampliorem
2118 1223 2149 1247 et
2171 1216 2213 1246 ad
2235 1217 2362 1257 plurem
2383 1217 2496 1249 locum

1486 1260 1554 1292 fieri
1577 1261 1811 1294 exhalationem
1834 1269 1966 1304 propter
1987 1261 2072 1293 hanc
2093 1270 2232 1293 causam.

1419 1394 1477 1426 Est
1506 1401 1615 1426 autem
1645 1395 1806 1426 dictorum
1837 1392 2009 1426 'ventorum
2022 1417 2031 1433 ‚
2064 1395 2178 1428 boreas
2209 1395 2343 1438 quidem
2366 1395 2498 1439 :quiq-fl

1487 1439 1639 1480 aparctias
1661 1446 1695 1471 et
1716 1449 1836 1479 meses,
1860 1439 2139 1481 principalissima,
2163 1446 2196 1472 et
2321 1439 2329 1448 ⁸
2372 1449 2495 1479 ‚eom-

1488 1484 1596 1515 munis
1613 1484 1742 1525 argestis
1765 1490 1797 1516 et
1819 1485 1950 1525 boreae;
1973 1491 2080 1516 aunei·
2101 1491 2211 1522 uatem
2230 1484 2351 1527 quique
2373 1484 2495 1526 iuge-

1486 1538 1553 1568 nes,
1577 1529 1634 1571 qui
1655 1538 1674 1560 a
1687 1529 1831 1571 meridie,
1854 1535 1886 1561 et
1909 1528 1986 1560 libs:
2009 1529 2163 1570 apeliotes
2184 1535 2295 1561 autem
2317 1528 2439 1572 quiq‘ue
2453 1529 2495 1560 ab
2526 1558 2529 1559 γ
2550 1531 2552 1534 ’

1486 1572 1607 1605 oriente
1623 1573 1859 1615 aequinoctiali,
1881 1579 1912 1604 et
1936 1581 2050 1613 eurus;
2073 1573 2259 1616 phoenicia
2281 1574 2494 1615 numenn-

1486 1618 1611 1649 munis:
1635 1618 1925 1660 zephyrus-utem
1953 1618 2075 1660 quique
2097 1617 2277 1659 ithagenes,
2303 1625 2339 1650 et·
2357 1621 2496 1660 operes

1485 1670 1626 1694 vocatus.
1648 1662 1872 1705 Universaliter
1890 1669 1999 1694 autem
2016 1662 2050 1694 hi
2069 1663 2202 1704 quidem
2217 1662 2496 1706 borealeslnwm

1485 1714 1663 1746 vocantur,
1687 1707 1720 1738 hi
1743 1713 1853 1739 autem
1875 1707 2044 1738 australes:
2069 1714 2279 1750 apponuntur
2303 1707 2497 1754 amns&

1486 1751 1609 1794 phyrici
1632 1752 1764 1794 quidem
1783 1752 1898 1784 boreae
1921 1749 2117 1795 (frigidiores
2134 1752 2233 1792 enim,
2249 1752 2329 1794 quin
2342 1751 2494 1792 appeci-

1486 1797 1580 1828 dente
1603 1795 1717 1840 flant);
1740 1803 1849 1828 austro
1877 1802 1986 1833 autem
2013 1795 2173 1838 apeliotici
2194 1795 2495 1840 (calidio-Lmim

1486 1841 1562 1883 quia
1590 1842 1630 1872 nb
1658 1841 1781 1872 oriente
1807 1839 1914 1884 flant).
1945 1841 2172 1872 Determinatis
2198 1841 2299 1882 igitur
2323 1840 2440 1883 &gib
2463 1847 2495 1874 et

1487 1886 1589 1917 calido
1623 1893 1654 1917 et
1684 1893 1833 1918 aestuoso
1863 1885 1985 1925 ventis,
2014 1885 2058 1917 sic
2084 1892 2299 1917 vocaverunt:
2329 1885 2495 1918 calidiores

1486 1931 1573 1962 enim
1596 1930 1652 1972 qui
1675 1931 1716 1962 ab
1739 1930 1861 1962 oriente
1890 1927 1940 1962 his
1963 1930 2020 1972 qui
2044 1930 2084 1962 ab
2106 1930 2287 1970 occidente,
2308 1929 2503 1972 quin-pini¹

1486 1982 1631 2016 tempore
1653 1976 1714 2007 sub
1736 1975 1806 2006 sole
1827 1981 1904 2006 sunt
1930 1975 1987 2017 qui
2010 1975 2049 2006 ab
2072 1974 2214 2014 oriente3
2227 1974 2229 1978 ⁴
2243 1974 2300 2016 qui
2315 1975 2432 2007 «niam
2454 1974 2495 2007 nb

1485 2020 1670 2060 occidente,
1694 2020 1933 2061 dereliquerunt
1959 2017 2053 2052 citius
2082 2026 2115 2052 et
2136 2019 2401 2069 appropinqu-nt
2419 2018 2495 2052 loco

1485 2064 1614 2097 tardius.
2356 2064 2428 2093 :zi

1455 2135 1469 2145 ,
2284 2132 2288 2135 ,
2340 2134 2347 2139 .
2368 2121 2373 2137 ;
2391 2118 2432 2137 tx

1413 2151 1553 2186 horizon
1572 2161 1623 2185 est
1646 2151 1788 2185 circulus
1807 2150 1954 2196 quidam,
1973 2160 2112 2204 propter
2133 2151 2225 2196 quod
2244 2151 2348 2186 etiam
2368 2154 2502 2187 ests&-

1413 2196 1547 2238 tundus,
1564 2195 1719 2248 decidens
1742 2195 1870 2248 caelum
1892 2195 2016 2230 scilicet
2038 2207 2074 2230 m
2098 2195 2167 2231 duo
2186 2195 2445 2248 hemisphaeria,
2460 2205 2494 2231 et

1414 2253 1454 2275 ex
1477 2252 1578 2276 conse
1603 2250 1694 2275 uenti
1717 2250 1898 2275 terminans
1920 2252 2031 2275 visum
2059 2250 2213 2276 nostrum
2241 2252 2327 2275 circa
2348 2249 2493 2283 meam,

1414 2287 1491 2332 quia
1515 2285 1582 2320 divi
1606 2286 1632 2319 it
1662 2284 1926 2330 hemisphaeria,
1957 2285 2043 2320 idest
2072 2293 2200 2331 partem
2230 2285 2311 2319 caeli
2337 2286 2444 2320 visam
2474 2297 2495 2320 a

1414 2330 1511 2364 nobis
1535 2342 1554 2364 a
1601 2339 1668 2364 arte
1693 2341 1762 2364 non
1785 2330 1867 2364 visa.
1980 2353 1983 2356 ι
2335 2344 2344 2360 .·
2376 2343 2389 2360 r:
2423 2331 2428 2338 ’

1460 2342 1750 2410 Consid'erandum
1766 2383 1816 2408 est
1831 2383 1943 2409 autem
1960 2374 2051 2420 quod
2067 2374 2259 2409 horizontes
2282 2374 2399 2420 piures
2412 2378 2495 2409 'sunt

1415 2428 1448 2454 et
1471 2419 1609 2462 diversi,
1640 2419 1826 2454 secundum
1851 2419 1995 2454 diversas
2025 2428 2134 2464 partes
2163 2428 2276 2454 terrae·
2297 2418 2492 2461 habitabilis.

1414 2464 1495 2500 Non
1509 2465 1600 2498 enirn
1616 2473 1667 2499 est
1683 2463 1772 2498 idem
1788 2463 1929 2498 horizon
1946 2463 2169 2498 habitantibus
2185 2463 2403 2506 hicParisine
2411 2463 2440 2517 ἢ,
2458 2472 2493 2498 et

1415 2508 1637 2543 habitantibus
1654 2509 1792 2544 Romae.
1805 2509 1894 2543 Nam
1911 2519 1989 2542 cum
2001 2517 2086 2542 terra
2102 2507 2247 2542 Parisius
2263 2509 2308 2542 sit
2323 2507 2492 2550 decliner,

1416 2563 1450 2588 et
1471 2554 1598 2589 Romae
1621 2553 1740 2595 altior,
1771 2564 1814 2587 eo
1837 2552 1929 2598 quod
1957 2561 2029 2587 tom
2051 2561 2136 2587 terra
2165 2561 2216 2587 est
2238 2551 2414 2595 rotundis,-
2433 2553 2504 2599 φῖ

1416 2598 1564 2632 habitant
1579 2598 1724 2633 Parisius
1744 2608 1814 2632 non
1836 2597 1952 2631 vident
1975 2597 2114 2632 eandem
2134 2607 2261 2642 partem
2284 2597 2492 2644 caeliassqnam

1415 2642 1529 2677 vident
1544 2643 1698 2684 Romani,
1723 2643 1800 2688 quia
1818 2650 1905 2676 terra
1924 2642 2066 2676 existens
2082 2643 2210 2677 Romae
2233 2641 2331 2676 altior
2351 2650 2494 2688 occupat

1415 2688 1501 2722 visui
1517 2699 1635 2722 eorum
1655 2698 1756 2721 unam
1780 2696 1919 2732 partem,
1942 2686 2001 2721 sed
2017 2696 2129 2722 tamen
2145 2687 2179 2720 in
2194 2685 2339 2732 singulis
2348 2685 2492 2722 describi

1416 2742 1557 2777 possunt
1579 2733 1670 2766 venti
1694 2731 1809 2766 ordine
1833 2743 1933 2765 conse
1958 2731 2060 2765 uenti.

1474 2787 1502 2821 3.
1530 2776 1660 2811 Deinde
1691 2788 1768 2810 cum
1799 2776 1900 2811 dicit:
1977 2782 2135 2824 pponatur
2163 2782 2264 2810 autom
2291 2776 2391 2823 prino
2419 2776 2498 2822 qm'dl

1416 2821 1482 2856 dem
1504 2830 1585 2863 etc.,
1613 2822 1795 2867 praemittit
1816 2820 1986 2868 quoddam
2015 2820 2107 2867 quod
2129 2829 2180 2854 est
2201 2820 2431 2863 necessarium>
2449 2819 2492 2856 ad

1417 2866 1660 2901 ostendendum
1695 2867 1753 2912 qui
1783 2867 1875 2900 venti
1906 2874 1984 2900 sunt
2018 2865 2185 2899 contrarii.
2217 2865 2259 2899 Et
2289 2864 2393 2899 dicit
2421 2863 2491 2900 uod

1416 2922 1605 2957 supponere
1635 2910 1794 2945 debemus
1821 2911 1957 2963 primo,
1990 2909 2081 2956 quod
2113 2910 2276 2944 contraria
2306 2911 2409 2946 setim
2430 2920 2491 2944 um

1416 2956 1528 2990 locum
1544 2964 1622 2989 sunt
1638 2967 1723 3001 quae
1743 2967 1886 2990 maxime
1909 2954 2033 2990 distant
2055 2953 2240 2988 secundum
2261 2953 2276 2988 l
2390 2954 2492 2989 rsicut

1417 3002 1578 3035 contraria
1594 2999 1778 3035 secundum
1797 3000 1954 3046 speciem,
1966 2999 2052 3034 idest
2068 2998 2222 3040 formam,
2235 2998 2491 3050 dimnmrrquae

1416 3046 1558 3079 maxime
1582 3045 1705 3079 distant
1727 3044 1912 3079 secundum
1936 3043 2088 3078 formam.
2115 3043 2290 3078 Contraria
2306 3044 2492 3086 enimmnt

1416 3101 1500 3135 quae
1524 3091 1666 3124 maxime
1691 3089 1813 3124 distant
1836 3090 1871 3123 in
1893 3088 2014 3123 eodem
2038 3099 2159 3134 genere
2183 3097 2245 3122 etc.
2273 3088 2355 3131 Non
2377 3096 2491 3130 tamen

1416 3143 1465 3168 est
1488 3133 1741 3179 intelligendum
1765 3133 1857 3180 quod
1882 3134 2045 3168 contraria
2066 3132 2252 3167 secundum
2274 3132 2420 3174 formam
2442 3131 2490 3167 di-

1416 3188 1503 3212 stent
1525 3190 1587 3224 pro
1613 3179 1659 3212 rie
1672 3205 1681 3220 ‚
1713 3178 1798 3213 idest
1821 3177 1974 3213 distantia
1997 3177 2117 3219 locali;
2147 3177 2206 3212 sed
2233 3176 2311 3212 ideo
2334 3177 2491 3212 dicuntur

1416 3224 1558 3257 maxime
1606 3225 1712 3264 stare,
1753 3223 1807 3258 uia
1826 3232 1903 3257 sunt
1926 3223 2069 3257 maxime
2093 3221 2266 3257 dissimilia
2287 3220 2488 3262 naturaliter.

1416 3268 1560 3302 Maxime
1591 3277 1701 3302 autem
1755 3269 1852 3302 'stant
1887 3267 2072 3302 secundum
2105 3266 2219 3301 locum
2250 3278 2337 3312 quae
2367 3265 2490 3309 distant

1416 3312 1599 3347 secundum
1628 3311 1826 3347 diametrum
1839 3339 1847 3355 ,
1879 3312 1965 3347 idest
1994 3323 2080 3358 quae
2111 3320 2190 3345 sunt
2212 3320 2358 3346 extrema
2387 3310 2489 3345 unius

1416 3356 1520 3390 lineae
1550 3365 1656 3391 rectae
1688 3357 1903 3398 diametralis,
1927 3356 2114 3391 adinvicem
2137 3355 2380 3402 contraposita,
2401 3355 2490 3389 sicut

1416 3410 1465 3478 {st
1480 3400 1542 3453 ‘illa
1566 3401 1718 3453 distantia
1742 3401 1847 3436 lineae
1871 3410 1978 3436 rectae
2007 3412 2092 3447 quae
2115 3401 2233 3434 transit
2254 3411 2314 3446 per
2337 3408 2489 3434 centrum

1440 3454 1608 3479 orizontis.

1470 3595 1495 3630 β)
1515 3597 1672 3624 Pan-isius.-
1690 3597 1804 3624 Parisiis
1823 3599 1902 3624 Pinna
1921 3603 1947 3624 et
1965 3598 1999 3624 ita
2017 3597 2091 3630 infru,
2110 3602 2200 3624 eontra
2211 3604 2290 3623 usum
2303 3596 2408 3623 illorum
2420 3599 2489 3623 tem-

1415 3639 1518 3664 porum.
