<?xml version="1.0" encoding="UTF-8"?>
<!DOCTYPE html PUBLIC "-//W3C//DTD XHTML 1.0 Transitional//EN"
    "http://www.w3.org/TR/xhtml1/DTD/xhtml1-transitional.dtd">
<html xmlns="http://www.w3.org/1999/xhtml" xml:lang="en" lang="en">
 <head>
  <title>
</title>
<meta http-equiv="Content-Type" content="text/html;charset=utf-8" />
  <meta name='ocr-system' content='tesseract 3.04.00' />
  <meta name='ocr-capabilities' content='ocr_page ocr_carea ocr_par ocr_line ocrx_word'/>
</head>
<body>
  <div class='ocr_page' id='page_1' title='image "./operaomniaiussui03thom/operaomniaiussui03thom_0249.png"; bbox 0 0 2782 4134; ppageno 0'>
   <div class='ocr_carea' id='block_1_1' title="bbox 38 544 207 565">
    <p class='ocr_par' dir='ltr' id='par_1_1' title="bbox 38 544 207 565">
     <span class='ocr_line' id='line_1_1' title="bbox 38 544 207 565; baseline -0.012 0"><span class='ocrx_word' id='word_1_1' title='bbox 38 544 49 555; x_wconf 85' lang='grc'><em>·</em></span> <span class='ocrx_word' id='word_1_2' title='bbox 62 547 114 565; x_wconf 82' lang='lat' dir='ltr'><strong>eam</strong></span> <span class='ocrx_word' id='word_1_3' title='bbox 127 547 176 563; x_wconf 87' lang='lat' dir='ltr'><strong>om.</strong></span> <span class='ocrx_word' id='word_1_4' title='bbox 186 548 207 564; x_wconf 77' lang='lat' dir='ltr'><strong>P.</strong></span> 
     </span>
    </p>
   </div>
   <div class='ocr_carea' id='block_1_2' title="bbox 39 597 179 618">
    <p class='ocr_par' dir='ltr' id='par_1_2' title="bbox 39 597 179 618">
     <span class='ocr_line' id='line_1_2' title="bbox 39 597 179 618; baseline -0.014 0"><span class='ocrx_word' id='word_1_5' title='bbox 39 597 50 607; x_wconf 86' lang='grc'><em>·</em></span> <span class='ocrx_word' id='word_1_6' title='bbox 63 597 87 618; x_wconf 78' lang='lat' dir='ltr'><strong>et</strong></span> <span class='ocrx_word' id='word_1_7' title='bbox 99 601 147 617; x_wconf 85' lang='lat' dir='ltr'><strong>om.</strong></span> <span class='ocrx_word' id='word_1_8' title='bbox 156 601 179 616; x_wconf 74' lang='grc' dir='ltr'><strong>Α.</strong></span> 
     </span>
    </p>
   </div>
   <div class='ocr_carea' id='block_1_3' title="bbox 38 701 251 752">
    <p class='ocr_par' dir='ltr' id='par_1_3' title="bbox 38 701 251 752">
     <span class='ocr_line' id='line_1_3' title="bbox 38 701 251 752; baseline 0 -30"><span class='ocrx_word' id='word_1_9' title='bbox 38 701 190 752; x_wconf 52' lang='lat' dir='ltr'><strong>myrine</strong></span> <span class='ocrx_word' id='word_1_10' title='bbox 210 706 251 722; x_wconf 89' lang='lat' dir='ltr'><strong>co-</strong></span> 
     </span>
    </p>
   </div>
   <div class='ocr_carea' id='block_1_4' title="bbox 0 760 265 4130">
    <p class='ocr_par' dir='ltr' id='par_1_4' title="bbox 0 760 265 4130">
     <span class='ocr_line' id='line_1_4' title="bbox 0 760 265 4130; baseline 0 0"><span class='ocrx_word' id='word_1_11' title='bbox 0 760 265 4130; x_wconf 95' lang='lat' dir='ltr'><strong> </strong></span> 
     </span>
    </p>
   </div>
   <div class='ocr_carea' id='block_1_5' title="bbox 1100 293 1649 340">
    <p class='ocr_par' dir='ltr' id='par_1_5' title="bbox 1100 293 1649 340">
     <span class='ocr_line' id='line_1_5' title="bbox 1100 293 1649 340; baseline 0 -11"><span class='ocrx_word' id='word_1_12' title='bbox 1100 293 1212 329; x_wconf 91' lang='lat' dir='ltr'><strong>CAP.</strong></span> <span class='ocrx_word' id='word_1_13' title='bbox 1242 293 1346 340; x_wconf 89' lang='lat' dir='ltr'><strong>XIII,</strong></span> <span class='ocrx_word' id='word_1_14' title='bbox 1378 293 1528 329; x_wconf 93' lang='lat' dir='ltr'><strong>LECT.</strong></span> <span class='ocrx_word' id='word_1_15' title='bbox 1559 294 1649 329; x_wconf 91' lang='lat' dir='ltr'><strong>XXI</strong></span> 
     </span>
    </p>
   </div>
   <div class='ocr_carea' id='block_1_6' title="bbox 271 372 1346 421">
    <p class='ocr_par' dir='ltr' id='par_1_6' title="bbox 271 372 1346 421">
     <span class='ocr_line' id='line_1_6' title="bbox 271 372 1346 421; baseline 0 -13"><span class='ocrx_word' id='word_1_16' title='bbox 271 372 575 420; x_wconf 86' lang='lat' dir='ltr'><strong>prohibitionem.</strong></span> <span class='ocrx_word' id='word_1_17' title='bbox 603 373 761 411; x_wconf 91' lang='lat' dir='ltr'><strong>Videtur</strong></span> <span class='ocrx_word' id='word_1_18' title='bbox 781 380 908 409; x_wconf 90' lang='lat' dir='ltr'><strong>autern</strong></span> <span class='ocrx_word' id='word_1_19' title='bbox 929 384 951 408; x_wconf 91' lang='lat' dir='ltr'><strong>a</strong></span> <span class='ocrx_word' id='word_1_20' title='bbox 970 373 1129 409; x_wconf 88' lang='lat' dir='ltr'><strong>Platone</strong></span> <span class='ocrx_word' id='word_1_21' title='bbox 1150 379 1346 421; x_wconf 89' lang='lat' dir='ltr'><strong>sumptum</strong></span> 
     </span>
    </p>
   </div>
   <div class='ocr_carea' id='block_1_7' title="bbox 38 425 1347 474">
    <p class='ocr_par' dir='ltr' id='par_1_7' title="bbox 38 425 1347 474">
     <span class='ocr_line' id='line_1_7' title="bbox 38 425 1347 474; baseline 0.001 -14"><span class='ocrx_word' id='word_1_22' title='bbox 38 435 250 460; x_wconf 71' lang='lat' dir='ltr'><strong>·s·md0m.codd.</strong></span> <span class='ocrx_word' id='word_1_23' title='bbox 277 425 375 462; x_wconf 89' lang='lat' dir='ltr'><strong>istud</strong></span> <span class='ocrx_word' id='word_1_24' title='bbox 397 426 417 447; x_wconf 62' lang='lat'><strong>²¹*</strong></span> <span class='ocrx_word' id='word_1_25' title='bbox 436 427 670 462; x_wconf 90' lang='lat' dir='ltr'><strong>vocabulum</strong></span> <span class='ocrx_word' id='word_1_26' title='bbox 695 426 905 462; x_wconf 91' lang='lat' dir='ltr'><strong>secundum</strong></span> <span class='ocrx_word' id='word_1_27' title='bbox 932 426 1037 474; x_wconf 91' lang='lat' dir='ltr'><strong>quod</strong></span> <span class='ocrx_word' id='word_1_28' title='bbox 1057 425 1241 473; x_wconf 90' lang='lat' dir='ltr'><strong>significat</strong></span> <span class='ocrx_word' id='word_1_29' title='bbox 1270 425 1347 461; x_wconf 89' lang='lat' dir='ltr'><strong>alli-</strong></span> 
     </span>
    </p>
   </div>
   <div class='ocr_carea' id='block_1_8' title="bbox 276 478 1350 1220">
    <p class='ocr_par' dir='ltr' id='par_1_8' title="bbox 277 478 1347 740">
     <span class='ocr_line' id='line_1_8' title="bbox 277 478 1347 528; baseline 0.001 -14"><span class='ocrx_word' id='word_1_30' title='bbox 277 478 482 526; x_wconf 92' lang='lat' dir='ltr'><strong>gationem,</strong></span> <span class='ocrx_word' id='word_1_31' title='bbox 503 486 544 515; x_wconf 91' lang='lat' dir='ltr'><strong>ut</strong></span> <span class='ocrx_word' id='word_1_32' title='bbox 562 487 666 528; x_wconf 89' lang='lat' dir='ltr'><strong>patet</strong></span> <span class='ocrx_word' id='word_1_33' title='bbox 692 492 761 528; x_wconf 90' lang='lat' dir='ltr'><strong>per</strong></span> <span class='ocrx_word' id='word_1_34' title='bbox 781 491 825 516; x_wconf 91' lang='lat' dir='ltr'><strong>ea</strong></span> <span class='ocrx_word' id='word_1_35' title='bbox 853 491 951 526; x_wconf 91' lang='lat' dir='ltr'><strong>quae</strong></span> <span class='ocrx_word' id='word_1_36' title='bbox 971 478 1051 527; x_wconf 89' lang='lat' dir='ltr'><strong>ipse</strong></span> <span class='ocrx_word' id='word_1_37' title='bbox 1073 478 1162 515; x_wconf 91' lang='lat' dir='ltr'><strong>dicit</strong></span> <span class='ocrx_word' id='word_1_38' title='bbox 1181 479 1229 515; x_wconf 92' lang='lat' dir='ltr'><strong>de</strong></span> <span class='ocrx_word' id='word_1_39' title='bbox 1249 486 1347 515; x_wconf 89' lang='lat' dir='ltr'><strong>terra</strong></span> 
     </span>
     <span class='ocr_line' id='line_1_9' title="bbox 277 531 1346 579; baseline 0.001 -12"><span class='ocrx_word' id='word_1_40' title='bbox 277 531 316 568; x_wconf 92' lang='lat' dir='ltr'><strong>in</strong></span> <span class='ocrx_word' id='word_1_41' title='bbox 344 531 439 568; x_wconf 92' lang='lat' dir='ltr'><strong>libro</strong></span> <span class='ocrx_word' id='word_1_42' title='bbox 468 532 695 579; x_wconf 86' lang='lat' dir='ltr'><strong>Phaedonis,</strong></span> <span class='ocrx_word' id='word_1_43' title='bbox 725 532 790 568; x_wconf 93' lang='lat' dir='ltr'><strong>ubi</strong></span> <span class='ocrx_word' id='word_1_44' title='bbox 825 531 956 568; x_wconf 89' lang='lat' dir='ltr'><strong>asserit</strong></span> <span class='ocrx_word' id='word_1_45' title='bbox 985 544 1071 568; x_wconf 90' lang='lat' dir='ltr'><strong>eam</strong></span> <span class='ocrx_word' id='word_1_46' title='bbox 1094 533 1112 552; x_wconf 72' lang='lat'><strong>‘¹‘</strong></span> <span class='ocrx_word' id='word_1_47' title='bbox 1146 531 1184 568; x_wconf 87' lang='lat' dir='ltr'><strong>in</strong></span> <span class='ocrx_word' id='word_1_48' title='bbox 1217 531 1346 568; x_wconf 87' lang='lat' dir='ltr'><strong>medio</strong></span> 
     </span>
     <span class='ocr_line' id='line_1_10' title="bbox 279 584 1347 633; baseline -0.001 -12"><span class='ocrx_word' id='word_1_49' title='bbox 279 584 536 633; x_wconf 88' lang='lat' dir='ltr'><strong>quiescentem</strong></span> <span class='ocrx_word' id='word_1_50' title='bbox 559 592 595 621; x_wconf 90' lang='lat' dir='ltr'><strong>et</strong></span> <span class='ocrx_word' id='word_1_51' title='bbox 609 585 629 606; x_wconf 84' lang='grc'><em>*</em></span> <span class='ocrx_word' id='word_1_52' title='bbox 650 585 756 633; x_wconf 89' lang='lat' dir='ltr'>quasi</span> <span class='ocrx_word' id='word_1_53' title='bbox 776 585 943 632; x_wconf 90' lang='lat' dir='ltr'><strong>ligatam:</strong></span> <span class='ocrx_word' id='word_1_54' title='bbox 966 592 1002 621; x_wconf 89' lang='lat' dir='ltr'><strong>et</strong></span> <span class='ocrx_word' id='word_1_55' title='bbox 1021 585 1074 621; x_wconf 89' lang='lat' dir='ltr'><strong>sic</strong></span> <span class='ocrx_word' id='word_1_56' title='bbox 1087 584 1239 621; x_wconf 91' lang='lat' dir='ltr'><strong>videtur</strong></span> <span class='ocrx_word' id='word_1_57' title='bbox 1259 597 1347 620; x_wconf 93' lang='lat' dir='ltr'><strong>con-</strong></span> 
     </span>
     <span class='ocr_line' id='line_1_11' title="bbox 278 637 1347 685; baseline -0.001 -11"><span class='ocrx_word' id='word_1_58' title='bbox 278 645 334 674; x_wconf 90' lang='lat' dir='ltr'><strong>tra</strong></span> <span class='ocrx_word' id='word_1_59' title='bbox 361 638 612 676; x_wconf 91' lang='lat' dir='ltr'><strong>intentionem</strong></span> <span class='ocrx_word' id='word_1_60' title='bbox 649 638 840 685; x_wconf 84' lang='lat' dir='ltr'>Platonis,</span> <span class='ocrx_word' id='word_1_61' title='bbox 870 637 1091 674; x_wconf 91' lang='lat' dir='ltr'><strong>Aristoteles</strong></span> <span class='ocrx_word' id='word_1_62' title='bbox 1119 638 1239 674; x_wconf 87' lang='lat' dir='ltr'><strong>verba</strong></span> <span class='ocrx_word' id='word_1_63' title='bbox 1268 637 1347 673; x_wconf 91' lang='lat' dir='ltr'><strong>eius</strong></span> 
     </span>
     <span class='ocr_line' id='line_1_12' title="bbox 278 692 590 740; baseline 0 -12"><span class='ocrx_word' id='word_1_64' title='bbox 278 692 529 740; x_wconf 87' lang='lat' dir='ltr'><strong>assumpsisse</strong></span> <span class='ocrx_word' id='word_1_65' title='bbox 559 692 590 728; x_wconf 82' lang='grc'><strong>*.</strong></span> 
     </span>
    </p>

    <p class='ocr_par' dir='ltr' id='par_1_9' title="bbox 276 743 1350 1220">
     <span class='ocr_line' id='line_1_13' title="bbox 331 743 1346 792; baseline -0.003 -10"><span class='ocrx_word' id='word_1_66' title='bbox 331 745 431 782; x_wconf 89' lang='lat' dir='ltr'>Dicit</span> <span class='ocrx_word' id='word_1_67' title='bbox 459 744 569 792; x_wconf 88' lang='lat' dir='ltr'><strong>igitur</strong></span> <span class='ocrx_word' id='word_1_68' title='bbox 596 744 832 789; x_wconf 82' lang='lat' dir='ltr'><strong>Alexander,</strong></span> <span class='ocrx_word' id='word_1_69' title='bbox 862 743 1105 780; x_wconf 88' lang='lat' dir='ltr'><strong>Aristotelem</strong></span> <span class='ocrx_word' id='word_1_70' title='bbox 1142 755 1346 790; x_wconf 88' lang='lat' dir='ltr'><strong>excusans,</strong></span> 
     </span>
     <span class='ocr_line' id='line_1_14' title="bbox 277 796 1348 847; baseline -0.002 -12"><span class='ocrx_word' id='word_1_71' title='bbox 277 798 383 847; x_wconf 92' lang='lat' dir='ltr'><strong>quod</strong></span> <span class='ocrx_word' id='word_1_72' title='bbox 410 799 486 834; x_wconf 92' lang='lat' dir='ltr'><strong>hoc</strong></span> <span class='ocrx_word' id='word_1_73' title='bbox 505 797 609 846; x_wconf 92' lang='lat' dir='ltr'><strong>quod</strong></span> <span class='ocrx_word' id='word_1_74' title='bbox 640 797 774 834; x_wconf 90' lang='lat' dir='ltr'><strong>dicitur</strong></span> <span class='ocrx_word' id='word_1_75' title='bbox 793 797 1022 842; x_wconf 85' lang='lat' dir='ltr'><strong>illomenum,</strong></span> <span class='ocrx_word' id='word_1_76' title='bbox 1053 796 1238 845; x_wconf 89' lang='lat' dir='ltr'><strong>significat</strong></span> <span class='ocrx_word' id='word_1_77' title='bbox 1261 809 1348 845; x_wconf 90' lang='lat' dir='ltr'><strong>pro-</strong></span> 
     </span>
     <span class='ocr_line' id='line_1_15' title="bbox 276 850 1349 900; baseline -0.002 -12"><span class='ocrx_word' id='word_1_78' title='bbox 276 851 358 900; x_wconf 92' lang='lat' dir='ltr'><strong>prie</strong></span> <span class='ocrx_word' id='word_1_79' title='bbox 387 850 679 898; x_wconf 85' lang='lat' dir='ltr'><strong>prohibitionem</strong></span> <span class='ocrx_word' id='word_1_80' title='bbox 707 851 770 887; x_wconf 91' lang='lat' dir='ltr'><strong>vel</strong></span> <span class='ocrx_word' id='word_1_81' title='bbox 797 850 1037 888; x_wconf 79' lang='lat' dir='ltr'><strong>violentiam:</strong></span> <span class='ocrx_word' id='word_1_82' title='bbox 1066 850 1134 887; x_wconf 91' lang='lat' dir='ltr'><strong>sed</strong></span> <span class='ocrx_word' id='word_1_83' title='bbox 1163 850 1252 899; x_wconf 92' lang='lat' dir='ltr'><strong>quia</strong></span> <span class='ocrx_word' id='word_1_84' title='bbox 1279 850 1349 886; x_wconf 91' lang='lat' dir='ltr'><strong>ista</strong></span> 
     </span>
     <span class='ocr_line' id='line_1_16' title="bbox 277 903 1348 953; baseline 0 -13"><span class='ocrx_word' id='word_1_85' title='bbox 277 903 501 952; x_wconf 87' lang='lat' dir='ltr'><strong>significatio</strong></span> <span class='ocrx_word' id='word_1_86' title='bbox 530 909 609 940; x_wconf 81' lang='lat' dir='ltr'><strong>n&#39;on</strong></span> <span class='ocrx_word' id='word_1_87' title='bbox 638 904 821 952; x_wconf 90' lang='lat' dir='ltr'><strong>competit</strong></span> <span class='ocrx_word' id='word_1_88' title='bbox 849 903 1062 940; x_wconf 90' lang='lat' dir='ltr'><strong>secundum</strong></span> <span class='ocrx_word' id='word_1_89' title='bbox 1093 916 1137 940; x_wconf 89' lang='lat' dir='ltr'><strong>ea</strong></span> <span class='ocrx_word' id='word_1_90' title='bbox 1170 916 1269 953; x_wconf 92' lang='lat' dir='ltr'><strong>quae</strong></span> <span class='ocrx_word' id='word_1_91' title='bbox 1298 903 1348 940; x_wconf 92' lang='lat' dir='ltr'><strong>ibi</strong></span> 
     </span>
     <span class='ocr_line' id='line_1_17' title="bbox 276 956 1349 1006; baseline 0 -12"><span class='ocrx_word' id='word_1_92' title='bbox 276 956 436 994; x_wconf 85' lang='lat' dir='ltr'><strong>intendit</strong></span> <span class='ocrx_word' id='word_1_93' title='bbox 463 957 588 1004; x_wconf 82' lang='lat' dir='ltr'><strong>Plato,</strong></span> <span class='ocrx_word' id='word_1_94' title='bbox 618 957 837 994; x_wconf 89' lang='lat' dir='ltr'><strong>Aristoteles</strong></span> <span class='ocrx_word' id='word_1_95' title='bbox 866 957 1043 994; x_wconf 82' lang='lat' dir='ltr'><strong>intellexit</strong></span> <span class='ocrx_word' id='word_1_96' title='bbox 1075 957 1180 1006; x_wconf 92' lang='lat' dir='ltr'><strong>quod</strong></span> <span class='ocrx_word' id='word_1_97' title='bbox 1210 957 1349 994; x_wconf 88' lang='lat' dir='ltr'><strong>illome-</strong></span> 
     </span>
     <span class='ocr_line' id='line_1_18' title="bbox 278 1010 1350 1060; baseline 0 -12"><span class='ocrx_word' id='word_1_98' title='bbox 278 1022 369 1048; x_wconf 88' lang='lat' dir='ltr'><strong>num</strong></span> <span class='ocrx_word' id='word_1_99' title='bbox 397 1010 614 1047; x_wconf 85' lang='lat' dir='ltr'><strong>translative</strong></span> <span class='ocrx_word' id='word_1_100' title='bbox 639 1011 872 1060; x_wconf 87' lang='lat' dir='ltr'><strong>acciperetur</strong></span> <span class='ocrx_word' id='word_1_101' title='bbox 890 1023 912 1047; x_wconf 89' lang='lat' dir='ltr'><strong>a</strong></span> <span class='ocrx_word' id='word_1_102' title='bbox 936 1011 1106 1057; x_wconf 89' lang='lat' dir='ltr'><strong>Platone,</strong></span> <span class='ocrx_word' id='word_1_103' title='bbox 1127 1018 1241 1059; x_wconf 92' lang='lat' dir='ltr'><strong>prout</strong></span> <span class='ocrx_word' id='word_1_104' title='bbox 1261 1023 1350 1048; x_wconf 92' lang='lat' dir='ltr'><strong>con-</strong></span> 
     </span>
     <span class='ocr_line' id='line_1_19' title="bbox 278 1063 1350 1113; baseline -0.002 -11"><span class='ocrx_word' id='word_1_105' title='bbox 278 1063 403 1103; x_wconf 89' lang='lat' dir='ltr'><strong>suevit</strong></span> <span class='ocrx_word' id='word_1_106' title='bbox 420 1064 641 1101; x_wconf 84' lang='lat' dir='ltr'><strong>translatum</strong></span> <span class='ocrx_word' id='word_1_107' title='bbox 670 1064 882 1112; x_wconf 87' lang='lat' dir='ltr'><strong>significare</strong></span> <span class='ocrx_word' id='word_1_108' title='bbox 908 1064 1191 1101; x_wconf 83' lang='lat' dir='ltr'><strong>conversionem</strong></span> <span class='ocrx_word' id='word_1_109' title='bbox 1210 1071 1230 1111; x_wconf 77' lang='lat'><strong>¹,</strong></span> <span class='ocrx_word' id='word_1_110' title='bbox 1252 1076 1350 1113; x_wconf 86' lang='lat' dir='ltr'><strong>quae</strong></span> 
     </span>
     <span class='ocr_line' id='line_1_20' title="bbox 279 1117 1350 1167; baseline -0.001 -12"><span class='ocrx_word' id='word_1_111' title='bbox 279 1117 451 1165; x_wconf 87' lang='lat' dir='ltr'><strong>designat</strong></span> <span class='ocrx_word' id='word_1_112' title='bbox 463 1124 626 1155; x_wconf 88' lang='lat' dir='ltr'><strong>motum.</strong></span> <span class='ocrx_word' id='word_1_113' title='bbox 648 1118 734 1155; x_wconf 93' lang='lat' dir='ltr'><strong>Nec</strong></span> <span class='ocrx_word' id='word_1_114' title='bbox 751 1118 914 1167; x_wconf 86' lang='lat' dir='ltr'><strong>pertinet</strong></span> <span class='ocrx_word' id='word_1_115' title='bbox 932 1117 1075 1166; x_wconf 89' lang='lat' dir='ltr'><strong>aliquid</strong></span> <span class='ocrx_word' id='word_1_116' title='bbox 1094 1118 1143 1155; x_wconf 90' lang='lat' dir='ltr'><strong>ad</strong></span> <span class='ocrx_word' id='word_1_117' title='bbox 1163 1117 1350 1155; x_wconf 89' lang='lat' dir='ltr'><strong>rationem</strong></span> 
     </span>
     <span class='ocr_line' id='line_1_21' title="bbox 277 1171 1350 1220; baseline -0.001 -12"><span class='ocrx_word' id='word_1_118' title='bbox 277 1178 534 1220; x_wconf 84' lang='lat' dir='ltr'><strong>praesentem,</strong></span> <span class='ocrx_word' id='word_1_119' title='bbox 551 1171 581 1208; x_wconf 90' lang='lat' dir='ltr'><strong>si</strong></span> <span class='ocrx_word' id='word_1_120' title='bbox 611 1171 718 1208; x_wconf 89' lang='lat' dir='ltr'><strong>Plato</strong></span> <span class='ocrx_word' id='word_1_121' title='bbox 748 1171 836 1208; x_wconf 90' lang='lat' dir='ltr'><strong>alibi</strong></span> <span class='ocrx_word' id='word_1_122' title='bbox 855 1171 961 1208; x_wconf 89' lang='lat' dir='ltr'><strong>aliter</strong></span> <span class='ocrx_word' id='word_1_123' title='bbox 981 1171 1071 1208; x_wconf 87' lang='lat' dir='ltr'><strong>dixit</strong></span> <span class='ocrx_word' id='word_1_124' title='bbox 1098 1171 1147 1207; x_wconf 91' lang='lat' dir='ltr'><strong>ab</strong></span> <span class='ocrx_word' id='word_1_125' title='bbox 1173 1171 1232 1207; x_wconf 91' lang='lat' dir='ltr'><strong>his</strong></span> <span class='ocrx_word' id='word_1_126' title='bbox 1252 1183 1350 1220; x_wconf 90' lang='lat' dir='ltr'><strong>quae</strong></span> 
     </span>
    </p>
   </div>
   <div class='ocr_carea' id='block_1_9' title="bbox 184 1224 1347 1273">
    <p class='ocr_par' dir='ltr' id='par_1_10' title="bbox 184 1224 1347 1273">
     <span class='ocr_line' id='line_1_22' title="bbox 184 1224 1347 1273; baseline -0.001 -11"><span class='ocrx_word' id='word_1_127' title='bbox 184 1224 428 1264; x_wconf 65' lang='lat' dir='ltr'><strong>dixerat</strong></span> <span class='ocrx_word' id='word_1_128' title='bbox 445 1224 490 1261; x_wconf 78' lang='lat' dir='ltr'><strong>in</strong></span> <span class='ocrx_word' id='word_1_129' title='bbox 517 1225 735 1270; x_wconf 84' lang='lat' dir='ltr'><strong>Phaedone,</strong></span> <span class='ocrx_word' id='word_1_130' title='bbox 772 1232 899 1261; x_wconf 88' lang='lat' dir='ltr'><strong>motus</strong></span> <span class='ocrx_word' id='word_1_131' title='bbox 938 1236 982 1260; x_wconf 88' lang='lat' dir='ltr'><strong>ex</strong></span> <span class='ocrx_word' id='word_1_132' title='bbox 1020 1224 1146 1273; x_wconf 89' lang='lat' dir='ltr'><strong>aliqua</strong></span> <span class='ocrx_word' id='word_1_133' title='bbox 1184 1224 1256 1261; x_wconf 88' lang='lat' dir='ltr'><strong>alia</strong></span> <span class='ocrx_word' id='word_1_134' title='bbox 1295 1236 1347 1261; x_wconf 90' lang='lat' dir='ltr'><strong>ra-</strong></span> 
     </span>
    </p>
   </div>
   <div class='ocr_carea' id='block_1_10' title="bbox 224 1276 1360 3033">
    <p class='ocr_par' dir='ltr' id='par_1_11' title="bbox 278 1276 1353 1594">
     <span class='ocr_line' id='line_1_23' title="bbox 278 1276 1352 1327; baseline 0 -13"><span class='ocrx_word' id='word_1_135' title='bbox 278 1278 403 1314; x_wconf 91' lang='lat' dir='ltr'><strong>tione:</strong></span> <span class='ocrx_word' id='word_1_136' title='bbox 434 1290 524 1315; x_wconf 91' lang='lat' dir='ltr'><strong>nam</strong></span> <span class='ocrx_word' id='word_1_137' title='bbox 552 1278 774 1315; x_wconf 90' lang='lat' dir='ltr'><strong>Aristoteles</strong></span> <span class='ocrx_word' id='word_1_138' title='bbox 811 1278 872 1315; x_wconf 91' lang='lat' dir='ltr'><strong>hic</strong></span> <span class='ocrx_word' id='word_1_139' title='bbox 904 1277 1086 1326; x_wconf 90' lang='lat' dir='ltr'><strong>proponit</strong></span> <span class='ocrx_word' id='word_1_140' title='bbox 1113 1277 1152 1314; x_wconf 88' lang='lat' dir='ltr'><strong>id</strong></span> <span class='ocrx_word' id='word_1_141' title='bbox 1179 1276 1286 1327; x_wconf 91' lang='lat' dir='ltr'><strong>quod</strong></span> <span class='ocrx_word' id='word_1_142' title='bbox 1313 1277 1352 1314; x_wconf 88' lang='lat' dir='ltr'><strong>in</strong></span> 
     </span>
     <span class='ocr_line' id='line_1_24' title="bbox 284 1331 1351 1380; baseline -0.001 -12"><span class='ocrx_word' id='word_1_143' title='bbox 284 1331 439 1368; x_wconf 90' lang='lat' dir='ltr'><strong>Timaeo</strong></span> <span class='ocrx_word' id='word_1_144' title='bbox 459 1331 644 1380; x_wconf 78' lang='lat' dir='ltr'><strong>scribitur,</strong></span> <span class='ocrx_word' id='word_1_145' title='bbox 665 1331 745 1368; x_wconf 89' lang='lat' dir='ltr'><strong>sive</strong></span> <span class='ocrx_word' id='word_1_146' title='bbox 764 1333 840 1368; x_wconf 85' lang='lat' dir='ltr'><strong>hoc</strong></span> <span class='ocrx_word' id='word_1_147' title='bbox 868 1331 916 1368; x_wconf 88' lang='lat' dir='ltr'><strong>sit</strong></span> <span class='ocrx_word' id='word_1_148' title='bbox 940 1331 1138 1368; x_wconf 90' lang='lat' dir='ltr'><strong>inductum</strong></span> <span class='ocrx_word' id='word_1_149' title='bbox 1167 1338 1351 1379; x_wconf 89' lang='lat' dir='ltr'><strong>tanquam</strong></span> 
     </span>
     <span class='ocr_line' id='line_1_25' title="bbox 279 1383 1350 1434; baseline -0.001 -13"><span class='ocrx_word' id='word_1_150' title='bbox 279 1384 430 1422; x_wconf 91' lang='lat' dir='ltr'><strong>Platoni</strong></span> <span class='ocrx_word' id='word_1_151' title='bbox 465 1385 641 1434; x_wconf 89' lang='lat' dir='ltr'><strong>placens,</strong></span> <span class='ocrx_word' id='word_1_152' title='bbox 675 1385 757 1422; x_wconf 89' lang='lat' dir='ltr'><strong>sive</strong></span> <span class='ocrx_word' id='word_1_153' title='bbox 794 1392 976 1433; x_wconf 88' lang='lat' dir='ltr'><strong>tanquam</strong></span> <span class='ocrx_word' id='word_1_154' title='bbox 1015 1383 1167 1421; x_wconf 87' lang='lat' dir='ltr'><strong>Timaei</strong></span> <span class='ocrx_word' id='word_1_155' title='bbox 1199 1383 1350 1432; x_wconf 90' lang='lat' dir='ltr'><strong>opinio,</strong></span> 
     </span>
     <span class='ocr_line' id='line_1_26' title="bbox 280 1436 1352 1487; baseline -0.001 -12"><span class='ocrx_word' id='word_1_156' title='bbox 280 1450 397 1487; x_wconf 91' lang='lat' dir='ltr'><strong>quam</strong></span> <span class='ocrx_word' id='word_1_157' title='bbox 412 1439 520 1475; x_wconf 89' lang='lat' dir='ltr'><strong>Plato</strong></span> <span class='ocrx_word' id='word_1_158' title='bbox 540 1450 620 1475; x_wconf 92' lang='lat' dir='ltr'><strong>non</strong></span> <span class='ocrx_word' id='word_1_159' title='bbox 639 1438 828 1487; x_wconf 88' lang='lat' dir='ltr'><strong>approbat</strong></span> <span class='ocrx_word' id='word_1_160' title='bbox 844 1439 881 1474; x_wconf 78' lang='grc' dir='ltr'><strong>*ε</strong></span> <span class='ocrx_word' id='word_1_161' title='bbox 902 1436 1005 1474; x_wconf 90' lang='lat' dir='ltr'><strong>unde</strong></span> <span class='ocrx_word' id='word_1_162' title='bbox 1022 1449 1101 1474; x_wconf 91' lang='lat' dir='ltr'><strong>non</strong></span> <span class='ocrx_word' id='word_1_163' title='bbox 1121 1437 1211 1474; x_wconf 90' lang='lat' dir='ltr'><strong>dicit</strong></span> <span class='ocrx_word' id='word_1_164' title='bbox 1225 1449 1352 1486; x_wconf 88' lang='lat' dir='ltr'><strong>quem-</strong></span> 
     </span>
     <span class='ocr_line' id='line_1_27' title="bbox 279 1491 1353 1539; baseline -0.001 -11"><span class='ocrx_word' id='word_1_165' title='bbox 279 1491 485 1528; x_wconf 84' lang='lat' dir='ltr'><strong>admodum</strong></span> <span class='ocrx_word' id='word_1_166' title='bbox 513 1491 621 1528; x_wconf 89' lang='lat' dir='ltr'><strong>Plato</strong></span> <span class='ocrx_word' id='word_1_167' title='bbox 649 1491 747 1537; x_wconf 85' lang='lat' dir='ltr'><strong>dicit,</strong></span> <span class='ocrx_word' id='word_1_168' title='bbox 778 1491 845 1528; x_wconf 90' lang='lat' dir='ltr'><strong>sed</strong></span> <span class='ocrx_word' id='word_1_169' title='bbox 875 1491 1192 1539; x_wconf 84' lang='lat' dir='ltr'><strong>quemadmodum</strong></span> <span class='ocrx_word' id='word_1_170' title='bbox 1223 1491 1260 1527; x_wconf 90' lang='lat' dir='ltr'><strong>in</strong></span> <span class='ocrx_word' id='word_1_171' title='bbox 1294 1491 1353 1527; x_wconf 87' lang='lat' dir='ltr'><strong>Ti-</strong></span> 
     </span>
     <span class='ocr_line' id='line_1_28' title="bbox 280 1545 689 1594; baseline -0.002 -12"><span class='ocrx_word' id='word_1_172' title='bbox 280 1556 390 1582; x_wconf 91' lang='lat' dir='ltr'><strong>maeo</strong></span> <span class='ocrx_word' id='word_1_173' title='bbox 417 1545 596 1594; x_wconf 85' lang='lat' dir='ltr'><strong>scriptum</strong></span> <span class='ocrx_word' id='word_1_174' title='bbox 626 1550 689 1582; x_wconf 86' lang='lat' dir='ltr'><strong>est.</strong></span> 
     </span>
    </p>

    <p class='ocr_par' dir='ltr' id='par_1_12' title="bbox 224 1595 1355 2169">
     <span class='ocr_line' id='line_1_29' title="bbox 334 1595 1351 1646; baseline -0.002 -11"><span class='ocrx_word' id='word_1_175' title='bbox 334 1597 412 1635; x_wconf 92' lang='lat' dir='ltr'><strong>Sed</strong></span> <span class='ocrx_word' id='word_1_176' title='bbox 441 1605 572 1635; x_wconf 90' lang='lat' dir='ltr'><strong>contra</strong></span> <span class='ocrx_word' id='word_1_177' title='bbox 599 1598 674 1634; x_wconf 91' lang='lat' dir='ltr'><strong>hoc</strong></span> <span class='ocrx_word' id='word_1_178' title='bbox 701 1596 955 1646; x_wconf 90' lang='lat' dir='ltr'><strong>multipliciter</strong></span> <span class='ocrx_word' id='word_1_179' title='bbox 974 1595 1101 1633; x_wconf 88' lang='lat' dir='ltr'><strong>obiicit</strong></span> <span class='ocrx_word' id='word_1_180' title='bbox 1124 1596 1351 1646; x_wconf 88' lang='lat' dir='ltr'><strong>Simplicius.</strong></span> 
     </span>
     <span class='ocr_line' id='line_1_30' title="bbox 278 1649 1354 1700; baseline -0.002 -12"><span class='ocrx_word' id='word_1_181' title='bbox 278 1651 410 1688; x_wconf 90' lang='lat' dir='ltr'><strong>Primo</strong></span> <span class='ocrx_word' id='word_1_182' title='bbox 431 1650 588 1700; x_wconf 91' lang='lat' dir='ltr'><strong>quidem</strong></span> <span class='ocrx_word' id='word_1_183' title='bbox 608 1650 698 1699; x_wconf 91' lang='lat' dir='ltr'><strong>quia</strong></span> <span class='ocrx_word' id='word_1_184' title='bbox 718 1650 900 1687; x_wconf 87' lang='lat' dir='ltr'><strong>Timaeus</strong></span> <span class='ocrx_word' id='word_1_185' title='bbox 920 1649 971 1686; x_wconf 93' lang='lat' dir='ltr'><strong>ibi</strong></span> <span class='ocrx_word' id='word_1_186' title='bbox 990 1650 1130 1698; x_wconf 87' lang='lat' dir='ltr'><strong>probat</strong></span> <span class='ocrx_word' id='word_1_187' title='bbox 1155 1658 1295 1688; x_wconf 88' lang='lat' dir='ltr'><strong>terram</strong></span> <span class='ocrx_word' id='word_1_188' title='bbox 1315 1649 1354 1686; x_wconf 91' lang='lat' dir='ltr'><strong>in</strong></span> 
     </span>
     <span class='ocr_line' id='line_1_31' title="bbox 279 1703 1353 1752; baseline -0.001 -11"><span class='ocrx_word' id='word_1_189' title='bbox 279 1704 410 1742; x_wconf 90' lang='lat' dir='ltr'><strong>medio</strong></span> <span class='ocrx_word' id='word_1_190' title='bbox 441 1716 524 1741; x_wconf 90' lang='lat' dir='ltr'><strong>esse</strong></span> <span class='ocrx_word' id='word_1_191' title='bbox 560 1705 725 1741; x_wconf 88' lang='lat' dir='ltr'><strong>locatam</strong></span> <span class='ocrx_word' id='word_1_192' title='bbox 756 1711 792 1740; x_wconf 94' lang='lat' dir='ltr'><strong>et</strong></span> <span class='ocrx_word' id='word_1_193' title='bbox 818 1704 1023 1740; x_wconf 88' lang='lat' dir='ltr'><strong>firmatam.</strong></span> <span class='ocrx_word' id='word_1_194' title='bbox 1055 1703 1235 1740; x_wconf 92' lang='lat' dir='ltr'><strong>Secundo</strong></span> <span class='ocrx_word' id='word_1_195' title='bbox 1264 1703 1353 1752; x_wconf 90' lang='lat' dir='ltr'><strong>quia</strong></span> 
     </span>
     <span class='ocr_line' id='line_1_32' title="bbox 280 1756 1355 1806; baseline -0.002 -11"><span class='ocrx_word' id='word_1_196' title='bbox 280 1757 497 1795; x_wconf 87' lang='lat' dir='ltr'><strong>illomenam</strong></span> <span class='ocrx_word' id='word_1_197' title='bbox 526 1757 547 1778; x_wconf 75' lang='lat'><strong>*¹</strong></span> <span class='ocrx_word' id='word_1_198' title='bbox 575 1757 626 1794; x_wconf 92' lang='lat' dir='ltr'><strong>ibi</strong></span> <span class='ocrx_word' id='word_1_199' title='bbox 655 1756 829 1794; x_wconf 89' lang='lat' dir='ltr'><strong>scribitur</strong></span> <span class='ocrx_word' id='word_1_200' title='bbox 855 1769 925 1806; x_wconf 89' lang='lat' dir='ltr'><strong>per</strong></span> <span class='ocrx_word' id='word_1_201' title='bbox 956 1768 1082 1794; x_wconf 79' lang='lat' dir='ltr'><strong>unum‘</strong></span> <span class='ocrx_word' id='word_1_202' title='bbox 1113 1757 1206 1804; x_wconf 91' lang='lat' dir='ltr'><strong>iota,</strong></span> <span class='ocrx_word' id='word_1_203' title='bbox 1240 1765 1355 1806; x_wconf 89' lang='lat' dir='ltr'><strong>prout</strong></span> 
     </span>
     <span class='ocr_line' id='line_1_33' title="bbox 224 1807 1353 1861; baseline -0.002 -12"><span class='ocrx_word' id='word_1_204' title='bbox 224 1807 231 1814; x_wconf 71' lang='lat'><em>⁰</em></span> <span class='ocrx_word' id='word_1_205' title='bbox 280 1811 466 1861; x_wconf 83' lang='lat' dir='ltr'><strong>significat</strong></span> <span class='ocrx_word' id='word_1_206' title='bbox 490 1810 756 1859; x_wconf 85' lang='lat' dir='ltr'><strong>alligationem.</strong></span> <span class='ocrx_word' id='word_1_207' title='bbox 777 1810 908 1847; x_wconf 88' lang='lat' dir='ltr'><strong>Tertio</strong></span> <span class='ocrx_word' id='word_1_208' title='bbox 939 1810 1027 1859; x_wconf 88' lang='lat' dir='ltr'><strong>quia</strong></span> <span class='ocrx_word' id='word_1_209' title='bbox 1052 1810 1253 1847; x_wconf 88' lang='lat' dir='ltr'><strong>conversio</strong></span> <span class='ocrx_word' id='word_1_210' title='bbox 1275 1822 1353 1847; x_wconf 91' lang='lat' dir='ltr'><strong>non</strong></span> 
     </span>
     <span class='ocr_line' id='line_1_34' title="bbox 249 1863 1353 1914; baseline 0 -14"><span class='ocrx_word' id='word_1_211' title='bbox 249 1897 254 1900; x_wconf 94' lang='lat'><strong>.</strong></span> <span class='ocrx_word' id='word_1_212' title='bbox 280 1872 433 1914; x_wconf 88' lang='lat' dir='ltr'><strong>semper</strong></span> <span class='ocrx_word' id='word_1_213' title='bbox 460 1864 646 1913; x_wconf 87' lang='lat' dir='ltr'><strong>significat</strong></span> <span class='ocrx_word' id='word_1_214' title='bbox 670 1870 841 1901; x_wconf 90' lang='lat' dir='ltr'><strong>motum:</strong></span> <span class='ocrx_word' id='word_1_215' title='bbox 863 1863 1040 1901; x_wconf 92' lang='lat' dir='ltr'><strong>dicuntur</strong></span> <span class='ocrx_word' id='word_1_216' title='bbox 1068 1863 1170 1900; x_wconf 91' lang='lat' dir='ltr'><strong>enim</strong></span> <span class='ocrx_word' id='word_1_217' title='bbox 1199 1863 1353 1901; x_wconf 90' lang='lat' dir='ltr'><strong>circula-</strong></span> 
     </span>
     <span class='ocr_line' id='line_1_35' title="bbox 281 1917 1353 1966; baseline -0.002 -10"><span class='ocrx_word' id='word_1_218' title='bbox 281 1930 341 1956; x_wconf 91' lang='lat' dir='ltr'><strong>res</strong></span> <span class='ocrx_word' id='word_1_219' title='bbox 368 1918 513 1966; x_wconf 90' lang='lat' dir='ltr'><strong>figurae</strong></span> <span class='ocrx_word' id='word_1_220' title='bbox 553 1929 781 1964; x_wconf 90' lang='lat' dir='ltr'><strong>conversae,</strong></span> <span class='ocrx_word' id='word_1_221' title='bbox 809 1917 906 1954; x_wconf 88' lang='lat' dir='ltr'><strong>idest</strong></span> <span class='ocrx_word' id='word_1_222' title='bbox 933 1917 981 1954; x_wconf 90' lang='lat' dir='ltr'><strong>ad</strong></span> <span class='ocrx_word' id='word_1_223' title='bbox 1011 1929 1170 1955; x_wconf 89' lang='lat' dir='ltr'><strong>omnem</strong></span> <span class='ocrx_word' id='word_1_224' title='bbox 1204 1925 1353 1966; x_wconf 85' lang='lat' dir='ltr'><strong>partem</strong></span> 
     </span>
     <span class='ocr_line' id='line_1_36' title="bbox 279 1970 1352 2019; baseline -0.002 -10"><span class='ocrx_word' id='word_1_225' title='bbox 279 1978 428 2019; x_wconf 80' lang='lat' dir='ltr'><strong>versae,</strong></span> <span class='ocrx_word' id='word_1_226' title='bbox 455 1971 567 2008; x_wconf 89' lang='lat' dir='ltr'><strong>etiam</strong></span> <span class='ocrx_word' id='word_1_227' title='bbox 589 1972 609 1993; x_wconf 55' lang='lat'><strong>²¹*</strong></span> <span class='ocrx_word' id='word_1_228' title='bbox 634 1970 664 2007; x_wconf 92' lang='lat' dir='ltr'><strong>si</strong></span> <span class='ocrx_word' id='word_1_229' title='bbox 693 1970 766 2007; x_wconf 92' lang='lat' dir='ltr'><strong>sint</strong></span> <span class='ocrx_word' id='word_1_230' title='bbox 794 1970 1042 2019; x_wconf 86' lang='lat' dir='ltr'><strong>quiescentes.</strong></span> <span class='ocrx_word' id='word_1_231' title='bbox 1074 1971 1222 2018; x_wconf 88' lang='lat' dir='ltr'><strong>Quarto</strong></span> <span class='ocrx_word' id='word_1_232' title='bbox 1251 1970 1352 2019; x_wconf 90' lang='lat' dir='ltr'><strong>quia,</strong></span> 
     </span>
     <span class='ocr_line' id='line_1_37' title="bbox 281 2023 1353 2073; baseline -0.002 -11"><span class='ocrx_word' id='word_1_233' title='bbox 281 2036 370 2062; x_wconf 86' lang='lat' dir='ltr'><strong>cum</strong></span> <span class='ocrx_word' id='word_1_234' title='bbox 400 2024 514 2062; x_wconf 87' lang='lat' dir='ltr'><strong>dictio</strong></span> <span class='ocrx_word' id='word_1_235' title='bbox 543 2025 663 2061; x_wconf 89' lang='lat' dir='ltr'><strong>multa</strong></span> <span class='ocrx_word' id='word_1_236' title='bbox 690 2023 886 2072; x_wconf 87' lang='lat' dir='ltr'><strong>significet,</strong></span> <span class='ocrx_word' id='word_1_237' title='bbox 908 2036 987 2061; x_wconf 92' lang='lat' dir='ltr'><strong>non</strong></span> <span class='ocrx_word' id='word_1_238' title='bbox 1016 2024 1184 2073; x_wconf 88' lang='lat' dir='ltr'><strong>oportuit</strong></span> <span class='ocrx_word' id='word_1_239' title='bbox 1213 2023 1353 2072; x_wconf 87' lang='lat' dir='ltr'><strong>signifi-</strong></span> 
     </span>
     <span class='ocr_line' id='line_1_38' title="bbox 281 2076 1353 2126; baseline 0 -11"><span class='ocrx_word' id='word_1_240' title='bbox 281 2077 472 2126; x_wconf 84' lang='lat' dir='ltr'><strong>cationem</strong></span> <span class='ocrx_word' id='word_1_241' title='bbox 493 2077 574 2115; x_wconf 92' lang='lat' dir='ltr'><strong>eius</strong></span> <span class='ocrx_word' id='word_1_242' title='bbox 589 2077 738 2115; x_wconf 90' lang='lat' dir='ltr'><strong>trahere</strong></span> <span class='ocrx_word' id='word_1_243' title='bbox 754 2077 803 2114; x_wconf 89' lang='lat' dir='ltr'><strong>ad</strong></span> <span class='ocrx_word' id='word_1_244' title='bbox 823 2076 1066 2114; x_wconf 89' lang='lat' dir='ltr'><strong>manifestum</strong></span> <span class='ocrx_word' id='word_1_245' title='bbox 1086 2090 1242 2114; x_wconf 89' lang='lat' dir='ltr'><strong>sensum</strong></span> <span class='ocrx_word' id='word_1_246' title='bbox 1264 2090 1353 2115; x_wconf 93' lang='lat' dir='ltr'><strong>con-</strong></span> 
     </span>
     <span class='ocr_line' id='line_1_39' title="bbox 282 2130 859 2169; baseline -0.002 -1"><span class='ocrx_word' id='word_1_247' title='bbox 282 2139 339 2169; x_wconf 92' lang='lat' dir='ltr'><strong>tra</strong></span> <span class='ocrx_word' id='word_1_248' title='bbox 366 2131 617 2169; x_wconf 88' lang='lat' dir='ltr'><strong>intentionem</strong></span> <span class='ocrx_word' id='word_1_249' title='bbox 639 2130 806 2168; x_wconf 86' lang='lat' dir='ltr'><strong>Platonis</strong></span> <span class='ocrx_word' id='word_1_250' title='bbox 834 2136 859 2167; x_wconf 73' lang='lat'><strong>¹.</strong></span> 
     </span>
    </p>

    <p class='ocr_par' dir='ltr' id='par_1_13' title="bbox 246 2183 1360 3033">
     <span class='ocr_line' id='line_1_40' title="bbox 336 2183 1354 2233; baseline -0.002 -11"><span class='ocrx_word' id='word_1_251' title='bbox 336 2185 414 2222; x_wconf 91' lang='lat' dir='ltr'><strong>Sed</strong></span> <span class='ocrx_word' id='word_1_252' title='bbox 439 2191 570 2222; x_wconf 89' lang='lat' dir='ltr'><strong>contra</strong></span> <span class='ocrx_word' id='word_1_253' title='bbox 595 2185 671 2221; x_wconf 92' lang='lat' dir='ltr'><strong>hoc</strong></span> <span class='ocrx_word' id='word_1_254' title='bbox 694 2183 828 2221; x_wconf 89' lang='lat' dir='ltr'><strong>iterum</strong></span> <span class='ocrx_word' id='word_1_255' title='bbox 848 2183 976 2220; x_wconf 90' lang='lat' dir='ltr'><strong>obiicit</strong></span> <span class='ocrx_word' id='word_1_256' title='bbox 1005 2183 1238 2232; x_wconf 90' lang='lat' dir='ltr'><strong>Simplicius:</strong></span> <span class='ocrx_word' id='word_1_257' title='bbox 1266 2183 1354 2233; x_wconf 89' lang='lat' dir='ltr'><strong>quia</strong></span> 
     </span>
     <span class='ocr_line' id='line_1_41' title="bbox 281 2236 1355 2287; baseline -0.002 -12"><span class='ocrx_word' id='word_1_258' title='bbox 281 2250 361 2275; x_wconf 91' lang='lat' dir='ltr'><strong>non</strong></span> <span class='ocrx_word' id='word_1_259' title='bbox 389 2245 446 2275; x_wconf 90' lang='lat' dir='ltr'><strong>est</strong></span> <span class='ocrx_word' id='word_1_260' title='bbox 469 2237 668 2287; x_wconf 86' lang='lat' dir='ltr'><strong>probabile</strong></span> <span class='ocrx_word' id='word_1_261' title='bbox 693 2236 799 2286; x_wconf 93' lang='lat' dir='ltr'><strong>quod</strong></span> <span class='ocrx_word' id='word_1_262' title='bbox 825 2237 1048 2274; x_wconf 90' lang='lat' dir='ltr'><strong>Aristoteles</strong></span> <span class='ocrx_word' id='word_1_263' title='bbox 1072 2237 1264 2286; x_wconf 87' lang='lat' dir='ltr'><strong>ignoraret</strong></span> <span class='ocrx_word' id='word_1_264' title='bbox 1291 2245 1355 2273; x_wconf 91' lang='lat' dir='ltr'><strong>aut</strong></span> 
     </span>
     <span class='ocr_line' id='line_1_42' title="bbox 281 2290 1354 2339; baseline -0.002 -11"><span class='ocrx_word' id='word_1_265' title='bbox 281 2291 597 2339; x_wconf 88' lang='lat' dir='ltr'><strong>significationem</strong></span> <span class='ocrx_word' id='word_1_266' title='bbox 629 2290 827 2337; x_wconf 87' lang='lat' dir='ltr'><strong>vocabuli,</strong></span> <span class='ocrx_word' id='word_1_267' title='bbox 858 2297 922 2326; x_wconf 90' lang='lat' dir='ltr'><strong>aut</strong></span> <span class='ocrx_word' id='word_1_268' title='bbox 950 2290 1199 2328; x_wconf 90' lang='lat' dir='ltr'><strong>intentionem</strong></span> <span class='ocrx_word' id='word_1_269' title='bbox 1229 2291 1354 2327; x_wconf 88' lang='lat' dir='ltr'><strong>Plato-</strong></span> 
     </span>
     <span class='ocr_line' id='line_1_43' title="bbox 247 2343 1356 2393; baseline -0.001 -12"><span class='ocrx_word' id='word_1_270' title='bbox 247 2368 253 2374; x_wconf 89' lang='lat'>·</span> <span class='ocrx_word' id='word_1_271' title='bbox 280 2344 339 2381; x_wconf 92' lang='lat' dir='ltr'><strong>nis</strong></span> <span class='ocrx_word' id='word_1_272' title='bbox 358 2345 390 2381; x_wconf 81' lang='lat'><strong>*.</strong></span> <span class='ocrx_word' id='word_1_273' title='bbox 413 2345 462 2381; x_wconf 91' lang='lat' dir='ltr'><strong>Et</strong></span> <span class='ocrx_word' id='word_1_274' title='bbox 481 2344 569 2382; x_wconf 90' lang='lat' dir='ltr'><strong>ideo</strong></span> <span class='ocrx_word' id='word_1_275' title='bbox 588 2351 714 2393; x_wconf 91' lang='lat' dir='ltr'><strong>potest</strong></span> <span class='ocrx_word' id='word_1_276' title='bbox 734 2343 806 2380; x_wconf 89' lang='lat' dir='ltr'><strong>dici</strong></span> <span class='ocrx_word' id='word_1_277' title='bbox 827 2343 943 2392; x_wconf 91' lang='lat' dir='ltr'><strong>quod,</strong></span> <span class='ocrx_word' id='word_1_278' title='bbox 970 2343 1059 2393; x_wconf 91' lang='lat' dir='ltr'><strong>quia</strong></span> <span class='ocrx_word' id='word_1_279' title='bbox 1076 2343 1256 2393; x_wconf 89' lang='lat' dir='ltr'><strong>possibile</strong></span> <span class='ocrx_word' id='word_1_280' title='bbox 1277 2350 1356 2380; x_wconf 90' lang='lat' dir='ltr'><strong>erat</strong></span> 
     </span>
     <span class='ocr_line' id='line_1_44' title="bbox 247 2396 1356 2446; baseline -0.001 -12"><span class='ocrx_word' id='word_1_281' title='bbox 247 2421 253 2427; x_wconf 90' lang='lat'><strong>·</strong></span> <span class='ocrx_word' id='word_1_282' title='bbox 281 2396 430 2446; x_wconf 89' lang='lat' dir='ltr'><strong>aliquos</strong></span> <span class='ocrx_word' id='word_1_283' title='bbox 458 2398 548 2434; x_wconf 89' lang='lat' dir='ltr'><strong>false</strong></span> <span class='ocrx_word' id='word_1_284' title='bbox 569 2398 590 2418; x_wconf 68' lang='lat'><strong>³¹³</strong></span> <span class='ocrx_word' id='word_1_285' title='bbox 618 2397 822 2445; x_wconf 89' lang='lat' dir='ltr'><strong>intelligere</strong></span> <span class='ocrx_word' id='word_1_286' title='bbox 850 2397 971 2434; x_wconf 87' lang='lat' dir='ltr'><strong>verba</strong></span> <span class='ocrx_word' id='word_1_287' title='bbox 998 2397 1182 2443; x_wconf 87' lang='lat' dir='ltr'><strong>Platonis,</strong></span> <span class='ocrx_word' id='word_1_288' title='bbox 1212 2396 1356 2434; x_wconf 91' lang='lat' dir='ltr'><strong>Aristo-</strong></span> 
     </span>
     <span class='ocr_line' id='line_1_45' title="bbox 246 2450 1356 2499; baseline -0.002 -11"><span class='ocrx_word' id='word_1_289' title='bbox 246 2474 253 2482; x_wconf 89' lang='lat'>·</span> <span class='ocrx_word' id='word_1_290' title='bbox 281 2451 374 2488; x_wconf 88' lang='lat' dir='ltr'><strong>teles</strong></span> <span class='ocrx_word' id='word_1_291' title='bbox 393 2458 569 2489; x_wconf 89' lang='lat' dir='ltr'><strong>removet</strong></span> <span class='ocrx_word' id='word_1_292' title='bbox 589 2452 610 2472; x_wconf 34' lang='grc' dir='ltr'>ᾇ</span> <span class='ocrx_word' id='word_1_293' title='bbox 630 2450 767 2487; x_wconf 88' lang='lat' dir='ltr'><strong>falsum</strong></span> <span class='ocrx_word' id='word_1_294' title='bbox 787 2450 1018 2487; x_wconf 85' lang='lat' dir='ltr'><strong>intellectum</strong></span> <span class='ocrx_word' id='word_1_295' title='bbox 1038 2451 1104 2499; x_wconf 86' lang='lat' dir='ltr'><strong>qui</strong></span> <span class='ocrx_word' id='word_1_296' title='bbox 1129 2463 1174 2488; x_wconf 87' lang='lat' dir='ltr'><strong>ex</strong></span> <span class='ocrx_word' id='word_1_297' title='bbox 1193 2450 1251 2487; x_wconf 88' lang='lat' dir='ltr'><strong>his</strong></span> <span class='ocrx_word' id='word_1_298' title='bbox 1269 2462 1356 2487; x_wconf 92' lang='lat' dir='ltr'><strong>ver-</strong></span> 
     </span>
     <span class='ocr_line' id='line_1_46' title="bbox 247 2503 1358 2553; baseline -0.002 -11"><span class='ocrx_word' id='word_1_299' title='bbox 247 2528 254 2535; x_wconf 88' lang='lat'><strong>·</strong></span> <span class='ocrx_word' id='word_1_300' title='bbox 281 2504 339 2542; x_wconf 88' lang='lat' dir='ltr'><strong>bis</strong></span> <span class='ocrx_word' id='word_1_301' title='bbox 372 2505 506 2542; x_wconf 89' lang='lat' dir='ltr'><strong>haberi</strong></span> <span class='ocrx_word' id='word_1_302' title='bbox 542 2511 693 2553; x_wconf 91' lang='lat' dir='ltr'><strong>posset,</strong></span> <span class='ocrx_word' id='word_1_303' title='bbox 728 2504 824 2540; x_wconf 91' lang='lat' dir='ltr'><strong>sicut</strong></span> <span class='ocrx_word' id='word_1_304' title='bbox 857 2504 1073 2552; x_wconf 87' lang='lat' dir='ltr'><strong>frequenter</strong></span> <span class='ocrx_word' id='word_1_305' title='bbox 1105 2505 1126 2526; x_wconf 81' lang='grc'><em>*</em></span> <span class='ocrx_word' id='word_1_306' title='bbox 1160 2503 1358 2541; x_wconf 90' lang='lat' dir='ltr'><strong>consuevit</strong></span> 
     </span>
     <span class='ocr_line' id='line_1_47' title="bbox 282 2554 1356 2606; baseline -0.002 -11"><span class='ocrx_word' id='word_1_307' title='bbox 282 2558 405 2595; x_wconf 84' lang='lat' dir='ltr'><strong>facere</strong></span> <span class='ocrx_word' id='word_1_308' title='bbox 427 2558 525 2595; x_wconf 89' lang='lat' dir='ltr'><strong>circa</strong></span> <span class='ocrx_word' id='word_1_309' title='bbox 542 2557 663 2594; x_wconf 90' lang='lat' dir='ltr'><strong>verba</strong></span> <span class='ocrx_word' id='word_1_310' title='bbox 683 2556 862 2594; x_wconf 84' lang='lat' dir='ltr'><strong>Platonis.</strong></span> <span class='ocrx_word' id='word_1_311' title='bbox 884 2578 908 2584; x_wconf 94' lang='lat'>—</span> <span class='ocrx_word' id='word_1_312' title='bbox 926 2554 996 2593; x_wconf 94' lang='lat' dir='ltr'><strong>Vel</strong></span> <span class='ocrx_word' id='word_1_313' title='bbox 1014 2565 1140 2606; x_wconf 91' lang='lat' dir='ltr'><strong>potest</strong></span> <span class='ocrx_word' id='word_1_314' title='bbox 1160 2557 1231 2595; x_wconf 93' lang='lat' dir='ltr'><strong>diei</strong></span> <span class='ocrx_word' id='word_1_315' title='bbox 1252 2557 1356 2606; x_wconf 91' lang='lat' dir='ltr'><strong>quod</strong></span> 
     </span>
     <span class='ocr_line' id='line_1_48' title="bbox 280 2608 1356 2660; baseline -0.003 -11"><span class='ocrx_word' id='word_1_316' title='bbox 280 2612 358 2649; x_wconf 92' lang='lat' dir='ltr'><strong>hoc</strong></span> <span class='ocrx_word' id='word_1_317' title='bbox 385 2611 490 2660; x_wconf 79' lang='lat' dir='ltr'><strong>quod</strong></span> <span class='ocrx_word' id='word_1_318' title='bbox 519 2611 654 2648; x_wconf 90' lang='lat' dir='ltr'><strong>dicitur</strong></span> <span class='ocrx_word' id='word_1_319' title='bbox 678 2616 715 2647; x_wconf 90' lang='lat' dir='ltr'><strong>et</strong></span> <span class='ocrx_word' id='word_1_320' title='bbox 740 2610 887 2647; x_wconf 85' lang='lat' dir='ltr'><strong>moveri</strong></span> <span class='ocrx_word' id='word_1_321' title='bbox 903 2608 935 2657; x_wconf 59' lang='grc' dir='ltr'><strong>λ,</strong></span> <span class='ocrx_word' id='word_1_322' title='bbox 967 2618 1023 2647; x_wconf 90' lang='lat' dir='ltr'><strong>est</strong></span> <span class='ocrx_word' id='word_1_323' title='bbox 1050 2611 1098 2648; x_wconf 87' lang='lat' dir='ltr'><strong>ab</strong></span> <span class='ocrx_word' id='word_1_324' title='bbox 1127 2611 1254 2659; x_wconf 87' lang='lat' dir='ltr'><strong>aliquo</strong></span> <span class='ocrx_word' id='word_1_325' title='bbox 1284 2610 1356 2647; x_wconf 92' lang='lat' dir='ltr'><strong>alio</strong></span> 
     </span>
     <span class='ocr_line' id='line_1_49' title="bbox 283 2664 1357 2714; baseline -0.001 -12"><span class='ocrx_word' id='word_1_326' title='bbox 283 2665 514 2714; x_wconf 90' lang='lat' dir='ltr'><strong>appositum.</strong></span> <span class='ocrx_word' id='word_1_327' title='bbox 536 2665 580 2701; x_wconf 87' lang='lat' dir='ltr'><strong>In</strong></span> <span class='ocrx_word' id='word_1_328' title='bbox 610 2664 759 2701; x_wconf 92' lang='lat' dir='ltr'><strong>Graeco</strong></span> <span class='ocrx_word' id='word_1_329' title='bbox 780 2672 909 2701; x_wconf 89' lang='lat' dir='ltr'><strong>autem</strong></span> <span class='ocrx_word' id='word_1_330' title='bbox 937 2664 1072 2701; x_wconf 92' lang='lat' dir='ltr'><strong>dicitur</strong></span> <span class='ocrx_word' id='word_1_331' title='bbox 1098 2664 1266 2710; x_wconf 86' lang='lat' dir='ltr'><strong>illesthai,</strong></span> <span class='ocrx_word' id='word_1_332' title='bbox 1286 2676 1357 2713; x_wconf 92' lang='lat' dir='ltr'><strong>pro</strong></span> 
     </span>
     <span class='ocr_line' id='line_1_50' title="bbox 284 2717 1358 2767; baseline 0 -13"><span class='ocrx_word' id='word_1_333' title='bbox 284 2730 362 2767; x_wconf 87' lang='lat' dir='ltr'><strong>quo</strong></span> <span class='ocrx_word' id='word_1_334' title='bbox 388 2718 450 2755; x_wconf 92' lang='lat' dir='ltr'><strong>hic</strong></span> <span class='ocrx_word' id='word_1_335' title='bbox 478 2725 535 2754; x_wconf 89' lang='lat' dir='ltr'><strong>est</strong></span> <span class='ocrx_word' id='word_1_336' title='bbox 561 2718 783 2754; x_wconf 90' lang='lat' dir='ltr'><strong>translatum</strong></span> <span class='ocrx_word' id='word_1_337' title='bbox 812 2717 973 2755; x_wconf 75' lang='lat' dir='ltr'><strong>revolvi:</strong></span> <span class='ocrx_word' id='word_1_338' title='bbox 1001 2725 1127 2766; x_wconf 90' lang='lat' dir='ltr'><strong>potest</strong></span> <span class='ocrx_word' id='word_1_339' title='bbox 1154 2726 1283 2755; x_wconf 92' lang='lat' dir='ltr'><strong>autem</strong></span> <span class='ocrx_word' id='word_1_340' title='bbox 1312 2717 1358 2754; x_wconf 91' lang='lat' dir='ltr'><strong>si-</strong></span> 
     </span>
     <span class='ocr_line' id='line_1_51' title="bbox 283 2770 1359 2820; baseline -0.001 -12"><span class='ocrx_word' id='word_1_341' title='bbox 283 2771 464 2820; x_wconf 88' lang='lat' dir='ltr'><strong>gnificare</strong></span> <span class='ocrx_word' id='word_1_342' title='bbox 494 2770 599 2820; x_wconf 92' lang='lat' dir='ltr'><strong>quod</strong></span> <span class='ocrx_word' id='word_1_343' title='bbox 627 2770 666 2807; x_wconf 91' lang='lat' dir='ltr'><strong>in</strong></span> <span class='ocrx_word' id='word_1_344' title='bbox 695 2771 843 2808; x_wconf 90' lang='lat' dir='ltr'><strong>Graeco</strong></span> <span class='ocrx_word' id='word_1_345' title='bbox 868 2770 1036 2819; x_wconf 90' lang='lat' dir='ltr'><strong>positum</strong></span> <span class='ocrx_word' id='word_1_346' title='bbox 1066 2778 1140 2818; x_wconf 90' lang='lat' dir='ltr'><strong>est,</strong></span> <span class='ocrx_word' id='word_1_347' title='bbox 1172 2779 1208 2808; x_wconf 92' lang='lat' dir='ltr'><strong>et</strong></span> <span class='ocrx_word' id='word_1_348' title='bbox 1235 2771 1359 2818; x_wconf 88' lang='lat' dir='ltr'><strong>alliga-</strong></span> 
     </span>
     <span class='ocr_line' id='line_1_52' title="bbox 283 2824 1355 2873; baseline -0.001 -12"><span class='ocrx_word' id='word_1_349' title='bbox 283 2825 427 2861; x_wconf 88' lang='lat' dir='ltr'><strong>tionem</strong></span> <span class='ocrx_word' id='word_1_350' title='bbox 460 2831 497 2861; x_wconf 88' lang='lat' dir='ltr'><strong>et</strong></span> <span class='ocrx_word' id='word_1_351' title='bbox 525 2831 697 2860; x_wconf 89' lang='lat' dir='ltr'><strong>motum:</strong></span> <span class='ocrx_word' id='word_1_352' title='bbox 728 2824 779 2860; x_wconf 91' lang='lat' dir='ltr'><strong>ita</strong></span> <span class='ocrx_word' id='word_1_353' title='bbox 811 2824 917 2873; x_wconf 90' lang='lat' dir='ltr'><strong>quod</strong></span> <span class='ocrx_word' id='word_1_354' title='bbox 950 2824 1201 2872; x_wconf 89' lang='lat' dir='ltr'><strong>intelligamus</strong></span> <span class='ocrx_word' id='word_1_355' title='bbox 1237 2824 1355 2872; x_wconf 88' lang='lat' dir='ltr'><strong>quod,</strong></span> 
     </span>
     <span class='ocr_line' id='line_1_53' title="bbox 283 2876 1358 2927; baseline 0 -13"><span class='ocrx_word' id='word_1_356' title='bbox 283 2885 488 2927; x_wconf 91' lang='lat' dir='ltr'><strong>postquam</strong></span> <span class='ocrx_word' id='word_1_357' title='bbox 519 2876 739 2914; x_wconf 88' lang='lat' dir='ltr'><strong>Aristoteles</strong></span> <span class='ocrx_word' id='word_1_358' title='bbox 765 2877 892 2925; x_wconf 88' lang='lat' dir='ltr'><strong>posuit</strong></span> <span class='ocrx_word' id='word_1_359' title='bbox 921 2877 1143 2926; x_wconf 89' lang='lat' dir='ltr'><strong>opinionem</strong></span> <span class='ocrx_word' id='word_1_360' title='bbox 1169 2878 1358 2926; x_wconf 90' lang='lat' dir='ltr'><strong>Pythago-</strong></span> 
     </span>
     <span class='ocr_line' id='line_1_54' title="bbox 285 2930 1360 2979; baseline 0 -11"><span class='ocrx_word' id='word_1_361' title='bbox 285 2931 452 2968; x_wconf 86' lang='lat' dir='ltr'><strong>ricorum</strong></span> <span class='ocrx_word' id='word_1_362' title='bbox 483 2930 529 2968; x_wconf 92' lang='lat' dir='ltr'><strong>de</strong></span> <span class='ocrx_word' id='word_1_363' title='bbox 550 2938 659 2967; x_wconf 89' lang='lat' dir='ltr'><strong>motu</strong></span> <span class='ocrx_word' id='word_1_364' title='bbox 687 2938 810 2967; x_wconf 92' lang='lat' dir='ltr'><strong>terrae</strong></span> <span class='ocrx_word' id='word_1_365' title='bbox 840 2930 937 2967; x_wconf 91' lang='lat' dir='ltr'><strong>circa</strong></span> <span class='ocrx_word' id='word_1_366' title='bbox 966 2930 1149 2977; x_wconf 92' lang='lat' dir='ltr'><strong>medium,</strong></span> <span class='ocrx_word' id='word_1_367' title='bbox 1171 2931 1232 2967; x_wconf 92' lang='lat' dir='ltr'><strong>hic</strong></span> <span class='ocrx_word' id='word_1_368' title='bbox 1251 2930 1360 2979; x_wconf 92' lang='lat' dir='ltr'><strong>ponit</strong></span> 
     </span>
     <span class='ocr_line' id='line_1_55' title="bbox 286 2983 1325 3033; baseline -0.001 -12"><span class='ocrx_word' id='word_1_369' title='bbox 286 2984 510 3033; x_wconf 88' lang='lat' dir='ltr'><strong>opinionem</strong></span> <span class='ocrx_word' id='word_1_370' title='bbox 539 2983 708 3021; x_wconf 88' lang='lat' dir='ltr'><strong>Platonis</strong></span> <span class='ocrx_word' id='word_1_371' title='bbox 737 2983 784 3021; x_wconf 93' lang='lat' dir='ltr'><strong>de</strong></span> <span class='ocrx_word' id='word_1_372' title='bbox 813 2983 940 3032; x_wconf 88' lang='lat' dir='ltr'><strong>quiete</strong></span> <span class='ocrx_word' id='word_1_373' title='bbox 968 2992 1088 3021; x_wconf 87' lang='lat' dir='ltr'><strong>terrae</strong></span> <span class='ocrx_word' id='word_1_374' title='bbox 1118 2984 1156 3020; x_wconf 92' lang='lat' dir='ltr'><strong>in</strong></span> <span class='ocrx_word' id='word_1_375' title='bbox 1183 2984 1325 3021; x_wconf 90' lang='lat' dir='ltr'><strong>medio.</strong></span> 
     </span>
    </p>
   </div>
   <div class='ocr_carea' id='block_1_11' title="bbox 285 3098 1358 3628">
    <p class='ocr_par' dir='ltr' id='par_1_14' title="bbox 285 3098 1358 3238">
     <span class='ocr_line' id='line_1_56' title="bbox 341 3098 1358 3133; baseline -0.001 -9"><span class='ocrx_word' id='word_1_376' title='bbox 341 3098 360 3133; x_wconf 82' lang='grc' dir='ltr'><strong>ι)</strong></span> <span class='ocrx_word' id='word_1_377' title='bbox 380 3099 542 3124; x_wconf 81' lang='lat' dir='ltr'><strong>translatum</strong></span> <span class='ocrx_word' id='word_1_378' title='bbox 556 3098 709 3133; x_wconf 70' lang='lat' dir='ltr'><strong>significare</strong></span> <span class='ocrx_word' id='word_1_379' title='bbox 727 3099 933 3124; x_wconf 84' lang='lat' dir='ltr'><strong>conversionem.</strong></span> <span class='ocrx_word' id='word_1_380' title='bbox 947 3112 966 3117; x_wconf 90' lang='lat'><strong>—-</strong></span> <span class='ocrx_word' id='word_1_381' title='bbox 979 3099 1138 3124; x_wconf 80' lang='lat' dir='ltr'><strong>translative</strong></span> <span class='ocrx_word' id='word_1_382' title='bbox 1150 3099 1302 3132; x_wconf 73' lang='lat' dir='ltr'><strong>significare</strong></span> <span class='ocrx_word' id='word_1_383' title='bbox 1317 3106 1358 3124; x_wconf 79' lang='lat' dir='ltr'><strong>re-</strong></span> 
     </span>
     <span class='ocr_line' id='line_1_57' title="bbox 285 3134 1358 3167; baseline -0.001 -7"><span class='ocrx_word' id='word_1_384' title='bbox 285 3135 484 3161; x_wconf 81' lang='lat' dir='ltr'><strong>conversionem</strong></span> <span class='ocrx_word' id='word_1_385' title='bbox 498 3135 530 3160; x_wconf 85' lang='lat' dir='ltr'><strong>A.</strong></span> <span class='ocrx_word' id='word_1_386' title='bbox 544 3149 563 3153; x_wconf 92' lang='lat'>—</span> <span class='ocrx_word' id='word_1_387' title='bbox 574 3135 663 3159; x_wconf 84' lang='lat' dir='ltr'><strong>Altera</strong></span> <span class='ocrx_word' id='word_1_388' title='bbox 678 3134 745 3159; x_wconf 87' lang='lat' dir='ltr'><strong>linea</strong></span> <span class='ocrx_word' id='word_1_389' title='bbox 757 3143 805 3167; x_wconf 90' lang='lat' dir='ltr'><strong>pro</strong></span> <span class='ocrx_word' id='word_1_390' title='bbox 818 3135 856 3159; x_wconf 86' lang='lat' dir='ltr'><strong>ad</strong></span> <span class='ocrx_word' id='word_1_391' title='bbox 869 3134 1001 3159; x_wconf 83' lang='lat' dir='ltr'><strong>rationem</strong></span> <span class='ocrx_word' id='word_1_392' title='bbox 1017 3138 1195 3166; x_wconf 81' lang='lat' dir='ltr'><strong>praesentem,</strong></span> <span class='ocrx_word' id='word_1_393' title='bbox 1211 3135 1281 3167; x_wconf 85' lang='lat' dir='ltr'><strong>quod</strong></span> <span class='ocrx_word' id='word_1_394' title='bbox 1295 3134 1358 3166; x_wconf 86' lang='lat' dir='ltr'><strong>legi—</strong></span> 
     </span>
     <span class='ocr_line' id='line_1_58' title="bbox 287 3169 1357 3202; baseline -0.002 -6"><span class='ocrx_word' id='word_1_395' title='bbox 287 3179 347 3196; x_wconf 97' lang='lat' dir='ltr'><strong>mus</strong></span> <span class='ocrx_word' id='word_1_396' title='bbox 366 3178 426 3196; x_wconf 84' lang='lat' dir='ltr'><strong>cum</strong></span> <span class='ocrx_word' id='word_1_397' title='bbox 439 3171 475 3201; x_wconf 82' lang='lat' dir='ltr'><strong>A,</strong></span> <span class='ocrx_word' id='word_1_398' title='bbox 494 3171 532 3195; x_wconf 86' lang='lat' dir='ltr'><strong>ad</strong></span> <span class='ocrx_word' id='word_1_399' title='bbox 550 3177 606 3195; x_wconf 86' lang='lat' dir='ltr'><strong>rem</strong></span> <span class='ocrx_word' id='word_1_400' title='bbox 622 3170 784 3202; x_wconf 83' lang='lat' dir='ltr'><strong>praesertim</strong></span> <span class='ocrx_word' id='word_1_401' title='bbox 801 3170 835 3200; x_wconf 88' lang='lat' dir='ltr'><strong>P;</strong></span> <span class='ocrx_word' id='word_1_402' title='bbox 852 3170 930 3194; x_wconf 83' lang='lat' dir='ltr'><strong>etiam</strong></span> <span class='ocrx_word' id='word_1_403' title='bbox 943 3170 984 3194; x_wconf 85' lang='lat' dir='ltr'><strong>alii</strong></span> <span class='ocrx_word' id='word_1_404' title='bbox 999 3169 1095 3194; x_wconf 89' lang='lat' dir='ltr'><strong>habent</strong></span> <span class='ocrx_word' id='word_1_405' title='bbox 1107 3170 1145 3194; x_wconf 90' lang='lat' dir='ltr'><strong>ad</strong></span> <span class='ocrx_word' id='word_1_406' title='bbox 1157 3177 1221 3198; x_wconf 86' lang='lat' dir='ltr'><strong>rem,</strong></span> <span class='ocrx_word' id='word_1_407' title='bbox 1237 3175 1262 3194; x_wconf 93' lang='lat' dir='ltr'><strong>et</strong></span> <span class='ocrx_word' id='word_1_408' title='bbox 1276 3177 1357 3202; x_wconf 90' lang='lat' dir='ltr'><strong>prae-</strong></span> 
     </span>
     <span class='ocr_line' id='line_1_59' title="bbox 286 3205 1313 3238; baseline -0.002 -6"><span class='ocrx_word' id='word_1_409' title='bbox 286 3210 387 3232; x_wconf 80' lang='lat' dir='ltr'><strong>sentem</strong></span> <span class='ocrx_word' id='word_1_410' title='bbox 402 3210 572 3238; x_wconf 84' lang='lat' dir='ltr'><strong>corrumpunt</strong></span> <span class='ocrx_word' id='word_1_411' title='bbox 590 3206 616 3230; x_wconf 87' lang='lat' dir='ltr'><strong>in</strong></span> <span class='ocrx_word' id='word_1_412' title='bbox 630 3205 840 3237; x_wconf 80' lang='lat' dir='ltr'><strong>praesumptive,</strong></span> <span class='ocrx_word' id='word_1_413' title='bbox 857 3209 1069 3237; x_wconf 80' lang='lat' dir='ltr'><strong>praesumptam,</strong></span> <span class='ocrx_word' id='word_1_414' title='bbox 1084 3212 1313 3237; x_wconf 81' lang='lat' dir='ltr'><strong>praesupponere.</strong></span> 
     </span>
    </p>

    <p class='ocr_par' dir='ltr' id='par_1_15' title="bbox 287 3240 1358 3417">
     <span class='ocr_line' id='line_1_60' title="bbox 341 3240 1355 3275; baseline -0.002 -9"><span class='ocrx_word' id='word_1_415' title='bbox 341 3242 368 3275; x_wconf 80' lang='grc' dir='ltr'><strong>κ)</strong></span> <span class='ocrx_word' id='word_1_416' title='bbox 387 3242 451 3274; x_wconf 80' lang='lat' dir='ltr'><strong>quia</strong></span> <span class='ocrx_word' id='word_1_417' title='bbox 462 3249 522 3267; x_wconf 83' lang='lat' dir='ltr'><strong>cum</strong></span> <span class='ocrx_word' id='word_1_418' title='bbox 537 3241 619 3266; x_wconf 84' lang='lat' dir='ltr'><strong>dictio</strong></span> <span class='ocrx_word' id='word_1_419' title='bbox 667 3241 798 3266; x_wconf 82' lang='lat' dir='ltr'><strong>Platonis.</strong></span> <span class='ocrx_word' id='word_1_420' title='bbox 809 3255 827 3259; x_wconf 97' lang='lat'><em>-</em></span> <span class='ocrx_word' id='word_1_421' title='bbox 840 3241 903 3272; x_wconf 85' lang='lat' dir='ltr'><strong>quia</strong></span> <span class='ocrx_word' id='word_1_422' title='bbox 915 3241 1033 3265; x_wconf 86' lang='lat' dir='ltr'><strong>conditio</strong></span> <span class='ocrx_word' id='word_1_423' title='bbox 1049 3241 1132 3265; x_wconf 82' lang='lat' dir='ltr'><strong>multa</strong></span> <span class='ocrx_word' id='word_1_424' title='bbox 1144 3240 1288 3272; x_wconf 82' lang='lat' dir='ltr'><strong>significat,</strong></span> <span class='ocrx_word' id='word_1_425' title='bbox 1303 3248 1355 3265; x_wconf 86' lang='lat' dir='ltr'><strong>non</strong></span> 
     </span>
     <span class='ocr_line' id='line_1_61' title="bbox 287 3276 1358 3310; baseline -0.003 -7"><span class='ocrx_word' id='word_1_426' title='bbox 287 3277 409 3309; x_wconf 68' lang='lat' dir='ltr'><strong>oponuit</strong></span> <span class='ocrx_word' id='word_1_427' title='bbox 426 3277 620 3310; x_wconf 72' lang='lat' dir='ltr'><strong>significatione</strong></span> <span class='ocrx_word' id='word_1_428' title='bbox 644 3276 790 3301; x_wconf 79' lang='lat' dir='ltr'><strong>extrahere</strong></span> <span class='ocrx_word' id='word_1_429' title='bbox 813 3276 850 3300; x_wconf 86' lang='lat' dir='ltr'><strong>ad</strong></span> <span class='ocrx_word' id='word_1_430' title='bbox 869 3279 969 3300; x_wconf 76' lang='lat' dir='ltr'><strong>motum</strong></span> <span class='ocrx_word' id='word_1_431' title='bbox 988 3279 1083 3300; x_wconf 85' lang='lat' dir='ltr'><strong>contra</strong></span> <span class='ocrx_word' id='word_1_432' title='bbox 1107 3276 1278 3300; x_wconf 83' lang='lat' dir='ltr'><strong>intentionem</strong></span> <span class='ocrx_word' id='word_1_433' title='bbox 1295 3276 1358 3300; x_wconf 86' lang='lat' dir='ltr'><strong>Pla-</strong></span> 
     </span>
     <span class='ocr_line' id='line_1_62' title="bbox 288 3311 1356 3345; baseline -0.004 -7"><span class='ocrx_word' id='word_1_434' title='bbox 288 3313 360 3338; x_wconf 80' lang='lat' dir='ltr'><strong>tonis</strong></span> <span class='ocrx_word' id='word_1_435' title='bbox 373 3313 409 3344; x_wconf 81' lang='lat' dir='ltr'><strong>A;</strong></span> <span class='ocrx_word' id='word_1_436' title='bbox 424 3313 448 3337; x_wconf 92' lang='lat' dir='ltr'>G</span> <span class='ocrx_word' id='word_1_437' title='bbox 462 3317 523 3345; x_wconf 85' lang='lat' dir='ltr'><strong>post</strong></span> <span class='ocrx_word' id='word_1_438' title='bbox 536 3312 618 3336; x_wconf 85' lang='lat' dir='ltr'><strong>dictio</strong></span> <span class='ocrx_word' id='word_1_439' title='bbox 631 3312 690 3336; x_wconf 81' lang='lat' dir='ltr'><strong>add.</strong></span> <span class='ocrx_word' id='word_1_440' title='bbox 705 3318 759 3336; x_wconf 85' lang='lat' dir='ltr'><strong>una</strong></span> <span class='ocrx_word' id='word_1_441' title='bbox 764 3318 774 3340; x_wconf 90' lang='lat'><strong>,·</strong></span> <span class='ocrx_word' id='word_1_442' title='bbox 792 3319 839 3343; x_wconf 86' lang='lat' dir='ltr'><strong>pro</strong></span> <span class='ocrx_word' id='word_1_443' title='bbox 854 3311 1023 3344; x_wconf 70' lang='lat' dir='ltr'><strong>manifestum</strong></span> <span class='ocrx_word' id='word_1_444' title='bbox 1037 3318 1142 3335; x_wconf 87' lang='lat' dir='ltr'><strong>sensum</strong></span> <span class='ocrx_word' id='word_1_445' title='bbox 1156 3311 1238 3343; x_wconf 91' lang='lat' dir='ltr'><strong>(quod</strong></span> <span class='ocrx_word' id='word_1_446' title='bbox 1252 3319 1306 3335; x_wconf 88' lang='lat' dir='ltr'><strong>om.</strong></span> <span class='ocrx_word' id='word_1_447' title='bbox 1316 3311 1356 3342; x_wconf 82' lang='lat' dir='ltr'><strong>F),</strong></span> 
     </span>
     <span class='ocr_line' id='line_1_63' title="bbox 289 3344 1357 3381; baseline -0.003 -8"><span class='ocrx_word' id='word_1_448' title='bbox 289 3348 400 3381; x_wconf 84' lang='lat' dir='ltr'><strong>spatium</strong></span> <span class='ocrx_word' id='word_1_449' title='bbox 419 3355 475 3372; x_wconf 86' lang='lat' dir='ltr'><strong>vac.</strong></span> <span class='ocrx_word' id='word_1_450' title='bbox 489 3347 537 3380; x_wconf 82' lang='lat' dir='ltr'><strong>pD,</strong></span> <span class='ocrx_word' id='word_1_451' title='bbox 557 3355 639 3372; x_wconf 87' lang='lat' dir='ltr'><strong>unum</strong></span> <span class='ocrx_word' id='word_1_452' title='bbox 659 3347 705 3376; x_wconf 79' lang='lat' dir='ltr'><strong>sD,</strong></span> <span class='ocrx_word' id='word_1_453' title='bbox 722 3346 892 3378; x_wconf 83' lang='lat' dir='ltr'><strong>manifestum</strong></span> <span class='ocrx_word' id='word_1_454' title='bbox 911 3352 959 3370; x_wconf 92' lang='lat' dir='ltr'><strong>cet.</strong></span> <span class='ocrx_word' id='word_1_455' title='bbox 979 3351 1004 3370; x_wconf 90' lang='lat' dir='ltr'><strong>et</strong></span> <span class='ocrx_word' id='word_1_456' title='bbox 1023 3346 1064 3370; x_wconf 87' lang='lat' dir='ltr'><strong>ed.</strong></span> <span class='ocrx_word' id='word_1_457' title='bbox 1082 3344 1156 3370; x_wconf 85' lang='lat'><strong>1516.</strong></span> <span class='ocrx_word' id='word_1_458' title='bbox 1168 3360 1188 3364; x_wconf 89' lang='lat'><em>-</em></span> <span class='ocrx_word' id='word_1_459' title='bbox 1201 3346 1282 3370; x_wconf 86' lang='lat' dir='ltr'><strong>Linea</strong></span> <span class='ocrx_word' id='word_1_460' title='bbox 1300 3353 1357 3378; x_wconf 90' lang='lat' dir='ltr'><strong>seq.</strong></span> 
     </span>
     <span class='ocr_line' id='line_1_64' title="bbox 288 3381 1201 3417; baseline -0.003 -9"><span class='ocrx_word' id='word_1_461' title='bbox 288 3391 338 3417; x_wconf 88' lang='lat' dir='ltr'><strong>pro</strong></span> <span class='ocrx_word' id='word_1_462' title='bbox 355 3386 452 3408; x_wconf 83' lang='lat' dir='ltr'><strong>contra</strong></span> <span class='ocrx_word' id='word_1_463' title='bbox 470 3383 519 3407; x_wconf 88' lang='lat' dir='ltr'><strong>hoc</strong></span> <span class='ocrx_word' id='word_1_464' title='bbox 538 3382 635 3407; x_wconf 83' lang='lat' dir='ltr'><strong>iterum</strong></span> <span class='ocrx_word' id='word_1_465' title='bbox 653 3381 750 3410; x_wconf 82' lang='lat' dir='ltr'><strong>obiicit,</strong></span> <span class='ocrx_word' id='word_1_466' title='bbox 770 3385 865 3406; x_wconf 79' lang='lat' dir='ltr'><strong>contra</strong></span> <span class='ocrx_word' id='word_1_467' title='bbox 884 3381 953 3406; x_wconf 86' lang='lat' dir='ltr'><strong>hanc</strong></span> <span class='ocrx_word' id='word_1_468' title='bbox 971 3381 1068 3406; x_wconf 87' lang='lat' dir='ltr'><strong>iterum</strong></span> <span class='ocrx_word' id='word_1_469' title='bbox 1087 3381 1153 3405; x_wconf 83' lang='lat' dir='ltr'><strong>dicit</strong></span> <span class='ocrx_word' id='word_1_470' title='bbox 1171 3381 1201 3405; x_wconf 90' lang='lat' dir='ltr'><strong>P.</strong></span> 
     </span>
    </p>

    <p class='ocr_par' dir='ltr' id='par_1_16' title="bbox 290 3415 1357 3591">
     <span class='ocr_line' id='line_1_65' title="bbox 342 3415 1357 3452; baseline -0.004 -9"><span class='ocrx_word' id='word_1_471' title='bbox 342 3416 372 3452; x_wconf 85' lang='grc' dir='ltr'><strong>λ)</strong></span> <span class='ocrx_word' id='word_1_472' title='bbox 391 3421 418 3442; x_wconf 88' lang='lat' dir='ltr'><strong>et</strong></span> <span class='ocrx_word' id='word_1_473' title='bbox 443 3417 552 3442; x_wconf 81' lang='lat' dir='ltr'><strong>moueri.</strong></span> <span class='ocrx_word' id='word_1_474' title='bbox 570 3431 590 3436; x_wconf 89' lang='lat'>—</span> <span class='ocrx_word' id='word_1_475' title='bbox 607 3420 634 3442; x_wconf 82' lang='lat' dir='ltr'><strong>et</strong></span> <span class='ocrx_word' id='word_1_476' title='bbox 651 3424 705 3441; x_wconf 89' lang='lat' dir='ltr'><strong>orn.</strong></span> <span class='ocrx_word' id='word_1_477' title='bbox 720 3416 740 3440; x_wconf 87' lang='lat' dir='ltr'><strong>P</strong></span> <span class='ocrx_word' id='word_1_478' title='bbox 761 3421 786 3440; x_wconf 86' lang='lat' dir='ltr'><strong>et</strong></span> <span class='ocrx_word' id='word_1_479' title='bbox 807 3417 882 3440; x_wconf 88' lang='lat' dir='ltr'><strong>codd.</strong></span> <span class='ocrx_word' id='word_1_480' title='bbox 903 3424 956 3440; x_wconf 90' lang='lat' dir='ltr'><strong>exc.</strong></span> <span class='ocrx_word' id='word_1_481' title='bbox 970 3417 1006 3446; x_wconf 86' lang='lat' dir='ltr'><strong>A;</strong></span> <span class='ocrx_word' id='word_1_482' title='bbox 1032 3416 1064 3440; x_wconf 91' lang='lat' dir='ltr'><strong>cf.</strong></span> <span class='ocrx_word' id='word_1_483' title='bbox 1082 3415 1239 3440; x_wconf 85' lang='lat' dir='ltr'><strong>versionem.</strong></span> <span class='ocrx_word' id='word_1_484' title='bbox 1266 3415 1357 3445; x_wconf 81' lang='lat' dir='ltr'><strong>Quoad</strong></span> 
     </span>
     <span class='ocr_line' id='line_1_66' title="bbox 290 3450 1357 3484; baseline -0.003 -7"><span class='ocrx_word' id='word_1_485' title='bbox 290 3457 389 3478; x_wconf 84' lang='lat' dir='ltr'><strong>textum</strong></span> <span class='ocrx_word' id='word_1_486' title='bbox 403 3460 532 3484; x_wconf 78' lang='lat' dir='ltr'><strong>graecum.</strong></span> <span class='ocrx_word' id='word_1_487' title='bbox 543 3452 736 3476; x_wconf 77' lang='lat' dir='ltr'><strong>observandum</strong></span> <span class='ocrx_word' id='word_1_488' title='bbox 747 3452 817 3483; x_wconf 90' lang='lat' dir='ltr'><strong>quod</strong></span> <span class='ocrx_word' id='word_1_489' title='bbox 827 3451 914 3475; x_wconf 79' lang='lat' dir='ltr'><strong>Prantl</strong></span> <span class='ocrx_word' id='word_1_490' title='bbox 928 3450 1027 3483; x_wconf 82' lang='lat'><strong>(1881),</strong></span> <span class='ocrx_word' id='word_1_491' title='bbox 1039 3458 1099 3475; x_wconf 90' lang='lat' dir='ltr'><strong>cum</strong></span> <span class='ocrx_word' id='word_1_492' title='bbox 1114 3451 1187 3474; x_wconf 88' lang='lat' dir='ltr'><strong>codd.</strong></span> <span class='ocrx_word' id='word_1_493' title='bbox 1202 3450 1266 3475; x_wconf 86' lang='lat' dir='ltr'><strong>Bkk.</strong></span> <span class='ocrx_word' id='word_1_494' title='bbox 1278 3451 1357 3481; x_wconf 83' lang='lat' dir='ltr'><strong>EFM,</strong></span> 
     </span>
     <span class='ocr_line' id='line_1_67' title="bbox 291 3484 1357 3522; baseline -0.004 -9"><span class='ocrx_word' id='word_1_495' title='bbox 291 3493 352 3522; x_wconf 87' lang='lat' dir='ltr'><strong>post</strong></span> <span class='ocrx_word' id='word_1_496' title='bbox 366 3486 487 3512; x_wconf 75' lang='grc' dir='ltr'>’ἱλλεσθαι</span> <span class='ocrx_word' id='word_1_497' title='bbox 501 3487 571 3512; x_wconf 79' lang='lat' dir='ltr'><strong>addit</strong></span> <span class='ocrx_word' id='word_1_498' title='bbox 589 3484 631 3511; x_wconf 76' lang='grc' dir='ltr'><strong>καὶ</strong></span> <span class='ocrx_word' id='word_1_499' title='bbox 651 3484 782 3511; x_wconf 75' lang='grc' dir='ltr'>κινεῖσθαι.</span> <span class='ocrx_word' id='word_1_500' title='bbox 794 3500 814 3506; x_wconf 86' lang='lat'><strong>·-</strong></span> <span class='ocrx_word' id='word_1_501' title='bbox 827 3486 907 3510; x_wconf 82' lang='lat' dir='ltr'><strong>Linea</strong></span> <span class='ocrx_word' id='word_1_502' title='bbox 922 3486 1039 3518; x_wconf 88' lang='lat' dir='ltr'><strong>sequenti</strong></span> <span class='ocrx_word' id='word_1_503' title='bbox 1052 3493 1099 3517; x_wconf 87' lang='lat' dir='ltr'><strong>pro</strong></span> <span class='ocrx_word' id='word_1_504' title='bbox 1114 3485 1234 3514; x_wconf 78' lang='lat' dir='ltr'><strong>illesthai,</strong></span> <span class='ocrx_word' id='word_1_505' title='bbox 1249 3486 1320 3517; x_wconf 88' lang='lat' dir='ltr'><strong>quod</strong></span> <span class='ocrx_word' id='word_1_506' title='bbox 1334 3486 1357 3509; x_wconf 84' lang='grc' dir='ltr'><strong>Α</strong></span> 
     </span>
     <span class='ocr_line' id='line_1_68' title="bbox 292 3520 1352 3554; baseline -0.004 -6"><span class='ocrx_word' id='word_1_507' title='bbox 292 3524 380 3548; x_wconf 81' lang='lat' dir='ltr'><strong>scribit</strong></span> <span class='ocrx_word' id='word_1_508' title='bbox 393 3522 485 3551; x_wconf 66' lang='lat' dir='ltr'><strong>mesre,</strong></span> <span class='ocrx_word' id='word_1_509' title='bbox 505 3523 529 3547; x_wconf 91' lang='lat' dir='ltr'>G</span> <span class='ocrx_word' id='word_1_510' title='bbox 546 3522 706 3554; x_wconf 83' lang='lat' dir='ltr'><strong>appositum,</strong></span> <span class='ocrx_word' id='word_1_511' title='bbox 727 3522 746 3546; x_wconf 84' lang='grc' dir='ltr'>Ρ</span> <span class='ocrx_word' id='word_1_512' title='bbox 761 3527 787 3546; x_wconf 92' lang='lat' dir='ltr'><strong>et</strong></span> <span class='ocrx_word' id='word_1_513' title='bbox 805 3526 853 3546; x_wconf 85' lang='lat' dir='ltr'><strong>cet.</strong></span> <span class='ocrx_word' id='word_1_514' title='bbox 869 3521 963 3546; x_wconf 85' lang='lat' dir='ltr'><strong>illecto.</strong></span> <span class='ocrx_word' id='word_1_515' title='bbox 976 3535 996 3540; x_wconf 93' lang='lat'>—</span> <span class='ocrx_word' id='word_1_516' title='bbox 1010 3521 1060 3545; x_wconf 83' lang='lat' dir='ltr'><strong>Pro</strong></span> <span class='ocrx_word' id='word_1_517' title='bbox 1079 3520 1188 3550; x_wconf 74' lang='lat' dir='ltr'><strong>revolvi,</strong></span> <span class='ocrx_word' id='word_1_518' title='bbox 1204 3520 1305 3545; x_wconf 85' lang='lat' dir='ltr'><strong>moveri</strong></span> <span class='ocrx_word' id='word_1_519' title='bbox 1318 3521 1352 3551; x_wconf 86' lang='lat' dir='ltr'><strong>P;</strong></span> 
     </span>
     <span class='ocr_line' id='line_1_69' title="bbox 292 3557 736 3591; baseline -0.007 -7"><span class='ocrx_word' id='word_1_520' title='bbox 292 3563 318 3584; x_wconf 87' lang='lat' dir='ltr'><strong>et</strong></span> <span class='ocrx_word' id='word_1_521' title='bbox 336 3567 384 3591; x_wconf 89' lang='lat' dir='ltr'><strong>pro</strong></span> <span class='ocrx_word' id='word_1_522' title='bbox 401 3558 562 3590; x_wconf 74' lang='lat' dir='ltr'><strong>significare,</strong></span> <span class='ocrx_word' id='word_1_523' title='bbox 581 3557 736 3590; x_wconf 73' lang='lat' dir='ltr'><strong>significari.</strong></span> 
     </span>
    </p>

    <p class='ocr_par' dir='ltr' id='par_1_17' title="bbox 347 3590 1358 3628">
     <span class='ocr_line' id='line_1_70' title="bbox 347 3590 1358 3628; baseline -0.003 -10"><span class='ocrx_word' id='word_1_524' title='bbox 347 3595 376 3628; x_wconf 75' lang='grc' dir='ltr'><strong>μ)</strong></span> <span class='ocrx_word' id='word_1_525' title='bbox 389 3593 522 3627; x_wconf 81' lang='lat' dir='ltr'><strong>tympani.</strong></span> <span class='ocrx_word' id='word_1_526' title='bbox 535 3607 554 3612; x_wconf 91' lang='lat'><em>-</em></span> <span class='ocrx_word' id='word_1_527' title='bbox 567 3593 588 3617; x_wconf 90' lang='lat' dir='ltr'>E</span> <span class='ocrx_word' id='word_1_528' title='bbox 603 3593 629 3617; x_wconf 90' lang='lat' dir='ltr'><strong>in</strong></span> <span class='ocrx_word' id='word_1_529' title='bbox 646 3600 728 3625; x_wconf 85' lang='lat' dir='ltr'><strong>marg.</strong></span> <span class='ocrx_word' id='word_1_530' title='bbox 747 3592 843 3624; x_wconf 84' lang='lat' dir='ltr'><strong>pergit:</strong></span> <span class='ocrx_word' id='word_1_531' title='bbox 862 3594 888 3616; x_wconf 84' lang='lat' dir='ltr'><strong>et</strong></span> <span class='ocrx_word' id='word_1_532' title='bbox 900 3591 1032 3621; x_wconf 86' lang='lat' dir='ltr'><strong>scutellae,</strong></span> <span class='ocrx_word' id='word_1_533' title='bbox 1047 3593 1074 3615; x_wconf 85' lang='lat' dir='ltr'><strong>et</strong></span> <span class='ocrx_word' id='word_1_534' title='bbox 1087 3590 1136 3616; x_wconf 88' lang='lat' dir='ltr'><strong>hoc</strong></span> <span class='ocrx_word' id='word_1_535' title='bbox 1154 3591 1194 3615; x_wconf 79' lang='lat' dir='ltr'><strong>vel</strong></span> <span class='ocrx_word' id='word_1_536' title='bbox 1213 3591 1283 3622; x_wconf 83' lang='lat' dir='ltr'><strong>quod</strong></span> <span class='ocrx_word' id='word_1_537' title='bbox 1302 3590 1358 3615; x_wconf 85' lang='lat' dir='ltr'><strong>eius</strong></span> 
     </span>
    </p>
   </div>
   <div class='ocr_carea' id='block_1_12' title="bbox 2395 296 2468 332">
    <p class='ocr_par' dir='ltr' id='par_1_18' title="bbox 2395 296 2468 332">
     <span class='ocr_line' id='line_1_71' title="bbox 2395 296 2468 332; baseline 0.014 -1"><span class='ocrx_word' id='word_1_538' title='bbox 2395 296 2468 332; x_wconf 86' lang='lat'><strong>205</strong></span> 
     </span>
    </p>
   </div>
   <div class='ocr_carea' id='block_1_13' title="bbox 1399 372 2478 3032">
    <p class='ocr_par' dir='ltr' id='par_1_19' title="bbox 1399 372 2471 791">
     <span class='ocr_line' id='line_1_72' title="bbox 1455 372 2468 422; baseline 0.002 -14"><span class='ocrx_word' id='word_1_539' title='bbox 1455 373 1667 409; x_wconf 88' lang='lat' dir='ltr'><strong>Possumus</strong></span> <span class='ocrx_word' id='word_1_540' title='bbox 1682 379 1811 409; x_wconf 89' lang='lat' dir='ltr'><strong>autern</strong></span> <span class='ocrx_word' id='word_1_541' title='bbox 1828 380 1863 409; x_wconf 87' lang='lat' dir='ltr'><strong>et</strong></span> <span class='ocrx_word' id='word_1_542' title='bbox 1879 372 2032 409; x_wconf 90' lang='lat' dir='ltr'><strong>brevius</strong></span> <span class='ocrx_word' id='word_1_543' title='bbox 2049 373 2172 410; x_wconf 92' lang='lat' dir='ltr'><strong>dicere</strong></span> <span class='ocrx_word' id='word_1_544' title='bbox 2188 373 2293 422; x_wconf 89' lang='lat' dir='ltr'><strong>quod</strong></span> <span class='ocrx_word' id='word_1_545' title='bbox 2309 374 2468 422; x_wconf 90' lang='lat' dir='ltr'><strong>quidam</strong></span> 
     </span>
     <span class='ocr_line' id='line_1_73' title="bbox 1404 425 2468 475; baseline 0.001 -13"><span class='ocrx_word' id='word_1_546' title='bbox 1404 426 1614 462; x_wconf 90' lang='lat' dir='ltr'><strong>Heraclitus</strong></span> <span class='ocrx_word' id='word_1_547' title='bbox 1644 425 1823 462; x_wconf 88' lang='lat' dir='ltr'><strong>Ponticus</strong></span> <span class='ocrx_word' id='word_1_548' title='bbox 1852 426 1980 475; x_wconf 89' lang='lat' dir='ltr'><strong>posuit</strong></span> <span class='ocrx_word' id='word_1_549' title='bbox 2007 434 2147 463; x_wconf 91' lang='lat' dir='ltr'><strong>terram</strong></span> <span class='ocrx_word' id='word_1_550' title='bbox 2168 427 2206 463; x_wconf 94' lang='lat' dir='ltr'><strong>in</strong></span> <span class='ocrx_word' id='word_1_551' title='bbox 2226 427 2355 464; x_wconf 90' lang='lat' dir='ltr'><strong>medio</strong></span> <span class='ocrx_word' id='word_1_552' title='bbox 2385 439 2468 463; x_wconf 90' lang='lat' dir='ltr'><strong>mo-</strong></span> 
     </span>
     <span class='ocr_line' id='line_1_74' title="bbox 1402 479 2468 528; baseline 0.001 -13"><span class='ocrx_word' id='word_1_553' title='bbox 1402 479 1496 525; x_wconf 90' lang='lat' dir='ltr'><strong>veri,</strong></span> <span class='ocrx_word' id='word_1_554' title='bbox 1519 486 1554 516; x_wconf 90' lang='lat' dir='ltr'><strong>et</strong></span> <span class='ocrx_word' id='word_1_555' title='bbox 1583 480 1731 516; x_wconf 88' lang='lat' dir='ltr'><strong>caelum</strong></span> <span class='ocrx_word' id='word_1_556' title='bbox 1760 480 1974 528; x_wconf 78' lang='lat' dir='ltr'><strong>quiescere;</strong></span> <span class='ocrx_word' id='word_1_557' title='bbox 2002 479 2106 516; x_wconf 88' lang='lat' dir='ltr'><strong>cuius</strong></span> <span class='ocrx_word' id='word_1_558' title='bbox 2128 479 2348 528; x_wconf 90' lang='lat' dir='ltr'><strong>opinionem</strong></span> <span class='ocrx_word' id='word_1_559' title='bbox 2367 480 2428 516; x_wconf 88' lang='lat' dir='ltr'><strong>hic</strong></span> <span class='ocrx_word' id='word_1_560' title='bbox 2449 481 2468 502; x_wconf 66' lang='lat'><strong>&#39;³‘</strong></span> 
     </span>
     <span class='ocr_line' id='line_1_75' title="bbox 1402 532 2469 581; baseline 0.002 -13"><span class='ocrx_word' id='word_1_561' title='bbox 1402 532 1621 574; x_wconf 77' lang='lat' dir='ltr'><strong>Aristoteles</strong></span> <span class='ocrx_word' id='word_1_562' title='bbox 1648 532 1767 581; x_wconf 90' lang='lat' dir='ltr'><strong>ponit.</strong></span> <span class='ocrx_word' id='word_1_563' title='bbox 1789 532 1905 579; x_wconf 88' lang='lat' dir='ltr'><strong>Quod</strong></span> <span class='ocrx_word' id='word_1_564' title='bbox 1935 541 2063 569; x_wconf 89' lang='lat' dir='ltr'><strong>autem</strong></span> <span class='ocrx_word' id='word_1_565' title='bbox 2093 533 2207 579; x_wconf 89' lang='lat' dir='ltr'><strong>addit,</strong></span> <span class='ocrx_word' id='word_1_566' title='bbox 2229 533 2469 581; x_wconf 85' lang='lat' dir='ltr'><strong>quemadmo-</strong></span> 
     </span>
     <span class='ocr_line' id='line_1_76' title="bbox 1403 585 2470 634; baseline 0.002 -13"><span class='ocrx_word' id='word_1_567' title='bbox 1403 585 1491 621; x_wconf 90' lang='lat' dir='ltr'><strong>dum</strong></span> <span class='ocrx_word' id='word_1_568' title='bbox 1521 585 1558 621; x_wconf 92' lang='lat' dir='ltr'><strong>in</strong></span> <span class='ocrx_word' id='word_1_569' title='bbox 1584 586 1736 622; x_wconf 85' lang='lat' dir='ltr'><strong>Timaeo</strong></span> <span class='ocrx_word' id='word_1_570' title='bbox 1765 586 1943 634; x_wconf 82' lang='lat' dir='ltr'><strong>scriptum</strong></span> <span class='ocrx_word' id='word_1_571' title='bbox 1964 592 2026 632; x_wconf 85' lang='lat' dir='ltr'><strong>est,</strong></span> <span class='ocrx_word' id='word_1_572' title='bbox 2048 586 2290 623; x_wconf 89' lang='lat' dir='ltr'><strong>referendum</strong></span> <span class='ocrx_word' id='word_1_573' title='bbox 2317 593 2373 622; x_wconf 90' lang='lat' dir='ltr'><strong>est</strong></span> <span class='ocrx_word' id='word_1_574' title='bbox 2391 599 2470 623; x_wconf 92' lang='lat' dir='ltr'><strong>non</strong></span> 
     </span>
     <span class='ocr_line' id='line_1_77' title="bbox 1403 638 2471 686; baseline 0.002 -12"><span class='ocrx_word' id='word_1_575' title='bbox 1403 638 1451 674; x_wconf 91' lang='lat' dir='ltr'><strong>ad</strong></span> <span class='ocrx_word' id='word_1_576' title='bbox 1481 638 1519 675; x_wconf 91' lang='lat' dir='ltr'><strong>id</strong></span> <span class='ocrx_word' id='word_1_577' title='bbox 1547 638 1652 686; x_wconf 93' lang='lat' dir='ltr'><strong>quod</strong></span> <span class='ocrx_word' id='word_1_578' title='bbox 1682 639 1824 676; x_wconf 91' lang='lat' dir='ltr'><strong>dictum</strong></span> <span class='ocrx_word' id='word_1_579' title='bbox 1854 646 1926 686; x_wconf 91' lang='lat' dir='ltr'><strong>est,</strong></span> <span class='ocrx_word' id='word_1_580' title='bbox 1956 639 2101 676; x_wconf 78' lang='lat' dir='ltr'><strong>revolvi</strong></span> <span class='ocrx_word' id='word_1_581' title='bbox 2126 645 2162 675; x_wconf 86' lang='lat' dir='ltr'><strong>et</strong></span> <span class='ocrx_word' id='word_1_582' title='bbox 2180 639 2326 676; x_wconf 74' lang='lat' dir='ltr'><strong>moveri</strong></span> <span class='ocrx_word' id='word_1_583' title='bbox 2346 640 2381 684; x_wconf 67' lang='lat'><strong>²⁸,</strong></span> <span class='ocrx_word' id='word_1_584' title='bbox 2403 640 2471 676; x_wconf 89' lang='lat' dir='ltr'><strong>sed</strong></span> 
     </span>
     <span class='ocr_line' id='line_1_78' title="bbox 1404 690 2470 741; baseline 0.002 -15"><span class='ocrx_word' id='word_1_585' title='bbox 1404 692 1452 727; x_wconf 90' lang='lat' dir='ltr'><strong>ad</strong></span> <span class='ocrx_word' id='word_1_586' title='bbox 1480 690 1520 727; x_wconf 90' lang='lat' dir='ltr'><strong>id</strong></span> <span class='ocrx_word' id='word_1_587' title='bbox 1548 691 1654 738; x_wconf 91' lang='lat' dir='ltr'><strong>quod</strong></span> <span class='ocrx_word' id='word_1_588' title='bbox 1689 692 1875 740; x_wconf 90' lang='lat' dir='ltr'><strong>sequitur,</strong></span> <span class='ocrx_word' id='word_1_589' title='bbox 1906 693 2007 741; x_wconf 83' lang='lat' dir='ltr'><strong>quod</strong></span> <span class='ocrx_word' id='word_1_590' title='bbox 2032 693 2080 729; x_wconf 89' lang='lat' dir='ltr'><strong>sit</strong></span> <span class='ocrx_word' id='word_1_591' title='bbox 2102 694 2121 712; x_wconf 74' lang='lat'><strong>⁴⁵</strong></span> <span class='ocrx_word' id='word_1_592' title='bbox 2154 704 2267 741; x_wconf 85' lang='lat' dir='ltr'><strong>super</strong></span> <span class='ocrx_word' id='word_1_593' title='bbox 2294 698 2470 729; x_wconf 88' lang='lat' dir='ltr'><strong>statutum</strong></span> 
     </span>
     <span class='ocr_line' id='line_1_79' title="bbox 1399 743 1544 791; baseline 0.007 -12"><span class='ocrx_word' id='word_1_594' title='bbox 1399 743 1544 791; x_wconf 85' lang='lat' dir='ltr'><strong>polum.</strong></span> 
     </span>
    </p>

    <p class='ocr_par' dir='ltr' id='par_1_20' title="bbox 1403 796 2472 1164">
     <span class='ocr_line' id='line_1_80' title="bbox 1459 796 2470 846; baseline 0.003 -14"><span class='ocrx_word' id='word_1_595' title='bbox 1459 797 1494 832; x_wconf 88' lang='grc'><strong>6.</strong></span> <span class='ocrx_word' id='word_1_596' title='bbox 1516 796 1665 833; x_wconf 89' lang='lat' dir='ltr'><strong>Deinde</strong></span> <span class='ocrx_word' id='word_1_597' title='bbox 1695 809 1783 833; x_wconf 91' lang='lat' dir='ltr'><strong>cum</strong></span> <span class='ocrx_word' id='word_1_598' title='bbox 1813 797 1916 834; x_wconf 86' lang='lat' dir='ltr'><strong>dicit:</strong></span> <span class='ocrx_word' id='word_1_599' title='bbox 1947 798 2124 835; x_wconf 83' lang='lat' dir='ltr'><strong>Similiter</strong></span> <span class='ocrx_word' id='word_1_600' title='bbox 2141 804 2266 835; x_wconf 91' lang='lat' dir='ltr'><strong>autem</strong></span> <span class='ocrx_word' id='word_1_601' title='bbox 2296 803 2332 834; x_wconf 88' lang='lat' dir='ltr'><strong>et</strong></span> <span class='ocrx_word' id='word_1_602' title='bbox 2356 799 2402 835; x_wconf 89' lang='lat' dir='ltr'><strong>de</strong></span> <span class='ocrx_word' id='word_1_603' title='bbox 2417 799 2470 846; x_wconf 89' lang='lat' dir='ltr'><strong>fi-</strong></span> 
     </span>
     <span class='ocr_line' id='line_1_81' title="bbox 1403 850 2472 900; baseline 0.003 -15"><span class='ocrx_word' id='word_1_604' title='bbox 1403 861 1505 899; x_wconf 82' lang='lat' dir='ltr'><strong>gura</strong></span> <span class='ocrx_word' id='word_1_605' title='bbox 1534 857 1616 895; x_wconf 91' lang='lat' dir='ltr'><strong>etc.,</strong></span> <span class='ocrx_word' id='word_1_606' title='bbox 1638 850 1746 897; x_wconf 88' lang='lat' dir='ltr'><strong>ponit</strong></span> <span class='ocrx_word' id='word_1_607' title='bbox 1773 850 1972 898; x_wconf 87' lang='lat' dir='ltr'><strong>opiniones</strong></span> <span class='ocrx_word' id='word_1_608' title='bbox 2001 851 2048 888; x_wconf 93' lang='lat' dir='ltr'><strong>de</strong></span> <span class='ocrx_word' id='word_1_609' title='bbox 2076 852 2199 900; x_wconf 88' lang='lat' dir='ltr'><strong>figura</strong></span> <span class='ocrx_word' id='word_1_610' title='bbox 2218 859 2339 888; x_wconf 88' lang='lat' dir='ltr'><strong>terrae</strong></span> <span class='ocrx_word' id='word_1_611' title='bbox 2360 853 2391 888; x_wconf 78' lang='lat'><strong>⁴⁵.</strong></span> <span class='ocrx_word' id='word_1_612' title='bbox 2423 853 2472 888; x_wconf 91' lang='lat' dir='ltr'><strong>Et</strong></span> 
     </span>
     <span class='ocr_line' id='line_1_82' title="bbox 1405 902 2471 954; baseline 0.003 -16"><span class='ocrx_word' id='word_1_613' title='bbox 1405 902 1529 951; x_wconf 90' lang='lat' dir='ltr'><strong>primo</strong></span> <span class='ocrx_word' id='word_1_614' title='bbox 1557 902 1666 950; x_wconf 91' lang='lat' dir='ltr'><strong>ponit</strong></span> <span class='ocrx_word' id='word_1_615' title='bbox 1695 902 1906 951; x_wconf 89' lang='lat' dir='ltr'><strong>opiniones,</strong></span> <span class='ocrx_word' id='word_1_616' title='bbox 1929 905 2057 941; x_wconf 91' lang='lat' dir='ltr'><strong>dicens</strong></span> <span class='ocrx_word' id='word_1_617' title='bbox 2087 905 2191 954; x_wconf 93' lang='lat' dir='ltr'><strong>quod</strong></span> <span class='ocrx_word' id='word_1_618' title='bbox 2216 904 2384 942; x_wconf 88' lang='lat' dir='ltr'><strong>similiter</strong></span> <span class='ocrx_word' id='word_1_619' title='bbox 2404 904 2471 941; x_wconf 90' lang='lat' dir='ltr'><strong>du-</strong></span> 
     </span>
     <span class='ocr_line' id='line_1_83' title="bbox 1406 955 2470 1004; baseline 0.003 -12"><span class='ocrx_word' id='word_1_620' title='bbox 1406 956 1544 993; x_wconf 88' lang='lat' dir='ltr'><strong>bitatur</strong></span> <span class='ocrx_word' id='word_1_621' title='bbox 1573 956 1620 993; x_wconf 93' lang='lat' dir='ltr'><strong>de</strong></span> <span class='ocrx_word' id='word_1_622' title='bbox 1649 955 1771 1003; x_wconf 88' lang='lat' dir='ltr'><strong>figura</strong></span> <span class='ocrx_word' id='word_1_623' title='bbox 1799 964 1941 1004; x_wconf 84' lang='lat' dir='ltr'><strong>terrae,</strong></span> <span class='ocrx_word' id='word_1_624' title='bbox 1973 958 2067 995; x_wconf 92' lang='lat' dir='ltr'><strong>sicut</strong></span> <span class='ocrx_word' id='word_1_625' title='bbox 2100 958 2146 995; x_wconf 95' lang='lat' dir='ltr'><strong>de</strong></span> <span class='ocrx_word' id='word_1_626' title='bbox 2175 966 2283 995; x_wconf 92' lang='lat' dir='ltr'><strong>motu</strong></span> <span class='ocrx_word' id='word_1_627' title='bbox 2314 966 2349 994; x_wconf 92' lang='lat' dir='ltr'><strong>et</strong></span> <span class='ocrx_word' id='word_1_628' title='bbox 2378 957 2470 995; x_wconf 87' lang='lat' dir='ltr'><strong>situ:</strong></span> 
     </span>
     <span class='ocr_line' id='line_1_84' title="bbox 1405 1009 2470 1061; baseline 0.003 -16"><span class='ocrx_word' id='word_1_629' title='bbox 1405 1009 1636 1058; x_wconf 88' lang='lat' dir='ltr'><strong>quibusdam</strong></span> <span class='ocrx_word' id='word_1_630' title='bbox 1658 1009 1758 1045; x_wconf 90' lang='lat' dir='ltr'><strong>enim</strong></span> <span class='ocrx_word' id='word_1_631' title='bbox 1778 1009 1929 1046; x_wconf 90' lang='lat' dir='ltr'><strong>videtur</strong></span> <span class='ocrx_word' id='word_1_632' title='bbox 1948 1011 2052 1059; x_wconf 93' lang='lat' dir='ltr'><strong>quod</strong></span> <span class='ocrx_word' id='word_1_633' title='bbox 2076 1018 2172 1048; x_wconf 89' lang='lat' dir='ltr'><strong>terra</strong></span> <span class='ocrx_word' id='word_1_634' title='bbox 2192 1011 2238 1048; x_wconf 91' lang='lat' dir='ltr'><strong>sit</strong></span> <span class='ocrx_word' id='word_1_635' title='bbox 2257 1011 2470 1061; x_wconf 81' lang='lat' dir='ltr'><strong>sphaerica3</strong></span> 
     </span>
     <span class='ocr_line' id='line_1_85' title="bbox 1406 1062 2472 1113; baseline 0.004 -15"><span class='ocrx_word' id='word_1_636' title='bbox 1406 1062 1637 1112; x_wconf 87' lang='lat' dir='ltr'><strong>quibusdam</strong></span> <span class='ocrx_word' id='word_1_637' title='bbox 1666 1069 1793 1099; x_wconf 87' lang='lat' dir='ltr'><strong>autem</strong></span> <span class='ocrx_word' id='word_1_638' title='bbox 1823 1063 1973 1100; x_wconf 88' lang='lat' dir='ltr'><strong>videtur</strong></span> <span class='ocrx_word' id='word_1_639' title='bbox 2001 1064 2105 1113; x_wconf 90' lang='lat' dir='ltr'><strong>quod</strong></span> <span class='ocrx_word' id='word_1_640' title='bbox 2134 1064 2179 1101; x_wconf 86' lang='lat' dir='ltr'><strong>sit</strong></span> <span class='ocrx_word' id='word_1_641' title='bbox 2206 1065 2297 1112; x_wconf 90' lang='lat' dir='ltr'><strong>lata,</strong></span> <span class='ocrx_word' id='word_1_642' title='bbox 2325 1065 2472 1102; x_wconf 91' lang='lat' dir='ltr'><strong>habens</strong></span> 
     </span>
     <span class='ocr_line' id='line_1_86' title="bbox 1406 1115 1818 1164; baseline 0 -12"><span class='ocrx_word' id='word_1_643' title='bbox 1406 1116 1568 1164; x_wconf 88' lang='lat' dir='ltr'><strong>figuram</strong></span> <span class='ocrx_word' id='word_1_644' title='bbox 1597 1115 1771 1164; x_wconf 90' lang='lat' dir='ltr'><strong>tympani</strong></span> <span class='ocrx_word' id='word_1_645' title='bbox 1789 1122 1818 1152; x_wconf 63' lang='grc' dir='ltr'><strong>μ.</strong></span> 
     </span>
    </p>

    <p class='ocr_par' dir='ltr' id='par_1_21' title="bbox 1406 1168 2475 1687">
     <span class='ocr_line' id='line_1_87' title="bbox 1460 1168 2470 1220; baseline 0.002 -15"><span class='ocrx_word' id='word_1_646' title='bbox 1460 1181 1495 1217; x_wconf 87' lang='grc'><strong>7.</strong></span> <span class='ocrx_word' id='word_1_647' title='bbox 1515 1169 1694 1206; x_wconf 89' lang='lat' dir='ltr'><strong>Secundo</strong></span> <span class='ocrx_word' id='word_1_648' title='bbox 1710 1168 1779 1205; x_wconf 88' lang='lat' dir='ltr'><strong>ibi:</strong></span> <span class='ocrx_word' id='word_1_649' title='bbox 1795 1169 1959 1206; x_wconf 87' lang='lat' dir='ltr'><strong>Faciunt</strong></span> <span class='ocrx_word' id='word_1_650' title='bbox 1970 1176 2094 1207; x_wconf 90' lang='lat' dir='ltr'><strong>autem</strong></span> <span class='ocrx_word' id='word_1_651' title='bbox 2106 1177 2375 1220; x_wconf 82' lang='lat' dir='ltr'><strong>argumentum</strong></span> <span class='ocrx_word' id='word_1_652' title='bbox 2388 1179 2470 1218; x_wconf 92' lang='lat' dir='ltr'><strong>etc.,</strong></span> 
     </span>
     <span class='ocr_line' id='line_1_88' title="bbox 1406 1221 2471 1273; baseline 0.003 -15"><span class='ocrx_word' id='word_1_653' title='bbox 1406 1222 1514 1271; x_wconf 90' lang='lat' dir='ltr'><strong>ponit</strong></span> <span class='ocrx_word' id='word_1_654' title='bbox 1551 1221 1715 1259; x_wconf 88' lang='lat' dir='ltr'><strong>rationes</strong></span> <span class='ocrx_word' id='word_1_655' title='bbox 1758 1222 1852 1259; x_wconf 87' lang='lat' dir='ltr'><strong>duas</strong></span> <span class='ocrx_word' id='word_1_656' title='bbox 1890 1223 2002 1259; x_wconf 88' lang='lat' dir='ltr'><strong>huius</strong></span> <span class='ocrx_word' id='word_1_657' title='bbox 2044 1224 2233 1261; x_wconf 88' lang='lat' dir='ltr'><strong>secundae</strong></span> <span class='ocrx_word' id='word_1_658' title='bbox 2271 1224 2471 1273; x_wconf 83' lang='lat' dir='ltr'><strong>opinionis.</strong></span> 
     </span>
     <span class='ocr_line' id='line_1_89' title="bbox 1408 1275 2472 1325; baseline 0.004 -14"><span class='ocrx_word' id='word_1_659' title='bbox 1408 1276 1583 1323; x_wconf 90' lang='lat' dir='ltr'><strong>Quarum</strong></span> <span class='ocrx_word' id='word_1_660' title='bbox 1611 1275 1736 1324; x_wconf 89' lang='lat' dir='ltr'><strong>prima</strong></span> <span class='ocrx_word' id='word_1_661' title='bbox 1757 1283 1811 1312; x_wconf 90' lang='lat' dir='ltr'><strong>est</strong></span> <span class='ocrx_word' id='word_1_662' title='bbox 1831 1276 1935 1324; x_wconf 90' lang='lat' dir='ltr'><strong>quod</strong></span> <span class='ocrx_word' id='word_1_663' title='bbox 1958 1276 2099 1314; x_wconf 86' lang='lat' dir='ltr'><strong>faciunt</strong></span> <span class='ocrx_word' id='word_1_664' title='bbox 2127 1285 2392 1325; x_wconf 89' lang='lat' dir='ltr'><strong>argumentum</strong></span> <span class='ocrx_word' id='word_1_665' title='bbox 2412 1290 2472 1314; x_wconf 90' lang='lat' dir='ltr'><strong>ac-</strong></span> 
     </span>
     <span class='ocr_line' id='line_1_90' title="bbox 1409 1328 2473 1378; baseline 0.003 -13"><span class='ocrx_word' id='word_1_666' title='bbox 1409 1328 1588 1378; x_wconf 90' lang='lat' dir='ltr'><strong>cipientes</strong></span> <span class='ocrx_word' id='word_1_667' title='bbox 1607 1330 1682 1366; x_wconf 90' lang='lat' dir='ltr'><strong>hoc</strong></span> <span class='ocrx_word' id='word_1_668' title='bbox 1702 1328 1864 1376; x_wconf 89' lang='lat' dir='ltr'><strong>signum,</strong></span> <span class='ocrx_word' id='word_1_669' title='bbox 1886 1330 1991 1378; x_wconf 92' lang='lat' dir='ltr'><strong>quod</strong></span> <span class='ocrx_word' id='word_1_670' title='bbox 2011 1331 2067 1366; x_wconf 91' lang='lat' dir='ltr'><strong>sol</strong></span> <span class='ocrx_word' id='word_1_671' title='bbox 2087 1330 2264 1368; x_wconf 92' lang='lat' dir='ltr'><strong>occidens</strong></span> <span class='ocrx_word' id='word_1_672' title='bbox 2294 1339 2330 1368; x_wconf 92' lang='lat' dir='ltr'><strong>et</strong></span> <span class='ocrx_word' id='word_1_673' title='bbox 2349 1331 2473 1368; x_wconf 90' lang='lat' dir='ltr'><strong>oriens</strong></span> 
     </span>
     <span class='ocr_line' id='line_1_91' title="bbox 1408 1383 2473 1431; baseline 0.002 -12"><span class='ocrx_word' id='word_1_674' title='bbox 1408 1390 1556 1420; x_wconf 89' lang='lat' dir='ltr'><strong>secatur</strong></span> <span class='ocrx_word' id='word_1_675' title='bbox 1584 1394 1606 1418; x_wconf 92' lang='lat' dir='ltr'><strong>a</strong></span> <span class='ocrx_word' id='word_1_676' title='bbox 1629 1390 1728 1419; x_wconf 90' lang='lat' dir='ltr'><strong>terra</strong></span> <span class='ocrx_word' id='word_1_677' title='bbox 1757 1383 1970 1420; x_wconf 90' lang='lat' dir='ltr'><strong>secundum</strong></span> <span class='ocrx_word' id='word_1_678' title='bbox 1995 1391 2136 1420; x_wconf 88' lang='lat' dir='ltr'><strong>rectam</strong></span> <span class='ocrx_word' id='word_1_679' title='bbox 2166 1385 2318 1431; x_wconf 90' lang='lat' dir='ltr'><strong>lineam,</strong></span> <span class='ocrx_word' id='word_1_680' title='bbox 2340 1393 2376 1421; x_wconf 91' lang='lat' dir='ltr'><strong>et</strong></span> <span class='ocrx_word' id='word_1_681' title='bbox 2394 1397 2473 1421; x_wconf 92' lang='lat' dir='ltr'><strong>non</strong></span> 
     </span>
     <span class='ocr_line' id='line_1_92' title="bbox 1409 1436 2474 1486; baseline 0.002 -14"><span class='ocrx_word' id='word_1_682' title='bbox 1409 1436 1640 1482; x_wconf 89' lang='lat' dir='ltr'><strong>circularem,</strong></span> <span class='ocrx_word' id='word_1_683' title='bbox 1657 1436 1812 1484; x_wconf 92' lang='lat' dir='ltr'><strong>quando</strong></span> <span class='ocrx_word' id='word_1_684' title='bbox 1829 1436 1968 1473; x_wconf 91' lang='lat' dir='ltr'><strong>scilicet</strong></span> <span class='ocrx_word' id='word_1_685' title='bbox 1982 1449 2070 1485; x_wconf 89' lang='lat' dir='ltr'><strong>pars</strong></span> <span class='ocrx_word' id='word_1_686' title='bbox 2091 1437 2179 1474; x_wconf 90' lang='lat' dir='ltr'><strong>solis</strong></span> <span class='ocrx_word' id='word_1_687' title='bbox 2195 1446 2251 1474; x_wconf 91' lang='lat' dir='ltr'><strong>est</strong></span> <span class='ocrx_word' id='word_1_688' title='bbox 2265 1444 2474 1486; x_wconf 66' lang='lat' dir='ltr'><strong>apparens*</strong></span> 
     </span>
     <span class='ocr_line' id='line_1_93' title="bbox 1409 1491 2474 1540; baseline 0.003 -15"><span class='ocrx_word' id='word_1_689' title='bbox 1409 1501 1523 1538; x_wconf 90' lang='lat' dir='ltr'><strong>super</strong></span> <span class='ocrx_word' id='word_1_690' title='bbox 1538 1497 1689 1536; x_wconf 88' lang='lat' dir='ltr'><strong>terram,</strong></span> <span class='ocrx_word' id='word_1_691' title='bbox 1702 1501 1789 1538; x_wconf 90' lang='lat' dir='ltr'><strong>pars</strong></span> <span class='ocrx_word' id='word_1_692' title='bbox 1805 1497 1933 1526; x_wconf 90' lang='lat' dir='ltr'><strong>autem</strong></span> <span class='ocrx_word' id='word_1_693' title='bbox 1949 1491 2172 1527; x_wconf 89' lang='lat' dir='ltr'><strong>occultatur:</strong></span> <span class='ocrx_word' id='word_1_694' title='bbox 2190 1491 2220 1527; x_wconf 94' lang='lat' dir='ltr'><strong>si</strong></span> <span class='ocrx_word' id='word_1_695' title='bbox 2235 1500 2361 1540; x_wconf 82' lang='lat' dir='ltr'><strong>autem</strong></span> <span class='ocrx_word' id='word_1_696' title='bbox 2376 1499 2474 1528; x_wconf 91' lang='lat' dir='ltr'><strong>terra</strong></span> 
     </span>
     <span class='ocr_line' id='line_1_94' title="bbox 1410 1541 2475 1592; baseline 0.003 -14"><span class='ocrx_word' id='word_1_697' title='bbox 1410 1550 1507 1579; x_wconf 90' lang='lat' dir='ltr'><strong>esset</strong></span> <span class='ocrx_word' id='word_1_698' title='bbox 1535 1541 1755 1590; x_wconf 89' lang='lat' dir='ltr'><strong>sphaerica,</strong></span> <span class='ocrx_word' id='word_1_699' title='bbox 1784 1542 1935 1579; x_wconf 89' lang='lat' dir='ltr'><strong>videtur</strong></span> <span class='ocrx_word' id='word_1_700' title='bbox 1963 1543 2067 1592; x_wconf 94' lang='lat' dir='ltr'><strong>quod</strong></span> <span class='ocrx_word' id='word_1_701' title='bbox 2101 1551 2292 1592; x_wconf 89' lang='lat' dir='ltr'><strong>oporteret</strong></span> <span class='ocrx_word' id='word_1_702' title='bbox 2320 1541 2341 1565; x_wconf 71' lang='lat'><strong>’⁹‘</strong></span> <span class='ocrx_word' id='word_1_703' title='bbox 2370 1545 2475 1592; x_wconf 94' lang='lat' dir='ltr'><strong>quod</strong></span> 
     </span>
     <span class='ocr_line' id='line_1_95' title="bbox 1409 1594 2473 1646; baseline 0.002 -14"><span class='ocrx_word' id='word_1_704' title='bbox 1409 1595 1548 1632; x_wconf 90' lang='lat' dir='ltr'><strong>secatio</strong></span> <span class='ocrx_word' id='word_1_705' title='bbox 1561 1595 1622 1632; x_wconf 91' lang='lat' dir='ltr'><strong>illa</strong></span> <span class='ocrx_word' id='word_1_706' title='bbox 1637 1602 1735 1632; x_wconf 91' lang='lat' dir='ltr'><strong>esset</strong></span> <span class='ocrx_word' id='word_1_707' title='bbox 1750 1594 1950 1642; x_wconf 89' lang='lat' dir='ltr'><strong>circularis,</strong></span> <span class='ocrx_word' id='word_1_708' title='bbox 1963 1597 2052 1644; x_wconf 91' lang='lat' dir='ltr'><strong>quia</strong></span> <span class='ocrx_word' id='word_1_709' title='bbox 2068 1596 2144 1634; x_wconf 93' lang='lat' dir='ltr'><strong>duo</strong></span> <span class='ocrx_word' id='word_1_710' title='bbox 2162 1610 2323 1646; x_wconf 88' lang='lat' dir='ltr'><strong>corpora</strong></span> <span class='ocrx_word' id='word_1_711' title='bbox 2339 1598 2473 1646; x_wconf 92' lang='lat' dir='ltr'><strong>sphae-</strong></span> 
     </span>
     <span class='ocr_line' id='line_1_96' title="bbox 1410 1649 2312 1687; baseline 0.001 -1"><span class='ocrx_word' id='word_1_712' title='bbox 1410 1649 1486 1686; x_wconf 89' lang='lat' dir='ltr'><strong>rica</strong></span> <span class='ocrx_word' id='word_1_713' title='bbox 1505 1661 1545 1686; x_wconf 92' lang='lat' dir='ltr'><strong>se</strong></span> <span class='ocrx_word' id='word_1_714' title='bbox 1564 1649 1792 1685; x_wconf 90' lang='lat' dir='ltr'><strong>intersecant</strong></span> <span class='ocrx_word' id='word_1_715' title='bbox 1811 1649 2073 1686; x_wconf 89' lang='lat' dir='ltr'><strong>intersectione</strong></span> <span class='ocrx_word' id='word_1_716' title='bbox 2103 1650 2270 1687; x_wconf 90' lang='lat' dir='ltr'><strong>circulari</strong></span> <span class='ocrx_word' id='word_1_717' title='bbox 2289 1649 2312 1687; x_wconf 66' lang='lat' dir='ltr'><strong>f.</strong></span> 
     </span>
    </p>

    <p class='ocr_par' dir='ltr' id='par_1_22' title="bbox 1408 1702 2477 2445">
     <span class='ocr_line' id='line_1_97' title="bbox 1464 1702 2474 1750; baseline 0.002 -12"><span class='ocrx_word' id='word_1_718' title='bbox 1464 1702 1550 1738; x_wconf 90' lang='lat' dir='ltr'><strong>Hoc</strong></span> <span class='ocrx_word' id='word_1_719' title='bbox 1575 1709 1703 1739; x_wconf 90' lang='lat' dir='ltr'><strong>autern</strong></span> <span class='ocrx_word' id='word_1_720' title='bbox 1733 1709 2001 1750; x_wconf 89' lang='lat' dir='ltr'><strong>argumentum</strong></span> <span class='ocrx_word' id='word_1_721' title='bbox 2031 1703 2193 1740; x_wconf 89' lang='lat' dir='ltr'><strong>excludit</strong></span> <span class='ocrx_word' id='word_1_722' title='bbox 2213 1704 2280 1740; x_wconf 89' lang='lat' dir='ltr'><strong>ibi:</strong></span> <span class='ocrx_word' id='word_1_723' title='bbox 2309 1704 2400 1741; x_wconf 90' lang='lat' dir='ltr'><strong>Non</strong></span> <span class='ocrx_word' id='word_1_724' title='bbox 2421 1710 2474 1740; x_wconf 86' lang='lat' dir='ltr'><strong>at-</strong></span> 
     </span>
     <span class='ocr_line' id='line_1_98' title="bbox 1409 1755 2473 1806; baseline 0.002 -14"><span class='ocrx_word' id='word_1_725' title='bbox 1409 1756 1594 1792; x_wconf 86' lang='lat' dir='ltr'><strong>tendentes</strong></span> <span class='ocrx_word' id='word_1_726' title='bbox 1620 1763 1688 1792; x_wconf 90' lang='lat' dir='ltr'><strong>etc.</strong></span> <span class='ocrx_word' id='word_1_727' title='bbox 1719 1756 1769 1792; x_wconf 91' lang='lat' dir='ltr'><strong>Et</strong></span> <span class='ocrx_word' id='word_1_728' title='bbox 1797 1755 1884 1792; x_wconf 86' lang='lat' dir='ltr'><strong>dicit</strong></span> <span class='ocrx_word' id='word_1_729' title='bbox 1903 1757 2008 1804; x_wconf 92' lang='lat' dir='ltr'><strong>quod</strong></span> <span class='ocrx_word' id='word_1_730' title='bbox 2028 1756 2076 1793; x_wconf 88' lang='lat' dir='ltr'><strong>illi</strong></span> <span class='ocrx_word' id='word_1_731' title='bbox 2106 1757 2170 1805; x_wconf 91' lang='lat' dir='ltr'><strong>qui</strong></span> <span class='ocrx_word' id='word_1_732' title='bbox 2189 1764 2338 1806; x_wconf 90' lang='lat' dir='ltr'><strong>ponunt</strong></span> <span class='ocrx_word' id='word_1_733' title='bbox 2360 1758 2379 1778; x_wconf 83' lang='grc'><strong>*</strong></span> <span class='ocrx_word' id='word_1_734' title='bbox 2397 1758 2473 1794; x_wconf 92' lang='lat' dir='ltr'><strong>hoc</strong></span> 
     </span>
     <span class='ocr_line' id='line_1_99' title="bbox 1409 1809 2476 1857; baseline 0.002 -12"><span class='ocrx_word' id='word_1_735' title='bbox 1409 1816 1700 1857; x_wconf 89' lang='lat' dir='ltr'><strong>argumentum,</strong></span> <span class='ocrx_word' id='word_1_736' title='bbox 1730 1821 1809 1845; x_wconf 91' lang='lat' dir='ltr'><strong>non</strong></span> <span class='ocrx_word' id='word_1_737' title='bbox 1846 1809 2043 1846; x_wconf 90' lang='lat' dir='ltr'><strong>attendunt</strong></span> <span class='ocrx_word' id='word_1_738' title='bbox 2079 1810 2294 1847; x_wconf 87' lang='lat' dir='ltr'><strong>distantiam</strong></span> <span class='ocrx_word' id='word_1_739' title='bbox 2332 1810 2420 1847; x_wconf 91' lang='lat' dir='ltr'><strong>solis</strong></span> <span class='ocrx_word' id='word_1_740' title='bbox 2453 1823 2476 1847; x_wconf 91' lang='lat' dir='ltr'><strong>a</strong></span> 
     </span>
     <span class='ocr_line' id='line_1_100' title="bbox 1408 1862 2475 1911; baseline 0.001 -12"><span class='ocrx_word' id='word_1_741' title='bbox 1408 1870 1517 1910; x_wconf 91' lang='lat' dir='ltr'><strong>terra,</strong></span> <span class='ocrx_word' id='word_1_742' title='bbox 1539 1869 1575 1899; x_wconf 90' lang='lat' dir='ltr'><strong>et</strong></span> <span class='ocrx_word' id='word_1_743' title='bbox 1593 1862 1895 1910; x_wconf 88' lang='lat' dir='ltr'><strong>magnitudinem</strong></span> <span class='ocrx_word' id='word_1_744' title='bbox 1916 1863 2164 1911; x_wconf 90' lang='lat' dir='ltr'><strong>rotunditatis,</strong></span> <span class='ocrx_word' id='word_1_745' title='bbox 2182 1863 2321 1900; x_wconf 89' lang='lat' dir='ltr'><strong>scilicet</strong></span> <span class='ocrx_word' id='word_1_746' title='bbox 2339 1864 2475 1901; x_wconf 88' lang='lat' dir='ltr'><strong>utrius-</strong></span> 
     </span>
     <span class='ocr_line' id='line_1_101' title="bbox 1409 1915 2476 1966; baseline 0.002 -14"><span class='ocrx_word' id='word_1_747' title='bbox 1409 1928 1494 1965; x_wconf 94' lang='lat' dir='ltr'><strong>que.</strong></span> <span class='ocrx_word' id='word_1_748' title='bbox 1515 1915 1702 1953; x_wconf 90' lang='lat' dir='ltr'><strong>Videmus</strong></span> <span class='ocrx_word' id='word_1_749' title='bbox 1724 1915 1827 1953; x_wconf 87' lang='lat' dir='ltr'><strong>enim</strong></span> <span class='ocrx_word' id='word_1_750' title='bbox 1856 1917 1960 1964; x_wconf 91' lang='lat' dir='ltr'><strong>quod</strong></span> <span class='ocrx_word' id='word_1_751' title='bbox 1982 1916 2095 1954; x_wconf 88' lang='lat' dir='ltr'><strong>etiarn</strong></span> <span class='ocrx_word' id='word_1_752' title='bbox 2123 1917 2232 1966; x_wconf 89' lang='lat' dir='ltr'><strong>parvi</strong></span> <span class='ocrx_word' id='word_1_753' title='bbox 2253 1918 2272 1939; x_wconf 83' lang='lat'>*</span> <span class='ocrx_word' id='word_1_754' title='bbox 2295 1917 2432 1964; x_wconf 86' lang='lat' dir='ltr'><strong>circuli,</strong></span> <span class='ocrx_word' id='word_1_755' title='bbox 2454 1929 2476 1954; x_wconf 91' lang='lat' dir='ltr'><strong>a</strong></span> 
     </span>
     <span class='ocr_line' id='line_1_102' title="bbox 1408 1969 2476 2019; baseline 0.001 -13"><span class='ocrx_word' id='word_1_756' title='bbox 1408 1970 1520 2017; x_wconf 92' lang='lat' dir='ltr'><strong>longe</strong></span> <span class='ocrx_word' id='word_1_757' title='bbox 1549 1977 1787 2019; x_wconf 90' lang='lat' dir='ltr'><strong>apparentes,</strong></span> <span class='ocrx_word' id='word_1_758' title='bbox 1816 1969 1994 2007; x_wconf 91' lang='lat' dir='ltr'><strong>videntur</strong></span> <span class='ocrx_word' id='word_1_759' title='bbox 2013 1970 2227 2007; x_wconf 91' lang='lat' dir='ltr'><strong>secundum</strong></span> <span class='ocrx_word' id='word_1_760' title='bbox 2253 1972 2415 2008; x_wconf 90' lang='lat' dir='ltr'><strong>modum</strong></span> <span class='ocrx_word' id='word_1_761' title='bbox 2435 1970 2476 2007; x_wconf 92' lang='lat' dir='ltr'><strong>li-</strong></span> 
     </span>
     <span class='ocr_line' id='line_1_103' title="bbox 1409 2023 2476 2073; baseline 0.001 -13"><span class='ocrx_word' id='word_1_762' title='bbox 1409 2025 1504 2060; x_wconf 82' lang='lat' dir='ltr'><strong>neae</strong></span> <span class='ocrx_word' id='word_1_763' title='bbox 1538 2030 1683 2060; x_wconf 88' lang='lat' dir='ltr'><strong>rectae:</strong></span> <span class='ocrx_word' id='word_1_764' title='bbox 1717 2023 1820 2060; x_wconf 88' lang='lat' dir='ltr'><strong>unde</strong></span> <span class='ocrx_word' id='word_1_765' title='bbox 1859 2024 1978 2060; x_wconf 88' lang='lat' dir='ltr'><strong>multo</strong></span> <span class='ocrx_word' id='word_1_766' title='bbox 2014 2024 2133 2072; x_wconf 89' lang='lat' dir='ltr'><strong>magis</strong></span> <span class='ocrx_word' id='word_1_767' title='bbox 2166 2024 2361 2073; x_wconf 89' lang='lat' dir='ltr'><strong>portiones</strong></span> <span class='ocrx_word' id='word_1_768' title='bbox 2395 2037 2476 2061; x_wconf 88' lang='lat' dir='ltr'><strong>ma-</strong></span> 
     </span>
     <span class='ocr_line' id='line_1_104' title="bbox 1408 2076 2476 2125; baseline 0.001 -12"><span class='ocrx_word' id='word_1_769' title='bbox 1408 2089 1573 2125; x_wconf 90' lang='lat' dir='ltr'><strong>gnorum</strong></span> <span class='ocrx_word' id='word_1_770' title='bbox 1590 2076 1818 2114; x_wconf 91' lang='lat' dir='ltr'><strong>circulorum</strong></span> <span class='ocrx_word' id='word_1_771' title='bbox 1839 2090 1860 2114; x_wconf 90' lang='lat' dir='ltr'><strong>a</strong></span> <span class='ocrx_word' id='word_1_772' title='bbox 1880 2078 1990 2125; x_wconf 87' lang='lat' dir='ltr'><strong>longe</strong></span> <span class='ocrx_word' id='word_1_773' title='bbox 2011 2085 2134 2114; x_wconf 87' lang='lat' dir='ltr'><strong>rectae</strong></span> <span class='ocrx_word' id='word_1_774' title='bbox 2149 2078 2338 2125; x_wconf 90' lang='lat' dir='ltr'><strong>videntur,</strong></span> <span class='ocrx_word' id='word_1_775' title='bbox 2356 2077 2445 2125; x_wconf 91' lang='lat' dir='ltr'><strong>quia</strong></span> <span class='ocrx_word' id='word_1_776' title='bbox 2457 2079 2476 2099; x_wconf 61' lang='lat'><strong>¹*</strong></span> 
     </span>
     <span class='ocr_line' id='line_1_105' title="bbox 1409 2129 2475 2180; baseline 0.001 -13"><span class='ocrx_word' id='word_1_777' title='bbox 1409 2137 1496 2167; x_wconf 91' lang='lat' dir='ltr'><strong>sunt</strong></span> <span class='ocrx_word' id='word_1_778' title='bbox 1515 2129 1642 2167; x_wconf 88' lang='lat' dir='ltr'><strong>minus</strong></span> <span class='ocrx_word' id='word_1_779' title='bbox 1663 2142 1814 2167; x_wconf 82' lang='lat' dir='ltr'><strong>curvae.</strong></span> <span class='ocrx_word' id='word_1_780' title='bbox 1827 2151 1850 2158; x_wconf 96' lang='lat'><em>-</em></span> <span class='ocrx_word' id='word_1_781' title='bbox 1865 2131 1942 2167; x_wconf 90' lang='lat' dir='ltr'><strong>Sed</strong></span> <span class='ocrx_word' id='word_1_782' title='bbox 1958 2131 2032 2167; x_wconf 94' lang='lat' dir='ltr'><strong>hoc</strong></span> <span class='ocrx_word' id='word_1_783' title='bbox 2051 2131 2254 2180; x_wconf 87' lang='lat' dir='ltr'><strong>praecipue</strong></span> <span class='ocrx_word' id='word_1_784' title='bbox 2270 2131 2475 2178; x_wconf 88' lang='lat' dir='ltr'><strong>intelligen-</strong></span> 
     </span>
     <span class='ocr_line' id='line_1_106' title="bbox 1410 2184 2476 2233; baseline 0.001 -13"><span class='ocrx_word' id='word_1_785' title='bbox 1410 2184 1503 2220; x_wconf 91' lang='lat' dir='ltr'><strong>dum</strong></span> <span class='ocrx_word' id='word_1_786' title='bbox 1533 2191 1589 2220; x_wconf 90' lang='lat' dir='ltr'><strong>est</strong></span> <span class='ocrx_word' id='word_1_787' title='bbox 1608 2184 1763 2231; x_wconf 90' lang='lat' dir='ltr'><strong>quando</strong></span> <span class='ocrx_word' id='word_1_788' title='bbox 1794 2184 1955 2221; x_wconf 90' lang='lat' dir='ltr'><strong>circulus</strong></span> <span class='ocrx_word' id='word_1_789' title='bbox 1976 2191 2031 2221; x_wconf 89' lang='lat' dir='ltr'><strong>est</strong></span> <span class='ocrx_word' id='word_1_790' title='bbox 2058 2184 2096 2220; x_wconf 91' lang='lat' dir='ltr'><strong>in</strong></span> <span class='ocrx_word' id='word_1_791' title='bbox 2117 2185 2252 2221; x_wconf 88' lang='lat' dir='ltr'><strong>eadem</strong></span> <span class='ocrx_word' id='word_1_792' title='bbox 2275 2184 2476 2233; x_wconf 88' lang='lat' dir='ltr'><strong>superficie</strong></span> 
     </span>
     <span class='ocr_line' id='line_1_107' title="bbox 1410 2236 2477 2287; baseline 0.001 -14"><span class='ocrx_word' id='word_1_793' title='bbox 1410 2249 1498 2273; x_wconf 93' lang='lat' dir='ltr'><strong>cum</strong></span> <span class='ocrx_word' id='word_1_794' title='bbox 1525 2236 1612 2273; x_wconf 84' lang='lat' dir='ltr'><strong>visu</strong></span> <span class='ocrx_word' id='word_1_795' title='bbox 1631 2237 1667 2272; x_wconf 74' lang='grc' dir='ltr'><strong>*ε</strong></span> <span class='ocrx_word' id='word_1_796' title='bbox 1698 2249 1787 2273; x_wconf 91' lang='lat' dir='ltr'><strong>nam</strong></span> <span class='ocrx_word' id='word_1_797' title='bbox 1808 2237 1947 2285; x_wconf 86' lang='lat' dir='ltr'><strong>secatio</strong></span> <span class='ocrx_word' id='word_1_798' title='bbox 1977 2237 2064 2274; x_wconf 90' lang='lat' dir='ltr'><strong>solis</strong></span> <span class='ocrx_word' id='word_1_799' title='bbox 2086 2245 2121 2273; x_wconf 92' lang='lat' dir='ltr'><strong>et</strong></span> <span class='ocrx_word' id='word_1_800' title='bbox 2148 2238 2259 2275; x_wconf 91' lang='lat' dir='ltr'><strong>lunae</strong></span> <span class='ocrx_word' id='word_1_801' title='bbox 2279 2250 2378 2287; x_wconf 89' lang='lat' dir='ltr'><strong>quae</strong></span> <span class='ocrx_word' id='word_1_802' title='bbox 2398 2250 2477 2275; x_wconf 93' lang='lat' dir='ltr'><strong>non</strong></span> 
     </span>
     <span class='ocr_line' id='line_1_108' title="bbox 1411 2289 2475 2339; baseline 0.003 -14"><span class='ocrx_word' id='word_1_803' title='bbox 1411 2297 1466 2326; x_wconf 92' lang='lat' dir='ltr'><strong>est</strong></span> <span class='ocrx_word' id='word_1_804' title='bbox 1493 2289 1531 2325; x_wconf 94' lang='lat' dir='ltr'><strong>in</strong></span> <span class='ocrx_word' id='word_1_805' title='bbox 1561 2290 1697 2326; x_wconf 89' lang='lat' dir='ltr'><strong>eadem</strong></span> <span class='ocrx_word' id='word_1_806' title='bbox 1735 2290 1937 2339; x_wconf 88' lang='lat' dir='ltr'><strong>superficie</strong></span> <span class='ocrx_word' id='word_1_807' title='bbox 1977 2303 2064 2327; x_wconf 92' lang='lat' dir='ltr'><strong>cum</strong></span> <span class='ocrx_word' id='word_1_808' title='bbox 2092 2290 2178 2327; x_wconf 89' lang='lat' dir='ltr'><strong>visu</strong></span> <span class='ocrx_word' id='word_1_809' title='bbox 2215 2298 2367 2337; x_wconf 90' lang='lat' dir='ltr'><strong>nostro,</strong></span> <span class='ocrx_word' id='word_1_810' title='bbox 2397 2303 2475 2328; x_wconf 89' lang='lat' dir='ltr'><strong>non</strong></span> 
     </span>
     <span class='ocr_line' id='line_1_109' title="bbox 1409 2342 2475 2393; baseline 0.001 -13"><span class='ocrx_word' id='word_1_811' title='bbox 1409 2342 1559 2380; x_wconf 90' lang='lat' dir='ltr'><strong>videtur</strong></span> <span class='ocrx_word' id='word_1_812' title='bbox 1587 2350 1688 2379; x_wconf 88' lang='lat' dir='ltr'><strong>recta</strong></span> <span class='ocrx_word' id='word_1_813' title='bbox 1706 2348 1729 2390; x_wconf 84' lang='lat'><strong>⁰,</strong></span> <span class='ocrx_word' id='word_1_814' title='bbox 1757 2343 1824 2380; x_wconf 92' lang='lat' dir='ltr'><strong>sed</strong></span> <span class='ocrx_word' id='word_1_815' title='bbox 1853 2343 2059 2391; x_wconf 89' lang='lat' dir='ltr'><strong>circularis,</strong></span> <span class='ocrx_word' id='word_1_816' title='bbox 2088 2351 2131 2380; x_wconf 89' lang='lat' dir='ltr'><strong>ut</strong></span> <span class='ocrx_word' id='word_1_817' title='bbox 2158 2357 2272 2393; x_wconf 91' lang='lat' dir='ltr'><strong>supra</strong></span> <span class='ocrx_word' id='word_1_818' title='bbox 2294 2346 2312 2366; x_wconf 79' lang='grc'><strong>*</strong></span> <span class='ocrx_word' id='word_1_819' title='bbox 2334 2344 2475 2382; x_wconf 91' lang='lat' dir='ltr'><strong>dictum</strong></span> 
     </span>
     <span class='ocr_line' id='line_1_110' title="bbox 1411 2396 2258 2445; baseline 0.002 -13"><span class='ocrx_word' id='word_1_820' title='bbox 1411 2405 1477 2442; x_wconf 93' lang='lat' dir='ltr'><strong>est,</strong></span> <span class='ocrx_word' id='word_1_821' title='bbox 1508 2408 1596 2432; x_wconf 89' lang='lat' dir='ltr'><strong>cum</strong></span> <span class='ocrx_word' id='word_1_822' title='bbox 1626 2404 1800 2444; x_wconf 89' lang='lat' dir='ltr'><strong>ageretur</strong></span> <span class='ocrx_word' id='word_1_823' title='bbox 1828 2396 1874 2433; x_wconf 93' lang='lat' dir='ltr'><strong>de</strong></span> <span class='ocrx_word' id='word_1_824' title='bbox 1903 2398 2026 2445; x_wconf 89' lang='lat' dir='ltr'><strong>figura</strong></span> <span class='ocrx_word' id='word_1_825' title='bbox 2053 2397 2258 2435; x_wconf 89' lang='lat' dir='ltr'><strong>stellarum.</strong></span> 
     </span>
    </p>

    <p class='ocr_par' dir='ltr' id='par_1_23' title="bbox 1412 2450 2478 3032">
     <span class='ocr_line' id='line_1_111' title="bbox 1467 2450 2476 2500; baseline 0.001 -14"><span class='ocrx_word' id='word_1_826' title='bbox 1467 2451 1502 2486; x_wconf 88' lang='lat'><strong>8.</strong></span> <span class='ocrx_word' id='word_1_827' title='bbox 1525 2450 1743 2486; x_wconf 86' lang='lat' dir='ltr'><strong>Secundam</strong></span> <span class='ocrx_word' id='word_1_828' title='bbox 1759 2450 1945 2487; x_wconf 88' lang='lat' dir='ltr'><strong>rationem</strong></span> <span class='ocrx_word' id='word_1_829' title='bbox 1960 2450 2067 2500; x_wconf 92' lang='lat' dir='ltr'><strong>ponit</strong></span> <span class='ocrx_word' id='word_1_830' title='bbox 2082 2450 2150 2487; x_wconf 89' lang='lat' dir='ltr'><strong>ibi:</strong></span> <span class='ocrx_word' id='word_1_831' title='bbox 2167 2451 2242 2487; x_wconf 89' lang='lat' dir='ltr'><strong>Sed</strong></span> <span class='ocrx_word' id='word_1_832' title='bbox 2254 2451 2376 2487; x_wconf 87' lang='lat' dir='ltr'><strong>adhuc</strong></span> <span class='ocrx_word' id='word_1_833' title='bbox 2393 2457 2476 2497; x_wconf 90' lang='lat' dir='ltr'><strong>etc.;</strong></span> 
     </span>
     <span class='ocr_line' id='line_1_112' title="bbox 1412 2503 2473 2552; baseline 0.001 -13"><span class='ocrx_word' id='word_1_834' title='bbox 1412 2503 1542 2540; x_wconf 83' lang='lat' dir='ltr'><strong>dicen&#39;s</strong></span> <span class='ocrx_word' id='word_1_835' title='bbox 1567 2504 1586 2524; x_wconf 68' lang='lat'><strong>²³²</strong></span> <span class='ocrx_word' id='word_1_836' title='bbox 1607 2503 1712 2552; x_wconf 92' lang='lat' dir='ltr'><strong>quod</strong></span> <span class='ocrx_word' id='word_1_837' title='bbox 1732 2504 1857 2540; x_wconf 88' lang='lat' dir='ltr'><strong>adhuc</strong></span> <span class='ocrx_word' id='word_1_838' title='bbox 1885 2505 2031 2541; x_wconf 88' lang='lat' dir='ltr'><strong>addunt</strong></span> <span class='ocrx_word' id='word_1_839' title='bbox 2059 2503 2244 2541; x_wconf 88' lang='lat' dir='ltr'><strong>rationem</strong></span> <span class='ocrx_word' id='word_1_840' title='bbox 2274 2504 2322 2541; x_wconf 91' lang='lat' dir='ltr'><strong>ad</strong></span> <span class='ocrx_word' id='word_1_841' title='bbox 2350 2504 2473 2550; x_wconf 91' lang='lat' dir='ltr'><strong>idem,</strong></span> 
     </span>
     <span class='ocr_line' id='line_1_113' title="bbox 1413 2556 2478 2606; baseline 0.001 -13"><span class='ocrx_word' id='word_1_842' title='bbox 1413 2556 1581 2593; x_wconf 90' lang='lat' dir='ltr'><strong>dicentes</strong></span> <span class='ocrx_word' id='word_1_843' title='bbox 1610 2556 1715 2604; x_wconf 92' lang='lat' dir='ltr'><strong>quod</strong></span> <span class='ocrx_word' id='word_1_844' title='bbox 1744 2569 1898 2594; x_wconf 88' lang='lat' dir='ltr'><strong>necesse</strong></span> <span class='ocrx_word' id='word_1_845' title='bbox 1928 2565 1983 2594; x_wconf 88' lang='lat' dir='ltr'><strong>est</strong></span> <span class='ocrx_word' id='word_1_846' title='bbox 2010 2565 2162 2604; x_wconf 87' lang='lat' dir='ltr'><strong>terram,</strong></span> <span class='ocrx_word' id='word_1_847' title='bbox 2193 2557 2241 2594; x_wconf 92' lang='lat' dir='ltr'><strong>ad</strong></span> <span class='ocrx_word' id='word_1_848' title='bbox 2269 2558 2344 2594; x_wconf 89' lang='lat' dir='ltr'><strong>hoc</strong></span> <span class='ocrx_word' id='word_1_849' title='bbox 2372 2557 2478 2606; x_wconf 91' lang='lat' dir='ltr'><strong>quod</strong></span> 
     </span>
     <span class='ocr_line' id='line_1_114' title="bbox 1413 2610 2478 2659; baseline 0 -13"><span class='ocrx_word' id='word_1_850' title='bbox 1413 2610 1592 2659; x_wconf 91' lang='lat' dir='ltr'><strong>quiescat,</strong></span> <span class='ocrx_word' id='word_1_851' title='bbox 1608 2610 1750 2646; x_wconf 90' lang='lat' dir='ltr'><strong>habere</strong></span> <span class='ocrx_word' id='word_1_852' title='bbox 1766 2611 1929 2659; x_wconf 90' lang='lat' dir='ltr'><strong>figuram</strong></span> <span class='ocrx_word' id='word_1_853' title='bbox 1945 2611 2071 2648; x_wconf 90' lang='lat' dir='ltr'><strong>latam.</strong></span> <span class='ocrx_word' id='word_1_854' title='bbox 2088 2611 2190 2647; x_wconf 91' lang='lat' dir='ltr'><strong>Nam</strong></span> <span class='ocrx_word' id='word_1_855' title='bbox 2207 2611 2329 2658; x_wconf 90' lang='lat' dir='ltr'><strong>figura</strong></span> <span class='ocrx_word' id='word_1_856' title='bbox 2345 2611 2478 2659; x_wconf 89' lang='lat' dir='ltr'><strong>sphae-</strong></span> 
     </span>
     <span class='ocr_line' id='line_1_115' title="bbox 1414 2662 2478 2712; baseline 0.001 -13"><span class='ocrx_word' id='word_1_857' title='bbox 1414 2663 1491 2700; x_wconf 90' lang='lat' dir='ltr'><strong>rica</strong></span> <span class='ocrx_word' id='word_1_858' title='bbox 1519 2662 1625 2700; x_wconf 91' lang='lat' dir='ltr'><strong>facile</strong></span> <span class='ocrx_word' id='word_1_859' title='bbox 1655 2663 1808 2701; x_wconf 90' lang='lat' dir='ltr'><strong>mobilis</strong></span> <span class='ocrx_word' id='word_1_860' title='bbox 1837 2672 1902 2711; x_wconf 90' lang='lat' dir='ltr'><strong>est,</strong></span> <span class='ocrx_word' id='word_1_861' title='bbox 1925 2664 2014 2712; x_wconf 90' lang='lat' dir='ltr'><strong>quia</strong></span> <span class='ocrx_word' id='word_1_862' title='bbox 2040 2664 2077 2700; x_wconf 87' lang='lat' dir='ltr'><strong>in</strong></span> <span class='ocrx_word' id='word_1_863' title='bbox 2098 2663 2252 2701; x_wconf 92' lang='lat' dir='ltr'><strong>modico</strong></span> <span class='ocrx_word' id='word_1_864' title='bbox 2281 2664 2399 2712; x_wconf 90' lang='lat' dir='ltr'><strong>tangit</strong></span> <span class='ocrx_word' id='word_1_865' title='bbox 2418 2676 2478 2700; x_wconf 93' lang='lat' dir='ltr'><strong>su-</strong></span> 
     </span>
     <span class='ocr_line' id='line_1_116' title="bbox 1412 2716 2477 2766; baseline -0.001 -12"><span class='ocrx_word' id='word_1_866' title='bbox 1412 2716 1632 2766; x_wconf 89' lang='lat' dir='ltr'><strong>perficiem:</strong></span> <span class='ocrx_word' id='word_1_867' title='bbox 1662 2717 1730 2755; x_wconf 90' lang='lat' dir='ltr'><strong>sed</strong></span> <span class='ocrx_word' id='word_1_868' title='bbox 1758 2718 1880 2765; x_wconf 91' lang='lat' dir='ltr'><strong>figura</strong></span> <span class='ocrx_word' id='word_1_869' title='bbox 1920 2718 1994 2754; x_wconf 90' lang='lat' dir='ltr'><strong>lata</strong></span> <span class='ocrx_word' id='word_1_870' title='bbox 2027 2718 2239 2755; x_wconf 90' lang='lat' dir='ltr'><strong>secundum</strong></span> <span class='ocrx_word' id='word_1_871' title='bbox 2277 2730 2318 2754; x_wconf 91' lang='lat' dir='ltr'><strong>se</strong></span> <span class='ocrx_word' id='word_1_872' title='bbox 2359 2725 2477 2754; x_wconf 90' lang='lat' dir='ltr'><strong>totam</strong></span> 
     </span>
     <span class='ocr_line' id='line_1_117' title="bbox 1413 2770 2475 2820; baseline 0 -13"><span class='ocrx_word' id='word_1_873' title='bbox 1413 2770 1529 2818; x_wconf 89' lang='lat' dir='ltr'><strong>tangit</strong></span> <span class='ocrx_word' id='word_1_874' title='bbox 1542 2771 1562 2792; x_wconf 82' lang='grc'><strong><em>*</em></strong></span> <span class='ocrx_word' id='word_1_875' title='bbox 1577 2770 1830 2820; x_wconf 89' lang='lat' dir='ltr'><strong>superficiem,</strong></span> <span class='ocrx_word' id='word_1_876' title='bbox 1844 2778 1879 2807; x_wconf 92' lang='lat' dir='ltr'><strong>et</strong></span> <span class='ocrx_word' id='word_1_877' title='bbox 1894 2770 1980 2807; x_wconf 93' lang='lat' dir='ltr'><strong>ideo</strong></span> <span class='ocrx_word' id='word_1_878' title='bbox 2003 2778 2057 2808; x_wconf 90' lang='lat' dir='ltr'><strong>est</strong></span> <span class='ocrx_word' id='word_1_879' title='bbox 2076 2778 2163 2819; x_wconf 90' lang='lat' dir='ltr'><strong>apta</strong></span> <span class='ocrx_word' id='word_1_880' title='bbox 2178 2771 2227 2807; x_wconf 92' lang='lat' dir='ltr'><strong>ad</strong></span> <span class='ocrx_word' id='word_1_881' title='bbox 2241 2771 2409 2819; x_wconf 91' lang='lat' dir='ltr'><strong>quietem</strong></span> <span class='ocrx_word' id='word_1_882' title='bbox 2422 2772 2475 2807; x_wconf 40' lang='grc' dir='ltr'><strong>*ἢ</strong></span> 
     </span>
     <span class='ocr_line' id='line_1_118' title="bbox 1413 2823 2477 2873; baseline -0.001 -12"><span class='ocrx_word' id='word_1_883' title='bbox 1413 2845 1437 2852; x_wconf 89' lang='grc'>-</span> <span class='ocrx_word' id='word_1_884' title='bbox 1458 2825 1507 2861; x_wconf 86' lang='lat' dir='ltr'><strong>Et</strong></span> <span class='ocrx_word' id='word_1_885' title='bbox 1534 2836 1582 2860; x_wconf 91' lang='lat' dir='ltr'><strong>ne</strong></span> <span class='ocrx_word' id='word_1_886' title='bbox 1612 2825 1786 2861; x_wconf 90' lang='lat' dir='ltr'><strong>credatur</strong></span> <span class='ocrx_word' id='word_1_887' title='bbox 1813 2824 1917 2873; x_wconf 92' lang='lat' dir='ltr'><strong>quod</strong></span> <span class='ocrx_word' id='word_1_888' title='bbox 1946 2825 2041 2860; x_wconf 89' lang='lat' dir='ltr'><strong>haec</strong></span> <span class='ocrx_word' id='word_1_889' title='bbox 2070 2836 2182 2860; x_wconf 90' lang='lat' dir='ltr'><strong>causa</strong></span> <span class='ocrx_word' id='word_1_890' title='bbox 2206 2823 2338 2872; x_wconf 89' lang='lat' dir='ltr'><strong>quietis</strong></span> <span class='ocrx_word' id='word_1_891' title='bbox 2357 2831 2477 2860; x_wconf 89' lang='lat' dir='ltr'><strong>terrae</strong></span> 
     </span>
     <span class='ocr_line' id='line_1_119' title="bbox 1415 2876 2478 2925; baseline -0.001 -11"><span class='ocrx_word' id='word_1_892' title='bbox 1415 2878 1672 2914; x_wconf 90' lang='lat' dir='ltr'><strong>communiter</strong></span> <span class='ocrx_word' id='word_1_893' title='bbox 1700 2878 1747 2914; x_wconf 90' lang='lat' dir='ltr'><strong>ab</strong></span> <span class='ocrx_word' id='word_1_894' title='bbox 1778 2877 1957 2914; x_wconf 92' lang='lat' dir='ltr'><strong>omnibus</strong></span> <span class='ocrx_word' id='word_1_895' title='bbox 1986 2877 2194 2925; x_wconf 87' lang='lat' dir='ltr'><strong>assignetur</strong></span> <span class='ocrx_word' id='word_1_896' title='bbox 2222 2877 2258 2923; x_wconf 67' lang='lat'><strong>²²,</strong></span> <span class='ocrx_word' id='word_1_897' title='bbox 2289 2876 2478 2924; x_wconf 87' lang='lat' dir='ltr'><strong>subiungit</strong></span> 
     </span>
     <span class='ocr_line' id='line_1_120' title="bbox 1414 2929 2477 2979; baseline -0.001 -11"><span class='ocrx_word' id='word_1_898' title='bbox 1414 2931 1518 2979; x_wconf 91' lang='lat' dir='ltr'><strong>quod</strong></span> <span class='ocrx_word' id='word_1_899' title='bbox 1539 2931 1586 2968; x_wconf 93' lang='lat' dir='ltr'><strong>de</strong></span> <span class='ocrx_word' id='word_1_900' title='bbox 1613 2937 1721 2967; x_wconf 91' lang='lat' dir='ltr'><strong>motu</strong></span> <span class='ocrx_word' id='word_1_901' title='bbox 1750 2938 1786 2967; x_wconf 89' lang='lat' dir='ltr'><strong>et</strong></span> <span class='ocrx_word' id='word_1_902' title='bbox 1805 2930 1928 2979; x_wconf 89' lang='lat' dir='ltr'><strong>quiete</strong></span> <span class='ocrx_word' id='word_1_903' title='bbox 1957 2938 2078 2967; x_wconf 91' lang='lat' dir='ltr'><strong>terrae</strong></span> <span class='ocrx_word' id='word_1_904' title='bbox 2098 2929 2203 2966; x_wconf 91' lang='lat' dir='ltr'><strong>multi</strong></span> <span class='ocrx_word' id='word_1_905' title='bbox 2223 2929 2328 2966; x_wconf 91' lang='lat' dir='ltr'><strong>modi</strong></span> <span class='ocrx_word' id='word_1_906' title='bbox 2348 2929 2477 2967; x_wconf 92' lang='lat' dir='ltr'><strong>dicun-</strong></span> 
     </span>
     <span class='ocr_line' id='line_1_121' title="bbox 1413 2982 2367 3032; baseline -0.003 -11"><span class='ocrx_word' id='word_1_907' title='bbox 1413 2992 1484 3031; x_wconf 90' lang='lat' dir='ltr'><strong>tur,</strong></span> <span class='ocrx_word' id='word_1_908' title='bbox 1506 2991 1546 3021; x_wconf 92' lang='lat' dir='ltr'><strong>ut</strong></span> <span class='ocrx_word' id='word_1_909' title='bbox 1573 2984 1715 3032; x_wconf 90' lang='lat' dir='ltr'><strong>patebit</strong></span> <span class='ocrx_word' id='word_1_910' title='bbox 1744 2996 1788 3020; x_wconf 88' lang='lat' dir='ltr'><strong>ex</strong></span> <span class='ocrx_word' id='word_1_911' title='bbox 1816 2983 1874 3020; x_wconf 92' lang='lat' dir='ltr'><strong>his</strong></span> <span class='ocrx_word' id='word_1_912' title='bbox 1902 2996 1999 3031; x_wconf 92' lang='lat' dir='ltr'><strong>quae</strong></span> <span class='ocrx_word' id='word_1_913' title='bbox 2027 2983 2123 3019; x_wconf 88' lang='lat' dir='ltr'><strong>infra</strong></span> <span class='ocrx_word' id='word_1_914' title='bbox 2140 2984 2158 3004; x_wconf 73' lang='lat'><strong>&#39;²‘</strong></span> <span class='ocrx_word' id='word_1_915' title='bbox 2188 2982 2367 3019; x_wconf 89' lang='lat' dir='ltr'><strong>dicentur.</strong></span> 
     </span>
    </p>
   </div>
   <div class='ocr_carea' id='block_1_14' title="bbox 1410 3095 2478 3623">
    <p class='ocr_par' dir='ltr' id='par_1_24' title="bbox 1410 3095 2478 3201">
     <span class='ocr_line' id='line_1_122' title="bbox 1410 3095 2478 3131; baseline -0.004 -7"><span class='ocrx_word' id='word_1_916' title='bbox 1410 3099 1560 3130; x_wconf 82' lang='lat' dir='ltr'><strong>amplitudo</strong></span> <span class='ocrx_word' id='word_1_917' title='bbox 1579 3099 1615 3123; x_wconf 91' lang='lat' dir='ltr'><strong>sit</strong></span> <span class='ocrx_word' id='word_1_918' title='bbox 1633 3098 1763 3131; x_wconf 80' lang='lat' dir='ltr'><strong>infinitus,</strong></span> <span class='ocrx_word' id='word_1_919' title='bbox 1783 3097 1852 3122; x_wconf 84' lang='lat' dir='ltr'><strong>sicut</strong></span> <span class='ocrx_word' id='word_1_920' title='bbox 1869 3096 1969 3121; x_wconf 83' lang='lat' dir='ltr'><strong>dicitur</strong></span> <span class='ocrx_word' id='word_1_921' title='bbox 1987 3096 2119 3128; x_wconf 82' lang='lat' dir='ltr'><strong>infinitum</strong></span> <span class='ocrx_word' id='word_1_922' title='bbox 2139 3095 2266 3127; x_wconf 82' lang='lat' dir='ltr'><strong>quosdam</strong></span> <span class='ocrx_word' id='word_1_923' title='bbox 2282 3095 2416 3127; x_wconf 81' lang='lat' dir='ltr'><strong>posuisse,</strong></span> <span class='ocrx_word' id='word_1_924' title='bbox 2437 3096 2478 3120; x_wconf 85' lang='lat' dir='ltr'><strong>vel</strong></span> 
     </span>
     <span class='ocr_line' id='line_1_123' title="bbox 1411 3131 2477 3166; baseline -0.003 -7"><span class='ocrx_word' id='word_1_925' title='bbox 1411 3135 1481 3166; x_wconf 86' lang='lat' dir='ltr'><strong>quod</strong></span> <span class='ocrx_word' id='word_1_926' title='bbox 1495 3134 1530 3159; x_wconf 87' lang='lat' dir='ltr'><strong>sit</strong></span> <span class='ocrx_word' id='word_1_927' title='bbox 1541 3134 1647 3166; x_wconf 81' lang='lat' dir='ltr'><strong>finitus,</strong></span> <span class='ocrx_word' id='word_1_928' title='bbox 1662 3134 1732 3158; x_wconf 87' lang='lat' dir='ltr'><strong>sicut</strong></span> <span class='ocrx_word' id='word_1_929' title='bbox 1750 3133 1828 3157; x_wconf 88' lang='lat' dir='ltr'><strong>modo</strong></span> <span class='ocrx_word' id='word_1_930' title='bbox 1847 3132 1889 3157; x_wconf 87' lang='lat' dir='ltr'><strong>hic</strong></span> <span class='ocrx_word' id='word_1_931' title='bbox 1902 3132 2046 3164; x_wconf 81' lang='lat' dir='ltr'><strong>probatur.</strong></span> <span class='ocrx_word' id='word_1_932' title='bbox 2065 3131 2148 3155; x_wconf 84' lang='lat' dir='ltr'><strong>Huius</strong></span> <span class='ocrx_word' id='word_1_933' title='bbox 2165 3131 2280 3155; x_wconf 88' lang='lat' dir='ltr'><strong>lectionis</strong></span> <span class='ocrx_word' id='word_1_934' title='bbox 2300 3131 2325 3155; x_wconf 88' lang='lat' dir='ltr'><strong>in</strong></span> <span class='ocrx_word' id='word_1_935' title='bbox 2340 3136 2389 3155; x_wconf 87' lang='lat' dir='ltr'><strong>cet.</strong></span> <span class='ocrx_word' id='word_1_936' title='bbox 2402 3132 2477 3156; x_wconf 86' lang='lat' dir='ltr'><strong>codd.</strong></span> 
     </span>
     <span class='ocr_line' id='line_1_124' title="bbox 1411 3168 1840 3201; baseline -0.005 -8"><span class='ocrx_word' id='word_1_937' title='bbox 1411 3170 1512 3194; x_wconf 89' lang='lat' dir='ltr'><strong>nullum</strong></span> <span class='ocrx_word' id='word_1_938' title='bbox 1531 3169 1667 3201; x_wconf 87' lang='lat' dir='ltr'><strong>vestigium</strong></span> <span class='ocrx_word' id='word_1_939' title='bbox 1687 3168 1840 3193; x_wconf 88' lang='lat' dir='ltr'><strong>invenimus.</strong></span> 
     </span>
    </p>

    <p class='ocr_par' dir='ltr' id='par_1_25' title="bbox 1410 3201 2476 3299">
     <span class='ocr_line' id='line_1_125' title="bbox 1465 3201 2476 3237; baseline -0.003 -8"><span class='ocrx_word' id='word_1_940' title='bbox 1465 3205 1488 3237; x_wconf 90' lang='grc' dir='ltr'><strong>ν)</strong></span> <span class='ocrx_word' id='word_1_941' title='bbox 1508 3208 1535 3229; x_wconf 84' lang='lat' dir='ltr'><strong>et</strong></span> <span class='ocrx_word' id='word_1_942' title='bbox 1550 3212 1602 3229; x_wconf 87' lang='lat' dir='ltr'><strong>non</strong></span> <span class='ocrx_word' id='word_1_943' title='bbox 1616 3204 1804 3228; x_wconf 85' lang='lat' dir='ltr'><strong>circularem...</strong></span> <span class='ocrx_word' id='word_1_944' title='bbox 1817 3205 1857 3227; x_wconf 83' lang='lat' dir='ltr'><strong>est</strong></span> <span class='ocrx_word' id='word_1_945' title='bbox 1870 3209 2013 3233; x_wconf 86' lang='lat' dir='ltr'><strong>apparens.</strong></span> <span class='ocrx_word' id='word_1_946' title='bbox 2026 3216 2046 3220; x_wconf 94' lang='lat'>—</span> <span class='ocrx_word' id='word_1_947' title='bbox 2060 3204 2086 3226; x_wconf 85' lang='lat' dir='ltr'><strong>et</strong></span> <span class='ocrx_word' id='word_1_948' title='bbox 2105 3201 2190 3233; x_wconf 87' lang='lat' dir='ltr'><strong>(idest</strong></span> <span class='ocrx_word' id='word_1_949' title='bbox 2203 3201 2242 3233; x_wconf 84' lang='lat' dir='ltr'><strong>A)</strong></span> <span class='ocrx_word' id='word_1_950' title='bbox 2263 3208 2314 3226; x_wconf 86' lang='lat' dir='ltr'><strong>non</strong></span> <span class='ocrx_word' id='word_1_951' title='bbox 2333 3201 2476 3226; x_wconf 86' lang='lat' dir='ltr'><strong>secundum</strong></span> 
     </span>
     <span class='ocr_line' id='line_1_126' title="bbox 1410 3235 2476 3271; baseline -0.003 -7"><span class='ocrx_word' id='word_1_952' title='bbox 1410 3240 1577 3268; x_wconf 83' lang='lat' dir='ltr'><strong>circularem,</strong></span> <span class='ocrx_word' id='word_1_953' title='bbox 1598 3239 1704 3271; x_wconf 86' lang='lat' dir='ltr'><strong>quando</strong></span> <span class='ocrx_word' id='word_1_954' title='bbox 1723 3238 1822 3263; x_wconf 84' lang='lat' dir='ltr'><strong>scilicet</strong></span> <span class='ocrx_word' id='word_1_955' title='bbox 1834 3244 1903 3269; x_wconf 85' lang='lat' dir='ltr'><strong>pars</strong></span> <span class='ocrx_word' id='word_1_956' title='bbox 1921 3237 1983 3262; x_wconf 87' lang='lat' dir='ltr'><strong>solis</strong></span> <span class='ocrx_word' id='word_1_957' title='bbox 2001 3243 2135 3268; x_wconf 84' lang='lat' dir='ltr'><strong>apparens</strong></span> <span class='ocrx_word' id='word_1_958' title='bbox 2155 3235 2283 3270; x_wconf 80' lang='lat' dir='ltr'><strong>(apparet</strong></span> <span class='ocrx_word' id='word_1_959' title='bbox 2296 3237 2327 3267; x_wconf 86' lang='grc' dir='ltr'><strong>Α,</strong></span> <span class='ocrx_word' id='word_1_960' title='bbox 2343 3244 2476 3269; x_wconf 83' lang='lat' dir='ltr'><strong>apparen-</strong></span> 
     </span>
     <span class='ocr_line' id='line_1_127' title="bbox 1412 3275 1597 3299; baseline -0.005 0"><span class='ocrx_word' id='word_1_961' title='bbox 1412 3275 1446 3299; x_wconf 87' lang='lat' dir='ltr'><strong>tis</strong></span> <span class='ocrx_word' id='word_1_962' title='bbox 1466 3275 1485 3299; x_wconf 87' lang='lat' dir='ltr'>F</span> <span class='ocrx_word' id='word_1_963' title='bbox 1523 3275 1597 3299; x_wconf 89' lang='lat' dir='ltr'><strong>codd.</strong></span> 
     </span>
    </p>

    <p class='ocr_par' dir='ltr' id='par_1_26' title="bbox 1411 3275 2478 3412">
     <span class='ocr_line' id='line_1_128' title="bbox 1466 3275 2477 3341; baseline -0.002 -7"><span class='ocrx_word' id='word_1_964' title='bbox 1466 3275 1566 3341; x_wconf 66' lang='lat' dir='ltr'><strong>E))quia</strong></span> <span class='ocrx_word' id='word_1_965' title='bbox 1582 3310 1635 3334; x_wconf 89' lang='lat' dir='ltr'><strong>duo</strong></span> <span class='ocrx_word' id='word_1_966' title='bbox 1649 3315 1798 3340; x_wconf 84' lang='lat' dir='ltr'><strong>corpora...</strong></span> <span class='ocrx_word' id='word_1_967' title='bbox 1810 3307 1945 3332; x_wconf 85' lang='lat' dir='ltr'><strong>circulari.</strong></span> <span class='ocrx_word' id='word_1_968' title='bbox 1956 3320 1975 3326; x_wconf 81' lang='lat'><strong>—-</strong></span> <span class='ocrx_word' id='word_1_969' title='bbox 1989 3307 2051 3339; x_wconf 83' lang='lat' dir='ltr'><strong>quia</strong></span> <span class='ocrx_word' id='word_1_970' title='bbox 2065 3307 2089 3331; x_wconf 86' lang='lat' dir='ltr'><strong>si</strong></span> <span class='ocrx_word' id='word_1_971' title='bbox 2103 3307 2155 3331; x_wconf 86' lang='lat' dir='ltr'><strong>duo</strong></span> <span class='ocrx_word' id='word_1_972' title='bbox 2169 3314 2284 3338; x_wconf 88' lang='lat' dir='ltr'><strong>corpora</strong></span> <span class='ocrx_word' id='word_1_973' title='bbox 2297 3308 2437 3339; x_wconf 86' lang='lat' dir='ltr'><strong>sphaerica</strong></span> <span class='ocrx_word' id='word_1_974' title='bbox 2449 3315 2477 3332; x_wconf 83' lang='lat' dir='ltr'><strong>se</strong></span> 
     </span>
     <span class='ocr_line' id='line_1_129' title="bbox 1411 3342 2478 3375; baseline -0.002 -6"><span class='ocrx_word' id='word_1_975' title='bbox 1411 3346 1614 3373; x_wconf 73' lang='lat' dir='ltr'><strong>inter-secantur,</strong></span> <span class='ocrx_word' id='word_1_976' title='bbox 1630 3346 1734 3375; x_wconf 79' lang='lat' dir='ltr'><strong>oportet</strong></span> <span class='ocrx_word' id='word_1_977' title='bbox 1746 3343 1817 3375; x_wconf 86' lang='lat' dir='ltr'><strong>quod</strong></span> <span class='ocrx_word' id='word_1_978' title='bbox 1834 3342 1948 3367; x_wconf 84' lang='lat' dir='ltr'><strong>sectione</strong></span> <span class='ocrx_word' id='word_1_979' title='bbox 1965 3342 2093 3367; x_wconf 83' lang='lat' dir='ltr'><strong>circulari</strong></span> <span class='ocrx_word' id='word_1_980' title='bbox 2111 3343 2161 3371; x_wconf 89' lang='lat' dir='ltr'><strong>sD;</strong></span> <span class='ocrx_word' id='word_1_981' title='bbox 2181 3343 2294 3367; x_wconf 85' lang='lat' dir='ltr'><strong>sectione</strong></span> <span class='ocrx_word' id='word_1_982' title='bbox 2309 3343 2384 3368; x_wconf 87' lang='lat' dir='ltr'><strong>etiam</strong></span> <span class='ocrx_word' id='word_1_983' title='bbox 2399 3347 2446 3368; x_wconf 86' lang='lat' dir='ltr'><strong>cet.</strong></span> <span class='ocrx_word' id='word_1_984' title='bbox 2458 3357 2478 3362; x_wconf 89' lang='lat'>-</span> 
     </span>
     <span class='ocr_line' id='line_1_130' title="bbox 1411 3377 2200 3412; baseline -0.004 -7"><span class='ocrx_word' id='word_1_985' title='bbox 1411 3381 1476 3405; x_wconf 90' lang='lat' dir='ltr'><strong>Dein</strong></span> <span class='ocrx_word' id='word_1_986' title='bbox 1495 3380 1578 3412; x_wconf 85' lang='lat' dir='ltr'><strong>pergit</strong></span> <span class='ocrx_word' id='word_1_987' title='bbox 1595 3380 1632 3403; x_wconf 83' lang='lat' dir='ltr'><strong>A:</strong></span> <span class='ocrx_word' id='word_1_988' title='bbox 1652 3379 1712 3404; x_wconf 86' lang='lat' dir='ltr'><strong>Hoc</strong></span> <span class='ocrx_word' id='word_1_989' title='bbox 1729 3381 1818 3403; x_wconf 85' lang='lat' dir='ltr'><strong>autem</strong></span> <span class='ocrx_word' id='word_1_990' title='bbox 1837 3377 1993 3402; x_wconf 86' lang='lat' dir='ltr'><strong>Aristoteles</strong></span> <span class='ocrx_word' id='word_1_991' title='bbox 2011 3378 2133 3402; x_wconf 79' lang='lat' dir='ltr'><strong>excludit</strong></span> <span class='ocrx_word' id='word_1_992' title='bbox 2152 3382 2200 3402; x_wconf 84' lang='lat' dir='ltr'><strong>etc.</strong></span> 
     </span>
    </p>

    <p class='ocr_par' dir='ltr' id='par_1_27' title="bbox 1411 3413 2477 3623">
     <span class='ocr_line' id='line_1_131' title="bbox 1465 3413 2477 3448; baseline -0.001 -9"><span class='ocrx_word' id='word_1_993' title='bbox 1465 3414 1490 3448; x_wconf 90' lang='grc' dir='ltr'><strong>ο)</strong></span> <span class='ocrx_word' id='word_1_994' title='bbox 1511 3422 1572 3439; x_wconf 89' lang='lat' dir='ltr'><strong>nam</strong></span> <span class='ocrx_word' id='word_1_995' title='bbox 1592 3414 1723 3439; x_wconf 79' lang='lat' dir='ltr'><strong>secutio...</strong></span> <span class='ocrx_word' id='word_1_996' title='bbox 1737 3421 1788 3438; x_wconf 88' lang='lat' dir='ltr'><strong>non</strong></span> <span class='ocrx_word' id='word_1_997' title='bbox 1808 3413 1914 3438; x_wconf 85' lang='lat' dir='ltr'><strong>videtur</strong></span> <span class='ocrx_word' id='word_1_998' title='bbox 1937 3415 2018 3437; x_wconf 84' lang='lat' dir='ltr'><strong>recta.</strong></span> <span class='ocrx_word' id='word_1_999' title='bbox 2036 3426 2055 3431; x_wconf 89' lang='lat'><em>-</em></span> <span class='ocrx_word' id='word_1_1000' title='bbox 2072 3413 2140 3438; x_wconf 83' lang='lat' dir='ltr'><strong>sicut</strong></span> <span class='ocrx_word' id='word_1_1001' title='bbox 2164 3413 2245 3438; x_wconf 84' lang='lat' dir='ltr'><strong>sectio</strong></span> <span class='ocrx_word' id='word_1_1002' title='bbox 2268 3413 2331 3438; x_wconf 85' lang='lat' dir='ltr'><strong>solis</strong></span> <span class='ocrx_word' id='word_1_1003' title='bbox 2348 3416 2375 3438; x_wconf 82' lang='lat' dir='ltr'><strong>et</strong></span> <span class='ocrx_word' id='word_1_1004' title='bbox 2397 3414 2477 3438; x_wconf 84' lang='lat' dir='ltr'><strong>lunae</strong></span> 
     </span>
     <span class='ocr_line' id='line_1_132' title="bbox 1412 3448 2477 3481; baseline -0.001 -7"><span class='ocrx_word' id='word_1_1005' title='bbox 1412 3457 1479 3481; x_wconf 84' lang='lat' dir='ltr'><strong>quae</strong></span> <span class='ocrx_word' id='word_1_1006' title='bbox 1498 3457 1549 3474; x_wconf 88' lang='lat' dir='ltr'><strong>non</strong></span> <span class='ocrx_word' id='word_1_1007' title='bbox 1569 3453 1609 3474; x_wconf 85' lang='lat' dir='ltr'><strong>est</strong></span> <span class='ocrx_word' id='word_1_1008' title='bbox 1627 3450 1653 3473; x_wconf 83' lang='lat' dir='ltr'><strong>in</strong></span> <span class='ocrx_word' id='word_1_1009' title='bbox 1673 3449 1764 3473; x_wconf 85' lang='lat' dir='ltr'><strong>eadem</strong></span> <span class='ocrx_word' id='word_1_1010' title='bbox 1784 3448 1922 3481; x_wconf 74' lang='lat' dir='ltr'><strong>superficie</strong></span> <span class='ocrx_word' id='word_1_1011' title='bbox 1939 3455 1998 3473; x_wconf 87' lang='lat' dir='ltr'><strong>cum</strong></span> <span class='ocrx_word' id='word_1_1012' title='bbox 2018 3448 2075 3473; x_wconf 86' lang='lat' dir='ltr'><strong>visu</strong></span> <span class='ocrx_word' id='word_1_1013' title='bbox 2095 3451 2195 3477; x_wconf 79' lang='lat' dir='ltr'><strong>nostro,</strong></span> <span class='ocrx_word' id='word_1_1014' title='bbox 2216 3448 2286 3473; x_wconf 84' lang='lat' dir='ltr'><strong>unde</strong></span> <span class='ocrx_word' id='word_1_1015' title='bbox 2304 3456 2355 3473; x_wconf 90' lang='lat' dir='ltr'><strong>non</strong></span> <span class='ocrx_word' id='word_1_1016' title='bbox 2371 3449 2477 3474; x_wconf 84' lang='lat' dir='ltr'><strong>videtur</strong></span> 
     </span>
     <span class='ocr_line' id='line_1_133' title="bbox 1411 3483 2475 3516; baseline -0.001 -7"><span class='ocrx_word' id='word_1_1017' title='bbox 1411 3489 1485 3510; x_wconf 84' lang='lat' dir='ltr'><strong>recta</strong></span> <span class='ocrx_word' id='word_1_1018' title='bbox 1504 3485 1578 3509; x_wconf 90' lang='lat' dir='ltr'><strong>codd.</strong></span> <span class='ocrx_word' id='word_1_1019' title='bbox 1592 3492 1646 3508; x_wconf 83' lang='lat' dir='ltr'><strong>exc.</strong></span> <span class='ocrx_word' id='word_1_1020' title='bbox 1661 3485 1696 3515; x_wconf 87' lang='grc' dir='ltr'><strong>Α;</strong></span> <span class='ocrx_word' id='word_1_1021' title='bbox 1716 3484 1784 3508; x_wconf 84' lang='lat' dir='ltr'><strong>sicut</strong></span> <span class='ocrx_word' id='word_1_1022' title='bbox 1797 3484 1877 3508; x_wconf 81' lang='lat' dir='ltr'><strong>sectio</strong></span> <span class='ocrx_word' id='word_1_1023' title='bbox 1895 3483 1958 3508; x_wconf 83' lang='lat' dir='ltr'><strong>solis</strong></span> <span class='ocrx_word' id='word_1_1024' title='bbox 1976 3483 2009 3508; x_wconf 83' lang='lat' dir='ltr'><strong>ab</strong></span> <span class='ocrx_word' id='word_1_1025' title='bbox 2028 3483 2130 3508; x_wconf 81' lang='lat' dir='ltr'><strong>oriente</strong></span> <span class='ocrx_word' id='word_1_1026' title='bbox 2149 3491 2200 3508; x_wconf 85' lang='lat' dir='ltr'><strong>non</strong></span> <span class='ocrx_word' id='word_1_1027' title='bbox 2216 3484 2351 3515; x_wconf 84' lang='lat' dir='ltr'><strong>probatur</strong></span> <span class='ocrx_word' id='word_1_1028' title='bbox 2364 3491 2475 3516; x_wconf 85' lang='lat' dir='ltr'><strong>perspe-</strong></span> 
     </span>
     <span class='ocr_line' id='line_1_134' title="bbox 1411 3518 2477 3552; baseline -0.001 -7"><span class='ocrx_word' id='word_1_1029' title='bbox 1411 3521 1490 3545; x_wconf 85' lang='lat' dir='ltr'><strong>ctiva.</strong></span> <span class='ocrx_word' id='word_1_1030' title='bbox 1509 3520 1571 3544; x_wconf 84' lang='lat' dir='ltr'><strong>Alia</strong></span> <span class='ocrx_word' id='word_1_1031' title='bbox 1590 3519 1660 3544; x_wconf 82' lang='lat' dir='ltr'><strong>ratio</strong></span> <span class='ocrx_word' id='word_1_1032' title='bbox 1679 3523 1767 3544; x_wconf 86' lang='lat' dir='ltr'><strong>autem</strong></span> <span class='ocrx_word' id='word_1_1033' title='bbox 1787 3522 1827 3543; x_wconf 85' lang='lat' dir='ltr'><strong>est</strong></span> <span class='ocrx_word' id='word_1_1034' title='bbox 1846 3519 1878 3544; x_wconf 89' lang='lat' dir='ltr'><strong>de</strong></span> <span class='ocrx_word' id='word_1_1035' title='bbox 1896 3522 1988 3543; x_wconf 81' lang='lat' dir='ltr'><strong>mutua</strong></span> <span class='ocrx_word' id='word_1_1036' title='bbox 2007 3518 2122 3543; x_wconf 87' lang='lat' dir='ltr'><strong>sectione</strong></span> <span class='ocrx_word' id='word_1_1037' title='bbox 2135 3519 2198 3544; x_wconf 89' lang='lat' dir='ltr'><strong>solis</strong></span> <span class='ocrx_word' id='word_1_1038' title='bbox 2212 3522 2238 3544; x_wconf 90' lang='lat' dir='ltr'><strong>et</strong></span> <span class='ocrx_word' id='word_1_1039' title='bbox 2251 3520 2337 3548; x_wconf 81' lang='lat' dir='ltr'><strong>lunae,</strong></span> <span class='ocrx_word' id='word_1_1040' title='bbox 2351 3526 2419 3552; x_wconf 85' lang='lat' dir='ltr'><strong>quae</strong></span> <span class='ocrx_word' id='word_1_1041' title='bbox 2437 3523 2477 3544; x_wconf 85' lang='lat' dir='ltr'><strong>est</strong></span> 
     </span>
     <span class='ocr_line' id='line_1_135' title="bbox 1412 3554 2475 3587; baseline 0 -8"><span class='ocrx_word' id='word_1_1042' title='bbox 1412 3556 1479 3587; x_wconf 84' lang='lat' dir='ltr'><strong>(lege</strong></span> <span class='ocrx_word' id='word_1_1043' title='bbox 1490 3562 1556 3587; x_wconf 85' lang='lat' dir='ltr'><strong>quae</strong></span> <span class='ocrx_word' id='word_1_1044' title='bbox 1575 3562 1626 3579; x_wconf 87' lang='lat' dir='ltr'><strong>non</strong></span> <span class='ocrx_word' id='word_1_1045' title='bbox 1646 3555 1695 3586; x_wconf 83' lang='lat' dir='ltr'><strong>est)</strong></span> <span class='ocrx_word' id='word_1_1046' title='bbox 1711 3554 1737 3578; x_wconf 84' lang='lat' dir='ltr'><strong>in</strong></span> <span class='ocrx_word' id='word_1_1047' title='bbox 1752 3554 1843 3579; x_wconf 88' lang='lat' dir='ltr'><strong>eadem</strong></span> <span class='ocrx_word' id='word_1_1048' title='bbox 1858 3554 1996 3586; x_wconf 76' lang='lat' dir='ltr'><strong>superficie</strong></span> <span class='ocrx_word' id='word_1_1049' title='bbox 2014 3561 2073 3579; x_wconf 90' lang='lat' dir='ltr'><strong>cum</strong></span> <span class='ocrx_word' id='word_1_1050' title='bbox 2087 3554 2144 3579; x_wconf 84' lang='lat' dir='ltr'><strong>visu</strong></span> <span class='ocrx_word' id='word_1_1051' title='bbox 2158 3558 2259 3579; x_wconf 88' lang='lat' dir='ltr'><strong>nostro.</strong></span> <span class='ocrx_word' id='word_1_1052' title='bbox 2282 3555 2356 3580; x_wconf 84' lang='lat' dir='ltr'><strong>Unde</strong></span> <span class='ocrx_word' id='word_1_1053' title='bbox 2369 3562 2421 3579; x_wconf 85' lang='lat' dir='ltr'><strong>non</strong></span> <span class='ocrx_word' id='word_1_1054' title='bbox 2437 3555 2475 3579; x_wconf 85' lang='lat' dir='ltr'><strong>vi-</strong></span> 
     </span>
     <span class='ocr_line' id='line_1_136' title="bbox 1412 3589 2475 3623; baseline -0.001 -8"><span class='ocrx_word' id='word_1_1055' title='bbox 1412 3591 1492 3615; x_wconf 85' lang='lat' dir='ltr'><strong>detur</strong></span> <span class='ocrx_word' id='word_1_1056' title='bbox 1503 3593 1576 3615; x_wconf 81' lang='lat' dir='ltr'><strong>recta</strong></span> <span class='ocrx_word' id='word_1_1057' title='bbox 1589 3590 1620 3614; x_wconf 88' lang='lat' dir='ltr'><strong>A.</strong></span> <span class='ocrx_word' id='word_1_1058' title='bbox 1634 3589 1722 3614; x_wconf 85' lang='lat' dir='ltr'><strong>Lectio</strong></span> <span class='ocrx_word' id='word_1_1059' title='bbox 1735 3590 1754 3614; x_wconf 88' lang='grc' dir='ltr'><em>Ρ</em></span> <span class='ocrx_word' id='word_1_1060' title='bbox 1768 3590 1835 3614; x_wconf 81' lang='lat' dir='ltr'><strong>clara</strong></span> <span class='ocrx_word' id='word_1_1061' title='bbox 1850 3594 1896 3619; x_wconf 84' lang='lat' dir='ltr'><strong>est,</strong></span> <span class='ocrx_word' id='word_1_1062' title='bbox 1909 3594 1934 3614; x_wconf 93' lang='lat' dir='ltr'><strong>et</strong></span> <span class='ocrx_word' id='word_1_1063' title='bbox 1946 3594 2070 3614; x_wconf 83' lang='lat' dir='ltr'><strong>consueto</strong></span> <span class='ocrx_word' id='word_1_1064' title='bbox 2084 3589 2229 3615; x_wconf 85' lang='lat' dir='ltr'><strong>s.Thomae</strong></span> <span class='ocrx_word' id='word_1_1065' title='bbox 2243 3591 2312 3623; x_wconf 86' lang='lat' dir='ltr'><strong>stylo</strong></span> <span class='ocrx_word' id='word_1_1066' title='bbox 2325 3590 2475 3615; x_wconf 87' lang='lat' dir='ltr'><strong>conformis.</strong></span> 
     </span>
    </p>
   </div>
   <div class='ocr_carea' id='block_1_15' title="bbox 930 3654 1411 3673">
    <p class='ocr_par' dir='ltr' id='par_1_28' title="bbox 930 3654 1411 3673">
     <span class='ocr_line' id='line_1_137' title="bbox 930 3654 1411 3673; baseline 0 -10"><span class='ocrx_word' id='word_1_1067' title='bbox 930 3654 1411 3673; x_wconf 66' lang='lat'><strong>-——-——..,..</strong></span> 
     </span>
    </p>
   </div>
   <div class='ocr_carea' id='block_1_16' title="bbox 2497 490 2659 512">
    <p class='ocr_par' dir='ltr' id='par_1_29' title="bbox 2497 490 2659 512">
     <span class='ocr_line' id='line_1_138' title="bbox 2497 490 2659 512; baseline 0 -1"><span class='ocrx_word' id='word_1_1068' title='bbox 2497 491 2508 501; x_wconf 76' lang='lat'>⁸</span> <span class='ocrx_word' id='word_1_1069' title='bbox 2522 490 2559 511; x_wconf 85' lang='lat' dir='ltr'><strong>hic</strong></span> <span class='ocrx_word' id='word_1_1070' title='bbox 2574 496 2622 511; x_wconf 89' lang='lat' dir='ltr'><strong>om.</strong></span> <span class='ocrx_word' id='word_1_1071' title='bbox 2636 497 2659 512; x_wconf 75' lang='grc' dir='ltr'><strong>Λ.</strong></span> 
     </span>
    </p>
   </div>
   <div class='ocr_carea' id='block_1_17' title="bbox 2495 644 2711 803">
    <p class='ocr_par' dir='ltr' id='par_1_30' title="bbox 2498 644 2709 692">
     <span class='ocr_line' id='line_1_139' title="bbox 2499 644 2709 671; baseline 0 -6"><span class='ocrx_word' id='word_1_1072' title='bbox 2499 645 2507 654; x_wconf 89' lang='grc'>·</span> <span class='ocrx_word' id='word_1_1073' title='bbox 2515 644 2631 665; x_wconf 81' lang='lat' dir='ltr'><strong>removeri</strong></span> <span class='ocrx_word' id='word_1_1074' title='bbox 2635 651 2655 671; x_wconf 77' lang='grc' dir='ltr'><strong>Ρ,</strong></span> <span class='ocrx_word' id='word_1_1075' title='bbox 2663 650 2709 665; x_wconf 86' lang='lat' dir='ltr'><strong>non</strong></span> 
     </span>
     <span class='ocr_line' id='line_1_140' title="bbox 2498 671 2621 692; baseline 0.008 -1"><span class='ocrx_word' id='word_1_1076' title='bbox 2498 671 2588 691; x_wconf 82' lang='lat' dir='ltr'><strong>moveri</strong></span> <span class='ocrx_word' id='word_1_1077' title='bbox 2600 677 2621 692; x_wconf 73' lang='lat' dir='ltr'><strong>r.</strong></span> 
     </span>
    </p>

    <p class='ocr_par' dir='ltr' id='par_1_31' title="bbox 2495 698 2711 803">
     <span class='ocr_line' id='line_1_141' title="bbox 2498 698 2711 718; baseline 0.005 -1"><span class='ocrx_word' id='word_1_1078' title='bbox 2498 698 2507 707; x_wconf 75' lang='lat'><em>⁶</em></span> <span class='ocrx_word' id='word_1_1079' title='bbox 2519 698 2550 717; x_wconf 81' lang='lat' dir='ltr'><strong>sit</strong></span> <span class='ocrx_word' id='word_1_1080' title='bbox 2559 703 2608 718; x_wconf 89' lang='lat' dir='ltr'><strong>om.</strong></span> <span class='ocrx_word' id='word_1_1081' title='bbox 2621 703 2634 718; x_wconf 77' lang='grc' dir='ltr'><strong>Ρ</strong></span> <span class='ocrx_word' id='word_1_1082' title='bbox 2642 701 2663 718; x_wconf 84' lang='lat' dir='ltr'><strong>et</strong></span> <span class='ocrx_word' id='word_1_1083' title='bbox 2671 703 2711 718; x_wconf 88' lang='lat' dir='ltr'><strong>co-</strong></span> 
     </span>
     <span class='ocr_line' id='line_1_142' title="bbox 2498 723 2711 744; baseline 0 0"><span class='ocrx_word' id='word_1_1084' title='bbox 2498 723 2561 744; x_wconf 87' lang='lat' dir='ltr'><strong>dices</strong></span> <span class='ocrx_word' id='word_1_1085' title='bbox 2584 725 2634 744; x_wconf 78' lang='lat' dir='ltr'><strong>exc.</strong></span> <span class='ocrx_word' id='word_1_1086' title='bbox 2658 730 2680 744; x_wconf 77' lang='grc' dir='ltr'><strong>Α.</strong></span> <span class='ocrx_word' id='word_1_1087' title='bbox 2700 734 2711 738; x_wconf 96' lang='grc'>-</span> 
     </span>
     <span class='ocr_line' id='line_1_143' title="bbox 2499 756 2711 777; baseline 0 -7"><span class='ocrx_word' id='word_1_1088' title='bbox 2499 756 2541 776; x_wconf 89' lang='lat' dir='ltr'><strong>pro</strong></span> <span class='ocrx_word' id='word_1_1089' title='bbox 2556 756 2633 777; x_wconf 77' lang='lat' dir='ltr'><strong>super,</strong></span> <span class='ocrx_word' id='word_1_1090' title='bbox 2650 756 2711 770; x_wconf 68' lang='lat' dir='ltr'><strong>scm-</strong></span> 
     </span>
     <span class='ocr_line' id='line_1_144' title="bbox 2495 782 2577 803; baseline 0 -6"><span class='ocrx_word' id='word_1_1091' title='bbox 2495 782 2541 803; x_wconf 82' lang='lat' dir='ltr'><strong>per</strong></span> <span class='ocrx_word' id='word_1_1092' title='bbox 2556 783 2577 797; x_wconf 77' lang='lat' dir='ltr'><strong>P.</strong></span> 
     </span>
    </p>
   </div>
   <div class='ocr_carea' id='block_1_18' title="bbox 2499 854 2710 902">
    <p class='ocr_par' dir='ltr' id='par_1_32' title="bbox 2499 854 2710 902">
     <span class='ocr_line' id='line_1_145' title="bbox 2500 854 2710 882; baseline 0 -7"><span class='ocrx_word' id='word_1_1093' title='bbox 2500 856 2508 864; x_wconf 92' lang='grc'>·</span> <span class='ocrx_word' id='word_1_1094' title='bbox 2525 854 2560 875; x_wconf 89' lang='lat' dir='ltr'><strong>Cf.</strong></span> <span class='ocrx_word' id='word_1_1095' title='bbox 2571 854 2623 876; x_wconf 88' lang='lat' dir='ltr'><strong>lect.</strong></span> <span class='ocrx_word' id='word_1_1096' title='bbox 2634 860 2710 882; x_wconf 85' lang='lat' dir='ltr'><strong>praec.</strong></span> 
     </span>
     <span class='ocr_line' id='line_1_146' title="bbox 2499 886 2599 902; baseline 0 0"><span class='ocrx_word' id='word_1_1097' title='bbox 2499 886 2563 902; x_wconf 90' lang='lat' dir='ltr'><strong>num.</strong></span> <span class='ocrx_word' id='word_1_1098' title='bbox 2578 887 2599 902; x_wconf 86' lang='lat'><strong>2.</strong></span> 
     </span>
    </p>
   </div>
   <div class='ocr_carea' id='block_1_19' title="bbox 2501 1554 2714 1609">
    <p class='ocr_par' dir='ltr' id='par_1_33' title="bbox 2501 1554 2714 1609">
     <span class='ocr_line' id='line_1_147' title="bbox 2502 1554 2714 1582; baseline -0.005 -6"><span class='ocrx_word' id='word_1_1099' title='bbox 2502 1556 2510 1565; x_wconf 90' lang='grc'>·</span> <span class='ocrx_word' id='word_1_1100' title='bbox 2522 1554 2641 1576; x_wconf 78' lang='lat' dir='ltr'><strong>videretur</strong></span> <span class='ocrx_word' id='word_1_1101' title='bbox 2651 1554 2714 1582; x_wconf 81' lang='lat' dir='ltr'><strong>quod</strong></span> 
     </span>
     <span class='ocr_line' id='line_1_148' title="bbox 2501 1583 2629 1609; baseline -0.008 -6"><span class='ocrx_word' id='word_1_1102' title='bbox 2501 1583 2596 1609; x_wconf 84' lang='lat' dir='ltr'><strong>oportet</strong></span> <span class='ocrx_word' id='word_1_1103' title='bbox 2608 1588 2629 1602; x_wconf 82' lang='lat' dir='ltr'><strong>P.</strong></span> 
     </span>
    </p>
   </div>
   <div class='ocr_carea' id='block_1_20' title="bbox 2504 1770 2682 1796">
    <p class='ocr_par' dir='ltr' id='par_1_34' title="bbox 2504 1770 2682 1796">
     <span class='ocr_line' id='line_1_149' title="bbox 2504 1770 2682 1796; baseline 0 -7"><span class='ocrx_word' id='word_1_1104' title='bbox 2504 1770 2513 1778; x_wconf 75' lang='lat'><strong>⁹</strong></span> <span class='ocrx_word' id='word_1_1105' title='bbox 2526 1770 2647 1796; x_wconf 84' lang='lat' dir='ltr'><strong>apponunt</strong></span> <span class='ocrx_word' id='word_1_1106' title='bbox 2659 1773 2682 1789; x_wconf 75' lang='grc' dir='ltr'><strong>Α.</strong></span> 
     </span>
    </p>
   </div>
   <div class='ocr_carea' id='block_1_21' title="bbox 2502 1926 2654 1955">
    <p class='ocr_par' dir='ltr' id='par_1_35' title="bbox 2502 1926 2654 1955">
     <span class='ocr_line' id='line_1_150' title="bbox 2502 1926 2654 1955; baseline -0.007 -7"><span class='ocrx_word' id='word_1_1107' title='bbox 2502 1927 2512 1938; x_wconf 73' lang='lat'><strong><em>⁴</em></strong></span> <span class='ocrx_word' id='word_1_1108' title='bbox 2523 1926 2621 1955; x_wconf 77' lang='lat' dir='ltr'><strong>parvuli</strong></span> <span class='ocrx_word' id='word_1_1109' title='bbox 2633 1932 2654 1948; x_wconf 73' lang='grc' dir='ltr'><strong>Α.</strong></span> 
     </span>
    </p>
   </div>
   <div class='ocr_carea' id='block_1_22' title="bbox 2505 2088 2633 2114">
    <p class='ocr_par' dir='ltr' id='par_1_36' title="bbox 2505 2088 2633 2114">
     <span class='ocr_line' id='line_1_151' title="bbox 2505 2088 2633 2114; baseline 0 -7"><span class='ocrx_word' id='word_1_1110' title='bbox 2505 2088 2513 2096; x_wconf 93' lang='grc'>·</span> <span class='ocrx_word' id='word_1_1111' title='bbox 2529 2092 2597 2114; x_wconf 88' lang='lat' dir='ltr'><strong>quam</strong></span> <span class='ocrx_word' id='word_1_1112' title='bbox 2611 2093 2633 2107; x_wconf 80' lang='lat' dir='ltr'><strong>P.</strong></span> 
     </span>
    </p>
   </div>
   <div class='ocr_carea' id='block_1_23' title="bbox 2505 2249 2715 2271">
    <p class='ocr_par' dir='ltr' id='par_1_37' title="bbox 2505 2249 2715 2271">
     <span class='ocr_line' id='line_1_152' title="bbox 2505 2249 2715 2271; baseline 0.005 -1"><span class='ocrx_word' id='word_1_1113' title='bbox 2505 2250 2514 2261; x_wconf 77' lang='lat'>&#39;</span> <span class='ocrx_word' id='word_1_1114' title='bbox 2530 2251 2612 2271; x_wconf 81' lang='lat' dir='ltr'><strong>nostro</strong></span> <span class='ocrx_word' id='word_1_1115' title='bbox 2626 2249 2680 2271; x_wconf 79' lang='lat' dir='ltr'><strong>add.</strong></span> <span class='ocrx_word' id='word_1_1116' title='bbox 2693 2255 2715 2271; x_wconf 76' lang='grc' dir='ltr'><strong>Α.</strong></span> 
     </span>
    </p>
   </div>
   <div class='ocr_carea' id='block_1_24' title="bbox 2504 2377 2716 2404">
    <p class='ocr_par' dir='ltr' id='par_1_38' title="bbox 2504 2377 2716 2404">
     <span class='ocr_line' id='line_1_153' title="bbox 2504 2377 2716 2404; baseline 0 -5"><span class='ocrx_word' id='word_1_1117' title='bbox 2504 2380 2513 2388; x_wconf 92' lang='grc'><em>·</em></span> <span class='ocrx_word' id='word_1_1118' title='bbox 2529 2377 2592 2399; x_wconf 86' lang='lat' dir='ltr'><strong>Lect.</strong></span> <span class='ocrx_word' id='word_1_1119' title='bbox 2602 2383 2650 2404; x_wconf 80' lang='lat' dir='ltr'><strong>xvi,</strong></span> <span class='ocrx_word' id='word_1_1120' title='bbox 2660 2383 2683 2399; x_wconf 85' lang='lat' dir='ltr'><strong>n.</strong></span> <span class='ocrx_word' id='word_1_1121' title='bbox 2693 2377 2716 2404; x_wconf 78' lang='lat'><strong>6,</strong></span> 
     </span>
    </p>
   </div>
   <div class='ocr_carea' id='block_1_25' title="bbox 2505 2509 2714 2558">
    <p class='ocr_par' dir='ltr' id='par_1_39' title="bbox 2505 2509 2714 2558">
     <span class='ocr_line' id='line_1_154' title="bbox 2505 2509 2714 2537; baseline 0 -6"><span class='ocrx_word' id='word_1_1122' title='bbox 2505 2510 2516 2521; x_wconf 61' lang='lat'><strong><em>³</em></strong></span> <span class='ocrx_word' id='word_1_1123' title='bbox 2530 2512 2553 2531; x_wconf 83' lang='lat' dir='ltr'><strong>et</strong></span> <span class='ocrx_word' id='word_1_1124' title='bbox 2564 2509 2622 2531; x_wconf 74' lang='lat' dir='ltr'><strong>dicit</strong></span> <span class='ocrx_word' id='word_1_1125' title='bbox 2633 2516 2655 2537; x_wconf 80' lang='grc' dir='ltr'><strong>Α,</strong></span> <span class='ocrx_word' id='word_1_1126' title='bbox 2667 2516 2714 2531; x_wconf 90' lang='lat' dir='ltr'><strong>om.</strong></span> 
     </span>
     <span class='ocr_line' id='line_1_155' title="bbox 2506 2541 2655 2558; baseline -0.007 0"><span class='ocrx_word' id='word_1_1127' title='bbox 2506 2541 2550 2558; x_wconf 89' lang='lat' dir='ltr'><strong>cet.</strong></span> <span class='ocrx_word' id='word_1_1128' title='bbox 2561 2543 2610 2558; x_wconf 87' lang='lat' dir='ltr'><strong>exc.</strong></span> <span class='ocrx_word' id='word_1_1129' title='bbox 2625 2543 2655 2558; x_wconf 78' lang='lat' dir='ltr'><strong>si.</strong></span> 
     </span>
    </p>
   </div>
   <div class='ocr_carea' id='block_1_26' title="bbox 2506 2780 2715 2826">
    <p class='ocr_par' dir='ltr' id='par_1_40' title="bbox 2506 2780 2715 2826">
     <span class='ocr_line' id='line_1_156' title="bbox 2506 2780 2653 2800; baseline 0 -1"><span class='ocrx_word' id='word_1_1130' title='bbox 2506 2780 2514 2788; x_wconf 82' lang='grc'><em>·</em></span> <span class='ocrx_word' id='word_1_1131' title='bbox 2530 2780 2618 2799; x_wconf 86' lang='lat' dir='ltr'><strong>tantum</strong></span> <span class='ocrx_word' id='word_1_1132' title='bbox 2632 2785 2653 2800; x_wconf 77' lang='lat' dir='ltr'><strong>P.</strong></span> 
     </span>
     <span class='ocr_line' id='line_1_157' title="bbox 2506 2805 2715 2826; baseline 0 0"><span class='ocrx_word' id='word_1_1133' title='bbox 2506 2806 2525 2815; x_wconf 88' lang='grc'><strong>··</strong></span> <span class='ocrx_word' id='word_1_1134' title='bbox 2536 2807 2617 2826; x_wconf 81' lang='lat' dir='ltr'><strong>terrae</strong></span> <span class='ocrx_word' id='word_1_1135' title='bbox 2628 2805 2681 2826; x_wconf 87' lang='lat' dir='ltr'><strong>add.</strong></span> <span class='ocrx_word' id='word_1_1136' title='bbox 2692 2812 2715 2826; x_wconf 80' lang='grc' dir='ltr'><strong>Α.</strong></span> 
     </span>
    </p>
   </div>
   <div class='ocr_carea' id='block_1_27' title="bbox 2504 2884 2715 2938">
    <p class='ocr_par' dir='ltr' id='par_1_41' title="bbox 2504 2884 2715 2938">
     <span class='ocr_line' id='line_1_158' title="bbox 2505 2884 2715 2911; baseline -0.005 -6"><span class='ocrx_word' id='word_1_1137' title='bbox 2505 2886 2514 2894; x_wconf 82' lang='grc'><em>·</em></span> <span class='ocrx_word' id='word_1_1138' title='bbox 2520 2884 2715 2911; x_wconf 50' lang='lat' dir='ltr'><strong>assignare-turi,</strong></span> 
     </span>
     <span class='ocr_line' id='line_1_159' title="bbox 2504 2911 2701 2938; baseline 0 -7"><span class='ocrx_word' id='word_1_1139' title='bbox 2504 2911 2643 2938; x_wconf 79' lang='lat' dir='ltr'><strong>assignatur</strong></span> <span class='ocrx_word' id='word_1_1140' title='bbox 2657 2914 2701 2931; x_wconf 85' lang='lat' dir='ltr'><strong>cet.</strong></span> 
     </span>
    </p>
   </div>
   <div class='ocr_carea' id='block_1_28' title="bbox 2505 2979 2673 3017">
    <p class='ocr_par' dir='ltr' id='par_1_42' title="bbox 2505 2979 2673 3017">
     <span class='ocr_line' id='line_1_160' title="bbox 2505 2979 2673 3017; baseline 0.006 -7"><span class='ocrx_word' id='word_1_1141' title='bbox 2505 2988 2513 2997; x_wconf 94' lang='grc'><strong>”</strong></span> <span class='ocrx_word' id='word_1_1142' title='bbox 2529 2989 2591 3011; x_wconf 83' lang='lat' dir='ltr'><strong>Lect.</strong></span> <span class='ocrx_word' id='word_1_1143' title='bbox 2608 2979 2673 3017; x_wconf 66' lang='lat' dir='ltr'><strong>seqq.</strong></span> 
     </span>
    </p>
   </div>
  </div>
 </body>
</html>
