2782 4134
370 289 445 325 350

1085 285 1675 324 METEOROLOGICORUM
1704 285 1799 322 LIB.
1831 287 1844 322 l

1132 493 1434 549 LECTIO
1483 494 1798 550 DECIMA

924 653 1238 687 IMPROBANTUR
1261 655 1461 687 ALIORUM
1485 656 1715 688 OPINIONES
1738 657 1796 688 DE
1821 657 2013 689 COMETIS

370 790 456 822 Πόἰσι
482 784 518 820 δέ
544 787 680 824 τούτοις
706 787 753 819 τά
776 786 835 829 μέν
868 787 964 828 κοινῇ
997 789 1185 830 συμπίπτει
1214 786 1327 833 λέγειν
1359 782 1439 819 ἀδύ-

438 845 543 874 νατα,
571 832 618 864 τοὶ
641 827 679 863 δὲ
703 832 761 862 καὶ
789 833 899 875 χωρίς.
1444 836 1449 840 ’

370 879 503 923 Πρῶτον
524 876 583 920 μὲν
603 874 658 908 οὖν
677 879 747 913 τοῖς
767 877 922 921 λέγουσιν
942 874 995 907 ὅτι
1014 876 1080 908 τῶν
1098 875 1326 919 πλανωμένων
1346 875 1437 908 ἐστὶν

437 923 482 959 εἷς
509 920 656 963 ἀστέρων
683 921 699 951 ὁ
724 921 896 964 κομήτης·
924 922 953 952 οἱ
978 920 1043 966 γάρ
1069 919 1284 964 πλανώμενοι
1310 919 1438 957 πάντες

438 967 470 998 ἑν
497 968 543 1007 τῷ
567 964 676 1004 κύκλῳ
698 966 948 997 ὑπολείπονται
969 966 1016 1006 τῷ
1035 965 1101 998 τῶν
1126 965 1266 1007 ζῳδίων,
1284 966 1437 1006 κομῆται

437 1007 474 1042 δὲ
500 1011 620 1041 πολλοὶ
645 1008 792 1053 ὠμμένοι
817 1010 899 1041 εἰσὶν
927 1008 989 1050 ἔξω
1015 1010 1078 1042 τοῦ
1102 1010 1239 1041 κύκλου.
1267 1006 1354 1041 Εἶτα
1378 1010 1438 1041 καὶ

437 1057 570 1091 πλείους
596 1054 666 1091 ἑνός
694 1053 767 1098 ἅμα
792 1053 997 1101 γεγένηνται
1023 1054 1200 1092 πολλάκις.

370 1100 451 1145 Πρός
483 1094 520 1130 δὲ
556 1098 719 1139 τούτοις,
755 1099 782 1130 εἰ
815 1095 874 1131 διά
906 1098 970 1136 τήν
1005 1099 1193 1131 ἀνάκλασιν
1231 1097 1294 1134 τήν
1330 1097 1436 1142 κόμην

437 1146 591 1188 ἴσχουσι,
617 1141 894 1188 καθάπερ,φησὶν
921 1143 1084 1189 Αἰσχύλος
1109 1146 1167 1176 καὶ
1189 1141 1436 1185 Ἱπποκράτης,

437 1183 504 1220 ἔδει
536 1187 623 1220 ποτε
658 1187 834 1232 φαίνεσθαι
866 1189 924 1220 καὶ
959 1189 1036 1220 ἄνευ
1071 1187 1176 1232 κόμης
1212 1187 1272 1219 τὸν
1307 1187 1438 1231 ἀστέρα

438 1233 583 1274 τοῦτον,
611 1228 796 1275 ἐπειδήπερ
823 1235 1051 1266 ύπολείπεται
1077 1234 1136 1277 μέν
1161 1234 1219 1264 καὶ
1245 1232 1289 1270 εἰς
1317 1233 1437 1270 ἄλλους

437 1276 583 1316 τόπους,
612 1277 676 1313 τήν
702 1273 740 1309 δέ
765 1277 872 1322 κόμην
897 1280 987 1323 ἴσχει
1019 1279 1057 1310 οὗ
1091 1279 1296 1322 πανταχοῦ·
1324 1278 1380 1308 νῦν
1405 1272 1433 1308 δ’

438 1321 543 1358 οὐθεὶς
569 1319 684 1355 ὦπται
717 1323 814 1364 παραὶ
837 1322 918 1360 τούς
951 1321 1053 1355 πέντε
1088 1323 1253 1367 ἀστέρας·
1281 1322 1376 1354 οὗτοι
1402 1318 1439 1354 δὲ

437 1366 601 1404 πολλάκις
628 1365 701 1411 ἅμα
727 1367 855 1405 πάντες
877 1366 1042 1412 μετέωροι
1068 1368 1249 1412 φαίνονται
1275 1367 1357 1411 ύπέρ
1376 1367 1438 1399 τοῦ

438 1412 619 1456 ὁρίζοντος.
657 1412 724 1443 Καὶ
748 1413 896 1457 φανερῶν
921 1406 950 1442 δ’
981 1412 1095 1444 αὐτῶν
1122 1412 1227 1445 ὄντων
1255 1411 1438 1452 ἀπάντων,

436 1457 495 1488 καὶ
519 1456 568 1499 μή
592 1455 801 1500 φαινομένων
829 1455 1006 1498 ἀπάντων,
1027 1458 1099 1489 ἀλλ’
1121 1457 1214 1489 ἐνίων
1234 1456 1338 1489 ὄντων
1358 1455 1438 1500 πρὸς

438 1501 486 1541 τῷ
512 1501 607 1541 ἡλίῳ,
632 1499 726 1533 οὐθὲν
753 1501 861 1538 ἦττον
886 1502 1040 1545 κομῆται
1065 1504 1246 1547 φαίνονται
1270 1500 1439 1546 γινόμενοι

440 1544 618 1583 πολλάκις.

363 1590 473 1622 Ἀλλά
496 1590 561 1634 μήν
590 1584 667 1621 οὐδὲ
692 1591 799 1622 τοῦτο
827 1589 963 1631 ἀληθές,
990 1589 1044 1623 ὅτι
1069 1590 1102 1623 ἐν
1130 1591 1177 1632 τῷ
1203 1589 1284 1633 πρός
1315 1589 1439 1632 ἄρκτον

437 1634 532 1676 τόπῳ
557 1636 691 1681 γίνεται
723 1634 878 1679 κομήτης
903 1634 1029 1679 μόνον,
1058 1634 1130 1680 ἅμα
1161 1636 1220 1667 καὶ
1246 1636 1308 1668 τοῦ
1342 1635 1438 1671 ήλίου

438 1679 536 1717 ὄντος
558 1681 630 1723 περὶ
649 1678 776 1724 θερινὰς
796 1681 944 1724 τροπάς·
973 1678 989 1711 ὅ
1011 1692 1048 1712 τε
1069 1679 1134 1726 γάρ
1152 1679 1260 1726 μέγας
1285 1679 1439 1721 κομήτης

441 1725 456 1756 ὁ
474 1723 650 1769 γενόμενος
675 1726 747 1768 περὶ
770 1725 830 1756 τὸν
856 1725 889 1757 ἑν
909 1725 1038 1768 Ἀχαία
1056 1724 1192 1768 σεισμὸν
1217 1726 1274 1756 καὶ
1292 1725 1356 1760 τήν
1376 1725 1439 1756 τοῦ

380 1802 383 1804 ,
436 1768 591 1812 κύματος
617 1764 736 1811 ἔφοδον
764 1769 833 1801 ἀπὸ
854 1766 986 1814 δυσμῶν
1004 1771 1071 1802 τῶν
1087 1770 1281 1814 ἰσημερινῶν
1302 1769 1438 1815 ἀνέσχε,

437 1816 495 1845 καὶ
522 1814 601 1858 πρὸς
626 1812 726 1846 νότον
753 1809 819 1852 ἤδη
846 1816 967 1847 πολλοὶ
992 1813 1186 1860 γεγόνασιν.

365 1859 443 1891 Ἐπὶ
468 1853 499 1889 δ’
523 1858 686 1903 ἄρχοντος
706 1857 887 1902 Ἀθήνῃσιν
915 1858 1076 1897 Εὐκλέους
1103 1860 1166 1891 τοῦ
1183 1857 1340 1896 Μόλωνος
1367 1857 1440 1904 ἐγέ-

437 1914 514 1935 νετο
539 1901 693 1947 κομήτης
715 1903 825 1947 ἀστήρ
843 1904 923 1949 πρός
943 1904 1066 1948 ἄρκτον
1087 1904 1188 1947 μηνός
1207 1904 1438 1947 Γαμηλιῶνος,

438 1949 512 1991 περὶ
540 1948 669 1990 τροπάς
697 1947 793 1986 ὄντος
821 1950 882 1981 τοῦ
904 1950 1001 1986 ήλίου
1026 1948 1231 1994 χειμερινάς,
1249 1950 1366 1980 καίτοι
1385 1959 1440 1980 το-

437 1993 561 2024 σοῦτον
589 1991 846 2029 ἀνακλασθῆναι
870 1996 929 2026 καὶ
951 1994 1053 2027 αὐτοὶΙ
1071 1994 1138 2026 τῶν
1159 1990 1335 2026 ἀδυνάτων
1353 1989 1439 2024 εἷναί

438 2048 549 2081 φασιν.

370 2081 488 2113 Κοινον
515 2077 552 2113 δέ
583 2082 640 2112 καὶ
674 2080 812 2120 τούτοις
846 2085 903 2114 καὶ
937 2086 1007 2121 τοῖς
1042 2082 1105 2119 τήν
1137 2082 1278 2127 σύναψιν
1302 2081 1440 2128 λέγουσι

439 2126 571 2170 πρῶτον
590 2125 649 2169 μὲν
676 2125 729 2158 ὅτι
753 2129 812 2159 καὶ
830 2128 896 2159 τῶν
917 2128 1077 2160 ἀπλανῶν
1094 2127 1308 2171 λαμβάνουσι
1331 2125 1439 2170 κόμην

438 2169 539 2207 τινές.
574 2171 639 2202 Καὶ
666 2171 762 2203 τοῦτ’
785 2169 822 2203 ού
838 2171 938 2215 μόνον
957 2173 1152 2219 Αἰγυπτίοις
1174 2173 1357 2206 πιστεῦσαι
1374 2170 1438 2215 δεῖ,

437 2217 552 2247 καίτοι
575 2215 724 2247 κάκεῖνοί
743 2227 856 2260 φασιν,
878 2217 968 2249 ἀλλά
991 2218 1049 2248 καὶ
1070 2218 1165 2257 ἡμεῖς
1183 2217 1437 2262 ἑφεωράκαμεν·

438 2260 505 2292 τῶν
530 2259 595 2306 γάρ
621 2257 653 2291 ἐν
680 2261 727 2301 τῷ
753 2261 847 2307 ἰσχίῳ
874 2262 936 2294 τοῦ
961 2262 1058 2299 κυνός
1084 2261 1194 2305 ἀστήρ
1213 2274 1263 2300 τις
1283 2262 1360 2308 ἔσχε
1383 2261 1440 2294 κό-

439 2316 517 2347 μην,
539 2303 694 2349 ἀμαυράν
719 2305 855 2349 μέντοι·
884 2307 1074 2349 ἀτενίζουσι
1100 2307 1159 2350 μὲν
1184 2307 1249 2353 γάρ
1267 2307 1310 2345 εἰς
1331 2307 1437 2340 αὐτὸν

441 2346 587 2394 ἀμυδρὸν
613 2350 744 2395 ἐγίνετο
771 2351 810 2384 τό
834 2350 970 2398 φέγγος,
990 2350 1252 2395 παραβλέπουσι
1278 2348 1306 2384 δ’
1327 2351 1438 2397 ἡρέμα

439 2394 503 2431 τήν
529 2395 600 2438 ὄψιν
626 2395 755 2428 πλεῖον.

370 2438 454 2483 Πρὸς
478 2437 515 2471 δέ
541 2438 678 2477 τούτοις
714 2438 865 2478 ἅπαντες
900 2442 928 2472 οἱ
959 2439 1035 2473 καθ’
1065 2441 1154 2485 ήμᾶς
1183 2438 1330 2485 ὠμμένοι
1362 2441 1438 2474 ἀνευ

438 2479 563 2521 δύσεως
589 2484 821 2528 ἠφανίσθησαν
842 2482 873 2516 ἐν
894 2486 941 2526 τῷ
961 2486 1044 2529 ὑπὲρ
1070 2486 1133 2518 τοῦ
1152 2486 1321 2529 ὁρίζοντος
1342 2485 1438 2527 τόπῳ

440 2527 740 2573 ἀπομαρανθέντες
764 2529 860 2561 κατά
880 2529 995 2574 μικρὸν
1022 2529 1143 2572 οὕτως,
1162 2529 1251 2563 ὥστε
1269 2529 1347 2574 μήθ’
1367 2531 1438 2568 ἐνὸς

441 2573 581 2617 ἀστέρος
606 2572 852 2617 ὑπολειφθῆναι
885 2575 1005 2618 σῶμα,
1035 2574 1125 2618 μήτε
1155 2574 1337 2616 πλειόνων,
1364 2575 1438 2608 ἐπεὶ

438 2621 495 2650 καὶ
522 2620 538 2649 ό
564 2617 671 2663 μέγας
706 2618 816 2662 ἀστήρ
849 2620 923 2658 περὶ
950 2618 986 2650 οὖ
1012 2618 1175 2664 πρότερον
1205 2617 1437 2665 ἐμνήσθημεν,

440 2660 544 2706 ἐφάνη
564 2662 622 2706 μὲν
647 2663 807 2707 χειμῶνος
827 2662 859 2694 ἐν
878 2662 1001 2709 πάγοις
1023 2666 1081 2695 καὶ
1101 2663 1243 2708 αἰθρίαις
1264 2664 1318 2707 ἀφ’
1342 2665 1439 2697 ἐσπέ-

439 2719 497 2752 ροις
524 2707 578 2739 ἐπὶ
598 2707 754 2738 Ἀστείου
782 2706 966 2760 ἄρχοντος,
993 2710 1050 2740 καὶ
1077 2709 1122 2750 τῇ
1148 2708 1206 2752 μέν
1234 2709 1351 2754 πρώτῃ
1379 2710 1438 2742 οὐκ

439 2751 529 2795 ὤφθη
561 2751 602 2788 ὠς
635 2746 844 2796 προδεδυκως
880 2753 942 2784 τοῦ
977 2753 1098 2794 ἡλίου,
1133 2753 1178 2795 τῇ
1216 2749 1243 2784 δ’
1273 2755 1437 2800 ὑστεραίᾳ

439 2794 547 2840 ὤφθη·
575 2794 651 2827 ὅσον
671 2792 849 2841 ἐνδέχεται
866 2796 930 2842 γάρ
950 2796 1147 2842 ἐλάχιστον,
1167 2797 1360 2842 ὑπελείφθη,
1379 2802 1437 2832 καὶ

439 2840 535 2879 εὐθύς
560 2836 634 2872 ἔδυ·
663 2840 703 2872 τό
728 2836 765 2872 δὲ
790 2840 911 2887 φέγγος
939 2841 1097 2874 ἀπέτεινε
1119 2841 1216 2887 μέχρι
1237 2845 1300 2876 τοῦ
1320 2847 1437 2889 τρίτου

439 2885 555 2930 μέρους
574 2886 636 2917 τοῦ
650 2883 811 2929 ούρανοῦ,
830 2887 899 2918 οἷον
919 2885 1031 2930 ἅλμα·
1053 2882 1106 2919 διὸ
1126 2889 1184 2919 καὶ
1203 2886 1326 2926 ἐκλήθη
1347 2884 1434 2927 ὁδός.

432 2929 627 2966 Ἐπανῆλθε
658 2925 696 2962 δὲ
721 2930 818 2977 μέχρι
851 2931 913 2968 τῆς
945 2931 1049 2974 (vin-5
1084 2933 1146 2965 τοῦ
1172 2932 1346 2975 Ὠρίωνος,
1379 2936 1438 2965 καὶ

439 2973 590 3008 ἐνταῦθα
614 2970 763 3012 διελύθη.
791 2977 915 3007 Καίτοι
933 2976 1139 3020 Δημόκριτός
1160 2989 1198 3023 γε
1216 2981 1438 3023 προσπεφιλο-

438 3022 571 3057 νείκηκη
591 3020 635 3061 τῇ
657 3015 740 3063 δόξῃ
766 3021 811 3063 τῇ
839 3021 966 3052 αὐτοῦ·
994 3022 1072 3065 φησὶ
1093 3021 1157 3068 γάρ
1178 3019 1285 3066 ὦφθαι
1303 3018 1439 3056 διαλυο-

438 3065 542 3110 μένων
574 3065 640 3096 τῶν
671 3066 830 3107 κομητῶν
862 3065 1009 3108 ἀστέρας
1039 3065 1146 3103 τινάς.
1181 3067 1290 3100 Τοῦτο
1316 3063 1345 3099 δ’
1375 3066 1438 3114 οὐχ

439 3109 498 3142 ὀτέ
523 3108 581 3154 μὲν
608 3104 675 3141 ἔδει
699 3108 864 3155 γίνεσθαι,
893 3110 951 3143 ότέ
975 3105 1004 3142 δ’
1035 3109 1086 3151 οὗ,
1115 3111 1187 3144 ἀλλ’
1219 3111 1282 3143 ἀεί.

371 3150 451 3193 Πρὸς
477 3149 514 3186 δὲ
538 3153 677 3191 τούτοις
702 3156 760 3186 καὶ
783 3157 811 3186 οἱ
833 3154 1015 3201 Αἰγύπτιοί
1037 3167 1117 3200 φασι
1141 3157 1199 3187 καὶ
1222 3157 1288 3188 τῶν
1307 3157 1440 3193 πλανή-

438 3210 504 3231 των
530 3199 588 3230 καὶ
614 3199 692 3243 πρὸς
719 3199 844 3237 αύτούς
868 3202 925 3231 καὶ
953 3200 1033 3244 πρὸς
1060 3200 1139 3238 τούς
1167 3201 1330 3240 ἀπλανεῖς
1353 3205 1437 3248 γίνε-

437 3243 514 3275 σθαι
539 3238 708 3284 συνόδους,
727 3245 784 3276 καὶ
811 3244 912 3277 αὐτοὶ
933 3244 1130 3289 ἑωράκαμεν
1149 3245 1208 3278 τόν
1229 3243 1359 3291 ἀστέρα
1377 3247 1437 3279 τόν

439 3288 500 3321 τοῦ
533 3287 605 3324 Διὸς
632 3289 697 3319 τῶν
725 3286 758 3320 ἐν
784 3293 856 3327 τοῖς
888 3285 1039 3333 διδύμοις
1064 3289 1275 3323 συνελθόντα·
1298 3292 1364 3323 τινὶ
1388 3286 1436 3329 δὶς

439 3327 503 3369 ἤδη
528 3334 586 3364 καὶ
613 3332 842 3376 ἀφανίσαντα,
872 3331 942 3366 ἀλλ’
975 3332 1012 3366 ού
1037 3333 1195 3377 κομήτην
1221 3335 1412 3380 γενόμενον.

364 3371 441 3407 Ἔτι
466 3371 503 3408 δέ
526 3379 583 3408 καὶ
610 3376 645 3408 ὲκ
671 3379 733 3409 τοῦ
757 3377 860 3424 λόγου
885 3378 1045 3423 φανερόν·
1073 3381 1102 3411 οἱ
1121 3379 1184 3426 γάρ
1208 3379 1348 3425 ἀστέρες
1373 3379 1437 3413 κάν

439 3421 465 3452 εὶ
484 3422 627 3464 μείζους,
641 3422 704 3453 κάν
723 3420 890 3460 ἐλάττους
909 3425 1110 3467 φαίνωνται,
1128 3422 1200 3456 ἀλλ’
1220 3424 1306 3469 ὅμως
1328 3420 1437 3458 ἀδιαί-

439 3468 529 3509 ρετοί
561 3478 599 3510 γε
631 3464 706 3497 καθ’
737 3467 879 3504 ἑαυτούς
906 3465 990 3499 εἶναι
1022 3463 1191 3500 δοκοῦσιν.
1227 3469 1352 3513 ’Ὠσπερ
1379 3468 1435 3502 οὖν

438 3510 508 3547 καὶ,
535 3510 562 3540 εἰ
589 3507 674 3551 ἦσαν
704 3506 912 3554 ἀδιαίρετοι,
942 3511 1106 3556 ἁψάμενοι
1134 3512 1228 3545 οὐθὲν
1257 3513 1295 3546 ἀν
1322 3514 1438 3552 ἐποίη-

439 3564 501 3585 σαν
527 3553 667 3599 μέγεθος
693 3555 817 3598 μεῖζον,
845 3555 933 3587 οὕτω
957 3558 1015 3588 καὶ
1042 3553 1161 3594 ἐπειδὴ
1191 3558 1249 3590 οὑκ
1275 3559 1336 3590 εἰσὶ
1362 3559 1435 3603 μὲν,

439 3599 618 3641 φαίνονται
643 3594 670 3629 δ’
703 3594 904 3643 ἀῗιαίρετοι,
930 3603 987 3632 καὶ
1013 3600 1228 3641 συνελθόντες
1256 3601 1350 3635 οὐθὲν
1377 3615 1438 3648 φα-

438 3642 579 3674 νοῦνται
604 3643 732 3686 μείζους
760 3643 800 3675 τὸ
826 3643 964 3689 μέγεθος
990 3645 1096 3683 ὄντες.

1492 789 1684 821 *Omnibus
1707 797 1815 821 autem
1838 791 1887 822 his
1902 791 1980 822 haec
1995 791 2127 832 quidem
2151 791 2365 822 communiter
2387 791 2500 823 accidit
2522 792 2568 823 di-
2594 801 2606 813 ·
2620 800 2782 835 &quemn

1560 844 1628 865 cere
1651 834 1872 875 impossibilia,
1895 835 1972 866 haec
1991 843 2100 866 autem
2123 836 2302 876 separatim,

1492 876 1600 909 Primo
1625 878 1756 919 quidem
1779 879 1875 920 igitur
1898 880 2075 911 dicentibus
2112 881 2202 922 quod
2225 880 2399 911 errantium
2427 887 2474 911 est
2503 890 2568 912 una

1560 923 1723 954 stellarum
1746 931 1881 955 cometa.
1905 924 2053 955 Errantes
2077 925 2163 956 enim
2179 935 2292 956 omnes
2306 925 2339 956 in
2359 925 2478 956 circulo
2502 925 2568 956 ani-

1559 967 1694 998 malium
1719 967 1949 1005 subdeficiunt,
1973 976 2117 1000 cometae
2140 976 2248 1000 autem
2279 970 2372 1001 multi
2402 969 2461 1000 visi
2492 977 2568 1001 sunt

1560 1018 1644 1042 extra
1668 1011 1833 1043 circulum.
1857 1013 1982 1044 Deinde
2005 1020 2036 1045 et
2061 1014 2168 1054 plures
2193 1023 2260 1045 uno
2283 1014 2380 1045 simul
2403 1014 2477 1045 facti
2493 1021 2568 1046 sunt

1560 1066 1663 1096 saepe.
2305 1095 2314 1098 -

1491 1099 1607 1131 Adhuc
1631 1107 1739 1131 autem
1761 1101 1788 1131 si
1808 1107 1939 1142 propter
1961 1101 2184 1134 refractionem
2207 1113 2335 1134 comam
2357 1103 2470 1142 habet,
2486 1103 2568 1139 sicut

1559 1144 1602 1176 ait
1629 1145 1852 1186 Hippocrates,
1876 1146 2045 1186 oportebat
2076 1146 2250 1188 aliquando
2273 1158 2424 1188 apparere
2447 1155 2479 1179 et
2500 1147 2568 1180 sine

1560 1199 1653 1220 coma
1685 1190 1809 1220 stellam
1832 1190 1935 1220 hanc:
1960 1190 2117 1231 quoniam
2139 1191 2272 1233 quidem
2302 1191 2468 1223 subdeficit
2497 1192 2568 1234 qui-

1560 1235 1634 1264 dem
1658 1241 1688 1265 et
1709 1235 1748 1265 ad
1770 1234 1830 1265 alia
1851 1234 1934 1273 loca,
1958 1245 2087 1266 comam
2105 1243 2214 1267 autem
2236 1236 2332 1267 habet
2352 1246 2420 1267 non
2436 1236 2567 1279 ubique.

1559 1276 1777 1310 Nunc'autem
1800 1279 1889 1310 nulla
1903 1279 1970 1310 visa
1990 1287 2036 1311 est
2051 1287 2174 1320 praeter
2188 1280 2332 1322 quinque
2350 1281 2473 1313 stellas:
2490 1281 2568 1313 istae

1560 1330 1668 1354 autem
1692 1334 1784 1364 saepe
1801 1324 1896 1354 simul
1913 1334 2025 1355 omnes
2042 1325 2180 1356 elevatae
2203 1332 2357 1366 apparent
2371 1335 2468 1367 super
2481 1325 2567 1358 hori·

1559 1375 1700 1408 zontem,
1716 1375 1747 1399 et
1762 1369 1936 1400 manifestis
1956 1369 2158 1401 existentibus
2180 1370 2258 1411 ipsis
2276 1370 2439 1410 omnibus,
2453 1377 2568 1402 etnon

1560 1413 1785 1454 apparentibus
1804 1413 1955 1445 omnibus
1979 1414 2034 1445 sed
2057 1414 2252 1456 quibusdam
2267 1414 2472 1446 existentibus
2487 1414 2569 1447 circa

1560 1457 1674 1497 solem,
1698 1457 1908 1489 nihilominus
1933 1466 2076 1490 cometae
2099 1466 2253 1500 apparent
2275 1459 2350 1491 facti
2373 1469 2477 1501 saepe.

1494 1593 1536 1622 At
1559 1601 1634 1622 vero
1667 1601 1772 1633 neque
1795 1591 1858 1623 hoc
1883 1602 2012 1632 verum,
2035 1594 2126 1634 quod
2148 1594 2182 1625 in
2204 1595 2279 1626 loco
2310 1597 2350 1627 ad
2380 1604 2504 1630 arctum
2533 1596 2570 1632 fi't

1562 1643 1702 1667 cometes
1726 1637 1848 1676 solum,
1873 1637 1969 1668 simul
1993 1644 2024 1668 et
2047 1638 2114 1669 sole
2143 1639 2294 1671 existente
2323 1641 2404 1673 circa
2425 1642 2568 1684 tropico·

1562 1680 1735 1712 aestivales,
1758 1681 1894 1722 Magnus
1919 1681 2005 1712 enim
2029 1690 2169 1714 cometes
2193 1683 2294 1716 factus
2311 1685 2392 1717 circa
2411 1697 2488 1718 eum
2510 1684 2569 1730 qui

1561 1725 1594 1755 in
1617 1725 1737 1756 Achaia
1760 1732 1988 1757 terraemotum
2012 1734 2043 1758 et
2066 1727 2146 1759 circa
2168 1727 2284 1760 fluctus
2313 1740 2502 1770 ascensum,
2526 1731 2566 1764 ab

1562 1769 1726 1800 occasibus
1745 1770 2076 1811 aequinoctionalibus
2098 1779 2188 1804 ortus
2207 1773 2280 1805 fuit:
2306 1781 2337 1806 et
2358 1775 2400 1806 ad
2422 1783 2568 1808 austrum

1560 1813 1625 1844 iam
1649 1814 1743 1845 multi
1765 1814 1838 1846 facti
1861 1822 1945 1846 sunt.

1494 1858 1560 1889 Sub
1589 1857 1732 1899 principe
1762 1866 1870 1890 autem
1899 1860 2144 1892 Atheniensium
2167 1861 2399 1902 gloriosissimo
2421 1864 2568 1904 Molone,

1562 1902 1643 1934 facta
1673 1903 1734 1934 fuit
1763 1911 1887 1935 cometa
1915 1904 2004 1935 stella
2032 1915 2141 1936 mense
2174 1905 2385 1947 Gamelione,
2406 1908 2474 1941 sole
2503 1909 2566 1941 exi-

1562 1954 1662 1978 stente
1686 1948 1766 1979 circa
1784 1948 1926 1989 tropicos
1949 1949 2120 1980 hiemales:
2140 1956 2172 1981 et
2186 1951 2318 1992 quidem
2338 1958 2460 1984 tantam
2473 1953 2568 1986 refra-

1561 1992 1702 2023 ctionem
1725 1992 1841 2024 factam
1864 2003 1951 2029 esse.
1975 2001 2007 2025 et
2028 1993 2089 2035 ipsi
2108 1995 2357 2036 impossibilium
2380 2007 2448 2030 esse
2466 1997 2566 2030 aiunt.

1495 2080 1680 2112 Commune
1695 2087 1801 2112 autem
1819 2087 1850 2112 et
1865 2081 1914 2112 his
1929 2088 1960 2113 et
1979 2089 2163 2115 contactum
2175 2084 2364 2125 dicentibus,
2377 2085 2484 2127 primo
2499 2087 2569 2129 qui·

1562 2126 1637 2156 dem
1655 2126 1731 2167 quia
1749 2135 1816 2156 non
1833 2126 2005 2158 errantium
2028 2128 2124 2159 etiam
2139 2129 2300 2171 accipiunt
2323 2140 2452 2163 comam
2469 2141 2568 2173 quae·

1561 2170 1646 2201 dam.
1661 2171 1702 2201 Et
1718 2170 1780 2201 hoc
1796 2181 1862 2201 non
1879 2171 1987 2202 solum
2002 2173 2168 2214 Aegyptiis
2181 2173 2305 2206 credere
2320 2182 2448 2216 oportet
2463 2173 2567 2219 (equie

1561 2215 1635 2245 dem
1659 2222 1690 2246 et
1711 2215 1757 2246 illi
1781 2214 1902 2258 aiunt),
1927 2216 1983 2247 sed
2015 2223 2046 2248 et
2068 2228 2128 2249 nos
2150 2217 2302 2250 vidimus.
2332 2220 2454 2252 Earum
2481 2220 2569 2253 enim

1560 2269 1643 2300 quae
1666 2259 1699 2292 in
1723 2259 1845 2291 femore
1869 2259 1977 2300 Canis,
2000 2262 2090 2293 stella
2112 2263 2271 2304 quaedam
2293 2263 2406 2296 habuit
2427 2274 2568 2306 comam,

1561 2304 1698 2335 debilem
1710 2311 1830 2336 tamen:
1847 2304 2084 2338 intendentibus
2098 2307 2231 2348 quidem
2243 2308 2329 2340 enim
2339 2309 2374 2340 in
2383 2309 2500 2351 ipsam,
2515 2310 2569 2342 de-

1532 2349 1535 2351 ’
1561 2348 1622 2380 bile
1647 2349 1768 2380 factum
1792 2357 1838 2381 est
1860 2349 1990 2390 lumen,
2014 2351 2229 2384 adiacentibus
2252 2360 2361 2385 autem
2390 2354 2497 2387 visum
2519 2364 2567 2387 re·

1561 2393 1668 2432 misse,
1693 2394 1776 2435 pluS.

1493 2437 1610 2469 Adhuc
1633 2445 1752 2478 autem,
1770 2449 1884 2470 omnes
1907 2439 1964 2480 qui
1986 2440 2074 2480 apud
2097 2451 2158 2472 nos
2181 2441 2240 2472 visi
2263 2449 2350 2482 sunt,
2366 2443 2434 2474 sine
2450 2453 2566 2477 occasu

1561 2482 1785 2523 disparuerunt
1798 2483 1831 2513 in
1847 2483 1922 2514 loco
1943 2493 2039 2524 super
2056 2484 2269 2523 horizontem,
2287 2487 2471 2528 consumpti
2486 2498 2567 2530 pau-

1559 2526 1660 2566 latim,
1677 2526 1719 2558 ita
1735 2534 1772 2558 ut
1787 2537 1892 2568 neque
1913 2527 2008 2559 unius
2029 2528 2136 2560 stellae
2160 2529 2431 2572 derelinqueretur
2449 2541 2568 2574 corpus

1561 2581 1667 2612 neque
1690 2571 1842 2612 plurium.
1860 2571 2025 2609 Quoniam
2041 2579 2071 2604 et
2085 2583 2200 2614 magna
2216 2575 2305 2606 stella
2328 2576 2368 2607 de
2391 2586 2456 2618 qua
2478 2577 2567 2618 prius

1559 2615 1779 2655 meminimus,
1798 2616 1946 2657 apparuit
1967 2617 2100 2658 quidem
2122 2618 2228 2650 hieme
2251 2619 2284 2650 in
2307 2621 2381 2661 gelu
2405 2628 2436 2653 et
2451 2621 2567 2653 sereni-

1561 2666 1634 2700 tate,
1651 2670 1669 2691 a
1687 2671 1832 2701 vespero,
1844 2662 1904 2692 sub
1919 2662 2011 2693 Astio
2025 2662 2184 2704 principe;
2200 2671 2232 2695 et
2246 2665 2352 2705 primo
2367 2665 2500 2707 quidem
2515 2666 2568 2698 die

1561 2715 1627 2736 non
1651 2706 1807 2746 apparuit,
1823 2713 1978 2747 tanquam
2001 2709 2271 2747 praeoccumbens
2286 2716 2359 2741 ante
2382 2710 2500 2751 solem3
2520 2721 2567 2742 se-

1561 2750 1672 2791 quenti
1687 2758 1794 2782 autem
1810 2750 1860 2781 die
1875 2751 2022 2792 apparuit
2037 2759 2195 2794 quantum
2211 2754 2378 2796 contingit,
2393 2755 2568 2788 minimum

1561 2794 1647 2826 enim
1670 2795 1814 2827 relictum
1838 2794 1909 2834 fuit,
1925 2802 1956 2827 et
1975 2806 2052 2827 mox
2071 2797 2237 2837 occubuit;
2255 2798 2367 2830 lumen
2385 2806 2495 2832 autem
2515 2809 2568 2833 ex-

1562 2839 1663 2871 tendit
1692 2850 1795 2882 usque
1829 2841 1869 2871 ad
1906 2840 2030 2871 tertiam
2061 2848 2186 2883 partem
2218 2843 2296 2874 caeli
2328 2843 2418 2876 velut
2446 2843 2566 2884 simul,

1561 2891 1691 2926 propter
1713 2885 1803 2926 quod
1819 2892 1850 2916 et
1864 2892 1976 2917 vocata
1999 2885 2059 2917 fuit
2081 2886 2152 2926 via;
2176 2887 2317 2919 ascendit
2334 2894 2444 2920 autem
2461 2892 2566 2931 usque

1561 2930 1601 2960 ad
1617 2940 1734 2960 zonam
1757 2929 1899 2969 orionis,
1923 2937 1955 2962 et
1977 2930 2020 2961 ibi
2037 2930 2192 2963 dissoluta
2207 2931 2277 2963 fuit.
2294 2932 2335 2964 Et
2350 2932 2484 2974 quidem
2502 2933 2567 2966 De-

1561 2975 1713 3006 mocritus
1744 2975 1886 3005 obtinere
1918 2975 2022 3006 voluit
2049 2985 2108 3016 pro
2132 2975 2287 3017 opinione
2315 2984 2390 3008 sua:
2414 2977 2458 3009 ait
2480 2978 2568 3009 enim

1560 3019 1755 3060 apparuisse,
1792 3019 1953 3050 dissolutis
1987 3020 2140 3060 cometis,
2165 3021 2270 3052 stellas
2302 3021 2469 3062 quasdam.
2493 3023 2567 3055 Hoc

1560 3070 1668 3095 autem
1692 3074 1758 3094 non
1775 3064 1947 3105 aliquando
1964 3064 2095 3106 quidem
2111 3066 2280 3106 oportebat
2297 3065 2376 3106 fieri,
2392 3067 2567 3109 aliquando

1556 3116 1663 3140 autem
1687 3119 1765 3148 non,
1790 3109 1844 3139 sed
1869 3119 2005 3150 semper.

1493 3153 1608 3184 Adhuc
1632 3161 1740 3184 autern
1773 3160 1803 3184 et
1833 3153 1982 3195 Aegyptii
2009 3153 2098 3185 aiunt
2125 3154 2298 3186 errantium
2327 3161 2358 3186 et
2383 3155 2425 3186 ad
2447 3154 2567 3197 seipsas

1561 3205 1591 3229 et
1614 3198 1654 3228 ad
1678 3198 1752 3228 alias
1777 3197 1842 3229 fieri
1867 3205 2053 3229 conventus.
2078 3199 2120 3230 Et
2135 3209 2194 3230 nos
2211 3199 2271 3240 ipsi
2286 3199 2426 3231 vidimus
2442 3200 2567 3232 stellam

1561 3242 1642 3273 Iovis
1666 3243 1698 3273 in
1723 3242 1867 3274 Geminis
1890 3243 2081 3274 subeuntem
2105 3243 2233 3274 cuidam
2262 3244 2327 3275 iam
2355 3251 2387 3276 et
2408 3244 2567 3286 disparere

1560 3286 1739 3326 facientem,
1763 3287 1818 3318 sed
1841 3297 1908 3318 non
1932 3294 2092 3319 cometam
2115 3287 2245 3320 factum.

1494 3382 1608 3413 Adhuc
1632 3390 1739 3414 autem
1763 3389 1794 3414 et
1817 3393 1854 3413 ex
1877 3382 1998 3414 ratione
2023 3389 2069 3414 est
2089 3382 2306 3415 manifestum.
2329 3383 2444 3415 Stellae
2468 3383 2567 3424 enim,

1560 3427 1617 3458 etsi
1641 3426 1777 3458 maiores
1794 3434 1824 3458 et
1847 3427 1987 3458 minores
2010 3434 2194 3468 appareant,
2215 3427 2271 3458 sed
2294 3434 2402 3459 tamen
2424 3428 2566 3460 indivisi-

1559 3471 1637 3502 biles
1656 3482 1712 3512 per
1735 3481 1768 3502 se
1791 3481 1859 3502 esse
1877 3471 2034 3503 videntur.
2061 3472 2348 3510 Quemadmodum
2370 3471 2468 3514 igitur
2489 3479 2520 3504 et
2537 3472 2564 3503 si

1560 3523 1663 3547 essent
1678 3515 1883 3547 indivisibiles
1906 3523 2081 3557 tangentes,
2102 3516 2225 3548 nullam
2248 3516 2386 3548 facerent
2406 3516 2565 3557 magnitu—

1559 3560 1667 3591 dinem
1690 3560 1856 3599 maiorem,
1873 3560 1917 3592 sic
1941 3568 1971 3592 et
1994 3561 2150 3602 quoniam
2174 3571 2240 3592 non
2261 3568 2336 3592 sunt
2358 3560 2501 3602 quidem,
2517 3560 2565 3591 vi·

1559 3605 1673 3636 dentur
1704 3611 1812 3635 autern
1836 3604 2062 3643 indivisibiles,
2094 3611 2125 3636 et
2155 3605 2378 3636 convenientes
2410 3604 2490 3635 nihil
2518 3604 2565 3635 vi-

1559 3649 1718 3680 debuntur
1741 3649 1878 3680 maiores
1902 3649 2079 3680 secundum
2109 3648 2371 3690 magnitudinem.
2387 3648 2565 3680 existentes.

2672 2350 2691 2365 S
