2782 4134
112 2845 119 2853 ·
137 2850 166 2867 ex
180 2851 218 2868 pa.

113 3004 178 3052 :lqlss
198 3005 249 3027 lect.
271 3011 309 3027 xiv
320 3021 325 3031 ,

116 3215 124 3224 ’
140 3214 203 3237 Lect.
218 3221 267 3243 seq.

113 3268 124 3279 ⁸
138 3268 241 3290 ostendit
252 3275 275 3291 Α.

372 285 447 333 376

437 360 547 405 ὥσπερ
571 354 640 391 οὐδ’
663 359 679 390 ὁ
698 358 763 390 τῶν
781 358 898 400 νεφῶν,
918 359 1009 399 εἴπερ
1027 357 1068 390 τό
1087 357 1121 389 ὃν
1140 352 1208 389 ἔδει
1232 359 1298 402 ῥεῖν
1323 356 1438 400 μόνον,

439 406 531 438 ἀλλα
554 404 602 448 μή
621 403 740 446 τὸμὲν
767 401 893 444 απῄει,
920 401 961 434 τό
986 403 1015 433 δ’
1046 403 1192 447 ἐγίνετο,
1221 400 1294 434 ἀλλ’
1325 402 1378 434 ἀεὶ
1396 398 1439 437 δή

440 450 498 482 ἀπ’
529 449 625 486 ὄντος
652 446 869 491 ἐταμιεόετο.
898 446 944 477 Τό
969 445 995 477 θ’
1027 446 1092 478 ὑπὸ
1117 450 1189 482 τοϊς
1216 446 1321 489 ὄρεσιν
1349 445 1438 490 ἔχειν

437 494 500 532 τοὶς
527 493 639 540 πηγάς
661 494 824 536 μαρτυρεῖ
848 486 938 522 διότι
959 491 1007 531 τῷ
1026 495 1151 535 συρρεῖν
1169 489 1223 522 ἐπ’
1246 491 1359 536 ὀλίγον
1379 491 1438 522 καὶ

435 539 532 571 κατα
556 537 670 583 μικρὸν
691 537 726 568 ἐκ
745 535 877 567 πολλῶν
903 533 1044 567 νοτίδων
1069 530 1266 567 διαδίδωσιν
1291 536 1307 567 ὀ
1326 533 1435 572 τόπος

434 585 492 615 καὶ
517 585 672 629 γίνονται
699 579 806 616 οὕτως
833 581 867 610 αἱ
893 582 1003 627 πηγαὶ
1028 581 1094 611 τῶν
1120 580 1299 624 ποταμῶν.

465 627 504 664 ἣν
532 627 623 659 ἀλλά
644 622 905 668 καὶῦτοιοότους
931 628 1017 656 είναι
1042 624 1169 662 τόπους
1188 623 1334 669 ἔχοντας
1352 623 1439 661 πλῆ-

456 683 489 710 ος
515 668 655 709 ὕδατος,
676 670 742 701 οἷον
767 669 901 711 λίμνας,
921 668 1015 701 Οὐθὲν
1039 669 1186 710 ἄτοπον,
1205 668 1295 705 πλήν
1322 668 1360 700 οὗ
1377 680 1439 706 τη-

433 716 600 753 λικαύτας
626 714 714 746 ὥστε
739 713 846 744 τοῦτο
872 714 1080 755 συμβαίνειν,
1101 711 1196 745 οὐθὲν
1220 714 1351 758 μᾶλλον
1370 711 1391 749 ἦ
1409 715 1438 744 εἴ

435 773 486 798 τις
514 763 619 792 οἴοιτο
645 758 708 795 τας
733 755 876 800 φανερὰς
906 754 993 790 εἶναι
1018 758 1132 804 πηγοὶς
1157 758 1224 790 τῶν
1249 758 1434 802 ποταμῶν·

435 800 556 850 σχεδόν
581 804 644 850 γαρ
671 804 706 834 ἐκ
730 801 856 844 κρηνῶν
884 803 912 832 Οἱ
939 804 1096 836 πλεῖστοι
1120 801 1262 848 ῥέουσιν.
1297 802 1434 847 “Ὀμοιον

433 849 490 882 οὖν
509 849 550 881 τό
568 850 702 889 ὲκείναςἱ
721 847 779 876 καὶ
797 845 838 876 τό
858 845 993 885 ταύτας
1010 848 1154 892 νομίζειν
1173 844 1260 879 εἶναι
1278 847 1319 880 τὸ
1337 847 1435 890 σῶμα

433 895 474 927 τό
493 894 555 926 τοῦ
577 890 704 928 ὕδατος
730 890 811 921 πᾶν.
842 887 920 922 ’Ὀτι
943 887 973 924 δ’
994 893 1056 924 εἰσὶ
1079 893 1244 925 τοιαῦται
1261 890 1433 937 φάραγγες

430 940 489 971 καὶ
513 934 711 973 διαστάσεις
737 934 799 971 τῆς
825 935 902 979 γῆς,
921 932 1079 975 δηλοῦσιν
1108 939 1136 969 οἱ
1160 935 1434 979 καταπινόμενοι

430 984 497 1015 τῶν
531 981 709 1026 ποταμῶν.
747 979 929 1021 Συμβαίνει
957 978 996 1015 δὲ
1026 982 1133 1015 τοῦτο
1165 982 1344 1026 πολλαχοῦ
1370 981 1433 1018 τῆς

429 1029 514 1074 γῆς,
543 1027 610 1058 οἷον
635 1026 699 1063 τῆς
719 1022 783 1101 §hev
808 1024 1067 1064 Πελοποννήσου
1097 1028 1246 1058 πλεῖστα
1279 1026 1432 1057 τοιαῦτα

431 1073 504 1116 περὶ
529 1071 592 1108 τήν
612 1071 716 1115 'Apu-z
741 1070 795 1099 ίαν
822 1068 927 1103 ἐστίν.
966 1073 1080 1104 Αἴτιον
1105 1067 1144 1102 δὲ
1167 1066 1227 1103 διά
1243 1070 1284 1103 τό
1304 1069 1431 1114 ὀρεινήν

431 1115 533 1148 Οῧσαν
551 1114 598 1159 μῆ
617 1115 706 1160 ἔχειν
728 1113 845 1157 ἕκρῡᾶὶς
863 1114 900 1146 ἐκ
919 1117 986 1148 τῶν
1010 1116 1144 1148 κοιλιῶν
1163 1115 1208 1153 εἰς
1227 1114 1429 1147 θάλατταν·

429 1160 655 1205 πληρούμενοι
680 1158 745 1205 γάρ
771 1159 801 1189 οἰ
826 1157 930 1192 τόποι
953 1163 1013 1193 καὶ
1038 1161 1098 1193 οὐκ.
1123 1160 1261 1204 ἔχοντες
1288 1159 1429 1204 ἔκρυσιν,

430 1206 532 1237 αὐτοὶ
556 1206 770 1250 εὑρίσκονται
795 1201 861 1238 τὴν
885 1200 999 1238 δίοδον
1025 1206 1069 1243 εἰς
1091 1205 1216 1246 βάθος,
1244 1204 1431 1246 ἀποβιαζο-

427 1249 528 1295 μένου
553 1253 616 1282 τοῦ
653 1246 776 1281 ἄνωθεν
809 1246 967 1288 ἐπιόντος
1000 1246 1141 1288 ὕδατος.
1178 1251 1253 1292 Περὶ
1283 1250 1342 1293 μὲν
1374 1247 1429 1280 οὖν

427 1294 492 1332 τήν
522 1289 677 1327 Ἐλλάδα
706 1290 809 1337 μικροὶ
839 1296 991 1327 τοιαῦτα
1024 1295 1203 1332 παντελῶς
1235 1295 1309 1327 ἐστι
1340 1292 1432 1340 γινό-

367 623 427 660 Οὔ(

426 1351 530 1382 μενα·
559 1339 633 1372 ἀλλ’
662 1337 684 1375 ἥ
769 1334 835 1367 ύπό
862 1339 922 1371 τὸν
950 1338 1133 1372 Καύκασον
1157 1340 1277 1384 λίμνη,
1303 1339 1343 1375 ἦν
1368 1349 1431 1370 κα-

425 1385 540 1416 λοῦσιν
566 1386 595 1416 οἱ
622 1381 691 1415 ἐκεῖ
736 1378 912 1426 άλατταν,
939 1383 1085 1429 φανερά·
1112 1382 1203 1421 αὕτη
1229 1383 1294 1430 γοὶρ
1320 1394 1430 1415 ποτα-

426 1429 493 1472 μῶν
520 1429 653 1461 πολλῶν
677 1429 736 1460 καὶ
753 1426 911 1470 μεγάλων
930 1427 1195 1470 εἰσβαλλόντων,
1216 1429 1276 1461 οὐκ
1302 1428 1429 1474 ἔχουσα

425 1473 540 1517 ἔκρουν
566 1474 726 1518 φανερόν,
754 1467 928 1506 ἐκδίδωσιν
957 1474 1023 1506 ὑπό
1047 1474 1112 1520 γῆν
1136 1474 1234 1506 κατα
1259 1472 1428 1517 Κοραξούς

426 1521 500 1563 περὶ
529 1518 578 1550 τά
606 1518 807 1562 καλούμενα
839 1517 950 1559 βαθέα
981 1518 1044 1552 τοῦ
1075 1517 1223 1550 Πόντου·
1250 1519 1371 1550 ταῦτα
1395 1512 1424 1548 δ’

426 1563 517 1596 ἐστὶν
546 1562 683 1609 ἄπειρόν
709 1575 743 1596 τι
769 1561 832 1600 τῆς
861 1562 1040 1601 θαλάττης
1066 1561 1186 1604 βάθος’
1214 1561 1321 1600 οὐθεὶς
1345 1562 1427 1609 γοῦν

424 1607 566 1641 πώποτε
598 1607 725 1646 καθιεὶς
758 1601 902 1646 ἐδυνήθη
935 1607 1040 1653 πέρας
1071 1608 1188 1653 εύρεϊν.
1229 1606 1354 1650 Ταύτῃ
1383 1601 1428 1643 δή

424 1653 535 1698 πόρρω
560 1652 623 1690 τῆς
649 1654 712 1699 γῆς
737 1664 755 1683 σ
784 1646 860 1684 εδόν
886 1655 958 1698 περὶ
981 1651 1164 1697 τριακόσια
1180 1647 1311 1685 στάδια
1329 1650 1428 1684 πότι-

450 1710 485 1730 ον
513 1693 715 1730 ἀναδίδωσιν
749 1709 766 1728 υ
791 1709 835 1741 ωρ
862 1698 917 1730 ἐπὶ
943 1697 1050 1730 πολὺν
1083 1697 1212 1738 τόπον,
1240 1697 1278 1729 οὐ
1304 1696 1427 1741 συνεχῆ

423 1707 481 1784 δὲ,
510 1740 600 1775 ἀλλά.
625 1754 747 1787 τρισσα
777 1742 810 1786 ᾖ.
844 1743 912 1774 Καὶ
937 1744 1010 1786 περὶ
1037 1741 1101 1779 τήν
1133 1741 1341 1788 Λιγυστικῆν
1368 1743 1427 1774 οὐκ

425 1787 583 1820 ἐλάττων
609 1788 671 1820 τοῦ
705 1754 869 1821 Ῥοχδανοῦ
902 1789 1138 1820 καταπίνεταί
1165 1798 1215 1824 τις
1251 1787 1424 1830 ποταμὸς,

423 1834 482 1865 καὶ
507 1831 609 1864 πάλιν
638 1827 823 1865 ἀναδίδωσι
854 1833 934 1864 κατ’
965 1831 1067 1864 ἄλλον
1099 1830 1224 1864 τόπον·
1253 1832 1269 1863 ὀ
1294 1830 1333 1863 δέ
1358 1832 1427 1864 Ῥο-

423 1873 525 1915 δανὸς
551 1876 708 1921 ποταμός
733 1875 983 1921 ναυσιπέρατός
1007 1877 1112 1909 ἐστιν.

416 1977 566 2004 Smopsxs.
583 1992 618 1996 —
646 1984 670 2003 1.
692 1976 905 2012 Argumentum
920 1981 947 2003 et
962 1974 1066 2003 divisio
1082 1980 1183 2002 texms.
1206 1975 1250 2002 De
1271 1973 1376 2011 quibus
1398 1979 1425 2002 et

355 2025 415 2053 quo
437 2015 539 2044 ordine
560 2015 714 2053 agendum.
736 2031 755 2035 —
778 2022 805 2043 2.
831 2015 937 2052 Opinio
959 2014 1141 2052 quorundam
1164 2014 1200 2042 de
1222 2014 1323 2042 ventis.
1340 2013 1425 2042 Dixe-

354 2062 422 2084 runt
442 2055 519 2084 idern
541 2065 647 2092 corpus
669 2055 750 2092 quod
772 2054 876 2083 dicitur
896 2064 954 2090 aer,
976 2055 1047 2083 dum
1068 2054 1131 2082 fluit
1153 2060 1181 2082 et
1202 2060 1344 2090 movetur,
1364 2063 1426 2082 esse

353 2102 485 2130 ventum;
508 2097 579 2123 dum
598 2101 711 2124 constat
732 2101 760 2123 et
774 2094 953 2131 inspissatur,
975 2103 1038 2123 esse
1052 2095 1161 2122 nubem
1176 2100 1204 2122 et
1218 2103 1335 2131 aquarn.
1351 2094 1426 2122 Hinc

353 2135 486 2164 nonnulli
507 2135 665 2163 intulerunt
685 2144 747 2163 non
768 2143 831 2163 esse
851 2134 907 2163 nisi
925 2144 1018 2162 unum
1031 2141 1159 2163 ventum.
1174 2150 1192 2155 -
1208 2135 1265 2162 Sed
1282 2135 1318 2163 de
1333 2134 1424 2163 ventis

354 2175 427 2204 insi-a
441 2185 495 2204 suo
516 2175 582 2204 loco
604 2175 663 2210 (lib.
679 2176 710 2210 11,
726 2175 790 2203 lect.
805 2176 866 2210 vn).
877 2190 896 2195 —
913 2175 938 2203 3.
954 2175 1063 2203 Textus
1085 2173 1253 2203 subdivisio.
1268 2191 1288 2195 -
1302 2175 1349 2202 De
1369 2183 1424 2213 ge-

353 2215 502 2244 neratione
516 2215 681 2254 fluviorum
704 2214 800 2252 opinio
818 2214 1009 2252 praecedenti
1029 2214 1143 2243 similis.
1165 2214 1286 2242 Videtur
1304 2214 1423 2251 quibus-

353 2256 421 2284 dam
442 2256 538 2292 quod,
567 2255 638 2283 dum
664 2264 742 2292 aqua
763 2254 872 2283 elevata
898 2263 949 2291 per
976 2254 1213 2291 vaporationem,
1235 2254 1340 2282 iterun-1
1361 2254 1424 2282 fluit

353 2296 506 2330 deorsum,
529 2302 720 2332 congregatur
741 2295 794 2322 sub
815 2300 904 2330 terra,
927 2301 955 2323 et
976 2294 1059 2330 inde,
1081 2294 1169 2322 veluti
1189 2303 1223 2322 ex
1246 2303 1352 2331 magna
1371 2303 1423 2322 vo-

352 2335 463 2372 ragine,
486 2335 549 2363 fluit
569 2341 671 2372 postea
692 2335 730 2363 ad
755 2334 973 2371 generationem
994 2334 1151 2363 fluviorum
1173 2340 1200 2362 et
1221 2334 1355 2363 fontium.
1379 2333 1422 2362 Si-

351 2384 441 2412 gnum
455 2375 540 2403 huius
554 2375 635 2403 aiunt
649 2383 719 2410 esse,
732 2375 812 2411 quod
827 2374 857 2402 in
871 2374 966 2403 hieme
981 2380 1024 2403 est
1037 2374 1131 2403 maior
1144 2374 1238 2402 fluxus
1256 2373 1423 2403 fluviorum.

352 2415 427 2443 Hinc
441 2415 527 2443 etiam
542 2415 689 2451 assignant
703 2423 821 2443 causam
835 2414 1022 2451 perennitatis
1037 2420 1066 2443 et
1084 2413 1346 2451 non-perennitatis
1368 2414 1422 2442 flu-

351 2454 476 2483 viorum.
502 2471 522 2475 -
546 2464 574 2490 4.
597 2455 780 2491 improbatur
808 2454 1032 2491 quadrupliciter
1059 2454 1131 2483 haec
1159 2453 1269 2491 opinio.
1291 2455 1320 2489 a)
1346 2454 1422 2482 Cum

352 2494 507 2523 multitudo
522 2504 663 2531 aquarum
678 2503 753 2531 quae
767 2503 819 2531 per
833 2503 936 2522 omnes
951 2494 1055 2522 fluvios
1068 2493 1205 2522 continue
1220 2493 1292 2529 fluit,
1304 2494 1423 2522 excedat

351 2540 444 2563 totam
465 2534 695 2571 magnitudinem
713 2540 815 2570 terrae,
830 2534 875 2562 vel
889 2543 993 2571 parum
1015 2534 1052 2562 ab
1074 2543 1108 2562 ea
1129 2533 1252 2569 deficiat,
1274 2539 1423 2570 oporteret

352 2580 444 2603 totam
470 2581 576 2602 terram
604 2573 723 2602 interius
749 2583 812 2602 esse
841 2583 1015 2609 concavam,
1043 2580 1076 2602 ut
1102 2579 1201 2610 posset
1228 2582 1330 2610 capere
1357 2579 1421 2602 tan-

352 2620 412 2642 tam
433 2623 526 2651 aquae
548 2613 748 2651 quantitatem.
770 2615 835 2642 Hoc
856 2620 953 2642 autem
967 2619 1046 2650 patet
1066 2622 1129 2642 esse
1144 2613 1256 2641 falsum.
1271 2629 1292 2634 —-
1307 2613 1332 2641 5.
1349 2613 1377 2648 b)
1393 2613 1422 2641 Si

353 2663 440 2690 supra
460 2660 566 2682 terram
587 2663 710 2690 vapores
731 2654 947 2682 condensantur
967 2653 998 2682 in
1018 2662 1125 2690 aquam
1145 2659 1265 2690 propter
1284 2652 1423 2690 frigidita—

352 2700 420 2730 tem,
436 2700 552 2731 oportet
573 2693 734 2722 existimare
749 2693 830 2730 quod
850 2702 884 2722 ex
905 2694 1007 2722 eadem
1027 2702 1114 2722 causa
1127 2692 1214 2722 etiarn
1229 2693 1303 2721 infra
1316 2699 1422 2721 terram

496 2810 507 2821 ,
531 2821 536 2824 μ
618 2794 795 2835 ostquam
811 2786 1069 2835 Philosophus
1091 2786 1357 2824 determinavit
1373 2787 1419 2823 de

440 2834 445 2847 ¹
484 2847 502 2875 <‘
561 2840 602 2903 ἦν
616 2839 674 2877 his
694 2851 794 2888 quae
813 2847 1041 2888 generantur
1059 2839 1098 2877 in
1112 2839 1133 2862 ‘¹‘
1147 2841 1222 2876 alto
1238 2840 1286 2876 ab
1308 2841 1419 2877 exha-

562 2894 601 2941 ’ΛΞ
616 2893 756 2930 latione
793 2893 972 2941 humida,
1011 2892 1072 2930 hic
1108 2893 1334 2931 determinat
1371 2894 1418 2931 de

429 2970 438 2974 ν
503 2975 508 2986 .
576 2942 598 2968 ‘³'
616 2946 674 2983 his
703 2958 802 2995 quae
831 2953 1060 2995 generantur
1086 2946 1125 2984 in
1153 2954 1252 2984 terra
1285 2959 1330 2984 ex
1359 2959 1419 2984 ea-

352 2999 442 3036 dem
470 2999 636 3047 materia‚
659 2999 799 3038 scilicet
818 3000 865 3037 de
894 3000 1060 3038 fontibus
1082 3007 1117 3037 et
1135 2999 1358 3037 fluminibus
1386 3000 1417 3038 ²¹⁸.

352 3053 401 3089 Et
429 3052 608 3090 dividitur
626 3053 665 3090 in
693 3061 819 3102 partes
839 3054 952 3091 duas:
982 3053 1022 3091 in
1040 3053 1166 3103 prima
1193 3053 1419 3091 determinat

352 3106 400 3143 de
429 3118 543 3143 causa
571 3107 824 3155 generationis
852 3106 1081 3153 fluviorum;
1111 3106 1346 3152 insecunda
1371 3108 1418 3145 de

353 3158 549 3196 duratione
580 3172 726 3209 eorum,
747 3160 816 3198 ibi:
845 3161 938 3198 Non
966 3172 1115 3210 semper
1133 3166 1259 3198 autem
1287 3161 1418 3198 eadem

351 3211 434 3248 loca
461 3212 481 3233 ’¹‘
510 3220 579 3250 etc.

406 3265 514 3302 Circa
530 3266 695 3314 primum
712 3266 781 3303 tria
800 3266 898 3304 facit.
915 3267 1045 3304 Primo
1062 3266 1184 3305 dicit*
1200 3267 1247 3304 de
1267 3279 1343 3316 quo
1365 3274 1420 3304 est

351 3316 518 3355 intentio.
545 3319 594 3355 Et
622 3319 710 3356 dicit
737 3320 843 3368 quod
872 3328 927 3357 est
957 3321 1005 3358 de
1033 3320 1157 3358 ventis
1178 3328 1214 3358 et
1239 3320 1419 3358 omnibus

351 3382 450 3418 quae
491 3383 535 3408 ex
572 3372 695 3409 ventis
733 3380 959 3421 causantur,
997 3381 1033 3411 et
1066 3374 1113 3412 de
1141 3373 1268 3412 fluviis
1307 3382 1342 3411 et
1371 3374 1418 3411 de

404 3518 431 3551 α)
451 3519 514 3551 quia
534 3519 566 3544 de
585 3520 681 3545 talibus
700 3520 766 3545 nihil
784 3522 964 3554 accepimus...
984 3523 1124 3556 contingit.
1140 3537 1158 3542 -
1176 3524 1249 3548 Hanc
1269 3524 1413 3553 lectionem.

351 3561 418 3586 quae
436 3554 592 3579 examussim
613 3556 644 3579 ad
663 3555 773 3580 litteram
797 3561 881 3581 textus
905 3558 1059 3590 respondet.
1085 3558 1205 3584 exhibent
1228 3559 1287 3590 AB,
1307 3564 1413 3592 excepto

1089 283 1680 320 METEOROLOGICORUM
1709 284 1804 321 LIB.
1835 286 1849 321 I

1562 370 1609 395 est
1632 365 1749 404 dicere,
1765 365 1847 396 sicut
1862 375 1966 407 neque
1981 365 2036 406 qui
2056 364 2208 404 nubium,
2226 365 2251 396 si
2268 365 2452 398 existentem
2468 378 2566 410 opor-

1560 410 1646 440 tebat
1668 410 1766 440 fluere
1789 410 1906 449 solum,
1932 416 1962 440 et
1985 420 2052 440 non
2071 409 2133 440 hoc
2157 409 2289 450 quidem
2313 409 2475 451 deficeret,
2503 413 2565 444 hoc

1561 460 1669 484 autem
1693 454 1791 493 fieret,
1816 455 1871 485 sed
1895 464 2019 495 semper
2043 454 2082 484 ab
2107 453 2257 485 existente
2279 455 2499 495 accipiebatur.
2523 458 2566 488 Et

1561 498 1620 529 sub
1644 498 1808 530 montibus
1832 508 1901 530 esse
1922 498 2038 537 fontes,
2063 505 2226 533 attestatur
2248 499 2324 540 quia
2347 509 2384 530 ex
2404 500 2565 532 confluere

1538 556 1541 558 ·
1560 543 1599 573 ad
1623 543 1790 574 modicum
1813 544 1843 574 e't
1866 543 2021 584 paulatim
2045 553 2081 574 ex
2105 542 2215 574 multis
2242 543 2488 584 scaturiginibus
2517 545 2564 576 di—

1560 587 1686 618 stribuit
1707 588 1813 626 locus,
1838 595 1868 619 et
1891 587 1972 618 fiunt
1995 587 2039 618 sic
2063 587 2167 619 fontes
2190 586 2374 619 fluviorum.
2478 614 2481 618 ,

1492 631 1567 662 Νοῐι
1589 632 1713 671 solum,
1737 632 1793 663 sed
1816 639 1847 663 et
1869 632 1942 663 talia
1965 642 2032 663 esse
2054 632 2126 663 loca
2148 631 2297 663 habentia
2322 632 2564 664 multitudinem

1559 686 1672 717 aquae,
1687 677 1776 707 velut
1791 683 1911 717 stagna,
1922 676 2001 707 nihil
2017 676 2254 715 inconveniens,
2268 677 2323 707 sed
2338 686 2405 707 non
2422 677 2462 708 ad
2476 683 2564 709 tanta

1559 728 1596 752 ut
1619 721 1681 752 hoc
1704 721 1838 760 accidat;
1862 721 1941 752 nihil
1973 721 2073 761 magis
2096 731 2196 762 quam
2218 721 2244 751 si
2267 721 2340 761 quis
2363 727 2454 762 putet
2480 732 2562 763 quae

1558 766 1725 797 manifesta
1748 775 1814 796 esse
1838 765 1943 796 fontes
1963 765 2154 804 fluviorum;
2178 765 2241 796 fere
2258 764 2344 796 enim
2363 775 2400 796 ex
2418 765 2563 797 fontibus

1558 810 1688 850 plurimi
1703 810 1818 841 fluunt.
1836 810 1944 841 Simile
1958 810 2054 850 igitur
2069 810 2123 841 illa
2139 816 2170 841 et
2187 810 2265 840 haec
2281 816 2392 850 putare
2409 819 2477 841 esse
2492 821 2562 841 cor-

1558 865 1619 895 pus
1634 865 1735 895 aquae
1752 864 1859 885 omne.
1877 854 1976 892 Quod
1992 861 2099 885 autem
2116 861 2191 885 sunt
2209 854 2286 885 tales
2302 854 2407 885 fontes
2423 861 2455 886 et
2468 864 2562 886 vora-

1557 899 1646 939 gines
1660 905 1770 936 terrae,
1782 898 1985 930 manifestant
2000 899 2141 940 absorpti
2163 898 2347 930 fluviorum.
2366 898 2491 930 Accidit
2505 909 2562 930 au-

1557 950 1622 974 tem
1638 943 1700 974 hoc
1715 943 1747 973 in
1761 942 1870 973 multis
1883 942 1962 973 locis
1977 949 2091 974 terrae:
2108 950 2186 984 puta
2197 943 2412 983 Peloponnesi
2423 943 2561 983 plurima

1556 987 1629 1018 talia
1652 987 1732 1018 circa
1751 987 1920 1018 Arcadiam
1943 994 2028 1018 sunt.
2045 987 2150 1019 Causa
2171 993 2296 1026 autem,
2313 987 2388 1029 quia
2410 995 2562 1019 montosa

1555 1031 1689 1062 existens
1712 1041 1780 1062 non
1812 1030 1906 1062 habet
1929 1031 2063 1062 effluxus
2087 1041 2125 1062 ex
2147 1032 2243 1062 alveis
2261 1032 2295 1062 in
2317 1039 2418 1063 mare:
2442 1032 2562 1073 repleta

1555 1076 1641 1106 enim
1663 1076 1734 1107 loca
1766 1081 1798 1106 et
1829 1085 1896 1106 non
1919 1075 2067 1106 habentia
2094 1076 2266 1114 effluxum,
2294 1075 2372 1117 ipsis
2393 1076 2562 1108 inveniunt

1554 1120 1722 1151 transitum
1737 1120 1770 1150 in
1785 1119 1996 1160 profundum,
2009 1126 2141 1160 cogente
2153 1119 2289 1161 desuper
2305 1120 2451 1152 veniente
2465 1131 2559 1162 aqua.

1555 1164 1647 1196 Circa
1669 1165 1839 1195 Helladem
1862 1164 1993 1205 quidem
2016 1174 2112 1204 parva
2134 1164 2210 1195 talia
2225 1163 2361 1197 omnino
2377 1171 2452 1196 sunt
2467 1164 2560 1204 facta,

1554 1210 1609 1240 sed
1622 1209 1681 1240 sub
1694 1209 1840 1241 Caucaso
1851 1215 2000 1249 stagnum
2014 1209 2104 1250 quod
2118 1215 2234 1240 vocant
2249 1208 2306 1250 qui
2320 1208 2364 1240 ibi
2376 1216 2479 1240 mare:
2495 1209 2560 1241 hoc

1553 1254 1650 1292 enim,
1662 1253 1771 1285 multis
1786 1253 1890 1284 fluviis
1903 1260 1934 1284 et
1949 1253 2072 1294 magnis
2087 1252 2347 1293 ingredientibus,
2358 1263 2425 1284 non
2439 1253 2560 1286 habens

1553 1299 1707 1329 effluxum
1730 1298 1946 1336 manifestum,
1970 1297 2090 1328 derivat
2112 1298 2172 1328 sub
2195 1303 2278 1328 terra
2297 1297 2384 1328 iuxta
2403 1297 2559 1339 Coi-axos,

1553 1343 1633 1374 circa
1655 1350 1768 1374 vocata
1786 1342 1950 1374 Profunda
1971 1341 2078 1373 Ponti.
2099 1342 2187 1372 Haec
2209 1348 2323 1372 autem
2341 1348 2416 1373 sunt
2434 1341 2560 1376 infinita

1552 1388 1710 1429 quaedam
1734 1387 1828 1418 maris
1851 1386 2066 1427 profunditas:
2092 1386 2200 1417 nullus
2224 1385 2310 1417 enim
2334 1396 2481 1428 unquam
2501 1387 2559 1429 qui

1552 1432 1757 1470 descenderit,
1768 1431 1874 1472 potuit
1887 1431 2061 1462 terminum
2073 1430 2225 1462 invenire.
2238 1430 2326 1461 Haec
2338 1437 2447 1462 autem
2461 1431 2559 1472 longe

1552 1487 1570 1507 a
1592 1483 1674 1508 terra
1689 1476 1752 1507 fere
1768 1477 1808 1507 ad
1822 1482 1960 1507 trecenta
1983 1475 2081 1506 stadia
2097 1474 2272 1516 potabilem
2287 1475 2424 1507 reddunt
2439 1485 2558 1519 aquam

1551 1521 1584 1552 in
1608 1521 1748 1552 multum
1771 1521 1892 1559 locum,
1916 1530 1983 1551 non
2002 1520 2037 1550 in
2053 1520 2219 1558 directum,
2243 1519 2299 1550 sed
2312 1518 2346 1550 in
2361 1525 2424 1552 tres
2441 1527 2556 1562 partes.

1551 1566 1592 1596 Et
1622 1565 1703 1596 circa
1731 1565 1925 1605 Ligusticum
1953 1574 2020 1595 non
2049 1564 2155 1595 minor
2182 1563 2342 1595 Rhodano
2372 1565 2561 1597 absorbetur

1550 1610 1683 1651 quidam
1707 1609 1839 1648 fluvius,
1863 1616 1894 1641 et
1921 1609 2038 1640 iterum
2065 1608 2222 1649 egreditur
2250 1608 2429 1643 secundum
2456 1609 2558 1644 alium

1550 1654 1677 1686 locum:
1696 1654 1872 1685 Rhodanus
1894 1660 2002 1685 autem
2023 1659 2070 1684 est
2092 1653 2210 1685 fluvius
2227 1653 2361 1684 navibus
2384 1659 2557 1686 trammea-

1550 1699 1631 1730 bilis.

1480 1982 1602 2010 vapores
1616 1973 1797 2002 resolvantur
1811 1972 1841 2001 in
1856 1981 1980 2010 aquam:
2003 1978 2031 2000 et
2045 1971 2084 2000 ita
2099 1971 2170 2000 fluet
2184 1980 2236 2009 per
2255 1971 2360 2002 fluvios
2374 1981 2436 2002 non
2457 1973 2555 2003 solum

1479 2022 1556 2050 aqua
1578 2013 1730 2050 separatim
1747 2013 1879 2048 existens,
1895 2012 1977 2050 quasi
1998 2011 2029 2040 in
2050 2011 2149 2050 aliquo
2165 2013 2349 2050 receptaculo
2369 2020 2554 2052 congregata,

1480 2054 1531 2082 sed
1552 2060 1580 2082 et
1601 2053 1648 2082 illa
1675 2062 1750 2090 quae
1777 2053 1915 2082 continue
1941 2059 2096 2090 generatur
2123 2052 2161 2081 de
2187 2061 2267 2082 novo
2295 2052 2370 2082 insta
2393 2059 2512 2084 terr-m.
2535 2070 2555 2077 -

1480 2094 1508 2122 6.
1524 2095 1550 2130 c)
1571 2093 1740 2122 Excluditur
1761 2093 1791 2121 id
1811 2094 1892 2130 quod
1912 2092 2083 2130 responderi
2103 2099 2212 2130 posset,
2226 2092 2366 2122 nimirum
2379 2093 2463 2131 quod
2474 2102 2554 2132 aqua

1478 2140 1632 2171 generatur
1652 2133 1771 2171 quidem
1793 2132 1867 2162 inii-a
1886 2139 2003 2169 terram,
2025 2134 2077 2162 sed
2097 2139 2160 2162 tota
2179 2132 2266 2162 simul
2287 2132 2431 2171 colligitur
2446 2129 2481 2166 ih
2501 2133 2554 2163 nli-

1479 2173 1584 2211 quibus
1605 2173 1807 2211 receptaculis,
1829 2174 1907 2202 unde
1927 2173 2051 2203 flumina
2071 2173 2175 2202 fluunt.
2198 2173 2323 2210 Oportet
2343 2173 2426 2212 enim
2442 2167 2553 2212 :quim

1478 2213 1540 2242 fieri
1561 2214 1615 2242 sub
1636 2216 1729 2250 terra,
1751 2213 1825 2242 sicut
1845 2213 1877 2242 fit
1898 2223 1986 2251 supra
2006 2220 2131 2250 terram3
2153 2219 2183 2243 et
2202 2213 2270 2242 ideo
2291 2213 2380 2243 etiam
2401 2212 2476 2245 infra
2494 2219 2554 2243 ter-

1477 2263 1540 2282 ram
1561 2253 1658 2290 primo
1679 2260 1855 2291 generantur
1875 2263 1981 2291 parvae
1992 2259 2106 2291 guttae;
2127 2259 2157 2282 et
2176 2252 2219 2282 sic
2238 2252 2382 2291 principia
2394 2251 2553 2285 fluviorum

1477 2299 1545 2322 sunt
1559 2294 1704 2331 quaedam
1725 2302 1830 2331 parvae
1852 2293 2039 2331 scaturigines
2061 2293 2092 2322 in
2112 2293 2173 2323 imo
2195 2299 2297 2322 terrae.
2312 2310 2334 2315 -
2353 2292 2554 2324 Manifestum

1477 2334 1542 2362 hoc.
1565 2335 1602 2362 Et
1618 2333 1719 2372 primo
1741 2343 1775 2362 ex
1796 2342 1886 2371 opere
1907 2342 2012 2363 eorum
2033 2333 2083 2372 qui
2105 2333 2214 2363 faciunt
2234 2340 2354 2371 puteos,
2374 2333 2422 2363 vel
2440 2333 2553 2372 aliquid

1477 2373 1579 2402 simile.
1594 2389 1613 2394 —
1628 2383 1655 2411 7.
1671 2374 1870 2403 Manifestatur
1883 2374 2010 2403 secundo
2031 2383 2084 2411 per
2098 2374 2155 2403 hoc
2175 2374 2258 2412 quod
2278 2373 2435 2403 fluviorum
2449 2373 2554 2414 ‘fluxus

1476 2413 1611 2442 videntur
1631 2423 1693 2442 esse
1714 2423 1749 2442 ex
1770 2413 1935 2450 montibus,
1957 2421 1986 2442 et
2006 2413 2126 2443 maximi
2145 2413 2227 2443 fluvii
2246 2414 2343 2442 fluunt
2362 2422 2398 2443 ex
2417 2413 2552 2446 mimis

1476 2453 1635 2482 montibus.
1657 2454 1754 2482 Causa
1774 2453 1870 2482 huius.
1884 2469 1903 2476 ·—
1919 2454 1950 2483 8.
1962 2453 2131 2483 Excluditur
2150 2453 2225 2483 ratio
2252 2453 2438 2491 opinantium
2457 2453 2551 2484 modo

1475 2493 1642 2530 supradicto
1664 2494 1709 2530 (n.
1736 2493 1781 2528 3.)
1803 2495 1870 2522 Non
1892 2499 1936 2522 est
1961 2493 2170 2525 inconveniens
2197 2494 2279 2531 quod
2299 2494 2354 2523 sub
2374 2493 2551 2525 temsinve-

1475 2533 1592 2562 niantur
1612 2532 1711 2570 aliqua
1730 2533 1817 2562 veluti
1832 2539 1875 2562 sta
1916 2542 1934 2562 a
1947 2533 2127 2562 continentia
2139 2539 2207 2562 actu
2228 2533 2445 2563 multitudinem
2457 2541 2550 2572 aqua-

1476 2583 1557 2609 rum;
1580 2573 1631 2601 sed
1652 2573 1729 2601 istud
1750 2582 1811 2602 non
1833 2582 1867 2602 su
1902 2572 1939 2602 cit
1961 2579 1993 2602 ut
2013 2573 2117 2602 exinde
2137 2572 2230 2611 possit
2251 2582 2370 2603 manare
2391 2579 2453 2603 ton
2471 2582 2551 2612 aqua

1476 2612 1642 2642 fluviorum.
1663 2629 1684 2634 -
1705 2614 1795 2648 Quod
1816 2619 1914 2642 autern
1934 2613 1990 2642 sint
2004 2613 2120 2651 aliquae
2133 2613 2320 2642 collectiones
2336 2622 2481 2651 aquarum
2495 2615 2549 2643 sub

1477 2659 1567 2689 terra,
1589 2659 1685 2690 potest
1705 2662 1768 2681 esse
1796 2653 1982 2682 manifestum
2008 2662 2042 2682 ex
2063 2654 2121 2682 hoc
2141 2653 2223 2691 quod
2244 2653 2335 2683 multa
2354 2653 2479 2683 flumina
2497 2655 2550 2684 ab·

1477 2693 1632 2722 sorbentur
1652 2702 1670 2722 a
1690 2699 1775 2722 terra.

1473 2786 1581 2824 mari.
1602 2787 1662 2823 De
1691 2785 1829 2836 quibus
1857 2787 1933 2824 hoc
1957 2786 2092 2824 ordine
2118 2786 2274 2836 dicetur,
2295 2787 2403 2837 quod
2421 2786 2548 2838 primo

1472 2852 1737 2889 proponemus
1766 2839 2022 2878 dubitationes
2046 2840 2098 2879 ad
2125 2840 2315 2890 nosiPSOS,
2346 2848 2384 2879 et
2412 2848 2548 2891 postea

1474 2892 1788 2931 declarabimus*
1806 2893 2006 2931 veritatem
2035 2894 2084 2932 ad
2113 2893 2303 2944 nosipsos,
2324 2901 2362 2932 et
2389 2906 2470 2932 non
2497 2893 2546 2933 ad
2577 2909 2586 2919 ·

1473 2947 1587 2984 alios:
1619 2947 1708 2998 quia
1728 2947 1776 2984 de
1805 2947 1942 2984 talibus
1962 2947 2054 2985 nihil
2082 2947 2304 2997 accepimus
2331 2947 2477 2987 dictum
2497 2947 2546 2986 ab

1474 3000 1575 3048 aliis,
1606 3000 1711 3050 quod
1749 3012 1828 3038 non
1866 2999 2023 3050 quilibet
2058 3000 2180 3050 possit
2214 3000 2357 3050 dicere,
2386 3000 2483 3039 sicut
2511 3009 2547 3040 et

1474 3054 1572 3091 circa
1600 3054 1692 3091 alias
1721 3053 1899 3092 materias
1929 3053 2110 3103 contingit
2128 3060 2156 3092 ².
2432 3104 2434 3106 v

1528 3119 1564 3145 2.
1587 3107 1767 3145 Secundo
1795 3107 1865 3145 ibi:
1887 3105 1987 3145 Sunt
2002 3113 2130 3145 autem
2149 3107 2305 3157 quidam
2333 3114 2418 3157 etc„
2437 3107 2548 3159 ponit

1474 3160 1676 3209 opiniones
1694 3160 1715 3183 ’¹‘
1733 3159 1979 3210 quorundam
2009 3161 2056 3199 de
2075 3161 2212 3199 ventis.
2245 3161 2296 3198 Et
2324 3160 2414 3199 dicit
2440 3161 2547 3218 quod
2574 3175 2584 3185 ·

1473 3213 1631 3263 quidam
1661 3214 1836 3252 dixerunt
1864 3215 1969 3264 quod
2005 3226 2145 3264 corpus
2172 3214 2278 3264 quod
2303 3214 2441 3254 dicitur
2467 3212 2544 3265 aer,

1474 3267 1567 3304 dum
1596 3267 1680 3305 fluit
1717 3275 1753 3305 et
1781 3275 1982 3317 movetur,
2012 3275 2069 3306 est
2096 3275 2255 3315 ventus;
2286 3269 2381 3306 dum
2414 3275 2546 3307 autem

1474 3328 1621 3358 constat
1649 3329 1686 3358 et
1714 3321 1957 3371 inspissatur,
1988 3329 2045 3359 est
2072 3321 2195 3360 nubes
2228 3328 2265 3359 et
2292 3333 2414 3372 aqua;
2440 3334 2486 3360 ac
2513 3321 2545 3360 si

1474 3373 1611 3411 eadem
1640 3382 1774 3412 natura
1802 3374 1849 3412 sit
1885 3387 2021 3425 aquae,
2051 3374 2149 3413 aeris
2178 3382 2214 3413 et
2245 3374 2361 3424 venti,
2389 3382 2426 3414 et
2453 3375 2546 3414 nihil

1468 3524 1577 3556 quilibet
1591 3525 1679 3556 possit
1698 3524 1794 3554 dicere,
1815 3528 1871 3550 tam
1885 3525 1983 3560 facilia
1997 3528 2061 3550 sunt
2075 3525 2149 3551 dicta
2162 3531 2270 3563 eorugm·
2283 3528 2309 3551 et
2323 3525 2384 3551 ideo
2402 3532 2456 3551 non
2474 3525 2544 3550 mul-

1467 3562 1523 3585 tum
1542 3560 1695 3585 curabimus
1713 3567 1753 3586 ea.
1773 3561 1825 3586 Sed
1844 3561 1916 3593 quod
1936 3560 1999 3586 haec
2025 3561 2101 3586 lectio
2120 3568 2173 3586 non
2192 3561 2225 3586 sit
2249 3560 2417 3594 praeferenda
2438 3559 2544 3586 lectioni

351 3589 421 3621 quod
441 3596 488 3621 pro
506 3589 570 3622 quia
588 3595 707 3622 corrupte
726 3591 841 3616 scribunt
859 3599 934 3624 quae,
955 3597 981 3617 et
999 3601 1047 3626 pro
1066 3593 1174 3623 dictum,
1195 3594 1299 3624 dicunt,
1318 3602 1346 3619 ac
1365 3602 1413 3627 pro
1466 3595 1555 3626 codd„
1573 3600 1642 3628 patet
1661 3600 1716 3620 tum
1735 3603 1766 3620 ex
1785 3596 1923 3621 collatione
1944 3601 2037 3627 textus,
2056 3601 2112 3621 tum
2132 3603 2163 3621 ex
2182 3595 2374 3630 comparatione
2396 3594 2465 3620 illiue
2483 3594 2542 3620 dicti

350 3624 499 3656 accepimus
517 3624 613 3649 habent
635 3625 793 3657 accipimus,
818 3627 850 3651 de
873 3634 927 3659 quo
946 3627 1005 3652 vide
1024 3633 1129 3653 textum.
1154 3629 1191 3653 Pa
1211 3630 1283 3654 aliter
1306 3629 1411 3662 legunt,

351 3667 461 3692 nempe:
481 3660 543 3692 quia
565 3660 598 3685 de
622 3661 718 3686 talibus
737 3661 802 3686 nihil
820 3662 979 3694 accipiemus
998 3663 1098 3688 dictum
1121 3664 1154 3689 ab
1176 3664 1249 3694 aliis,
1269 3665 1340 3697 quod
1359 3673 1410 3690 non

1465 3634 1491 3655 et
1510 3630 1569 3656 ideo
1589 3636 1650 3662 etc.,
1671 3638 1731 3655 cum
1750 3635 1805 3656 toto
1829 3638 1955 3664 processu
1974 3630 2053 3656 huius
2072 3630 2190 3656 lectionls
2209 3636 2235 3656 et
2253 3629 2428 3664 sequentium.
2448 3629 2486 3655 ef.
2500 3630 2544 3655 De

1468 3666 1534 3691 Gen.
1548 3668 1575 3691 et
1590 3666 1678 3696 Corn,
1691 3666 1710 3696 1,
1726 3673 1763 3697 111,
1780 3673 1804 3692 2.
2066 3669 2078 3680 “
