2782 4134
45 3558 48 3559 .
85 3528 180 3551 itionem
194 3535 216 3551 ι’.

44 3614 82 3663 (ἔ.
91 3616 143 3639 lect.
153 3622 230 3645 praec.

1137 299 1248 336 CAP.
1280 300 1310 347 1,
1342 299 1493 336 LECT.
1524 300 1576 336 1v

2383 300 2458 348 239

1011 522 1313 580 LECTIO
1353 526 1697 615 QUARTA

495 683 625 715 ALIAE
649 681 867 714 RATIONES
890 682 1152 713 NATURALES
1174 683 1469 716 AFFERUNTUR
1493 686 1673 718 CONTRA
1697 688 1938 720 OPINIONEM
1961 690 2175 722 PLATONIS
2192 708 2211 714 -

909 738 1195 770 IMPROBATUR
1218 740 1365 772 OPINIO
1389 742 1802 776 PYTHAGORICORUM

248 882 328 916 Ἔτι
351 881 380 913 εἰ
404 879 463 924 μὲν
490 878 539 912 τά.
558 872 707 911 ἐπίπεδα
729 875 830 922 μόνον
855 877 952 910 κατσὶ
970 875 1131 923 γραμμὴν
1150 871 1330 922 ὲιδέχεται

323 923 556 966 συντίθεσθαι,
585 922 736 955 ἄτοπον·
763 921 873 966 ὥσπερ
898 921 964 968 γαῖρ
995 923 1055 953 καὶ
1078 921 1220 968 γραμμή
1249 921 1330 965 πρὸς

322 970 484 1018 γραμμήν
504 967 700 1013 ἀμφοτέρως
718 965 928 1007 συντίθεται,
946 968 1004 998 καὶ
1024 967 1122 999 κατὰ
1141 969 1247 1011 μῆκος
1272 969 1330 998 καὶ

322 1017 421 1048 κατὰ
444 1013 592 1054 πλάτος,
613 1008 666 1044 δεῖ
688 1014 746 1044 καὶ
772 1006 933 1044 ἐπίπεδον
960 1007 1110 1053 ἐπιπέδῳ
1135 1012 1196 1044 τόν
1223 1011 1330 1044 αὐτὸν

324 1059 466 1104 τρόπον.
507 1056 650 1104 Γραμμὴ
687 1052 725 1088 δέ
757 1051 906 1089 δυ’ναται
940 1058 1081 1102 γραμμῇ
1114 1055 1330 1089 συντίθεσθαι

322 1104 420 1138 κατὰ
442 1102 603 1150 γραμμήν
629 1099 879 1145 ἐπιτιθεμένην,
908 1101 946 1132 οὐ
965 1101 1031 1145 μήν
1050 1100 1327 1146 προστιθεμένην.

283 1146 291 1155 ’
317 1148 426 1182 ’Anat
449 1149 516 1193 μήν
541 1149 571 1179 εἴ
594 1159 632 1193 γε
657 1147 716 1178 καὶ
740 1146 838 1178 κατὰ
862 1145 995 1184 πλάτος
1023 1142 1202 1192 ἐνδέχεται
1219 1148 1332 1178 συντί-

323 1193 460 1235 θεσθαι,
484 1193 592 1237 Αέσται
624 1202 659 1224 τι
691 1191 790 1235 σῶμα
820 1191 836 1222 ὃ
862 1190 943 1222 οὔτε
975 1196 1146 1237 στοιχεῖον
1182 1191 1262 1224 οὔτε
1294 1191 1330 1223 ἐκ

222 1273 234 1275 ,
266 1239 502 1293 λκ-,στοτχεΐων
533 1229 768 1280 συντιθέμενον
797 1235 835 1268 ἐκ
865 1236 932 1268 τῶν
964 1234 1054 1269 οὕτω
1086 1235 1330 1280 συντιθεμένων

325 1279 509 1317 ὲπιπεδων.

249 1329 327 1363 Ἔτι
351 1329 380 1361 εἱ
403 1328 463 1373 μὲν
490 1325 613 1363 πλήθει
642 1325 817 1369 βαρύτερα
842 1325 890 1357 τοὶ
914 1323 1063 1368 σώματα
1093 1325 1142 1358 ταὶ
1165 1326 1233 1358 τῶν
1259 1325 1332 1357 ἑπι-

324 1369 458 1414 πέδων,
492 1371 602 1415 ὥσπερ
633 1371 666 1403 ὲν
697 1371 745 1412 τῷ
771 1371 898 1414 Τιμαίῳ
927 1364 1124 1414 διώρισται,
1157 1365 1261 1407 δῆλον
1287 1370 1330 1408 ῶς

324 1417 391 1460 ἕξει
415 1418 475 1450 καὶ
500 1417 521 1454 η’
546 1414 688 1462 γραμμή
719 1416 777 1447 καὶ
803 1415 824 1451 ἡ
850 1414 980 1460 στιγμή
1010 1414 1129 1459 βοίρος·
1159 1413 1328 1461 ἀνάλογον

322 1463 387 1511 γάρ
414 1461 495 1507 πρὸς
522 1461 656 1498 ἄλληλα
679 1459 826 1505 ἔχουσιν,
845 1458 955 1502 ὥσπερ
979 1461 1037 1491 καὶ
1059 1458 1222 1504 πρότερον
1240 1459 1333 1504 εἰρή-

322 1519 444 1552 καμεν.
471 1507 509 1538 Εἰ
533 1501 572 1538 δὲ
595 1504 642 1549 μή
669 1506 796 1537 τοῦτον
821 1501 972 1548 διαφέρει
996 1505 1057 1537 τόν
1076 1503 1217 1547 τρόπον,
1240 1504 1331 1537 ἄλλα

325 1553 373 1594 τῷ
399 1551 464 1588 τήν
489 1550 549 1596 μὲν
573 1551 638 1596 γῆν
655 1546 742 1582 εἶναι
760 1549 847 1593 βαρύ
868 1548 910 1580 τὸ
927 1548 965 1582 δὲ
983 1550 1048 1592 πῦρ
1071 1550 1209 1594 κοῦφον,
1230 1550 1330 1582 ἔσται

322 1599 382 1629 καὶ
408 1597 475 1629 τῶν
502 1591 672 1628 ἐπιπέδων
698 1594 739 1626 τό
764 1594 824 1638 μὲν
853 1593 977 1640 κοῦφον
1003 1594 1045 1626 τό
1070 1589 1108 1626 δὲ
1134 1593 1239 1639 βαρύ·
1270 1595 1329 1626 καὶ

324 1642 391 1676 τῶν
409 1640 573 1687 γραμμῶν
591 1634 634 1676 δὴ
659 1639 718 1670 καὶ
737 1640 804 1670 τῶν
821 1641 971 1683 στιγμῶν
993 1638 1159 1677 ὡσαύτως
1171 1652 1179 1659 ·
1205 1638 1247 1672 τό
1265 1638 1329 1685 γάρ

323 1687 387 1724 τῆς
411 1685 475 1732 γῆς
500 1679 662 1717 ἐπίπεδον
689 1683 788 1716 ἔσται
810 1684 994 1729 βαρύτερον
1021 1682 1042 1720 ἦ
1069 1683 1109 1716 τὸ
1131 1685 1194 1717 τοῦ
1213 1682 1326 1728 πυρός.

246 1731 355 1769 Ὀλως
379 1725 418 1764 δὲ
447 1729 624 1773 συμβαίνει
645 1726 666 1765 ἦ
684 1725 789 1773 μηδέν
823 1729 903 1762 ποτ’
930 1726 1016 1761 εἶναι
1039 1727 1202 1775 μέγεθος,
1229 1727 1251 1765 ἦ
1273 1723 1332 1760 δυ’-

321 1775 444 1809 νασθαί
460 1787 499 1821 γε
518 1773 751 1817 ἀναιρεθῆναι,
775 1775 868 1818 εἴπερ
895 1775 1015 1818 ὁμοίως
1035 1773 1106 1817 ἔχει
1122 1773 1251 1820 στιγμή
1270 1773 1329 1817 μὲν

323 1820 405 1866 πρὸς
423 1818 600 1867 γραμμήν,
619 1818 762 1864 γραμμὴ
784 1813 822 1850 δὲ
847 1819 928 1864 πρὸς
955 1819 1131 1860 ἐπίπεδον,
1158 1820 1266 1851 τοῦτο
1292 1814 1330 1850 δέ

322 1865 403 1909 πρὸς
428 1865 546 1909 σῶμα·
573 1862 693 1896 πάντα
717 1862 782 1909 γάρ
807 1863 852 1901 εἱς
880 1863 1015 1901 ἄλληλα
1043 1863 1258 1908 ἀναλυόμενα
1283 1863 1328 1901 εἰς

322 1910 371 1944 τοὶ
388 1910 510 1955 πρῶτα
529 1907 802 1945 ἀναλυθήσεται·
821 1907 901 1941 ὥστ’
924 1903 1090 1955 ἐνδέχοιτ’
1121 1907 1159 1941 ἂν
1181 1908 1329 1954 στιγμάς

323 1955 424 2000 μόνον
450 1950 550 1995 εἶναι,
577 1954 675 1997 σῶμα
699 1948 737 1984 δὲ
762 1951 877 1996 μηθέν.

253 2000 335 2046 Πρὸς
361 1995 399 2032 δὲ
423 1997 562 2036 τούτοις
586 2000 644 2029 καὶ
671 1998 698 2030 εἰ
724 1999 740 2029 ὁ
764 1996 882 2042 χρόνος
909 1998 1029 2042 ὁμοίως
1051 1998 1134 2044 ἔχει,
1159 1997 1325 2041 ἀναιροῖτ’

325 2045 363 2077 ἄν
397 2055 484 2076 ποτε
516 2041 537 2080 ἦ
564 2039 730 2087 ἐνδέχοιτ’
761 2042 997 2087 ἀναιρεθῆναι·
1026 2043 1067 2075 τό
1098 2042 1163 2089 γοὶρ
1197 2042 1253 2073 νῦν
1286 2041 1328 2073 τό

325 2089 456 2133 ἄτομον
481 2088 550 2120 οῐον
575 2086 705 2134 στιγμή
730 2088 888 2133 γραμμῆς
915 2088 1022 2121 ἐστίν.

253 2134 302 2167 Τὸ
325 2129 355 2166 δ’
384 2133 473 2166 αὐτὸ
505 2132 681 2177 συμβαίνει
712 2134 772 2164 καὶ
805 2137 876 2170 τοῖς
906 2131 940 2173 ἐξ
969 2130 1113 2176 ἀριθμῶν
1146 2129 1328 2164 συντιθεῖσι

324 2179 383 2212 τὸν
410 2177 571 2221 οὐρανόν·
599 2177 679 2209 ἔνιοι
703 2177 768 2223 γάρ
794 2177 857 2214 τήν
884 2176 980 2222 φύσιν
1006 2175 1042 2217 ἐξ
1069 2174 1213 2222 ἀριθμῶν
1242 2187 1329 2208 συνι-

323 2223 463 2264 στᾶσιν,
490 2221 599 2264 ὥσπερ
626 2223 692 2255 τῶν
715 2221 945 2268 Πυθαγορείων
972 2221 1079 2259 τινές·
1107 2221 1154 2254 τοὶ
1178 2221 1238 2265 μὲν
1263 2221 1328 2267 γοὶρ

322 2268 447 2312 φυσικοὶ
470 2266 618 2312 σώματα
649 2268 809 2311 φαίνεται
840 2266 941 2311 βοίρος
968 2266 1096 2312 ἔχοντα
1127 2268 1186 2298 καὶ
1209 2266 1328 2310 κουφό-

323 2324 431 2353 τητα,
452 2311 514 2349 τοὶς
540 2307 578 2344 δὲ
603 2306 756 2356 μονάδας
782 2310 861 2343 οὔτε
883 2312 980 2356 σῶμα
998 2315 1104 2343 ποιεῖν
1127 2310 1237 2343 οἷόντε
1256 2322 1329 2342 συν-

322 2355 502 2401 τιθεμένας
529 2356 609 2390 οὔτε
635 2355 736 2400 βοίρος
762 2356 864 2402 ἔχειν.

309 2558 458 2586 smorsxs.
472 2573 507 2578 —
525 2566 549 2584 1.
561 2556 788 2585 Praenotamina
802 2557 840 2584 ad
855 2556 1011 2584 secundam
1027 2556 1180 2584 rationem.
1193 2558 1221 2591 a)
1237 2556 1328 2592 Plato,

253 2607 317 2627 non
341 2597 520 2634 distinguens
546 2596 621 2624 inter
645 2606 737 2624 unum
767 2597 847 2634 quod
874 2603 916 2624 est
944 2596 1118 2634 principium
1147 2596 1279 2632 numeri,
1301 2603 1329 2624 et

253 2647 351 2666 unum·
369 2638 449 2675 quod
471 2636 647 2665 convertitur
668 2646 735 2664 cum
757 2643 830 2671 ente,
854 2646 957 2665 omnes
980 2646 1039 2671 res,
1065 2636 1200 2673 ipsasque
1215 2636 1328 2664 dimen-

254 2678 352 2707 siones
373 2686 511 2706 numeros
533 2686 595 2705 esse
619 2678 756 2713 ponebat.
779 2678 890 2705 Puncta
911 2676 997 2714 igitur
1019 2686 1082 2705 esse
1103 2676 1228 2705 unitates
1249 2676 1328 2713 posi-

253 2717 367 2746 tionem
388 2718 546 2752 habentes,
570 2716 703 2751 dicebat;
733 2723 761 2744 et
785 2726 852 2745 cum
880 2717 951 2745 haec
972 2716 1028 2744 sint
1051 2716 1145 2744 ultimi
1170 2716 1327 2754 figurarum

254 2757 387 2792 termini,
409 2757 531 2792 formas,
553 2756 658 2793 quibus
679 2756 819 2784 unitatem
841 2757 1018 2793 assignabat,
1040 2757 1200 2785 secundum
1222 2756 1328 2794 figuras

256 2797 422 2834 corporales
444 2796 653 2833 distinguebat;
681 2802 709 2824 et
731 2796 797 2824 ideo
819 2805 962 2833 corpora,
991 2797 1152 2824 secundum
1174 2797 1327 2825 formalem

257 2847 360 2866 eorum
387 2836 647 2873 compositionem,
670 2845 704 2864 ex
725 2836 839 2873 figuris,
864 2846 915 2864 seu
936 2836 1141 2873 superficiebus
1162 2838 1199 2864 ad
1221 2837 1327 2865 lineam

254 2877 418 2906 coniunctis
441 2876 580 2913 componi
608 2876 729 2904 dicebat.
744 2892 764 2896 -
785 2883 811 2904 2.
835 2877 862 2912 b)
885 2877 942 2904 Sed
963 2883 1077 2911 tamen,
1100 2876 1173 2905 sicut
1193 2877 1269 2905 linea
1290 2878 1328 2905 ad

255 2917 363 2946 lineam
387 2916 572 2953 coniungitur
598 2917 643 2944 vel
664 2926 716 2953 per
743 2922 909 2944 contactum
931 2916 960 2944 in
982 2923 1109 2953 puncto,
1133 2917 1178 2944 vel
1204 2926 1256 2953 per
1277 2926 1327 2953 ap-

256 2957 434 2995 positionem
455 2956 544 2985 totius
566 2956 658 2984 lineae
679 2957 716 2984 ad
741 2963 832 2984 totam
854 2956 960 2984 lineam
982 2956 1011 2984 in
1033 2957 1079 2984 via
1099 2955 1267 2992 latitudinis,
1290 2957 1328 2985 ita

257 3004 286 3026 et
313 2996 479 3033 superficies
502 2996 684 3033 superficiem
712 3003 830 3033 tangere
851 3003 947 3032 potest
967 2997 1013 3025 vel
1040 2997 1070 3024 in
1091 2996 1191 3032 lineis,
1217 2997 1262 3025 vel
1283 3006 1328 3024 se-

255 3038 385 3065 cundum
414 3036 678 3073 superpositionem
707 3036 796 3064 totius
817 3037 854 3064 ad
875 3042 976 3064 totam.
990 3053 1010 3058 -
1032 3037 1058 3064 3.
1082 3037 1217 3065 Secunda
1243 3037 1327 3065 ratio.

257 3076 287 3105 Si
309 3086 343 3105 ex
364 3076 568 3113 superficiebus
583 3077 669 3104 simul
692 3076 861 3112 compositis
876 3083 993 3113 exurgat
1007 3086 1122 3113 corpus,
1138 3083 1170 3104 ut
1183 3078 1329 3105 asserebat

257 3117 355 3152 Plato,
376 3116 473 3153 posito
495 3117 576 3154 quod
597 3117 725 3144 secundo
748 3117 838 3144 modo
860 3116 1021 3144 adinvicem
1043 3123 1236 3153 apponantur,
1257 3126 1327 3145 con-

256 3156 389 3185 stituetur
403 3166 508 3193 corpus
523 3157 604 3193 quod
625 3166 679 3184 nec
693 3163 735 3184 est
749 3156 934 3191 elementum,
947 3165 1001 3184 nec
1016 3166 1050 3184 ex
1068 3157 1231 3191 elementis3
1248 3158 1328 3193 quod

257 3203 300 3224 est
313 3196 529 3224 inconveniens.
543 3213 561 3218 -
576 3196 673 3224 Prima
688 3205 754 3232 pars
768 3196 964 3224 antecedentis
985 3203 1078 3233 patet:
1102 3206 1170 3225 nam
1186 3197 1329 3225 elementa

257 3236 472 3264 constituuntur
497 3237 658 3264 secundum
687 3236 816 3272 primum
845 3236 1066 3273 compositionis
1095 3237 1226 3264 modum.
1241 3253 1261 3258 —
1278 3238 1328 3264 Se-

257 3277 353 3304 cunda
374 3285 440 3313 pars
462 3277 610 3313 probatur.
634 3277 688 3303 Per
709 3276 784 3304 hanc
805 3277 962 3304 secundam
984 3276 1228 3313 compositionem
1250 3276 1328 3304 vide-

256 3321 304 3344 tur
324 3316 460 3344 constitui
482 3315 672 3352 profunditas,
689 3325 763 3352 quae
778 3322 820 3344 est
834 3315 897 3352 ipsa
911 3316 1041 3353 eorporis
1057 3317 1230 3352 substantia,
1254 3326 1328 3353 quae

466 3531 474 3545 ““
493 3567 503 3576 f
522 3540 612 3564 nem
633 3530 651 3547 ἦ
673 3527 854 3575 Platonis,
884 3529 1061 3578 ponentis
1092 3540 1252 3576 corpora
1279 3539 1323 3563 ex

320 3608 330 3613 ε
464 3578 502 3610 511¹
522 3581 796 3629 superficiebus
825 3582 1015 3630 generari,
1046 3582 1106 3617 hic
1134 3581 1242 3628 ponit
1269 3592 1325 3615 se-

259 3633 425 3670 cundam
455 3633 640 3671 rationem
662 3635 693 3671 ³³.
724 3635 786 3672 Ad
815 3635 922 3671 cuius
953 3633 1182 3671 evidentiam
1209 3632 1327 3669 scien-

1385 880 1402 899 *
1413 881 1539 931 Adhuc,
1557 882 1582 912 si
1595 882 1725 923 quidem
1738 885 1917 925 superficies
1930 887 2037 918 solum
2052 886 2230 920 secundum
2244 890 2362 922 lineam
2376 903 2454 924 con-

1452 932 1545 966 tingit
1568 928 1731 967 componi,
1755 929 1990 963 inconveniens.
2013 933 2299 970 Quemadmodum
2319 937 2405 967 enim
2424 944 2455 969 et

1452 969 1535 1000 linea
1559 971 1598 1000 ad
1621 971 1738 1002 lineam
1762 980 1898 1015 utroque
1922 977 2021 1007 modo
2046 979 2262 1019 componitur,
2287 987 2318 1012 et
2341 991 2452 1012 secun-

1453 1014 1532 1044 dum
1554 1015 1789 1055 longitudinem
1804 1026 1835 1049 et
1850 1021 2027 1052 secundum
2045 1023 2257 1063 latitudinem,
2282 1032 2409 1066 oportet
2419 1034 2455 1058 et

1453 1058 1653 1099 superficiem
1669 1061 1845 1101 superficiei
1862 1065 1975 1095 eodem
1989 1068 2098 1098 modo.
2112 1068 2210 1098 Linea
2226 1076 2333 1100 autem
2348 1078 2455 1111 potest

1452 1104 1554 1134 lineae
1578 1106 1731 1145 componi
1754 1108 1931 1139 secundum
1954 1110 2071 1141 lineam
2087 1113 2298 1152 suppositam,
2314 1125 2381 1145 non
2400 1126 2452 1146 so-

1452 1149 1523 1179 lum
1546 1149 1735 1190 appositam.
1761 1151 1823 1181 Sed
1847 1159 1877 1182 et
1892 1153 1918 1182 si
1934 1154 2065 1194 quidem
2088 1163 2118 1187 et
2141 1158 2318 1189 secundum
2345 1159 2452 1190 latitu-

1453 1193 1561 1223 dinem
1584 1194 1739 1234 contingit
1770 1197 1942 1236 componi,
1976 1199 2038 1240 erit,
2062 1200 2192 1241 aliquod
2217 1212 2332 1243 corpus
2363 1204 2453 1244 quod

1451 1248 1556 1279 neque
1580 1238 1775 1269 elementum
1798 1250 1901 1281 neque
1925 1252 1962 1272 ex
1985 1243 2158 1284 elementis,
2180 1247 2396 1287 compositum
2416 1258 2453 1279 ex

1452 1282 1496 1313 sic
1520 1283 1706 1323 compositis
1730 1284 1964 1324 superficiebus.

1384 1326 1401 1345 *
1417 1327 1543 1366 Adbuc,
1561 1328 1586 1358 si
1602 1328 1734 1368 quidem
1749 1330 1953 1361 multitudine
1966 1332 2108 1371 graviora
2124 1343 2258 1374 corpora
2273 1335 2451 1376 superficie-

1451 1382 1535 1411 rum,
1560 1373 1837 1414 quemadmodum
1859 1374 1891 1404 in
1911 1375 2045 1406 Timaeo
2062 1378 2305 1410 determinatum
2322 1388 2378 1419 est,
2398 1391 2452 1421 pa-

1451 1417 1517 1448 lam
1536 1418 1626 1458 quod
1639 1418 1767 1449 habebit
1783 1425 1814 1449 et
1835 1419 1917 1449 linea
1933 1427 1962 1450 et
1981 1428 2138 1460 punctum
2155 1423 2353 1462 gravitatem:
2378 1435 2452 1465 pro-

1451 1462 1672 1502 portionaliter
1702 1463 1787 1493 enim
1811 1464 1850 1493 ad
1869 1463 2005 1494 invicem
2027 1465 2153 1505 habent,
2178 1469 2453 1508 quemadmodum

1453 1513 1484 1537 et
1507 1507 1594 1547 prius
1619 1507 1766 1538 diximus.
1798 1507 1830 1538 Si
1855 1515 1962 1539 autern
1986 1519 2051 1540 non
2074 1510 2136 1542 hoc
2166 1511 2313 1543 differunt
2340 1514 2452 1553 modo,

1453 1552 1508 1582 sed
1523 1552 1557 1582 in
1576 1559 1690 1582 terram
1707 1552 1838 1593 quidem
1855 1563 1921 1583 esse
1937 1563 2075 1593 gravem,
2092 1555 2199 1595 ignem
2215 1564 2321 1587 autem
2338 1558 2451 1597 levem,

1452 1597 1510 1627 erit
1533 1603 1564 1628 et
1586 1597 1758 1637 planorum
1781 1597 1843 1627 hoc
1866 1598 1997 1638 quidem
2019 1599 2104 1638 leve,
2129 1600 2191 1631 hoc
2214 1608 2321 1632 autem
2344 1612 2453 1642 grave,

1453 1648 1483 1672 et
1498 1641 1655 1672 linearum
1679 1641 1789 1682 utique
1814 1649 1844 1673 et
1873 1650 2067 1682 punctorum
2090 1644 2249 1676 similiter:
2274 1646 2453 1687 superficies

1453 1686 1539 1716 enim
1562 1693 1660 1717 terrae
1685 1686 1743 1716 erit
1765 1686 1889 1726 gravior
1912 1697 2010 1728 quam
2034 1698 2115 1729 quae
2138 1689 2229 1729 ignis.

1385 1731 1541 1762 Totaliter
1565 1737 1672 1761 autem
1691 1730 1803 1761 accidit
1821 1731 1943 1762 nullam
1959 1732 2089 1773 quidem
2105 1743 2172 1764 esse
2190 1735 2453 1775 magnitudinem,

1452 1782 1508 1807 aut
1523 1785 1617 1816 posse
1637 1775 1762 1814 auferri,
1780 1775 1805 1805 si
1822 1776 1952 1816 quidem
1969 1777 2110 1808 similiter
2133 1788 2165 1808 se
2188 1779 2282 1810 habet
2297 1787 2454 1820 punctum

1453 1820 1493 1851 ad
1516 1820 1650 1858 lineam,
1674 1820 1758 1850 linea
1774 1827 1881 1851 autem
1905 1822 1944 1851 ad
1968 1822 2111 1862 planum,
2128 1823 2190 1854 hoc
2209 1831 2316 1855 autem
2331 1825 2371 1855 ad
2387 1835 2453 1856 cor-

1452 1872 1527 1906 pus:
1553 1865 1663 1895 omnia
1686 1865 1783 1903 enim,
1803 1865 1842 1895 ad
1861 1865 1996 1896 invicem
2019 1867 2167 1906 resoluta,
2187 1868 2220 1899 in
2236 1869 2338 1908 prima
2361 1870 2456 1900 resol-

1451 1917 1575 1940 ventur.
1601 1910 1710 1951 Itaquc
1735 1910 1896 1950 continget
1912 1910 2022 1952 utique
2039 1919 2156 1952 puncta
2172 1913 2279 1944 solum
2295 1924 2372 1953 esse,
2389 1925 2454 1945 cor-

1453 1965 1514 1995 pus
1538 1961 1646 1985 autem
1670 1954 1807 1985 nullum.

1384 1999 1401 2019 ’¹‘
1417 1999 1533 2030 Adhuc
1556 2006 1663 2030 autem
1688 2006 1719 2029 et
1741 1999 1767 2029 si
1790 2006 1917 2040 tempus
1942 2000 2084 2032 similiter
2100 2011 2132 2032 se
2149 2002 2271 2041 habeat,
2297 2002 2455 2034 auferetur

1452 2044 1563 2084 utique
1588 2044 1794 2084 quandoque,
1816 2051 1871 2075 aut
1894 2045 2054 2085 continget
2077 2046 2187 2087 utique
2211 2047 2352 2078 ablatum
2372 2055 2453 2078 esse:

1451 2089 1542 2130 quod
1565 2089 1651 2119 enim
1674 2098 1759 2119 nunc
1781 2088 1980 2129 indivisibile,
1996 2090 2083 2121 velut
2099 2098 2255 2131 punctum
2271 2092 2382 2131 lineae,
2398 2099 2453 2123 est.

1384 2134 1401 2153 *
1417 2134 1506 2164 Idem
1529 2141 1638 2164 autem
1654 2133 1766 2164 accidit
1781 2140 1812 2164 et
1827 2144 1862 2164 ex
1879 2134 2019 2165 numeris
2039 2136 2302 2167 constituentibus
2320 2137 2453 2168 caelum.

1452 2178 1594 2216 Quidam
1617 2178 1704 2208 enim
1728 2184 1874 2208 naturam
1898 2189 1934 2209 ex
1957 2180 2097 2210 numeris
2119 2181 2326 2220 constituunt,
2343 2192 2454 2222 quem-

1451 2223 1629 2253 admodum
1652 2223 1937 2264 Pythagoricorum
1965 2224 2107 2264 quidam.
2131 2224 2148 2243 ’¹‘
2171 2225 2302 2266 Physica
2325 2226 2455 2266 quidem

1452 2267 1538 2298 enim
1558 2277 1692 2307 corpora
1707 2267 1855 2298 videntur
1870 2268 2055 2308 gravitatem
2073 2270 2219 2300 habentia
2235 2276 2266 2300 et
2280 2270 2453 2301 levitatem:

1451 2311 1587 2343 unitates
1611 2319 1719 2342 autem
1742 2322 1846 2353 neque
1871 2323 1986 2353 corpus
2010 2313 2109 2344 facere
2133 2321 2178 2345 est
2198 2315 2346 2355 possibile
2366 2325 2454 2346 com-

1451 2357 1582 2397 positas,
1607 2366 1712 2397 neque
1736 2357 1921 2397 gravitatem
1945 2358 2068 2389 habere.

1385 2402 1483 2439 Quod
1507 2402 1639 2442 quidem
1666 2401 1762 2441 igitur
1785 2412 1889 2442 neque
1920 2403 2067 2433 omnium
2090 2403 2248 2443 generatio
2280 2410 2326 2434 est
2350 2413 2454 2445 neque

1452 2446 1637 2486 simpliciter
1659 2446 1789 2486 nullius,
1814 2447 1920 2487 palam
1945 2457 1982 2477 ex
2006 2447 2104 2478 dictis.

1383 2556 1527 2585 antecedit
1548 2556 1792 2593 compositionem
1813 2557 1973 2585 secundum
1995 2556 2114 2594 figuras:
2137 2557 2190 2585 hae
2205 2557 2282 2585 enlm
2297 2557 2454 2586 adveniunt

1384 2596 1561 2625 substantiae
1576 2597 1755 2625 constitutae.
1771 2597 1832 2625 Erit
1847 2597 1932 2634 igitur
1946 2597 2009 2625 talis
2025 2597 2183 2625 substantia
2197 2597 2276 2633 prlor
2290 2597 2452 2626 elementis:

1384 2643 1412 2665 et
1433 2643 1645 2674 consequenter
1665 2636 1818 2664 habebitur
1839 2646 1945 2673 corpus
1973 2638 2148 2673 praecedens
2170 2637 2270 2665 omnia
2291 2638 2451 2673 elementa,

1383 2683 1523 2714 tanquam
1545 2677 1665 2705 materia
1682 2676 1840 2713 suscipiens
1861 2677 1969 2705 formas
1985 2686 2103 2705 eorum:
2126 2678 2206 2714 quod
2228 2686 2281 2705 nec
2295 2677 2356 2713 ipse
2371 2678 2453 2706 Plato

1383 2716 1548 2745 admittit.-
1568 2726 1597 2752 4.
1625 2717 1724 2745 Tertia
1746 2717 1830 2744 ratio.
1854 2717 1884 2744 Si
1906 2726 2030 2753 corpora
2051 2726 2084 2744 ex
2106 2717 2310 2753 superficiebus
2331 2727 2453 2754 compo-

1383 2763 1508 2792 nantur,
1538 2766 1605 2784 cum
1624 2757 1768 2794 quaedam
1790 2757 1847 2785 sint
1867 2756 1929 2785 aliis
1951 2757 2100 2793 graviora,
2123 2766 2209 2785 causa
2231 2757 2315 2784 huius
2336 2757 2389 2785 erit
2410 2757 2453 2785 vel

1383 2797 1464 2834 quod
1478 2806 1569 2824 unum
1592 2797 1627 2824 sit
1649 2806 1682 2825 ex
1706 2796 1836 2833 pluribus
1857 2797 2063 2833 superficiebus
2078 2806 2165 2833 quam
2183 2797 2270 2831 aliud,
2286 2797 2384 2833 sicque
2406 2807 2453 2824 su-

1382 2836 1514 2873 perficies
1530 2837 1699 2874 gravitatem
1721 2837 1881 2871 habebunt,
1894 2843 1931 2864 'et
1952 2836 2014 2873 pari
2035 2836 2147 2864 ratione
2169 2836 2260 2864 lineae
2282 2843 2309 2864 et
2329 2843 2451 2873 puncta:

1383 2877 1428 2905 vel
1443 2877 1511 2914 quia
1526 2878 1670 2913 quaedam
1685 2883 1752 2905 sunt
1773 2885 1806 2904 ex
1821 2877 1968 2914 gravibus,
1992 2877 2135 2913 quaedam
2150 2885 2183 2904 ex
2198 2876 2321 2911 levibus,
2345 2885 2377 2904 ex
2392 2885 2451 2913 quo

1383 2917 1476 2945 simile
1491 2916 1698 2945 inconveniens
1713 2917 1877 2953 sequitur.—
1890 2917 1915 2944 5.
1938 2917 2050 2950 Quarta
2068 2916 2151 2943 ratio.
2164 2915 2350 2952 Contingeret
2365 2915 2451 2943 etiam

1384 2958 1464 2994 quod
1477 2957 1646 2994 magnitudo
1661 2957 1704 2984 vel
1720 2956 1841 2984 omnino
1857 2966 1917 2984 non
1933 2962 2014 2990 esset,
2024 2955 2068 2983 vel
2083 2962 2180 2991 posset
2194 2955 2319 2982 totaliter
2333 2955 2449 2983 auferri:

1384 3006 1487 3025 omnes
1509 2997 1587 3025 enim
1609 2996 1821 3033 magnitudines
1850 2996 1880 3023 in
1907 3002 2014 3032 puncta
2037 2995 2140 3023 ultimo
2165 2994 2268 3022 resolvi
2289 3001 2416 3030 possent.
2431 3011 2451 3016 -

1384 3037 1552 3065 Excluditur
1574 3036 1711 3064 obviatio.
1727 3052 1746 3056 —
1761 3037 1788 3063 6.
1811 3036 1917 3069 Quinta
1932 3035 2015 3062 ratio.
2038 3034 2129 3062 Simili
2145 3035 2235 3062 modo
2250 3041 2364 3070 tempus
2379 3043 2450 3062 con-

1383 3077 1504 3113 tingeret
1525 3076 1650 3104 totaliter
1671 3075 1731 3104 tolli
1752 3085 1803 3111 per
1824 3074 2030 3103 resolutionem
2046 3074 2075 3101 in
2090 3074 2238 3108 instantia,
2261 3083 2326 3101 cum
2348 3074 2450 3101 eadem

1383 3117 1420 3144 sit
1434 3116 1507 3144 ratio
1523 3117 1558 3144 de
1573 3126 1608 3144 eo
1626 3123 1653 3144 et
1670 3117 1705 3143 de
1728 3114 1933 3152 magnitudine.
1948 3131 1967 3134 -
1983 3124 2009 3150 7.
2026 3114 2135 3141 Eadem
2157 3113 2389 3141 inconvenientia
2403 3123 2451 3142 ac-

1384 3157 1483 3184 cidunt
1504 3156 1557 3184 illis
1579 3155 1791 3192 Pythagoricis,
1819 3154 1868 3190 qui
1889 3154 2000 3182 ratione
2029 3153 2192 3189 supradicta
2217 3155 2308 3188 (num.
2329 3155 2374 3188 1),
2396 3163 2450 3189 po-

1383 3203 1502 3224 suerunt
1524 3202 1614 3224 totam
1636 3202 1768 3223 naturam
1797 3203 1830 3222 ex
1857 3193 1984 3221 numeris
2014 3202 2076 3220 esse
2105 3192 2299 3220 constitutam.
2321 3192 2450 3221 Unitates

1383 3236 1460 3264 enirn
1482 3235 1642 3264 adinvicem
1665 3234 1844 3267 coniunctae,
1862 3242 1967 3268 corpus
1984 3232 2154 3260 continuum
2176 3229 2291 3260 efficere
2307 3242 2367 3260 non
2382 3242 2451 3269 pos-

1383 3282 1467 3310 sunt;
1489 3285 1542 3303 nec
1557 3275 1642 3303 etiarn
1665 3274 1772 3310 aliquid
1793 3282 1878 3310 grave
1899 3273 1943 3300 vel
1964 3272 2033 3307 leve,
2048 3281 2114 3299 cum
2135 3271 2223 3308 ipsae,
2238 3281 2255 3300 a
2270 3272 2325 3300 situ
2340 3279 2368 3300 et
2382 3273 2449 3301 loco

1383 3316 1589 3349 abstrahentes,
1611 3314 1747 3350 gravitate
1769 3319 1797 3340 et
1817 3312 1929 3340 levitate
1951 3318 2099 3340 careant-
2113 3311 2260 3348 Epilogus.

1386 3422 1478 3458 dum
1508 3427 1562 3456 est
1590 3418 1695 3467 quod
1716 3419 1835 3464 Plato,
1866 3417 1954 3465 quia
1974 3430 2054 3454 non
2079 3417 2332 3465 distinguebat
2353 3417 2449 3455 inter

1384 3485 1503 3509 unum
1523 3472 1628 3520 quod
1648 3479 1704 3507 est
1721 3471 1950 3519 principium
1971 3471 2131 3518 numeri,
2150 3478 2185 3507 et
2200 3483 2322 3507 unum
2342 3471 2449 3519 quod

1383 3525 1614 3562 convertitur
1644 3537 1731 3560 cum
1753 3532 1849 3570 ente,
1871 3523 1976 3572 quod
1996 3523 2180 3572 significat
2199 3524 2447 3561 substantIam

1382 3579 1451 3625 rei,
1481 3578 1649 3626 ponebat
1676 3590 1744 3626 per
1774 3589 2012 3625 consequens
2048 3577 2153 3625 quod
2187 3590 2308 3614 unum
2344 3577 2449 3626 quod

1382 3638 1437 3667 est
1459 3630 1688 3679 principium
1708 3629 1870 3678 numeri,
1892 3638 1990 3667 esset
2009 3630 2216 3668 substantia
2236 3631 2303 3667 rei:
2326 3638 2362 3667 et
2379 3642 2449 3680 per

2481 902 2490 910 ·
2507 900 2561 929 Seq.
2576 906 2626 929 cap.
2643 908 2661 924 ι.

2481 927 2549 949 Text.
2566 933 2596 956 ¹3·

2479 1341 2488 1350 ·
2503 1339 2571 1362 Text.
2587 1346 2621 1368 ¹4·

2481 2010 2490 2019 ·
2506 2008 2574 2030 Text.
2590 2015 2618 2037 ¹5-

2481 2140 2492 2151 ⁸
2506 2140 2574 2162 Text.
2589 2139 2621 2162 16.

2481 2233 2492 2244 '⁴
2506 2232 2574 2254 Text.
2590 2238 2620 2260 ¹7-
