2782 4134
57 860 66 870 '¹
81 865 173 887 semper
182 865 229 881 om.
244 865 267 880 Α.

56 1019 66 1030 ·
76 1018 178 1040 aliorum
185 1017 266 1040 adda.

1109 242 1220 279 CAP.
1250 243 1337 290 XII,
1368 243 1520 281 LECT.
1550 245 1674 282 XVIII

297 326 422 368 potest
440 317 455 343 t
473 318 634 368 operari,
664 331 743 355 non
771 319 897 355 solum
926 319 1118 366 absolute,
1155 321 1223 358 sed
1252 321 1365 359 etiam

297 372 511 409 secundum
540 371 714 409 ordinem
734 371 847 408 unius
877 371 926 408 ad
950 371 1070 419 aliud,
1099 380 1141 409 ut
1162 381 1255 421 puta
1277 387 1365 412 cum

298 425 484 473 excogitat
506 436 687 473 magnam
715 424 854 461 seriem
882 424 1075 461 actionum
1105 426 1365 464 ordinatarum

297 479 335 516 in
353 491 477 516 unum
495 479 628 516 finem.
650 478 735 514 Nec
753 484 883 514 tamen
901 485 1058 526 propter
1076 479 1151 514 hoc
1170 479 1290 516 homo
1311 489 1366 517 est

297 532 488 581 optimum
508 533 547 570 in
566 531 766 570 universo:
787 530 875 579 quia
893 530 955 567 id⁰
975 531 1081 579 quod
1100 539 1156 567 est
1175 532 1364 579 optimum

295 586 335 622 in
362 585 564 633 universo,
595 583 735 622 scilicet
762 584 888 629 Deus,
919 584 1021 620 nulla
1048 583 1189 631 indiget
1217 585 1365 622 actione

296 638 427 688 quoad
446 638 737 688 adipiscendum
756 636 957 685 proprium
974 637 1133 674 bonum.
1156 638 1247 675 Non
1264 638 1364 675 enim

296 693 413 729 habet
431 693 599 742 aliquem
617 691 738 728 finem
758 697 862 727 extra
881 702 933 738 se,
955 702 1071 738 quern
1093 697 1267 739 oporteat
1286 691 1365 728 adi-

295 745 390 794 pisci
416 758 487 795 per
505 744 673 793 aliquam
702 743 905 790 actionem,
931 743 999 780 sed
1017 743 1098 792 ipse
1128 751 1183 780 est
1201 743 1288 781 finis
1307 745 1365 782 sui

296 798 414 848 ipsius
443 806 479 835 et
506 797 681 835 omnium
707 796 888 833 aliorum:
918 796 1015 834 actio
1042 804 1171 834 autem
1191 809 1290 844 quae
1311 806 1366 835 est

294 858 452 900 propter
474 851 606 897 finem,
636 861 789 899 semper
804 851 823 871 *
837 850 876 887 in
896 850 1046 887 duobus
1067 849 1245 896 consistit,
1276 863 1365 888 cum

296 911 471 954 oporteat
488 903 540 941 ibi
560 903 792 941 considerari
821 910 857 940 et
884 903 1004 940 finem
1034 903 1142 940 cuius
1163 903 1282 953 gratia
1301 905 1365 941 ali-

295 957 387 1008 quid
416 957 548 1006 agitur,
570 963 606 993 et
624 956 662 994 id
682 956 787 1005 quod
817 963 873 993 est
900 956 950 994 ad
968 957 1099 1003 finem,
1122 956 1226 1006 quod
1246 958 1366 1006 agitur

295 1011 414 1060 gratia
430 1010 555 1057 huius,
572 1009 713 1047 scilicet
730 1009 829 1047 finis.
851 1010 959 1047 Sed*
974 1010 1197 1047 animalium
1216 1020 1366 1062 praeter

294 1064 495 1101 hominem
514 1070 602 1100 sunt
620 1063 822 1112 pauciores
843 1062 1011 1100 actiones
1039 1076 1158 1112 quam
1177 1064 1363 1103 hominis:

294 1125 377 1154 tum
397 1117 486 1165 quia
504 1129 584 1153 non
598 1117 742 1154 habent
755 1117 924 1154 actiones
936 1122 953 1138 ⁷¹
967 1117 1217 1156 intellectivae
1231 1119 1363 1168 partis3

294 1178 377 1208 tum
396 1170 486 1221 quia
505 1169 544 1210 in
561 1170 777 1208 actionibus
806 1170 1054 1207 exterioribus
1082 1171 1225 1210 habent
1245 1173 1365 1210 deter-

292 1221 482 1261 minatum
502 1223 665 1260 modum
693 1224 908 1273 praefixum
937 1223 1008 1260 sibi
1037 1236 1059 1260 a
1087 1231 1238 1273 natura,
1268 1225 1365 1263 sicut

293 1276 458 1314 hirundo
491 1289 646 1326 semper
677 1277 818 1314 eodem
846 1277 967 1314 modo
995 1277 1083 1314 facit
1109 1277 1254 1316 nidum.
1286 1279 1364 1316 Sed

291 1330 446 1380 plantae
473 1330 617 1367 habent
643 1330 739 1367 forte
767 1342 886 1367 unam
916 1330 1180 1379 operationem
1201 1339 1362 1379 tantum,

293 1382 434 1420 scilicet
456 1383 688 1430 nutritivam,
711 1390 747 1419 et
774 1383 874 1420 hanc
899 1395 1078 1432 parvam,
1098 1383 1196 1422 idest
1222 1385 1363 1434 imper-

292 1436 444 1484 fectam,
465 1444 641 1486 respectu
669 1436 901 1484 operationis
925 1436 1128 1474 sensitivae
1157 1445 1194 1475 et
1220 1438 1364 1475 intelle-

294 1489 428 1527 ctivae.
449 1490 499 1526 Et
516 1489 629 1527 huius
650 1488 875 1526 diversitatis
895 1489 989 1527 ratio
1011 1497 1078 1536 est,
1099 1491 1191 1538 quia
1205 1491 1294 1528 finis
1314 1491 1363 1529 ad

293 1554 412 1590 quem
439 1542 661 1591 pervenitur
674 1548 700 1589 Ρ,
716 1542 780 1579 vel
800 1549 1005 1580 est·unum
1034 1542 1189 1592 aliquod
1213 1545 1363 1582 bonum

291 1596 514 1644 perfectum,
534 1599 627 1644 puta
651 1595 701 1632 ad
719 1607 837 1644 quem
864 1595 1040 1645 pervenit
1067 1597 1199 1644 homo,
1224 1597 1364 1635 scilicet

292 1649 499 1698 beatitudo,
509 1661 626 1698 quam
639 1649 761 1686 homo
778 1649 1022 1699 consequitur
1034 1662 1104 1698 per
1118 1651 1256 1688 multas
1272 1663 1363 1700 ope-

291 1701 479 1748 rationes;
509 1709 574 1739 aut
601 1710 689 1739 sunt
716 1702 836 1739 multa
864 1715 963 1752 quae
990 1703 1285 1752 praeexiguntur
1313 1705 1362 1742 ad

266 1783 270 1788 .
288 1756 502 1805 perfectum
522 1756 682 1801 bonum,
704 1755 753 1792 ad
775 1768 943 1804 quorum
972 1756 1127 1805 aliquod
1146 1757 1364 1807 pertingunt

289 1809 441 1858 plantae
471 1816 508 1846 et
526 1809 704 1847 animalia
730 1820 801 1857 per
827 1821 947 1846 unam
966 1810 1028 1846 vel
1056 1822 1199 1859 paucas
1228 1823 1362 1860 opera-

290 1861 424 1900 tiones.
451 1863 549 1900 Puta
572 1862 623 1900 ad
651 1861 923 1900 beatitudinem
956 1863 1208 1912 praeexigitur
1234 1864 1360 1913 primo

290 1916 530 1953 conservatio
546 1922 561 1937 ⁹
578 1915 692 1962 vitae,
714 1915 852 1953 deinde
873 1916 1037 1964 cognitio
1058 1917 1304 1965 sensibilium,
1326 1925 1362 1955 et

288 1969 424 2007 ultimo
453 1968 706 2018 apprehensio
739 1969 964 2006 universalis
997 1970 1181 2019 veritatis,
1210 1971 1249 2008 in
1285 1983 1361 2020 qua

290 2022 459 2060 consistit
493 2023 618 2060 finalis
650 2022 866 2060 beatitudo:
898 2030 935 2060 et
962 2023 1062 2060 hanc
1098 2025 1201 2062 solus
1239 2025 1359 2062 homo

289 2075 554 2126 consequitur,
585 2075 918 2113 conservationem
947 2084 1076 2114 autem
1100 2077 1201 2115 vitae
1226 2091 1359 2116 conse-

288 2129 416 2178 quitur
428 2130 558 2178 planta
571 2141 641 2179 per
659 2136 787 2166 actum
808 2129 1008 2167 nutritivae
1023 2130 1157 2179 partis,
1177 2132 1359 2170 animalia

288 2190 417 2220 autem
437 2182 706 2219 irrationabilia
734 2195 848 2232 super
874 2183 950 2220 hoc
979 2192 1267 2234 consequuntur
1296 2199 1359 2223 co-

287 2235 497 2284 gnitionem
516 2235 775 2284 singularium.

345 2290 378 2326 5.
401 2289 463 2326 Sic
481 2289 592 2337 igitur
609 2296 714 2338 patet
733 2301 778 2326 ex
802 2289 982 2326 omnibus
1001 2291 1221 2339 praemissis
1250 2293 1357 2342 quin-

287 2353 362 2390 que
404 2354 487 2379 esse
530 2342 684 2380 ordines
721 2355 862 2381 rerum.
906 2343 1010 2380 Nam
1053 2356 1277 2393 supremum
1318 2346 1358 2384 in

288 2395 436 2432 entibus
465 2402 521 2432 est
553 2396 658 2444 quod
693 2396 808 2433 habet
843 2396 1056 2445 perfectum
1094 2399 1241 2437 bonum
1277 2400 1357 2437 sine

286 2448 454 2495 actione3
484 2449 698 2486 secundum
727 2457 857 2486 autem
886 2457 942 2486 est
971 2450 1075 2500 quod
1100 2452 1216 2490 habet
1233 2453 1357 2502 perfe-

288 2508 391 2539 ctum
420 2503 567 2539 bonum
595 2515 666 2551 per
692 2515 815 2540 unum
841 2503 904 2540 vel
931 2516 1077 2552 paucos
1105 2513 1254 2552 motus;
1283 2514 1356 2543 ter-

285 2554 382 2592 tium
404 2563 533 2593 autem
562 2563 618 2592 est
645 2556 751 2605 quod
779 2556 939 2605 acquirit
965 2558 1178 2606 perfectum
1207 2560 1355 2598 bonum

285 2620 355 2658 per
391 2608 530 2646 multas
568 2609 810 2658 operationes
827 2639 836 2657 ,
874 2610 970 2647 sicut
1010 2611 1142 2649 homo.
1188 2613 1356 2660 Quartus

287 2669 416 2699 autem
436 2661 575 2710 gradus
593 2668 608 2683 ³
628 2670 684 2699 est
711 2662 776 2712 qui
796 2675 875 2701 non
902 2671 1028 2712 potest
1051 2665 1248 2713 acquirere
1267 2679 1352 2715 per-

285 2715 428 2752 fectum
456 2716 604 2752 bonum
631 2716 708 2752 ullo
742 2717 884 2764 modo,
923 2717 991 2754 sed
1023 2719 1183 2766 acquirit
1214 2720 1355 2769 aliquid

284 2768 486 2818 praevium
513 2780 584 2818 per
609 2781 755 2817 paucos
783 2777 910 2807 motus
937 2771 1000 2808 vel
1027 2784 1097 2820 per
1122 2785 1246 2810 unum
1274 2781 1354 2811 tan-

339 2915 363 2949 ξ)
382 2919 409 2941 et
422 2919 537 2949 propter
555 2916 604 2941 hoc
623 2917 709 2941 multa
722 2919 821 2948 potest.
833 2917 901 2941 —Ita
915 2917 962 2948 AI;
981 2921 1007 2942 et
1026 2918 1110 2942 multa
1119 2921 1210 2950 potest
1224 2919 1274 2948 Pc.
1285 2927 1352 2952 pro-

226 2987 228 2989 v
280 2954 345 2984 pter
364 2952 449 2977 multa
467 2959 535 2984 quae
548 2955 640 2984 potest
658 2953 694 2982 D,
715 2955 741 2977 et
755 2956 870 2984 propter
889 2953 973 2977 multa
987 2955 1079 2984 potest
1096 2953 1161 2978 BEF
1163 2954 1195 2979 G.

340 2986 366 3019 ο)
379 2988 443 3020 quia
457 2987 494 3012 id.
506 3001 525 3006 -
537 2987 637 3013 scilicet
648 2988 712 3020 quia
731 2988 760 3012 id
778 2988 910 3013 PBCDGI.
920 3002 940 3007 —
954 2989 1034 3013 Linea
1052 2990 1172 3022 sequenti
1191 2997 1239 3022 pro
1256 2990 1357 3016 scilicet

287 3023 361 3048 Deus
374 3027 433 3053 etc.,
452 3023 554 3048 codices
573 3023 662 3056 legunt
679 3024 779 3049 scilicet
798 3023 878 3056 (quia
896 3024 995 3049 scilicet
1013 3025 1050 3058 E)
1070 3025 1125 3057 ipse
1144 3025 1218 3050 Deus
1237 3026 1264 3050 in
1284 3027 1356 3051 nullo

286 3058 390 3092 indiget
406 3058 511 3084 actione
524 3059 601 3091 quasi
614 3058 702 3092 (quasi
714 3059 752 3084 ad
765 3059 799 3092 A)
812 3059 1013 3091 adipiscendum
1028 3061 1172 3093 proprium
1186 3061 1291 3086 bonum.
1306 3062 1356 3086 Le-

285 3094 335 3118 ctio
353 3095 377 3119 A
396 3098 466 3119 certo
485 3099 526 3119 est
543 3094 621 3119 bona.

338 3130 368 3162 π)
383 3137 464 3162 quam
477 3129 607 3155 hominis:
621 3133 677 3154 tum
691 3130 755 3162 quia
768 3137 820 3155 non
835 3130 932 3155 habent
945 3131 1072 3157 actiones.
1081 3146 1100 3151 —
1109 3135 1223 3164 praeter
1236 3132 1358 3157 actiones

284 3164 305 3189 P
310 3173 318 3196 ;
331 3165 405 3190 cuius
420 3165 537 3190 lectionis
551 3166 653 3190 occasio
667 3164 748 3190 fuisse
766 3165 868 3190 videtur
880 3165 989 3190 omissio
1004 3166 1078 3192 istius
1092 3166 1270 3198 homoteleuti‚
1283 3168 1354 3200 quod

285 3207 316 3225 ex
326 3200 421 3225 nostris
431 3201 555 3226 omittunt
563 3201 711 3226 BD.—Post
719 3206 772 3226 tres
783 3201 826 3225 lin.
836 3209 884 3233 pro
888 3201 1010 3233 plantae,
1021 3203 1070 3236 Ppl
1077 3203 1220 3235 planetae5
1234 3204 1275 3228 ed.
1287 3211 1295 3227 1
1303 3203 1316 3227 5
1323 3202 1353 3227 16

284 3243 344 3260 cum
364 3241 412 3261 cet.
427 3236 502 3261 codd.

338 3270 363 3304 ρ)
378 3272 546 3303 pervenitur.
559 3271 712 3303 -pervenit
724 3272 753 3296 P.
765 3284 784 3291 —-
795 3271 846 3296 Pro
859 3271 954 3296 bonum
965 3274 1128 3308 perfectum.
1147 3281 1278 3298 summum
1288 3281 1352 3305 per-

279 3307 381 3340 fectum
392 3307 412 3331 P
427 3312 452 3332 et
466 3307 542 3332 codd.
552 3315 606 3332 exc.
616 3307 652 3338 A;
667 3307 700 3331 cf.
713 3307 812 3339 passim
826 3315 873 3340 per
886 3308 944 3334 lect.
954 3322 972 3327 -
984 3309 1048 3334 Post
1058 3317 1137 3334 unam
1152 3309 1195 3334 lin.
1210 3317 1258 3341 pro
1267 3316 1352 3341 prae-

284 3342 443 3375 exiguntur,
463 3342 615 3375 exiguntur
627 3342 647 3366 Ρ
663 3347 689 3367 et
701 3343 776 3367 codd.
791 3350 845 3368 exc.
855 3344 887 3368 A.

337 3378 364 3410 σ)
374 3377 467 3409 primo
481 3378 657 3403 conservatio.
666 3391 685 3396 -
694 3378 826 3410 quaedam
835 3380 1003 3405 conservatio
1018 3380 1037 3404 P
1051 3384 1076 3404 et
1086 3380 1188 3404 codices
1202 3384 1308 3411 excepto
1319 3380 1350 3403 A.

282 3425 302 3431 -
315 3412 406 3437 Statim
426 3413 522 3438 deinde
541 3413 636 3438 omittit
654 3413 683 3438 P.
697 3427 716 3432 —
736 3413 773 3438 Ibi
793 3414 950 3440 universalis
970 3416 1104 3444 veritatis,
1130 3416 1200 3447 quod
1219 3414 1295 3438 habet
1314 3415 1350 3444 A,

283 3447 341 3472 PsE
355 3448 478 3473 omittunt
491 3448 656 3478 universalis,
672 3449 732 3481 quia
746 3450 822 3474 ceteri
837 3450 938 3475 codices
953 3451 1016 3475 illud
1031 3455 1201 3483 corrumpunt
1214 3450 1239 3473 in
1253 3449 1351 3473 caloris

282 3483 325 3507 vel
344 3483 450 3508 coloris.

337 3519 363 3551 τ)
384 3519 504 3549 Quartus
522 3522 611 3544 autem
629 3519 741 3553 gradus.
755 3534 775 3539 -
788 3520 825 3546 Ita
838 3522 875 3551 A;
895 3524 984 3545 autem
1003 3528 1057 3545 om.
1073 3521 1091 3544 Ρ
1105 3525 1130 3544 et
1146 3525 1193 3544 cet.
1206 3533 1226 3539 —
1240 3519 1291 3542 Pro
1304 3518 1350 3550 qui

283 3561 335 3579 non
352 3557 455 3586 potest,
475 3555 547 3587 quod
566 3562 617 3580 non
632 3558 723 3588 potest
743 3556 833 3586 codd.;
852 3564 900 3589 pro
919 3556 1070 3588 acquirere,
1090 3555 1207 3586 recipere
1226 3554 1260 3583 P,
1280 3553 1348 3578 acci-

277 3597 345 3622 pere
364 3590 439 3615 codd.
454 3598 507 3615 exc.
519 3591 556 3622 A;
576 3598 625 3623 pro
645 3592 698 3616 ullo
711 3592 797 3621 modo,
814 3592 885 3616 nullo
900 3591 979 3616 modo
994 3591 1012 3615 P
1028 3590 1118 3622 (aliqui
1132 3590 1206 3613 codd.
1221 3588 1332 3620 aequiv.)
1341 3596 1347 3619 ;

426 3644 494 3677 Opp.
514 3644 545 3669 D.
560 3644 674 3669 Tuom-e
693 3645 725 3669 Τ.
740 3645 780 3669 Ill.

2417 251 2486 298 193

1420 330 1514 371 turn,
1536 324 1630 361 sicut
1650 323 1827 361 animalia
1847 332 1883 362 et
1910 326 2073 374 plantae.
2095 326 2333 375 Relinquitur
2361 336 2488 365 autem

1420 376 1599 414 infimum
1621 389 1702 414 esse
1723 378 1829 426 quod
1858 378 1948 415 nihil
1972 379 2111 415 horum
2130 387 2255 428 potest
2275 381 2486 429 acquirere,

1421 438 1457 466 et
1483 438 1640 479 propter
1669 431 1689 451 ³⁸
1717 431 1792 467 hoc
1820 443 1899 468 non
1927 432 2042 469 habet
2068 432 2293 481 participare
2322 433 2487 483 aliquem

1419 491 1582 520 motum.

1474 536 1537 573 Sic
1564 536 1675 584 igitur
1703 537 1809 585 quod
1843 537 1986 586 aliquid
2015 538 2174 575 omnino
2205 546 2328 575 careat
2356 547 2485 587 motu,

2516 444 2525 452 ”
2530 449 2576 471 per
2583 451 2604 466 Ρ.
2613 447 2731 473 -partici-

2511 476 2574 497 pare
2588 477 2635 493 om.
2650 479 2672 494 A.

1418 597 1544 636 potest
1572 589 1768 638 dupliciter
1797 590 2029 638 contingere:
2059 603 2138 628 uno
2168 592 2287 629 modo
2315 592 2404 640 quia
2433 600 2489 629 est
2545 635 2548 638 ⁴

1418 642 1752 690 perfectissimum,
1782 643 1854 679 alio
1883 643 2003 681 modo
2027 644 2117 693 quia
2137 652 2192 681 est
2210 644 2488 693 imperfectissi-

1419 706 1539 730 mum.
1562 694 1740 731 Similiter
1767 696 1878 732 etiam
1908 696 2014 745 quod
2042 697 2183 746 aliquid
2207 698 2347 734 habeat
2365 710 2487 735 unum

1419 747 1482 783 vel
1509 759 1654 795 paucos
1688 755 1835 795 motus,
1864 757 1989 797 potest
2017 750 2215 799 dupliciter
2248 751 2486 799 contingere:

1419 811 1498 835 uno
1514 799 1633 836 modo
1650 800 1739 847 quia
1755 808 1810 837 est
1824 802 2084 852 propinquum
2104 804 2391 852 perfectissimo,
2413 804 2485 841 alio

1420 852 1539 888 modo
1551 852 1641 900 quia
1657 860 1711 889 est
1722 858 1735 873 ⁰
1744 854 2004 903 propinquum
2019 856 2357 905 imperfectissimo.
2371 858 2487 904 Quod

1420 913 1548 942 autem
1570 905 1713 953 aliquid
1737 906 1876 943 habeat
1901 909 2036 945 multas
2062 909 2230 947 actiones
2254 911 2317 947 vel
2345 918 2485 959 motus,

1420 958 1600 1006 contingit
1620 970 1665 994 ex
1686 970 1732 994 eo
1753 960 1858 1006 quod
1878 961 2007 998 medio
2027 963 2145 999 modo
2167 975 2208 1000 se
2226 964 2353 1000 habet.

1474 1013 1509 1049 6.
1540 1011 1690 1048 Deinde
1720 1023 1807 1048 cum
1836 1012 1942 1050 dicit:
1975 1015 2065 1051 Hoc
2093 1016 2240 1063 quidem
2276 1017 2392 1066 igitur
2419 1017 2486 1053 ha-

1419 1066 1479 1101 bet
1492 1072 1575 1111 etc.,
1592 1065 1745 1113 adaptat
1762 1065 1954 1113 praedicta
1968 1067 2150 1117 principia
2169 1070 2217 1106 ad
2231 1069 2484 1118 propositum.

1419 1119 1468 1155 Et
1496 1118 1584 1155 dicit
1604 1118 1707 1166 quod
1737 1117 1774 1154 in
1795 1117 1926 1154 ordine
1948 1131 2074 1157 rerum
2094 1122 2169 1158 hoc
2189 1123 2209 1143 ’Κ
2229 1123 2334 1170 quod
2354 1135 2485 1172 supre-

1418 1183 1527 1208 mum
1549 1178 1614 1217 est,
1635 1171 1751 1207 habet
1771 1177 1807 1207 et
1833 1171 2031 1220 participat
2045 1174 2190 1221 optimo
2212 1176 2356 1224 absque
2377 1176 2484 1212 omni

1418 1232 1545 1261 motu:
1576 1224 1681 1273 quod
1701 1223 1856 1272 quidem
1887 1225 2065 1273 contingit
2085 1227 2104 1247 ³⁸
2133 1228 2348 1266 substantiis
2377 1241 2485 1278 sepa-

1419 1277 1517 1324 ratis,
1539 1289 1637 1326 quae
1666 1284 1754 1313 sunt
1782 1277 1940 1314 omnino
1970 1278 2197 1317 immobiles
2228 1282 2327 1318 Dicit
2355 1290 2484 1319 autem

1416 1331 1527 1368 habet
1553 1336 1584 1377 P,
1613 1337 1770 1379 propter
1797 1343 2017 1378 supremam
2047 1345 2268 1382 causarum,
2303 1347 2400 1384 quae
2430 1343 2486 1372 est

1418 1385 1524 1421 Deus
1540 1383 1752 1430 altissimus,
1765 1383 1829 1432 qui
1845 1390 1900 1420 est
1914 1384 1995 1433 ipsa
2011 1386 2171 1423 essentia
2185 1387 2375 1425 bonitatis:
2397 1388 2486 1425 dicit

1418 1445 1547 1474 autem
1571 1437 1776 1486 participat
1791 1441 1825 1483 χ,
1851 1445 2006 1485 propter
2034 1438 2229 1476 inferiores
2257 1441 2484 1479 substantias

1418 1498 1622 1539 separatas,
1635 1502 1734 1538 quae
1751 1502 1834 1526 esse
1849 1497 1885 1526 et
1906 1491 2051 1528 bonurn
2066 1492 2207 1529 habent
2222 1506 2267 1530 ex
2283 1494 2373 1530 alio:
2395 1507 2484 1532 nam

1410 1544 1645 1592 participare
1672 1542 1764 1580 nihil
1784 1542 1885 1580 aliud
1906 1551 1960 1580 est
1979 1556 2097 1591 quarn
2122 1546 2169 1582 ab
2191 1546 2263 1582 alio
2283 1547 2485 1595 partialiter

1417 1596 1600 1646 accipere.
1631 1596 1704 1632 Hic
1728 1604 1784 1633 est
1811 1596 1921 1644 igitur
1948 1597 2093 1645 primus
2114 1605 2149 1634 et
2169 1611 2368 1648 supremus
2389 1601 2483 1638 ordo

1418 1650 1573 1687 entium.
1614 1650 1837 1687 Secundum
1879 1650 2054 1687 ordinem
2097 1651 2308 1700 distinguit,
2353 1653 2484 1691 dicens

1417 1703 1523 1752 quod
1543 1710 1598 1740 est
1626 1702 1770 1752 aliquid
1789 1702 1894 1752 quod
1918 1703 1965 1740 de
1984 1704 2201 1754 propinquo
2231 1706 2374 1754 attingit
2393 1706 2483 1744 illud

1416 1757 1607 1806 optimum
1626 1768 1695 1806 per
1708 1768 1853 1805 paucos
1873 1764 2017 1803 motus;
2039 1757 2132 1794 sicut
2151 1771 2329 1807 suprema
2349 1760 2482 1808 sphae-

1416 1823 1473 1858 ra,
1503 1822 1603 1858 quae
1622 1810 1809 1847 intantum
1839 1809 1973 1847 dicitur
2001 1811 2304 1860 appropinquare
2325 1813 2373 1850 ad
2392 1813 2484 1850 illud

1417 1863 1624 1913 optimum,
1654 1863 1879 1912 inquantum
1911 1863 2086 1911 pertingit
2123 1864 2171 1901 ad
2198 1866 2273 1902 hoc
2306 1867 2410 1915 quod
2439 1866 2484 1903 sit

1417 1929 1532 1954 causa
1558 1916 1784 1954 universalis
1803 1917 1823 1937 *
1843 1916 2112 1965 corporalium,
2134 1926 2170 1954 et
2194 1931 2308 1956 causa
2335 1932 2483 1968 perma-

1414 1970 1566 2007 nentiae
1594 1970 1778 2019 ipsorum.
1813 1969 1961 2007 Deinde
1990 1970 2097 2019 ponit
2124 1971 2275 2008 tertium
2302 1974 2482 2021 gradum,

1415 2024 1544 2061 dicens
1579 2023 1685 2072 quod
1719 2022 1863 2071 aliquid
1893 2024 1912 2044 ’²⁸
1941 2023 2222 2073 appropinquat
2254 2025 2301 2062 ad
2337 2026 2483 2063 bonum

1414 2077 1604 2126 optimum
1623 2089 1693 2126 per
1712 2077 1851 2113 multos
1875 2084 2019 2123 motus;
2050 2077 2145 2114 sicut
2164 2078 2377 2127 superiores
2405 2081 2483 2128 pla-

1414 2138 1523 2168 netae
1538 2159 1547 2177 ,
1577 2130 1642 2179 qui
1682 2129 1797 2166 etiam
1835 2137 1921 2166 sunt
1950 2142 2086 2167 causae
2123 2131 2355 2169 universales
2394 2133 2483 2170 effe-

1414 2192 1545 2221 ctuum
1573 2182 1612 2221 in
1640 2183 1800 2229 mundo,
1826 2180 2165 2232 et'permanentiae
2191 2192 2227 2221 et
2252 2185 2402 2223 fixionis
2426 2199 2483 2223 re-

1413 2250 1511 2274 rum.
1532 2237 1681 2274 Deinde
1700 2236 1808 2285 ponit
1836 2245 2012 2285 quartum
2031 2238 2202 2286 gradum,
2230 2238 2357 2275 dicens
2376 2240 2483 2288 quod

1413 2290 1553 2339 aliquid
1586 2298 1642 2327 est
1678 2290 1783 2339 quod
1818 2302 1897 2327 non
1933 2298 2058 2339 potest
2091 2291 2312 2340 participare
2343 2293 2362 2313 ’¹‘
2389 2293 2482 2330 illud

1411 2344 1623 2393 perfectum
1657 2343 1817 2391 bonurn,
1848 2343 1916 2380 sed
1945 2344 2081 2380 sufficit
2111 2346 2129 2366 *
2159 2345 2480 2395 qualitercumque
2509 2361 2518 2370 ·

1412 2397 1704 2447 appropinquet.

1465 2463 1501 2499 7.
1538 2451 1587 2487 Et
1620 2450 1669 2487 ad
1701 2450 1842 2486 horum
1869 2451 1888 2471 '²⁴'
1920 2450 2262 2488 manifestationem
2291 2453 2481 2500 subiungit

1412 2504 1652 2553 exemplum,
1688 2503 1817 2540 dicens
1846 2503 1970 2552 quod,
2005 2503 2035 2540 si
2062 2516 2253 2552 ponamus
2282 2506 2479 2543 sanitatem

1409 2557 1510 2595 vitae
1539 2557 1659 2594 finem
1679 2555 1706 2603 Ψ,
1727 2556 1946 2594 invenimus
1975 2565 2158 2605 quantum
2177 2558 2225 2595 ad
2244 2559 2318 2595 hoc
2338 2559 2479 2607 aliquid

1411 2623 1493 2648 esse
1531 2610 1736 2659 optimum,
1766 2610 1872 2659 quod
1900 2610 2039 2647 scilicet
2067 2623 2217 2659 semper
2246 2619 2300 2648 est
2327 2625 2475 2650 sanum.

1411 2666 1454 2701 In
1473 2665 1644 2701 secundo
1664 2671 1791 2700 autem
1810 2663 1929 2711 gradu
1950 2670 2005 2700 est
2024 2665 2129 2712 quod
2149 2665 2191 2701 fit
2208 2666 2227 2685 ’Ἠ
2247 2678 2383 2702 sanum
2410 2679 2479 2714 per

1411 2718 1533 2755 solam
1552 2717 1870 2763 extenuationem,
1895 2717 1992 2754 idest
2019 2717 2314 2755 subtractionem
2349 2731 2478 2768 super-

1409 2771 1591 2808 fluorum.
1622 2771 1664 2807 In
1692 2770 1800 2807 tertio
1830 2777 1958 2807 autem
1994 2770 2114 2818 gradu
2148 2779 2202 2807 est
2238 2772 2343 2820 quod
2380 2772 2476 2809 sani-

1412 2927 1460 2952 pro
1479 2919 1583 2952 aliquid
1592 2919 1748 2952 praevium,
1767 2918 1869 2950 aliquid
1878 2918 1998 2950 primum
2013 2918 2103 2948 BCE1;
2122 2918 2145 2941 A
2157 2925 2205 2949 pro
2219 2917 2321 2949 aliquid
2334 2919 2474 2949 praevium

1406 2962 1459 2987 per
1473 2962 1576 2987 paucos
1595 2958 1690 2983 motus,
1710 2954 1787 2978 habet
1805 2959 1905 2978 tantum
1919 2953 2039 2985 primum
2060 2956 2154 2977 motus.

1464 2991 1490 3023 u)
1511 2990 1778 3024 imperfectissimum.
1802 2989 1964 3013 Similiter...
1983 2988 2037 3012 alio
2062 2988 2140 3012 modo
2164 2987 2226 3019 quia
2251 2991 2298 3012 est.
2317 3001 2335 3007 —
2351 2989 2408 3012 Hoc
2427 2988 2474 3013 ho-

1411 3027 1572 3051 moteleuton
1591 3033 1643 3050 om.
1662 3025 1681 3049 P
1699 3030 1724 3049 et
1743 3025 1818 3048 codd.
1839 3031 1891 3048 exc.
1905 3024 1942 3054 A;
1962 3023 1987 3047 in
2006 3024 2029 3046 A
2048 3027 2135 3046 tamen
2154 3030 2200 3054 pro
2215 3022 2395 3054 propinquum
2409 3031 2474 3055 per-

1404 3061 1553 3094 fectissimo
1572 3061 1664 3093 legitur
1685 3059 1916 3093 perfectissimum,
1937 3058 2008 3090 quod
2032 3063 2101 3081 certo
2120 3057 2213 3081 falsum
2234 3062 2287 3087 est,
2307 3063 2335 3082 ut
2354 3064 2423 3090 patet
2442 3067 2472 3083 ex

1409 3097 1557 3121 immediate
1576 3095 1796 3129 praecedentibuS,
1815 3093 1918 3125 aliquid
1935 3096 2010 3117 caret
2027 3093 2134 3117 omnino
2154 3096 2234 3122 motu,
2249 3093 2312 3124 quia
2330 3096 2370 3118 est
2383 3095 2473 3127 perse-

1408 3132 1570 3161 ctissimum‚·
1588 3131 1657 3155 unde
1670 3130 1710 3154 hic
1725 3138 1777 3154 non
1796 3133 1881 3161 potest
1900 3128 1948 3152 dici
1967 3128 2037 3160 quod
2051 3127 2274 3160 perfectissimum
2294 3128 2372 3153 habet
2391 3137 2472 3154 unum

1408 3168 1449 3191 vel
1457 3174 1560 3199 paucos
1571 3170 1665 3191 motus.
1680 3165 1731 3189 Sed
1745 3170 1771 3189 et
1782 3165 1807 3188 in
1822 3164 1930 3188 lectione
1944 3163 1963 3187 P
1978 3162 2121 3187 continetur
2130 3162 2237 3187 falsum:
2256 3171 2308 3187 non
2319 3164 2387 3188 enim
2402 3165 2473 3196 quod

1408 3206 1448 3227 est
1461 3202 1642 3234 propinquum
1663 3199 1888 3232 imperfectissimo
1907 3201 1981 3223 caret
1999 3198 2072 3222 omni
2090 3201 2169 3227 motu,
2186 3199 2231 3222 sed
2250 3198 2337 3230 ipsum
2350 3199 2471 3232 imperfe-

1408 3238 1567 3266 ctissimum,
1587 3242 1615 3260 ut
1633 3240 1703 3268 patet
1721 3242 1751 3259 ex
1770 3234 1888 3266 praeced.
1907 3233 2078 3264 Relinquitur
2096 3236 2184 3257 autem
2205 3238 2252 3257 etc.

1461 3272 1490 3305 φ)
1511 3272 1584 3296 Dicit
1602 3274 1691 3295 autem
1711 3270 1796 3294 habet.
1815 3282 1833 3288 —-
1852 3269 1871 3292 P
1891 3273 1916 3292 et
1935 3269 2035 3292 codices
2055 3273 2159 3300 excepto
2179 3269 2201 3292 A
2220 3268 2316 3293 habent
2334 3270 2403 3294 enim
2423 3278 2470 3302 pro

1407 3310 1504 3332 autem.
1524 3307 1575 3331 Pro
1594 3306 1683 3334 habet,
1698 3304 1746 3329 hoc
1759 3307 1848 3328 autem
1862 3303 1941 3328 habet
1955 3303 1990 3335 pl,
2003 3303 2053 3327 hoc
2067 3303 2098 3332 sI.
2112 3310 2264 3335 supremum
2278 3305 2307 3333 E,
2322 3305 2422 3336 optimo
2437 3306 2470 3336 P;

1405 3342 1527 3367 omittunt
1546 3341 1621 3365 ceteri
1642 3348 1694 3364 exc.
1714 3339 1810 3363 sFG.-
1828 3339 1918 3363 Statim
1934 3346 1981 3370 pro
1993 3345 2144 3368 causarum,
2160 3344 2279 3371 corrupte
2291 3347 2383 3364 eorum
2397 3340 2469 3365 AEG

1405 3378 1445 3409 pI,
1465 3384 1556 3401 earum
1576 3376 1651 3399 BDF.
1668 3389 1687 3393 —
1706 3375 1756 3398 Pro
1775 3374 1820 3405 qui
1839 3377 1878 3398 est
1897 3374 1962 3405 ipsa,
1981 3380 2049 3406 quae
2067 3377 2106 3398 est
2125 3374 2182 3406 ipsa
2202 3374 2303 3399 codices
2317 3381 2423 3408 excepto
2436 3376 2469 3401 A.

1457 3412 1485 3446 χ)
1500 3411 1658 3443 participat.
1672 3424 1690 3428 -
1704 3410 1724 3433 P
1744 3410 1803 3433 add.
1813 3412 1860 3433 etc.
1873 3423 1891 3427 —-
1906 3409 1962 3434 Lin.
1983 3416 2040 3441 seq.
2062 3417 2110 3441 pro
2128 3416 2184 3434 esse
2203 3413 2230 3434 et
2249 3410 2353 3439 bonum,
2371 3418 2427 3435 esse
2443 3414 2470 3435 et

1405 3448 1467 3472 bene
1485 3453 1540 3471 esse
1554 3447 1585 3470 A.
1599 3458 1617 3466 -«
1631 3446 1701 3469 Idem
1729 3452 1776 3476 pro
1793 3444 1963 3476 partialiter,
1978 3444 2192 3476 participaliter5
2213 3453 2260 3477 pro
2285 3446 2338 3471 Hic
2360 3449 2412 3475 est,
2432 3447 2469 3471 Et

1404 3483 1453 3507 hoc
1471 3485 1510 3506 est
1517 3489 1525 3509 ,·
1545 3486 1569 3505 et
1588 3488 1634 3513 pro
1655 3479 1810 3512 distinguit,
1830 3479 1962 3512 designat.

1458 3515 1485 3550 ψ)
1506 3516 1575 3540 vitae
1592 3516 1688 3548 finem.
1706 3529 1724 3533 -
1742 3522 1796 3539 esse
1814 3515 1897 3547 finem
1919 3516 1957 3544 A.
1980 3522 2034 3540 esse
2053 3515 2123 3540 vitae
2139 3516 2224 3548 finem
2244 3516 2334 3540 CGsF.
2351 3530 2371 3535 -
2388 3516 2467 3541 Linea

1403 3552 1522 3584 sequenti
1541 3551 1561 3575 P
1580 3551 1674 3575 omittit
1692 3550 1798 3581 scilicet,
1818 3550 1878 3583 quia
1897 3551 1998 3575 codices
2018 3556 2124 3583 excepto
2140 3551 2198 3575 AsF
2218 3551 2281 3575 illud
2300 3557 2469 3584 corrumpunt

1402 3595 1428 3611 in
1446 3594 1492 3612 stc.

2256 3640 2286 3664 25

2514 1132 2522 1140 ·
2539 1133 2564 1151 ut
2583 1131 2652 1153 codd.
2675 1138 2726 1154 exc.

2512 1164 2534 1183 A,
2545 1157 2571 1178 id
2584 1164 2605 1179 P.

2514 1242 2522 1250 ’
2538 1241 2647 1262 convenit
2659 1247 2685 1268 ⁴3
2700 1242 2725 1263 in

2513 1267 2567 1289 add.
2582 1274 2603 1289 P.

2607 1357 2623 1381 φ

2609 1450 2629 1475 Υ.

2513 1935 2520 1943 ·
2537 1938 2615 1954 rerum
2634 1933 2687 1955 add.
2702 1939 2726 1955 Α.

2512 2040 2520 2048 ·
2536 2038 2623 2066 aliquis
2636 2045 2710 2061 neum.

2509 2304 2518 2314 '
2521 2304 2645 2332 percipere
2651 2304 2720 2326 codd.

2533 2361 2555 2381 si
2568 2360 2620 2382 add.
2635 2367 2659 2383 Α.

2507 2460 2617 2482 ‘eor-um?
2623 2464 2644 2482 et
2650 2460 2720 2483 codd.

2508 2492 2557 2508 exc.
2567 2493 2589 2508 Α.

2606 2562 2622 2596 ψ

2507 2676 2516 2684 ’
2531 2675 2562 2695 sit
2576 2673 2644 2696 codd.
