2782 4134
0 1463 4 1544 ὲ

0 1550 5 1608 ι

0 1610 7 1703 l

62 623 78 671 ἓ
83 621 120 677 C}
135 622 190 644 1001.
200 627 278 650 praec.

63 730 74 740 ·
88 727 161 750 Num.
175 734 197 757 7.

64 890 75 899 '
89 887 163 911 Num.
176 894 229 916 seq.

65 942 76 953 ·
89 940 163 964 Num.
173 941 198 964 ⁶.

65 1641 76 1652 ’
81 1638 280 1669 μων-000413.

1149 266 1261 303 CAP.
1293 267 1364 314 IX,
1394 266 1546 304 LECT.
1577 267 1668 304 XXI

462 542 465 545 ,
574 507 627 545 dit
654 453 761 555 quod
790 512 894 542 extra
932 506 1082 543 caelum
1111 518 1192 543 non
1231 514 1288 543 est
1315 507 1379 544 ali—

305 559 411 608 quod
440 572 576 596 eorum
596 572 695 608 quae
715 566 1004 607 consequuntur
1029 559 1078 596 ad
1103 571 1266 608 corpora
1294 572 1378 596 sen-

305 612 427 650 sibilia
446 613 478 650 *.
500 614 550 650 Et
566 613 693 672 primo
722 612 889 649 ostendit
914 612 1179 661 propositum3
1209 613 1379 650 secundo

306 666 472 703 ostendit
500 666 626 715 qualia
653 665 727 702 sint
754 677 854 713 quae
884 672 988 702 extra
1008 666 1158 702 caelum
1186 673 1276 703 nata
1294 674 1382 703 sunt

307 732 402 767 esse,
422 719 493 756 ibi:
512 720 672 767 Propter
685 719 788 767 quod
804 718 955 767 quidem
980 730 1100 767 neque
1114 719 1151 755 in
1180 719 1293 756 loco*
1309 727 1378 756 etc.

306 773 418 810 Circa
449 771 620 821 primurn
649 771 719 808 tria
755 771 862 808 facit:
891 771 1018 821 primo
1055 771 1238 821 proponit
1275 772 1382 821 quod

304 825 482 872 intendit;
498 825 670 865 secundo
689 825 828 874 probat
845 825 1101 874 propositum,
1122 825 1194 862 ibi:
1209 827 1257 862 In
1277 826 1384 863 omni

304 879 405 917 enim
433 878 516 915 loco
530 878 552 899 *
567 886 659 924 010.;
688 877 798 915 tertio
818 878 931 915 infert
950 878 1238 916 conclusionem
1263 879 1382 916 inten-

305 938 397 978 tam,
427 931 500 968 ibi:
528 932 781 980 Manifestum
811 932 928 982 igitur
956 932 977 953 *
1006 940 1075 970 etc.

359 984 460 1022 Dicit
489 996 578 1032 ergo
606 985 734 1034 primo
772 985 878 1033 quod
907 985 1020 1023 simul
1056 998 1145 1023 curn
1173 986 1249 1022 hoc
1277 986 1383 1035 quod

304 1038 513 1087 probatum
543 1045 610 1086 est,
631 1046 736 1076 extra
765 1039 916 1076 caelum
936 1051 1015 1076 non
1036 1051 1119 1076 esse
1140 1051 1279 1089 corpus
1298 1052 1382 1077 sen-

306 1091 432 1139 sibile,
472 1091 719 1129 manifestum
758 1099 815 1129 est
849 1093 957 1140 quod
990 1100 1094 1130 extra
1132 1094 1282 1130 caelum
1317 1105 1383 1130 ne-

305 1157 382 1194 que
412 1152 468 1182 est
504 1145 632 1193 locus,
672 1158 799 1194 neque
826 1158 1013 1194 vacuum,
1042 1158 1170 1194 neque
1207 1154 1382 1195 tempus:

303 1197 464 1243 dre-his
479 1198 584 1236 enim
622 1199 741 1236 tribus
779 1199 1054 1238 determinatur
1086 1199 1126 1236 in
1155 1200 1207 1236 IV
1230 1200 1381 1249 Pnysic.

306 1251 402 1290 sicut
430 1251 478 1289 de
507 1252 740 1302 quibusdam
770 1253 1094 1302 consequentibus
1127 1264 1290 1302 corpora
1317 1265 1383 1290 na-

306 1305 453 1343 turalia.

362 1370 398 1396 2.
428 1358 580 1396 Deinde
609 1372 698 1397 cum
728 1359 838 1398 dicit:
858 1361 905 1398 In
935 1360 1042 1397 omni
1067 1359 1168 1396 enim
1188 1359 1270 1397 loco
1299 1367 1383 1407 etc.,

306 1412 446 1462 probat
472 1412 729 1462 propositum.
760 1413 892 1451 Primo
927 1413 1085 1461 quidem
1114 1421 1302 1461 quantum
1335 1413 1385 1451 ad

306 1466 450 1503 locum.
482 1467 524 1503 In
553 1466 661 1503 omni
689 1466 792 1504 enim
820 1467 908 1504 loco
936 1466 1118 1515 possibile
1143 1474 1199 1503 est
1227 1467 1386 1504 existere

307 1530 465 1568 corpuS‚
495 1518 666 1567 alioquin
703 1520 811 1557 locus
840 1527 940 1557 esset
980 1520 1138 1566 frustra3
1177 1520 1245 1558 sed
1284 1528 1387 1558 extra

307 1571 458 1609 caelum
476 1584 558 1609 non
586 1580 642 1609 est
659 1573 841 1622 possibile
870 1573 1030 1610 existere
1053 1573 1210 1622 aliquod
1234 1586 1384 1623 corpus,

306 1632 350 1663 ut
375 1625 583 1674 probatum
612 1634 668 1664 est
697 1628 738 1673 *3
773 1639 864 1676 ergo
900 1633 1003 1664 extra
1040 1627 1190 1664 caelum
1222 1639 1302 1664 non
1331 1635 1388 1664 est

307 1679 428 1717 locus.

364 1731 554 1770 Secundo
571 1732 644 1770 ibi:
673 1733 844 1771 Vacuum
862 1739 990 1771 autem
1019 1741 1088 1771 etc.
1093 1734 1262 1794 ,probat
1280 1734 1387 1793 quod

309 1793 414 1824 extra
451 1786 600 1823 caelum
635 1798 716 1824 non
751 1794 806 1825 est
842 1799 1012 1826 vacuum
1039 1793 1069 1824 α.
1099 1787 1154 1825 Illi
1188 1787 1293 1825 enim
1321 1787 1387 1847 qui

307 1846 460 1889 ponunt
477 1851 660 1888 vacuum,
681 1840 870 1879 definiunt
895 1853 1066 1878 vacuum
1087 1853 1169 1878 esse
1189 1841 1319 1878 locum
1347 1841 1387 1878 in

310 1905 390 1941 quo
425 1904 505 1930 non
540 1893 661 1931 existit
694 1906 845 1944 corpus,
880 1894 950 1932 sed
981 1894 1163 1943 possibile
1198 1902 1253 1931 est
1282 1907 1386 1941 esse3

256 1976 259 1979 a
310 1946 380 1983 sed
409 1953 512 1983 extra
541 1947 691 1984 caelum
720 1960 800 1985 non
828 1955 885 1985 est
910 1947 1092 1997 possibile
1122 1959 1262 1997 corpus
1291 1960 1386 1995 esse,

69 2011 79 2022 ·
93 2009 154 2033 ma.

70 2436 82 2447 *
96 2436 167 2458 atra
180 2440 229 2457 om.
243 2440 266 2456 ι».

73 2596 84 2607 ·
97 2594 142 2618 sed
153 2600 267 2623 sarept.

309 2006 353 2038 ut
384 2007 583 2037 ostensum
619 2008 676 2038 est
704 2002 745 2047 *3
776 2013 865 2050 ergo
895 2009 998 2038 extra
1036 2001 1186 2038 caelum
1214 2014 1294 2039 non
1333 2009 1389 2039 est

309 2064 492 2102 vacuum.

367 2106 403 2144 3.
433 2106 503 2143 Est
530 2114 659 2144 autem
680 2107 881 2146 sciendum
900 2108 1007 2156 quod
1036 2107 1154 2145 Stoici
1178 2116 1391 2157 posuerunt

311 2171 481 2197 vacuum
517 2159 710 2198 infinitum
723 2190 732 2208 ,
762 2161 802 2198 in
837 2161 944 2199 cuius
981 2161 1152 2209 quadam
1184 2169 1293 2210 parte
1335 2169 1392 2198 est

312 2212 503 2250 mundus:
533 2220 571 2250 et
598 2213 648 2251 ita
677 2214 900 2263 relinquitur
933 2214 1148 2251 secundum
1178 2226 1245 2251 eos
1283 2214 1391 2262 quod

313 2273 418 2304 extra
433 2273 646 2304 extremam
658 2267 1004 2304 circumferentiam
1018 2266 1064 2304 sit
1077 2279 1260 2304 vacuum.
1273 2267 1392 2314 Quod

265 2341 273 2350 ·
313 2319 472 2368 quidem
499 2319 564 2357 tali
591 2320 863 2368 imaginatione
893 2321 914 2342 *
931 2321 1098 2370 probare
1121 2321 1316 2358 volebant.
1352 2320 1392 2358 Si

314 2372 419 2411 enim
435 2380 535 2410 esset
553 2373 687 2423 aliquis
706 2373 746 2411 in
765 2382 936 2412 extrema
962 2373 1266 2411 circumferentia
1283 2374 1392 2421 caeli,

314 2433 380 2464 aut
412 2434 544 2475 posset
573 2426 776 2464 extendere
809 2439 972 2464 manum
1007 2439 1118 2464 suam
1148 2435 1253 2464 extra
1282 2428 1303 2449 *
1329 2434 1395 2464 301

315 2491 406 2517 11011.
438 2479 479 2517 Si
508 2492 588 2518 non
616 2488 758 2530 posset,
789 2493 881 2529 ergo
909 2480 1160 2530 impediretur
1187 2481 1236 2517 ab
1266 2481 1393 2529 aliquo

315 2533 526 2571 extrinseco
559 2534 759 2581 existente;
782 2542 818 2571 01
836 2534 975 2572 redibit
992 2534 1131 2571 eadem
1151 2534 1324 2583 quaestio
1345 2534 1394 2571 de

313 2585 377 2624 illo
399 2587 628 2636 extrinseco,
659 2588 690 2625 si
718 2589 738 2608 ⁴*
767 2587 807 2624 in
836 2595 1007 2625 extremo
1037 2587 1119 2625 eius
1155 2587 1291 2636 aliquis
1320 2587 1394 2624 exi-

315 2647 418 2678 stens
451 2648 582 2690 posset
609 2642 706 2678 ultra
743 2653 907 2678 manum
943 2640 1159 2689 porrigere3
1190 2649 1227 2678 et
1252 2641 1305 2678 ita
1331 2641 1394 2677 vel

315 2693 548 2742 procedetur
574 2693 614 2731 in
650 2694 864 2742 infinitum,
892 2695 955 2732 vel
994 2694 1219 2732 devenietur
1247 2694 1297 2732 ad
1329 2693 1394 2731 ali-

372 2854 400 2886 α)
414 2860 480 2887 ergo
494 2856 578 2879 extra
589 2853 691 2878 caelum
705 2860 758 2878 non
771 2855 811 2878 est
823 2853 905 2878 locus.
920 2852 1044 2878 Secundo
1058 2853 1122 2878 ibi...
1134 2860 1187 2878 non
1201 2856 1242 2878 est
1256 2860 1398 2878 vacuum.-

319 2890 356 2914 lta
366 2889 435 2919 AsE,
445 2889 465 2913 P
481 2893 506 2914 et
520 2893 569 2914 cet.
578 2888 686 2913 habent:
704 2895 771 2921 ergo
785 2891 868 2913 extra
882 2889 984 2914 eaelum
1003 2895 1055 2913 non
1071 2891 1111 2913 est
1125 2896 1255 2918 vacuum‚·
1273 2889 1398 2913 omittunt

319 2932 415 2957 nempe
433 2924 630 2949 homoteleuton
644 2924 727 2948 locus.
747 2923 871 2948 Secundo
886 2924 955 2949 ibi...
968 2924 1070 2949 caelum
1084 2931 1137 2949 non
1152 2927 1230 2949 est.-
1242 2924 1306 2948 Post
1318 2931 1398 2949 unam

319 2960 364 2985 lin.
379 2967 427 2992 pro
444 2959 494 2985 sed
507 2959 635 2992 possibile
653 2962 693 2984 est
711 2966 774 2988 esse,
789 2959 837 2984 sed
850 2959 977 2991 possibile
995 2962 1036 2985 est
1054 2959 1091 2984 ibi
1108 2966 1165 2985 esse
1182 2960 1214 2990 A,
1232 2959 1281 2985 sed
1299 2959 1397 2992 impos-

319 2995 395 3021 sibile
414 2997 454 3021 est
472 2995 510 3020 sic
528 3001 592 3024 esse,
613 2995 654 3019 ed.
672 2993 750 3019 1516.
762 3007 781 3013 —-
792 2994 812 3019 P
831 2999 858 3019 et
875 2995 978 3021 codices
998 2995 1111 3028 exceptis
1130 2995 1191 3020 AsE
1209 2995 1334 3020 omittunt
1350 2995 1399 3020 sed

320 3034 405 3056 extra
422 3030 558 3055 caelum...
576 3033 712 3054 ostensum
729 3033 778 3055 est.

375 3064 400 3099 β)
419 3069 446 3091 et
465 3065 504 3090 ita
522 3065 565 3090 vel
572 3065 773 3098 procedetur...
791 3068 875 3091 extra
893 3066 946 3091 erit
963 3073 1086 3091 vacuum.
1097 3080 1117 3085 -
1129 3066 1166 3091 lta
1184 3061 1287 3091 codices
1305 3067 1398 3091 unani-

321 3102 397 3126 miter
404 3108 411 3131 3
431 3101 451 3125 P
471 3101 548 3133 legit:
567 3103 595 3125 et
613 3100 653 3125 ita
671 3101 711 3125 vel
725 3101 922 3133 procederetur
941 3102 968 3127 in
989 3101 1138 3135 infinitum,
1159 3102 1200 3127 vel
1218 3102 1341 3127 venietur
1359 3102 1399 3127 ad

321 3140 476 3162 extremum
495 3143 606 3168 corpus,
633 3136 707 3160 ultra
725 3137 797 3170 quod
815 3137 894 3162 homo
913 3137 950 3163 ibi
969 3137 1089 3163 existens
1111 3144 1163 3162 non
1177 3140 1271 3170 posset
1289 3145 1398 3163 manum

316 3172 479 3206 porrigere‚·
493 3179 545 3204 quo
558 3172 632 3200 dato,
647 3171 768 3204 sequitur
781 3172 853 3204 quod
867 3176 950 3198 extra
965 3173 994 3198 id
1001 3173 1090 3205 possit
1102 3179 1158 3198 esse
1171 3180 1284 3205 corpus5
1297 3177 1324 3198 et
1338 3181 1397 3198 cum

322 3215 374 3233 non
394 3208 437 3237 sit,
453 3210 535 3232 extra
554 3207 607 3232 erit
625 3214 755 3236 vacuum5
772 3207 837 3232 11300
851 3208 927 3233 100110
941 3208 1027 3233 minus
1042 3209 1160 3241 expedita
1173 3213 1214 3233 est
1227 3217 1308 3242 quam
1322 3209 1399 3234 lectio

322 3244 455 3272 codicum,
475 3248 501 3268 et
524 3243 611 3276 quoad
631 3250 682 3268 non
697 3246 803 3275 posset,
823 3251 941 3270 erronea.

376 3278 402 3312 γ)
418 3279 531 3304 alicuius
544 3278 679 3304 extranei.
693 3292 712 3298 -
723 3279 851 3304 extranei
861 3287 915 3304 om.
929 3279 1080 3312 BCDEFG;
1100 3280 1286 3313 compendium
1301 3281 1374 3313 quod
1388 3281 1398 3305 1

321 3314 408 3344 habet,
423 3315 551 3347 explicare
565 3322 618 3338 non
632 3314 766 3347 potuimus
781 3314 923 3347 (di’anis).
937 3328 957 3334 -
970 3315 1035 3341 Post
1046 3323 1127 3341 unam
1142 3315 1187 3341 lin.
1201 3323 1250 3348 pro
1265 3316 1321 3341 Sed
1334 3316 1399 3341 haec

323 3350 474 3382 responsio,
495 3350 551 3375 Sed
569 3350 641 3375 ratio
660 3350 689 3374 P.

377 3384 403 3418 ὃ)
423 3393 475 3410 non
495 3385 658 3418 dependeret
670 3392 688 3410 a
702 3392 814 3417 corpore
832 3385 900 3411 caeli
917 3386 986 3411 sieut
1000 3394 1017 3411 a
1030 3387 1191 3412 continente.
1202 3401 1223 3406 —
1236 3387 1287 3412 Pro
1302 3387 1399 3419 depen-

323 3420 400 3445 deret
418 3425 540 3453 corrupte
560 3421 667 3446 deberet
684 3421 729 3446 DF
731 3421 793 3453 pG1,
809 3421 940 3453 dependet
952 3422 983 3453 B,
995 3425 1132 3448 teneretur
1150 3423 1190 3454 s1;
1210 3423 1230 3447 P
1245 3423 1349 3455 corrigit
1363 3423 1399 3447 10-

324 3456 424 3489 gendoz
444 3463 496 3481 non
517 3456 624 3482 deberet
641 3464 659 3481 a
677 3463 790 3488 corpore
808 3457 876 3481 caeli
892 3457 932 3482 sic
953 3458 1087 3483 contineri
1091 3467 1101 3489 ‚-
1119 3458 1141 3483 E
1160 3465 1236 3483 vero:
1255 3458 1328 3491 quod
1346 3465 1399 3483 non

324 3491 432 3516 deberet
449 3498 467 3516 a
485 3499 598 3524 corpore
615 3492 684 3517 caeli
701 3492 845 3522 contineri,
866 3492 935 3518 idest
951 3493 1021 3519 sient
1038 3501 1056 3519 a
1074 3494 1233 3519 continente.

378 3526 400 3559 ε)
415 3527 515 3552 alicubi
528 3528 695 3553 terminetur.
706 3542 726 3547 —
739 3528 777 3552 ad
789 3528 894 3560 aliquid
907 3529 1067 3554 terminetur
1081 3530 1157 3554 codd.
1170 3529 1316 3554 Alexander
1330 3529 1400 3562 apud

325 3562 500 3595 Simplicium:
516 3571 530 3586 ι
543 3563 564 3587 si
577 3564 684 3596 quidem
698 3562 808 3593 finitum,
824 3564 856 3588 ab
871 3564 959 3596 aliquo
973 3563 1069 3596 11111101,
1081 3570 1107 3590 01
1119 3570 1180 3590 tunc
1195 3565 1287 3589 iterum
1301 3565 1333 3589 de
1347 3569 1399 3589 ter-

325 3597 398 3622 mino
415 3598 489 3623 vacui
508 3598 578 3629 idem
597 3607 685 3624 sermo
699 3604 838 3632 quaeretur
850 3604 899 3624 etc.
914 3609 927 3622 ν
948 3600 1000 3632 Op.
1015 3601 1066 3632 cit„
1080 3601 1125 3626 fol.
1139 3599 1172 3632 45
1189 3606 1267 3629 recte,
1283 3600 1334 3625 col.
1351 3608 1400 3625 1.-

326 3633 390 3658 Post
408 3633 453 3659 lin.
467 3633 666 3660 homoteleuton
684 3635 737 3660 erit
749 3638 847 3668 potens
872 3635 990 3668 recipere
1007 3643 1105 3669 corpus
1124 3637 1272 3670 infinitum,
1292 3635 1364 3669 quod
1378 3635 1398 3660 P

2457 269 2505 305 85

1435 346 1542 394 quod
1561 354 1774 383 extremum
1795 357 1946 395 corpus,
1966 346 2064 383 ultra
2085 346 2191 396 quod
2219 346 2340 383 homo
2360 347 2412 383 ibi
2432 347 2507 384 exi-

1435 407 1537 437 stens
1564 407 1695 449 posset
1720 411 1881 437 manum
1900 399 2108 448 porrigere.
2139 400 2229 446 Quo
2259 399 2360 448 dato,
2384 400 2507 449 sequi-

1434 461 1495 490 tur
1522 453 1627 502 quod
1644 461 1747 490 extra
1766 452 1858 490 illud
1876 453 1997 502 possit
2015 465 2099 490 esse
2129 465 2268 502 corpus
2288 459 2325 489 et
2343 465 2423 490 non
2442 453 2507 501 sit;

1435 514 1472 543 et
1498 506 1549 544 ita
1579 514 1683 544 extra
1711 506 1780 543 erit
1806 518 1976 543 vacuum
2004 504 2032 542 β.

1488 560 1550 597 Ad
1573 561 1648 596 hoc
1667 567 1796 597 autem
1817 559 2025 608 respondet
2043 559 2271 606 Alexander,
2293 558 2422 596 dicens
2441 572 2510 608 po-

1436 612 1614 650 sitionem
1647 625 1731 650 esse
1768 613 2067 661 impossibilem:
2099 624 2187 649 cum
2229 611 2331 649 enim
2370 624 2509 661 corpus

1437 665 1529 702 caeli
1558 666 1604 703 sit
1622 666 1867 715 impassibile,
1897 678 1978 703 non
2007 673 2062 703 est
2086 665 2324 714 receptivum
2353 665 2510 703 alicuius

1437 719 1604 755 extranei
1631 724 1657 755 ⁷.
1688 719 1800 756 Unde
1829 719 1859 756 si
1889 731 1934 756 ex
1961 720 2035 756 hac
2068 718 2294 767 impossibili
2320 718 2510 767 positione

1437 771 1607 820 sequitur
1625 772 1781 821 aliquod
1801 772 2089 819 inconveniens,
2110 784 2191 809 non
2213 779 2268 808 est
2283 772 2508 809 curandum.

1438 846 1462 853 -
1478 825 1556 861 Sed
1583 825 1679 862 haec
1708 825 1906 874 responsio
1926 838 2006 863 non
2023 825 2175 863 videtur
2194 837 2277 862 esse
2296 825 2510 862 sufficiens:

1438 878 1528 927 quia
1560 878 1843 927 impossibilitas
1880 879 1992 916 huius
2024 878 2225 928 positionis
2258 890 2338 915 non
2378 886 2433 915 est
2465 890 2511 915 ex

1437 939 1545 981 parte
1569 931 1650 968 eius
1669 931 1689 952 *
1709 931 1816 980 quod
1844 939 1900 969 est
1919 940 2022 969 extra
2050 933 2212 980 caelum,
2234 931 2302 969 sed
2332 944 2377 968 ex
2404 940 2511 981 parte

1438 985 1556 1034 ipsius
1586 984 1700 1030 cae113
1730 997 1833 1022 nunc
1861 993 1991 1022 autern
2020 986 2141 1034 agitur
2166 986 2215 1023 de
2244 997 2291 1022 eo
2320 986 2427 1034 quod
2457 992 2514 1022 est

1439 1046 1542 1076 extra
1562 1039 1721 1076 caelum.
1743 1038 1855 1076 Unde
1876 1039 2012 1076 eadem
2033 1039 2127 1076 ratio
2155 1047 2210 1076 est
2238 1038 2268 1075 si
2287 1046 2411 1075 totum
2430 1038 2513 1075 uni-

1438 1104 1596 1130 versum
1617 1099 1716 1129 esset
1742 1099 1853 1139 terra,
1883 1091 1922 1128 in
1952 1092 2058 1129 cuius
2078 1100 2246 1129 extremo
2274 1099 2405 1141 posset
2429 1103 2513 1128 esse

1438 1146 1572 1182 homo.
1611 1145 1662 1182 Et
1688 1145 1776 1182 ideo
1807 1153 1957 1194 oportet
1985 1145 2091 1182 aliter
2128 1146 2265 1192 dicere,
2300 1145 2396 1182 sicut
2431 1145 2513 1194 ipse

1441 1198 1556 1236 etiam
1586 1198 1685 1246 dicit,
1717 1198 1823 1247 quod
1851 1211 2011 1235 manum
2040 1211 2151 1236 suam
2177 1207 2281 1236 extra
2310 1198 2513 1236 extendere

1440 1250 1519 1289 non
1538 1259 1670 1301 posset
1687 1252 1808 1289 homo
1835 1251 1874 1289 in
1903 1259 2072 1289 extrema
2091 1252 2396 1289 circumferentia
2424 1264 2514 1289 con-

1440 1305 1610 1353 stitutus,
1640 1317 1720 1342 non
1747 1313 1904 1354 propter
1927 1305 2083 1355 aliquod
2110 1306 2130 1326 *
2158 1306 2412 1343 extrinsecum
2444 1305 2515 1342 im-

1440 1358 1612 1408 pediens,
1642 1358 1713 1396 sed
1734 1358 1823 1408 quia
1852 1359 1899 1396 de
1928 1366 2063 1396 natura
2101 1359 2276 1396 omnium
2306 1370 2514 1408 corporum

1441 1412 1671 1450 naturalium
1700 1420 1776 1459 est,
1805 1412 1911 1461 quod
1940 1412 2204 1450 contineantur
2231 1413 2326 1450 infra
2357 1413 2376 1434 *
2396 1419 2514 1448 extre-

1441 1478 1548 1502 mam
1569 1465 1913 1503 circumferentiam
1939 1466 2052 1513 caeli;
2074 1466 2244 1514 alioquin
2268 1465 2416 1503 caelum
2436 1477 2516 1502 non

1443 1526 1541 1556 esset
1575 1518 1812 1556 universum.
1842 1518 1956 1556 Unde
1993 1519 2024 1556 si
2054 1526 2152 1556 esset
2185 1519 2341 1568 aliquod
2378 1531 2516 1567 corpus

1442 1572 1548 1622 quod
1586 1584 1667 1610 non
1705 1571 1939 1621 dependeret
1975 1585 1998 1609 a
2032 1584 2193 1621 corpore
2235 1571 2328 1609 caeli
2367 1571 2462 1608 sicut
2494 1583 2517 1608 a

1443 1626 1659 1663 continente
1690 1623 1703 1647 δ
1719 1655 1727 1671 ,
1770 1624 1863 1662 illud
1905 1624 1997 1662 nihil
2036 1625 2256 1674 prohiberet
2298 1637 2381 1662 esse
2416 1632 2518 1662 extra

1443 1680 1613 1727 caelum,
1643 1679 1740 1716 sicut
1775 1678 2008 1716 substantiae
2045 1678 2276 1728 spirituales,
2304 1686 2346 1716 ut
2373 1678 2470 1716 infra
2498 1679 2518 1699 ’¹‘

1443 1733 1600 1771 dicetur.

1495 1798 1533 1834 4.
1565 1785 1684 1834 Quod
1703 1793 1831 1823 autem
1858 1798 1938 1823 non
1958 1785 2004 1823 sit
2030 1797 2200 1823 vacuum
2222 1792 2325 1822 extra
2354 1785 2515 1832 caelum,

1441 1841 1580 1889 probat
1606 1839 1826 1876 Alexander
1854 1839 1944 1888 quia
1972 1846 2038 1876 aut
2065 1838 2157 1876 illud
2184 1850 2354 1876 vacuum
2383 1838 2452 1875 erit
2474 1838 2519 1875 fi-

1441 1893 1585 1939 nitum,
1615 1900 1681 1930 aut
1715 1892 1930 1930 infinitum:
1968 1893 1999 1930 si
2026 1892 2199 1940 finitum,
2230 1898 2383 1940 oportet
2413 1890 2520 1940 quod

1442 1946 1580 1984 alicubi
1611 1946 1835 1983 terminetur
1858 1952 1886 1993 ³,
1922 1953 1958 1983 et
1991 1945 2127 1983 redibit
2160 1945 2298 1982 eadem
2331 1944 2518 1993 quaestio,

1441 2007 1570 2038 utrum
1587 2007 1690 2037 extra
1709 1999 1800 2037 illud
1818 1999 1939 2049 possit
1962 1999 2097 2049 aliquis
2118 2011 2278 2036 manum
2295 1997 2519 2044 extendere3

1443 2054 1474 2092 si
1498 2061 1628 2091 autem
1649 2053 1696 2091 sit
1713 2053 1918 2100 infinitum,
1941 2053 2010 2090 erit
2032 2060 2169 2102 potens
2189 2052 2358 2101 recipere
2379 2063 2519 2101 corpus

1443 2107 1655 2153 infinitum;
1685 2114 1750 2144 aut
1787 2119 1877 2155 ergo
1910 2106 1973 2144 illa
2000 2106 2171 2155 potentia
2199 2105 2313 2143 vacui
2342 2105 2410 2142 erit
2446 2105 2521 2142 fru-

1444 2168 1532 2208 stra,
1553 2167 1618 2198 aut
1637 2160 1830 2210 oportebit
1855 2172 2001 2209 ponere
2030 2172 2170 2208 corpus
2189 2158 2395 2206 infinitum,
2416 2157 2522 2207 quod

1444 2213 1566 2263 possit
1593 2213 1711 2262 recipi
1747 2213 1786 2251 in
1812 2226 1938 2250 vacuo
1968 2213 2116 2250 infinito
2133 2214 2290 2259 -Item,
2321 2211 2352 2249 si
2380 2211 2426 2248 sit
2453 2223 2521 2249 va-

1447 2279 1564 2304 cuum
1602 2274 1706 2304 extra
1743 2266 1956 2313 mundum,
1987 2266 2157 2303 similiter
2193 2278 2234 2303 se
2268 2265 2385 2302 habet
2411 2277 2522 2302 mun-

1448 2320 1518 2357 dus
1547 2320 1596 2357 ad
1633 2320 1845 2368 quamlibet
1871 2327 2022 2368 partem
2050 2318 2180 2367 vacui,
2210 2319 2300 2368 quia
2327 2318 2367 2355 in
2394 2330 2520 2356 vacuo

1447 2374 1551 2411 nulla
1580 2380 1636 2410 est
1673 2373 1903 2410 differentia:
1935 2380 1971 2410 et
2002 2373 2052 2409 ita
2089 2373 2185 2409 haec
2211 2384 2301 2421 pars
2331 2371 2445 2409 vacui
2483 2371 2523 2409 in

1449 2439 1526 2475 qua
1554 2434 1611 2463 est
1637 2426 1821 2474 mundus,
1851 2439 1930 2463 non
1960 2434 2016 2463 est
2043 2425 2220 2475 proprius
2248 2426 2356 2462 locus
2385 2425 2466 2462 eius
2495 2424 2520 2462 ζ.

1449 2480 1566 2517 Νο113
1595 2487 1651 2516 est
1678 2492 1768 2527 ergo
1798 2492 1913 2516 causa
1948 2492 2066 2528 quare
2103 2479 2142 2516 in
2170 2479 2243 2516 hac
2274 2486 2381 2528 parte
2409 2478 2523 2515 vacui

1449 2541 1615 2570 maneat.
1647 2533 1688 2569 Si
1722 2541 1851 2570 autem
1879 2533 2048 2570 mundus
2075 2533 2236 2580 feratur,
2275 2544 2354 2569 non
2383 2532 2523 2569 feretur

1448 2586 1570 2634 magis
1596 2591 1611 2609 ‘¹
1634 2585 1684 2623 ad
1702 2598 1823 2623 unam
1851 2593 1999 2635 partem
2020 2598 2137 2634 quam
2162 2586 2211 2623 ad
2231 2585 2356 2633 aliam,
2378 2585 2467 2634 quia
2485 2585 2525 2622 in

1448 2652 1575 2678 vacuo
1595 2652 1674 2677 non
1695 2647 1751 2676 est
1769 2635 2002 2677 differentia:
2023 2640 2163 2676 feretur
2186 2651 2277 2687 ergo
2297 2639 2347 2676 ad
2366 2651 2525 2676 omnem

1450 2700 1621 2742 partem;
1652 2700 1690 2730 et
1716 2693 1767 2730 ita
1790 2693 1965 2731 mundus
1994 2692 2238 2742 discerpetur.

1451 2853 1559 2883 omittit,
1583 2853 1744 2878 restituimus
1763 2861 1795 2878 ex
1812 2853 1935 2878 omnibus
1955 2853 2045 2878 codd.:
2065 2860 2125 2877 nam
2145 2857 2170 2877 et
2188 2852 2303 2885 complet
2321 2852 2526 2885 propositionem

1452 2888 1653 2913 conditionalem
1671 2889 1696 2913 si
1713 2891 1804 2914 autem
1823 2894 1881 2919 etc.,
1900 2893 1926 2913 et
1944 2888 2161 2922 praesupponitur
2180 2887 2211 2912 ab
2231 2887 2271 2912 his
2291 2895 2358 2920 quae
2377 2887 2526 2912 immediate

1451 2929 1606 2957 sequuntur,
1623 2927 1674 2949 aut
1691 2931 1757 2957 ergo
1777 2924 1824 2949 illa
1837 2924 1963 2956 potentia
1981 2928 2031 2949 etc.

1505 2959 1531 2992 ζ)
1545 2959 1671 2985 similiter
1682 2967 1710 2985 se
1722 2959 1801 2985 habet
1815 2960 1930 2985 mundus
1973 2959 2104 2992 proprius
2117 2959 2189 2984 locus
2203 2959 2268 2984 eius.
2281 2973 2302 2977 -
2316 2958 2352 2982 113
2364 2957 2462 2989 AsEG;
2477 2963 2524 2983 cet.

1452 3003 1506 3020 om.
1521 2995 1719 3020 homoteleuton
1738 2995 1802 3028 quia
1822 2995 1848 3020 in
1869 3003 1988 3020 vacuo...
1998 3002 2068 3027 pars
2087 2994 2178 3024 vacui5
2198 2994 2268 3026 quod
2288 2993 2412 3018 mendum
2428 2993 2447 3017 P
2468 3001 2525 3018 cor-

1452 3031 1511 3064 rigit
1529 3031 1654 3072 legendo:
1673 3031 1798 3056 similiter
1815 3038 1844 3056 se
1862 3031 1940 3056 habet
1958 3031 2074 3055 mundus
2087 3030 2125 3054 ad
2138 3029 2219 3054 aliam
2234 3032 2342 3061 partem
2356 3028 2441 3058 vacui,
2456 3028 2526 3054 sicut

1452 3066 1490 3092 ad
1509 3067 1588 3092 istam
1615 3067 1641 3092 in
1661 3074 1714 3100 qua
1732 3069 1772 3092 est
1791 3067 1921 3097 mundus‚·
1939 3073 2005 3099 ergo
2030 3066 2083 3090 ista
2106 3073 2158 3090 non
2177 3068 2218 3090 est
2230 3064 2344 3096 proprie
2362 3065 2435 3090 Iocus
2454 3064 2526 3094 εἰμες

1453 3102 1546 3127 eodem
1566 3102 1674 3136 quidem
1694 3110 1788 3133 sensu,
1808 3102 1855 3127 sed
1874 3102 1960 3126 minus
1980 3101 2058 3134 pleno
2077 3108 2155 3133 quam
2173 3100 2256 3131 codd„
2276 3100 2321 3133 qui
2343 3100 2459 3133 explicite
2477 3107 2525 3132 po-

1452 3143 1516 3162 nunt
1534 3138 1660 3163 rationem
1680 3145 1761 3171 quare
1779 3138 1894 3162 mundus
1913 3137 2030 3161 similiter
2048 3144 2077 3160 se
2095 3136 2189 3160 habeat
2207 3136 2239 3160 ad
2263 3135 2407 3168 quamlibet
2424 3140 2525 3167 partem

1452 3173 1535 3203 vacui,
1550 3174 1613 3206 quia
1628 3173 1725 3198 scilicet
1744 3173 1770 3198 in
1785 3180 1869 3198 vacuo
1884 3173 1956 3197 nulla
1975 3175 2015 3197 est
2032 3171 2198 3205 differentia,·
2216 3179 2276 3195 narn
2291 3180 2304 3195 α
2321 3171 2416 3195 nullius
2431 3175 2456 3195 et
2471 3179 2524 3196 non

1451 3209 1526 3238 entis,
1541 3214 1567 3234 et
1585 3217 1632 3241 per
1657 3216 1822 3241 consequens
1840 3208 1922 3237 vacui.
1944 3215 2003 3232 cum
2028 3207 2062 3232 sit
2080 3215 2133 3231 non
2152 3214 2199 3231 ens
2218 3212 2244 3231 et
2268 3207 2392 3239 privatio,
2412 3214 2465 3231 non
2485 3211 2526 3232 est

1453 3245 1538 3277 aliqua
1557 3245 1708 3269 differentia.
1720 3253 1734 3267 x
1749 3244 1854 3277 Physic.
1868 3243 1909 3274 IV,
1922 3251 1955 3273 xl,
1973 3242 1997 3268 5.

1506 3280 1534 3312 η)
1555 3280 1586 3305 Si
1603 3283 1693 3304 autem
1709 3279 1824 3304 mundus
1829 3280 1949 3312 seratur
1966 3285 2017 3303 non
2032 3278 2141 3312 seretur
2154 3277 2252 3311 magis.
2267 3292 2286 3297 —
2300 3278 2332 3303 Si
2343 3280 2433 3303 autem
2448 3285 2525 3303 mun-

1454 3316 1504 3340 dus
1523 3323 1575 3340 non
1582 3317 1696 3354 seratur
1708 3315 1795 3348 magis
1814 3315 1842 3339 P.
1858 3323 1872 3338 α
1887 3314 1932 3338 Si
1926 3322 1952 3338 111
1965 3321 2049 3339 vacuo
2061 3313 2160 3338 infinito
2174 3314 2297 3343 mundus,
2312 3321 2380 3346 quae
2394 3317 2434 3338 est
2448 3321 2526 3339 causa

1453 3351 1503 3384 ipsi
1522 3349 1668 3375 manendi?.
1680 3351 1732 3375 .Si
1751 3355 1838 3375 autem
1857 3357 1909 3374 non
1933 3354 2020 3374 manet
2037 3350 2160 3379 mundus,
2174 3349 2222 3374 sed
2240 3349 2334 3380 fertur,
2354 3356 2400 3374 cur
2419 3348 2452 3374 ad
2476 3348 2526 3374 hoc

1453 3387 1537 3419 magis
1552 3394 1631 3418 quam
1647 3368 1687 3410 ad
1697 3386 1747 3410 1100
1770 3385 1857 3415 fertur,
1873 3384 2025 3410 indifferenti
2040 3385 2165 3410 existente
2178 3383 2278 3409 vacuo?
2294 3385 2320 3409 Si
2334 3389 2422 3409 autem
2440 3385 2526 3409 omni-

1453 3429 1559 3455 quaque
1572 3421 1676 3452 feratur,
1691 3421 1847 3445 divideretur
1860 3421 1959 3453 utique.
1971 3430 1984 3444 ›
2000 3420 2147 3454 Simplicius
2162 3421 2212 3445 loc.
2226 3421 2266 3445 cit.
2277 3421 2350 3446 Patet
2363 3420 2435 3454 quod
2450 3421 2526 3445 lectio

1454 3458 1530 3483 codd.
1545 3457 1795 3489 argumentationem
1814 3456 1952 3481 Alexandri
1972 3456 2054 3488 magis
2074 3456 2210 3489 perspicue
2229 3455 2341 3481 exhibet.
2354 3470 2373 3475 -
2391 3456 2448 3480 Lin.
2468 3463 2526 3488 seq.

1454 3498 1479 3518 et
1498 3493 1541 3517 alt.
1564 3500 1612 3524 pro
1623 3493 1751 3526 feretur.
1762 3510 1768 3517 .
1779 3510 1786 3516 .
1811 3491 1991 3524 discerpetur,
2008 3493 2104 3525 sertur
2115 3511 2122 3517 .
2135 3510 2159 3517 ..
2185 3492 2340 3517 destruetur
2365 3492 2400 3522 P;
2419 3491 2526 3516 forsitan

1454 3529 1607 3554 destruetur
1632 3533 1673 3552 est
1690 3527 1815 3552 correctio
1833 3535 1882 3560 pro
1901 3527 2080 3560 discrepetur,
2100 3527 2171 3560 quod
2195 3528 2263 3552 male
2288 3527 2385 3552 habent
2409 3527 2525 3551 nonnulli

1454 3564 1574 3594 codices;
1600 3564 1622 3588 A
1646 3563 1725 3588 habet
1747 3563 1932 3595 dissiparetur.
1952 3563 2010 3588 Non
2033 3563 2195 3588 admittimus
2220 3563 2389 3593 destruetur,
2410 3563 2469 3595 quia
2495 3570 2525 3587 ex

1453 3604 1620 3632 argumento,
1640 3603 1669 3623 ut
1686 3603 1758 3631 patet
1780 3599 1857 3623 etiarn
1876 3606 1907 3623 ex
1929 3599 2016 3624 verbis
2043 3599 2198 3629 Alexandri,
2217 3606 2270 3623 non
2295 3599 2413 3631 sequitur
2438 3598 2525 3622 stricte

1454 3635 1594 3660 destructio
1618 3635 1721 3665 mundi,
1745 3635 1792 3659 sed
1817 3635 1904 3659 solum
1923 3634 2070 3668 discerptio,
2082 3635 2125 3660 vel
2144 3634 2279 3667 dissipatio
2298 3635 2410 3667 partium
2428 3634 2492 3658 eius.

2540 938 2549 947 '¹
2565 937 2632 959 nutus
2646 943 2667 959 r.

2542 1309 2553 1320 ⁸
2563 1308 2662 1337 aliquod
2675 1314 2723 1330 om.
2734 1314 2756 1329 r.

2542 1416 2552 1425 ‘
2567 1415 2632 1436 intra
2647 1421 2670 1437 c.

2546 1680 2554 1689 ·
2570 1679 2641 1701 Num.
2652 1685 2675 1707 7.
