2782 4134
129 2748 280 2770 ·Lect.xv1.

382 303 459 349 364

446 381 579 433 φορτίον
605 376 749 433 φέρουσα
770 377 872 411 πλέον
892 391 912 414 η
933 377 1115 432 ἀνοίγουσα
1129 375 1162 408 θε
1149 376 1292 431 ερμότης
1318 374 1338 412 ἦ
1363 374 1437 407 καθ’

448 422 582 464 αὐτην,
609 422 646 454 οὐ
680 418 829 454 δυ’ναται
861 424 1071 477 μετεωρίζειν
1106 422 1160 453 ἐπὶ
1194 420 1300 452 πολυν
1333 419 1441 452 τόπον

448 467 536 500 αὐτο
568 468 630 500 τοῦ
662 466 779 524 υψους,
809 465 880 499 ἀλλ’
910 467 1009 521 ἐγγυς
1044 467 1156 519 ἀφίησι
1188 463 1311 496 πάλιν·
1339 463 1441 508 ἑτέρα

446 507 475 543 δ’
497 510 551 544 ὅτι
575 513 633 543 καὶ
657 513 708 566 ῥεῖ
729 510 882 564 μάλιστα
909 511 924 542 ὁ
952 511 1015 554 ἀηρ
1032 509 1113 555 ῥέων
1139 507 1172 540 ἐν
1198 512 1269 545 τοῖς
1288 506 1440 551 ὐψηλοῑς,

448 558 481 595 ὃς
506 551 639 588 διαλύει
665 568 728 592 την
754 555 921 592 τοιαύτην
947 555 1128 588 συστασιν.

380 606 514 635 Γίνεται
534 595 565 632 δ’
584 601 604 637 ή
617 597 750 655 δρόσος
760 601 952 652 πανταχοῦ
966 601 1103 638 νοτίοις,
1123 597 1161 629 οὐ
1180 596 1338 651 βορείοις,
1352 596 1441 633 πλήν

448 647 480 678 ἐν
507 646 553 686 τῷ
578 644 712 685 Πόντῳ·
739 644 807 676 ἐκεῖ·
830 639 867 675 δε
893 642 1113 676 τουναντίον·
1141 641 1279 686 βορείοις
1298 639 1358 684 μὲν
1375 641 1440 687 γοὶρ

445 692 592 743 γίνεται,
619 691 741 725 νοτίοις
767 683 795 718 δ’
825 688 862 719 οὐ
886 691 1033 744 γίνεται.

380 737 492 768 Αἴτιον
518 729 548 764 δ’
578 734 696 777 ὁμοίως
720 732 810 763 ὥσπε
813 744 828 774 ρ
855 730 908 764 ὅτι
932 727 1046 768 εὐδίας
1071 730 1131 774 μὲν
1155 733 1302 786 γίνεται,
1346 731 1443 775 ειμῶ-

446 790 499 816 νος
524 773 555 809 δ
582 778 637 809 οὕ·
665 778 681 808 ὀ
706 788 765 821 μεν
789 775 853 829 *sip
879 775 977 814 νότος
1003 771 1119 807 εὐδίαν
1147 779 1255 814 ποιεῖ,
1284 776 1299 806 ὁ
1319 741 1362 808 ξιξ
1367 776 1442 829 ..βο-

444 821 521 875 ρέας
546 821 712 875 χειμῶνα·
739 819 860 864 ψυχρος
891 821 977 866 γοὶρ,
1008 819 1087 852 ὥστ’
1117 817 1153 851 ἐκ.
1183 821 1247 852 τοῦ
1278 821 1441 865 χειμῶνος

447 867 508 904 τῆς
537 864 787 919 ἀναθυμιάσεως
812 863 964 904 σβέννυσι
989 864 1053 902 τήν
1076 863 1297 920 θερμότητα.

372 914 429 943 Ἐν
455 906 492 943 δὲ
517 912 564 952 τῷ
591 909 702 950 Πόντῳ
729 909 744 940 ὁ
769 919 830 950 μεν
854 908 954 948 νότος
987 910 1052 955 οὐχ
1082 920 1173 941 ουτω
1206 912 1297 941 ποιεῖ’
1324 909 1440 941 εὐδίαν

445 954 532 988 ὥστε
556 956 625 1009 γίνε
613 952 706 985 εσθαι
733 947 878 996 ἀτμίδα,
903 955 920 985 ὁ
941 949 979 986 δὲ
1004 953 1124 995 βορέας
1149 949 1208 985 διαὶ
1231 965 1296 989 την
1321 952 1442 998 ψυχρό-

444 1011 537 1036 τητα
563 997 820 1050 ἀντιπεριιστοὶς
841 998 882 1030 το
900 997 1018 1051 Θερμὸν
1042 996 1200 1040 ἀθροίζει,
1219 1009 1308 1029 ωστε
1327 999 1442 1029 πλεῖον

446 1044 597 1095 ἀτμίζειν
627 1042 770 1086 μᾶλλον.
807 1042 974 1081 Πολλάκις
1007 1038 1046 1075 δε
1077 1043 1183 1075 τοῦτο
1217 1042 1275 1074 καὶ
1306 1039 1340 1073 ἐν
1369 1045 1440 1079 τοῖς

445 1088 506 1129 ἔξω
532 1086 650 1124 τόποις
675 1081 757 1118 ἰδεῖν
782 1086 957 1142 γινόμενον
988 1087 1098 1120 ἔστιν·
1127 1084 1279 1141 ἀτμίζειν
1303 1086 1369 1140 γοίρ
1394 1085 1443 1118 τοὶ

443 1131 575 1176 φρέατα
592 1131 739 1184 βορείοις
764 1130 934 1175 μᾶλλον
912 1145 933 1169 η
951 1134 1091 1169 νοτίοις·
1121 1130 1214 1164 ἀλλα
1236 1130 1284 1163 τοὶ
1335 1143 1366 1162 εν
1386 1129 1442 1171 βό-

441 1189 474 1221 ρε
461 1188 514 1208 ια
538 1174 691 1216 σβέννυσι
717 1177 791 1219 πρὶν
824 1177 991 1213 συστῆναί
1016 1188 1051 1209 τι
1077 1174 1222 1216 πλῆθος,
1249 1175 1282 1208 ἐν
1307 1141 1346 1210 ge
1370 1178 1440 1212 τοῖς

442 1223 565 1258 νοτίοις
589 1219 694 1252 ὲᾶται
721 1218 932 1265 ἀθροίζεσθαι
958 1221 979 1258 ἡ
1006 1219 1239 1265 ἀναθυμίασις.

435 1317 583 1344 smopsrs.
600 1332 634 1336 —
656 1324 679 1343 1.
694 1316 917 1352 Argumentum.
932 1316 980 1344 De
994 1316 1132 1345 meteoris
1144 1325 1217 1354 quae
1231 1322 1387 1345 causantur
1400 1325 1440 1345 ex

375 1356 559 1385 exhalatione
581 1355 709 1383 humida.
723 1371 742 1375 —
758 1363 785 1383 2.
801 1356 837 1383 Et
857 1355 953 1392 primo
967 1356 1003 1384 de
1017 1356 1063 1384 his
1077 1365 1150 1394 quae
1155 1357 1237 1395 fiunt
1257 1357 1286 1384 in
1301 1356 1441 1394 inferiori

371 1401 458 1435 parte
479 1395 566 1423 aeris.
582 1395 637 1423 Hic
651 1394 728 1423 enim
743 1395 826 1423 locus
841 1395 1006 1424 communis
1027 1402 1069 1424 est
1084 1395 1144 1424 aeri
1165 1403 1194 1424 et
1214 1405 1322 1433 aquae,
1347 1402 1376 1424 et
1395 1396 1439 1424 his

376 1445 449 1472 quae
471 1435 604 1464 accidunt
625 1434 700 1463 circa
713 1434 929 1472 generationem
947 1444 1059 1464 eorum.
1073 1436 1212 1464 -Modus
1227 1435 1439 1464 determinandi

375 1477 411 1503 de
433 1475 482 1503 eis.
499 1491 517 1496 -
538 1475 564 1503 3.
582 1475 690 1503 Textus
704 1474 816 1503 divisio.
831 1492 851 1496 -
871 1476 915 1503 De
935 1474 980 1503 his
993 1484 1068 1512 quae
1082 1474 1226 1512 pertinent
1247 1475 1441 1504 communiter

375 1516 412 1544 ad
433 1524 549 1543 causam
575 1514 695 1543 istarum
715 1514 895 1551 passionum.
917 1517 945 1551 a)
971 1515 1066 1543 Causa
1091 1515 1224 1553 effectiva
1245 1521 1288 1543 est
1308 1515 1368 1551 sol,
1390 1515 1440 1553 qui

374 1565 425 1592 per
446 1555 595 1592 proprium
623 1561 736 1583 motum
756 1555 922 1583 accedendo
950 1560 979 1583 et
998 1555 1162 1583 recedendo
1183 1564 1201 1583 a
1221 1554 1323 1591 nobis,
1344 1555 1440 1583 calore

373 1595 490 1623 resolvit
511 1601 538 1623 et
552 1594 695 1632 disgregat
714 1603 847 1631 vapores,
861 1594 968 1632 frigore
989 1601 1086 1623 autem
1100 1601 1256 1632 congregat
1269 1601 1298 1623 et
1311 1596 1439 1623 conden-

373 1642 417 1663 sat
431 1644 482 1663 eos
496 1634 526 1662 in
539 1643 690 1671 aquam.-
703 1643 731 1669 4.
747 1635 775 1670 b)
794 1635 890 1663 Causa
904 1635 1066 1663 materialis
1079 1641 1122 1663 est
1135 1634 1289 1663 humidum
1302 1644 1438 1680 aqueum,

374 1675 453 1711 quod
474 1675 569 1703 calore
591 1674 658 1702 solis
680 1681 708 1702 et
722 1674 846 1703 aliorum
860 1674 1044 1711 superiorum
1058 1683 1215 1711 corporum
1229 1681 1395 1703 attenuatur
1409 1674 1439 1702 in

372 1723 503 1751 vapores,
518 1721 546 1742 et
559 1715 648 1742 fertur
661 1723 785 1742 sursum.
800 1731 820 1736 -
836 1715 862 1742 5.
877 1717 903 1750 c)
927 1714 1095 1743 Communis
1113 1715 1216 1742 modus
1227 1715 1437 1753 generationis.

371 1756 518 1791 Vaporem
533 1753 583 1792 qui
598 1763 713 1782 sursum
733 1754 835 1790 fertur,
855 1754 962 1791 duplici
982 1763 1016 1782 ex
1036 1763 1123 1782 causa
1144 1754 1284 1792 contingit
1308 1754 1439 1783 amittere

372 1794 514 1822 calorem:
536 1803 641 1831 nempe
655 1800 684 1822 et
705 1793 773 1831 quia
793 1793 823 1822 id
845 1795 926 1831 quod
946 1793 977 1822 in
998 1803 1034 1822 eo
1052 1800 1095 1822 est
1115 1793 1246 1822 subtilius
1260 1800 1288 1822 et
1308 1793 1437 1830 calidius,

371 1834 500 1862 ascendit
513 1834 551 1862 ad
565 1833 743 1870 superiorem
759 1834 872 1870 locum;
887 1840 915 1862 et
929 1833 997 1871 quia
1011 1834 1116 1862 calor*
1108 1833 1198 1871 ipsius
1211 1833 1327 1871 vaporis
1348 1833 1437 1862 extin-

371 1874 475 1910 guitur,
497 1880 615 1918 propter
635 1873 692 1902 hoc
709 1874 791 1910 quod
805 1873 931 1902 elevatur
950 1874 1037 1911 longe
1050 1883 1068 1902 a
1081 1880 1166 1909 terra,
1187 1873 1237 1902 ubi
1251 1873 1323 1902 radii
1344 1882 1437 1901 rever-

371 1914 461 1942 berati
481 1914 511 1941 in
531 1913 706 1941 immensum
728 1919 909 1951 sparguntur.
932 1913 979 1942 Sic
1000 1922 1069 1951 ergo
1082 1922 1174 1950 vapor
1194 1922 1314 1950 aqueus,
1329 1913 1437 1950 infrigi-

371 1955 455 1982 datus
476 1959 505 1982 et
523 1952 700 1999 inspissatus,
715 1953 789 1982 redit
803 1954 840 1981 ad
854 1959 988 1982 naturam
1006 1963 1099 1989 suam,
1114 1960 1142 1982 et
1156 1953 1253 1982 cadit'
1246 1962 1275 1981 ιιι
1290 1960 1406 1981 terram.
1418 1968 1438 1974 —·

371 1994 399 2021 6.
419 1993 498 2027 Quid
519 1993 556 2021 sit
576 1993 703 2021 medium
725 1993 754 2021 in
772 1993 934 2031 praedictis
954 1993 1251 2021 transmutationibus.
1274 1994 1306 2021 In
1326 1992 1435 2030 prima,

370 2033 499 2061 medium
514 2039 556 2060 est
575 2042 676 2069 vapor,
691 2042 796 2070 nempe
811 2033 873 2070 ipsa
894 2032 1037 2061 exhalatio
1052 2033 1179 2062 resoluta
1196 2034 1232 2061 ab
1254 2032 1347 2070 aquis,
1362 2041 1437 2069 quae

369 2079 412 2101 est
427 2072 523 2101 media
543 2072 618 2101 inter
637 2082 734 2101 aerem
749 2079 777 2101 et
790 2073 961 2110 aquam.1n
981 2073 1109 2108 secunda
1123 2079 1230 2108 autem,
1246 2073 1365 2110 quando
1387 2081 1437 2100 aer

369 2112 585 2141 condensatur'
578 2122 608 2141 ιιι
622 2122 738 2150 aquam,
754 2113 882 2141 medium
897 2119 940 2141 est
954 2113 1055 2148 nubes,
1071 2122 1145 2150 quae
1159 2119 1203 2141 est
1215 2112 1260 2141 via
1274 2112 1436 2150 generatio-

368 2152 413 2180 nis
434 2161 567 2189 aquae.-
548 2152 656 2187 -Quid
677 2152 715 2180 sit
734 2153 849 2181 nebula.
865 2169 885 2174 —
903 2162 929 2189 7.
948 2152 1113 2189 Explicatur
1134 2153 1287 2190 quomodo
1308 2161 1359 2189 per
1380 2153 1436 2180 hoc

368 2192 449 2229 quod
464 2201 586 2229 vapores
607 2191 756 2229 praedicto
778 2193 868 2220 modo
890 2193 1050 2221 ascendunt
1075 2201 1190 2220 sursum
1209 2199 1237 2220 et
1258 2192 1438 2220 descendunt

368 2232 514 2267 deorsum,
530 2232 691 2269 completur
705 2233 849 2269 quaedam
864 2231 1020 2267 circulatio,
1037 2238 1255 2277 repraesentans
1274 2231 1435 2260 similitudi-

367 2280 435 2300 nem
450 2271 644 2300 circulationis
658 2271 767 2300 501ἰ5.-
778 2272 805 2300 8.
818 2273 861 2300 De
872 2271 1026 2309 praedictis
1040 2271 1242 2308 passionibus
1235 2281 1265 2300 ιιι
1280 2271 1405 2309 speciali.
1415 2287 1436 2292 -

511 2392 521 2402 .
633 2373 811 2414 ostquam
826 2365 1082 2414 Philosophus
1102 2365 1368 2403 determinavit
1388 2365 1435 2403 de

500 2444 514 2468 ⁸,
587 2422 617 2464 ⁴3⁴¹
632 2418 690 2456 his
714 2431 812 2468 quae
842 2427 1044 2456 causantur
1077 2430 1122 2455 ex
1151 2418 1389 2456 exhalatione
1418 2424 1435 2439 ‘²

454 2499 460 2509 ,
488 2468 536 2501 ἓν
503 2477 575 2516 ξ
578 2476 617 2520 ’ήξ
632 2471 732 2509 sicca
756 2471 807 2508 ad
834 2462 1057 2520 supremum
1077 2472 1206 2508 locum
1235 2471 1332 2508 aeris
1361 2472 1434 2508 ele-

496 2524 506 2530 ”
515 2515 567 2566 (is
576 2518 613 2553 ⁸³¹
631 2532 731 2571 vata,
752 2524 814 2561 hic
833 2524 1056 2562 determinat
1076 2524 1124 2561 de
1143 2524 1202 2560 his
1221 2536 1320 2572 quae
1349 2537 1435 2560 cau-

129 2586 183 2608 Cf
192 2586 282 2613 ¹ee1v1
293 2592 339 2607 n--1
369 2586 496 2614 santur
524 2590 569 2615 ex
603 2577 837 2614 exhalatione
866 2577 1069 2614 humida*.
1087 2577 1136 2613 Et
1154 2576 1280 2626 primo
1305 2578 1353 2614 de
1377 2577 1435 2613 his

369 2643 490 2706 quae=¹=
497 2638 698 2668 causantur
727 2642 771 2666 ex
792 2630 1028 2667 exhalatione
1046 2629 1207 2667 humida
1225 2641 1339 2678 super
1363 2637 1435 2666 ter-

130 2697 139 2706 ·
154 2695 179 2716 m
201 2701 259 2717 aere
278 2695 341 2717 addit
370 2683 490 2721 ram*
497 2697 506 2729 ;
526 2683 694 2721 secundo
716 2682 763 2720 de
788 2682 846 2720 his
865 2695 964 2731 quae
989 2689 1192 2720 causantur
1220 2695 1266 2719 ex
1287 2682 1434 2720 exhala-

369 2737 471 2774 tione
490 2735 677 2774 humida
669 2748 708 2773 ιιι
735 2742 845 2782 terra,
866 2735 935 2772 ibi:
956 2737 1016 2773 De
1033 2736 1151 2773 ventis
1178 2735 1343 2773 autem*
1362 2743 1432 2773 etc.

425 2801 460 2827 2.
491 2789 600 2827 Circa
627 2788 794 2838 primum
824 2765 900 2826 duo
930 2788 1027 2826 facit.
1045 2788 1174 2826 Primo
1204 2788 1367 2826 ostendit
1387 2789 1435 2826 de

370 2855 447 2892 quo
469 2850 524 2880 est
551 2841 725 2880 intentio:
748 2841 878 2879 dicens
903 2843 1007 2891 quod
1027 2854 1128 2878 nunc
1149 2841 1354 2879 dicendum
1381 2849 1436 2879 est

371 2896 418 2933 de
446 2895 504 2933 his
532 2908 630 2946 quae
658 2895 756 2932 fiunt
782 2894 820 2931 in
848 2895 933 2931 loco
969 2894 1034 2943 qui
1066 2894 1278 2932 secundum
1307 2894 1432 2941 situm,

371 2948 652 3008 descendendo,
670 2955 726 2984 est
744 2948 934 2985 secundus
957 2956 1044 2996 post
1063 2948 1190 2985 locum
1210 2960 1434 2997 supremum

371 3001 477 3048 aeris,
498 3002 535 3039 in
556 3014 634 3051 quo
662 3001 760 3038 fiunt
779 3013 824 3038 ea
847 3013 946 3050 quae
966 3001 1065 3038 dicta
1094 3008 1191 3048 sunt,
1212 3001 1280 3038 sed
1304 3013 1434 3038 ascen-

371 3055 498 3092 dendo
519 3063 575 3091 est
592 3055 749 3104 primus,
771 3053 1012 3091 immediatus
1033 3054 1131 3091 circa
1154 3062 1314 3099 terram;
1336 3066 1433 3103 quae

371 3107 523 3145 inferior
549 3120 636 3157 pars
664 3108 759 3145 aeris
788 3115 854 3149 est
882 3108 952 3144 Iste
982 3107 1084 3144 enirn
1111 3108 1218 3144 locus
1247 3115 1303 3143 est
1332 3119 1434 3143 com-

371 3161 497 3197 munis
518 3168 553 3198 et
572 3173 692 3210 aquae
714 3169 750 3198 et
768 3161 845 3198 aeri
863 3158 892 3196 Ρ;
909 3160 998 3210 quia
1016 3160 1055 3198 in
1075 3172 1122 3198 eo
1141 3172 1207 3197 aer
1226 3167 1281 3197 est
1301 3170 1434 3196 secun-

372 3212 465 3250 dum
494 3215 703 3251 naturalem
730 3213 905 3252 ordinem
942 3213 1241 3259 elementorum,
1272 3220 1308 3250 et
1335 3225 1435 3261 aqua

372 3277 418 3301 ex
444 3267 651 3315 vaporibus
688 3267 844 3304 elevatis
877 3266 929 3303 ibi
965 3274 1177 3314 generatur.
1207 3266 1318 3304 Unde
1355 3279 1434 3303 non

373 3319 497 3355 solum
535 3326 590 3356 est
618 3320 833 3357 communis
871 3331 993 3368 aquae
1024 3327 1059 3356 et
1087 3319 1184 3366 aeri,
1214 3319 1281 3356 sed
1319 3319 1434 3356 etiam

374 3370 426 3406 eis
446 3383 543 3419 quae
563 3372 738 3409 accidunt
752 3373 850 3410 circa
869 3372 1153 3420 generationem
1173 3349 1290 3422 ipsius
1310 3384 1432 3422 aquae

426 3501 453 3533 α)
473 3509 510 3526 ex
527 3502 739 3528 exhalatione.-
751 3504 784 3528 ab
797 3504 968 3529 exhalatione
983 3505 1013 3534 Α,
1029 3509 1055 3529 ει
1069 3505 1102 3529 ita
1115 3504 1181 3529 infra
1196 3510 1249 3535 ter3
1263 3505 1436 3530 exhalatione

372 3537 393 3562 Β
411 3536 452 3563 hic
471 3542 496 3561 et
514 3537 588 3562 tertio
606 3543 631 3562 et
649 3543 741 3569 quarto
760 3539 825 3568 loco,
844 3540 877 3564 ab
895 3522 1068 3565 exhalatione
1086 3540 1202 3565 secundo
1220 3540 1288 3566 loeo.

427 3570 452 3604 β)
470 3575 497 3596 et
515 3572 581 3597 aeri.
600 3586 618 3591 -
635 3575 660 3597 et
679 3573 749 3598 aeris
768 3574 825 3604 AB;
839 3574 931 3599 eodem
950 3575 1030 3599 modo
1049 3583 1096 3607 pro
1111 3577 1136 3599 et
1154 3575 1213 3600 aeri
1228 3575 1275 3600 sed
1294 3575 1374 3600 etiam
1389 3575 1435 3603 eis.

372 3610 399 3632 et
416 3606 488 3632 aeris
506 3607 553 3632 sed
570 3607 649 3632 etiam
664 3615 764 3632 eorum.
777 3608 873 3632 —Post
886 3617 964 3634 unam
985 3609 1027 3634 lin.
1042 3617 1090 3642 pro
1110 3609 1252 3642 vaporibus
1266 3610 1374 3635 elevatis
1391 3610 1434 3641 ibi,

372 3642 515 3674 vaporibus
534 3641 594 3667 illuc
613 3642 720 3667 elevatis
739 3643 790 3667 ΑΒ.

1093 299 1680 337 METEOROLOGICORUM
1707 300 1802 337 LIB.
1833 302 1846 337 I

1564 389 1646 409 onus
1663 386 1791 420 portans
1814 381 1916 412 maius
1942 392 2069 412 sursum
2089 382 2207 412 ducens
2231 382 2369 413 caliditas
2393 392 2492 424 quam
2516 393 2562 414 se-

1564 423 1738 454 cundum
1729 435 1849 465 ipsam,
1873 436 1939 456 non
1962 432 2067 466 potest
2086 426 2206 456 elevare
2229 426 2337 466 ipsum
2360 427 2400 457 ad
2424 428 2563 459 multum

1563 468 1673 498 locum
1687 469 1871 508 altitudinis,
1885 470 1939 500 sed
1955 480 2056 510 prope
2073 469 2224 500 dimittit·
2216 477 2342 501 iterum.
2355 470 2427 501 Alia
2442 479 2563 510 autem,

1563 512 1639 553 quia
1662 519 1693 544 et
1714 513 1785 544 fluit
1801 514 1937 555 maxime
1960 524 2012 544 aer
2028 514 2161 545 existens
2184 514 2217 544 in
2241 514 2325 553 altis,
2348 515 2404 556 qui
2420 515 2564 547 dissolvit

1565 556 1802 588 consistentiam
1825 558 1931 589 talem.

1496 600 1547 631 Fit
1568 607 1676 632 autem
1698 612 1750 632 ros
1767 602 1885 643 ubique
1909 602 2107 641 australibus,
2127 612 2193 632 non
2216 602 2406 641 borealibus,
2426 610 2561 643 praeter-

1563 657 1662 687 quam
1680 646 1713 676 in
1729 647 1845 677 Ponto.
1866 647 1910 677 Ibi
1925 653 2033 676 autem
2049 646 2219 677 contrarie:
2236 646 2415 677 borealibus
2431 647 2562 688 quidem

1563 690 1649 722 enim
1671 690 1718 729 fit,
1733 701 1799 722 non
1822 690 2021 721 australibus.

1497 734 1603 766 Causa
1625 742 1733 766 autern
1765 735 1923 773 similiter,
1948 735 2029 765 sicut
2059 735 2136 776 quia
2167 734 2318 775 temperie
2350 734 2483 776 quidem
2505 734 2559 773 fit,

1563 777 1667 810 hieme
1691 786 1798 810 autem
1816 789 1884 810 non
1906 758 1950 810 fit.
1975 781 2091 810 Auster
2113 778 2244 819 quidem
2268 778 2353 809 enim
2375 778 2562 819 temperiem

1563 824 1653 862 facit,
1677 825 1788 854 boreas
1811 831 1919 854 autem
1941 823 2095 863 hiemem,
2119 823 2250 863 frigidus
2275 822 2378 853 enim:
2403 833 2501 883 quare
2524 833 2561 854 ex

1563 847 1668 899 hiem’e
1691 867 1894 899 exhalationis
1918 867 2070 908 extinguit
2093 867 2292 899 caliditatem.

1498 911 1533 943 ln
1556 912 1661 942 Ponto
1685 918 1792 943 autem
1821 918 1926 942 auster
1953 910 2084 952 quidem
2113 922 2178 943 non
2207 911 2251 942 sic
2278 910 2353 942 facit
2375 910 2561 952 temperiem

1563 962 1599 986 ut
1621 955 1676 987 fiat
1697 963 1814 996 vapor:
1837 952 1949 986 boreas
1972 962 2089 994 autem,
2109 963 2238 996 propter
2253 954 2466 996 frigiditatem,
2483 955 2561 986 anti-
2582 977 2586 978 γ

1563 999 1741 1040 peristasim
1755 998 1883 1038 faciens,
1900 999 2037 1031 calidum
2054 1006 2238 1040 congregat;
2254 1009 2352 1041 quare
2370 999 2443 1040 plus
2463 1009 2561 1040 vapo-

1564 1050 1611 1074 rat
1633 1043 1744 1084 magis.
1761 1043 1860 1084 Saepe
1883 1049 1991 1076 autem
2006 1043 2068 1074 hoc
2091 1051 2122 1074 et
2143 1043 2177 1086 in
2193 1043 2397 1075 exterioribus
2419 1043 2499 1074 locis
2515 1050 2562 1074 est

1562 1088 1668 1118 videre
1691 1088 1830 1126 factum;
1856 1093 2011 1128 vaporant
2033 1087 2119 1118 enim
2145 1087 2234 1128 putei
2257 1087 2437 1118 borealibus
2460 1087 2562 1128 magis

1562 1142 1661 1173 quam
1683 1131 1889 1163 australibus:
1913 1131 1969 1162 sed
1992 1130 2130 1162 borealia
2153 1131 2284 1172 quidem
2306 1131 2494 1172 extinguunt
2507 1141 2561 1162 an-

1562 1183 1692 1218 tequam
1708 1182 1830 1208 constet
1852 1175 1959 1217 aliqua
1981 1175 2167 1216 multitudo,
2185 1175 2219 1206 in
2242 1175 2430 1206 australibus
2453 1181 2562 1206 autem

1562 1221 1674 1252 sinitur
1695 1220 1877 1261 congregari
1899 1219 2064 1251 exhalatio.

1494 1317 1659 1346 Subdivisio
1680 1323 1783 1345 textus.
1798 1333 1817 1337 -
1838 1326 1866 1353 9.
1881 1316 1929 1345 De
1939 1316 2052 1354 pluvia.
2068 1316 2195 1352 Quando
2215 1325 2338 1353 vapores
2358 1324 2411 1352 per
2426 1290 2539 1356 frigus-
2531 1308 2562 1343 in

1494 1366 1602 1394 aquam
1622 1356 1775 1394 inspissati,
1797 1365 1849 1393 per
1870 1356 2000 1385 modicas
2020 1362 2116 1393 partes
2143 1356 2267 1391 cadunt,
2289 1355 2424 1385 dicuntur
2467 1360 2561 1384 uuae.-

1495 1397 1613 1434 quando
1634 1406 1702 1425 vero
1717 1397 1876 1425 secundum
1891 1395 2016 1425 maiores
2030 1402 2125 1432 partes
2140 1395 2255 1433 cadunt,
2270 1394 2404 1424 dicuntur
2452 1394 2529 1424 uvia.
2540 1409 2560 1416 -

1499 1446 1543 1465 10.
1566 1437 1613 1465 De
1634 1445 1704 1465 rore
1726 1443 1754 1464 et
1769 1436 1889 1474 pruina.
1910 1437 1947 1464 Et
1967 1435 2063 1473 primo
2090 1435 2193 1464 modus
2217 1434 2420 1480 generationis
2446 1430 2560 1464 eorum.

1495 1477 1616 1513 Propter
1637 1475 1706 1505 solis
1727 1475 1854 1504 calorem
1868 1482 2006 1513 evaporat
2025 1476 2062 1504 de
2077 1475 2124 1504 die
2145 1484 2179 1504 ex
2198 1474 2322 1503 humido
2342 1483 2438 1512 aqueo
2451 1473 2562 1521 aliquid

1495 1517 1591 1554 quod,
1613 1522 1732 1553 propter
1757 1515 1927 1553 parvitatem
1955 1516 2072 1551 caloris,
2093 1525 2155 1544 non
2183 1515 2307 1543 multum
2332 1515 2482 1544 elevatur-2
2479 1522 2561 1549 eum

1494 1562 1590 1585 autem
1605 1557 1642 1584 de
1659 1562 1746 1584 nocte
1766 1555 1946 1593 infrigidatus
1965 1554 2051 1584 fuerit
2077 1564 2141 1591 aer,
2163 1554 2334 1601 inspissatur
2354 1554 2401 1583 ille
2420 1563 2513 1592 vapor
2532 1560 2562 1583 et

1494 1596 1571 1624 cadit
1590 1595 1621 1624 in
1641 1602 1763 1631 terram,
1785 1602 1814 1624 et
1833 1602 1954 1624 vocatur
1972 1604 2022 1624 ros
2046 1595 2092 1624 vel
2118 1595 2232 1632 pruina.
2254 1594 2302 1623 Sic
2328 1603 2398 1632 ergo
2418 1602 2468 1623 se.
2474 1593 2561 1623 habet

1493 1637 1532 1664 ad
1544 1635 1761 1673 generationem
1779 1634 1853 1663 roris
1873 1641 1902 1663 et
1922 1634 2043 1672 pruinae
2063 1641 2162 1664 motus
2182 1634 2252 1664 solis
2272 1634 2393 1663 diurnus
2399 1655 2408 1670 ,
2429 1633 2504 1665 sien
2522 1634 2561 1663 ad

1493 1675 1709 1713 generationem
1730 1674 1843 1712 pluviae
1862 1684 1894 1703 se
1914 1676 2002 1704 habet
2021 1681 2120 1704 motus
2139 1675 2202 1704 eius
2222 1683 2346 1704 annuus.
2360 1690 2380 1696 ·-
2397 1683 2443 1703 11.
2463 1673 2547 1703 Die

1494 1715 1598 1744 rentia.
1621 1714 1728 1743 Pruina
1748 1714 1781 1743 fit
1794 1715 1913 1751 quando
1926 1724 2019 1752 vapor
2035 1714 2115 1752 prius
2135 1715 2304 1756 congelatur
2321 1723 2410 1752 quam
2431 1720 2489 1743 eon

1493 1761 1572 1783 setur
1592 1754 1622 1783 in
1643 1763 1766 1792 aquam:
1788 1763 1837 1782 ros
1857 1763 1926 1782 vero
1941 1755 2070 1791 quando,
2085 1761 2204 1791 propter
2223 1755 2392 1792 temperiem
2414 1751 2518 1784 calonis
2531 1760 2561 1782 et

1493 1794 1614 1832 frigoris,
1629 1803 1721 1831 vapor
1741 1793 1912 1831 inspissatur
1923 1793 1955 1823 in
1975 1803 2092 1831 aquam.
2107 1794 2192 1823 Unde
2206 1803 2256 1823 ros
2269 1802 2384 1831 semper
2397 1793 2450 1823 fit·
2442 1803 2473 1823 ιιι
2485 1799 2560 1823 tem-

1478 1834 1613 1872 poribus
1627 1840 1655 1862 et
1668 1833 1740 1862 locis
1757 1833 1939 1870 temperatis:
1961 1833 2066 1870 pruina
2086 1840 2184 1862 autem
2205 1843 2221 1862 e
2242 1843 2394 1863 converso.
2408 1851 2428 1856 -
2452 1830 2498 1865 ι2.
2512 1833 2560 1863 De

1493 1874 1679 1912 dispositione
1701 1873 1780 1901 aeris
1800 1873 1839 1901 ad
1859 1873 1939 1902 roris
1959 1878 1988 1902 et
2003 1873 2131 1911 pruinae
2156 1873 2388 1912 generationem.
2406 1872 2467 1902 Et
2462 1873 2560 1911 primo

1492 1913 1687 1942 communiter
1708 1919 1849 1950 quantum
1863 1913 1901 1941 ad
1921 1919 2087 1950 utrumque.
2101 1913 2177 1941 Tam
2197 1922 2246 1942 ros
2260 1922 2349 1950 quam
2369 1912 2562 1954 pruinafiunt

1492 1962 1559 1982 cum
1580 1962 1630 1982 aer
1643 1952 1728 1981 fuerit
1741 1961 1860 1981 serenus
1881 1959 1910 1981 et
1927 1952 2108 1990 tranquillus,
2123 1953 2235 1990 absque
2255 1952 2382 1982 nubibus
2402 1959 2432 1982 et
2449 1951 2560 1991 absque

1491 1999 1588 2022 vento.
1603 1992 1687 2022 Ratio
1708 1992 1802 2021 huius.
1816 2007 1838 2013 —·
1854 1992 1899 2020 13.
1913 1992 2035 2030 Signum
2049 1998 2147 2021 autem
2161 1993 2243 2030 quod
2259 2001 2310 2021 ros
2324 1999 2354 2021 et
2367 1992 2472 2030 pruina
2488 2001 2560 2022 cau-

1491 2039 1591 2062 santur
1612 2042 1646 2061 ex
1661 2033 1718 2061 hoc
1732 2032 1814 2069 quod
1833 2041 1925 2069 vapor
1938 2041 2000 2061 non
2021 2032 2108 2070 longe
2122 2033 2248 2061 elevatur
2261 2041 2280 2062 a
2296 2039 2373 2062 terra
2393 2033 2441 2070 (cf.
2454 2041 2485 2065 n.
2503 2033 2559 2070 ιο),

1491 2079 1534 2101 est
1555 2073 1637 2110 quod
1658 2072 1688 2100 in
1709 2071 1859 2101 montibus
1879 2071 1945 2101 altis
1965 2081 2027 2100 non
2047 2078 2230 2109 generantur.
2246 2072 2328 2101 Duae
2348 2081 2454 2102 causae
2471 2071 2560 2108 huius

1490 2112 1566 2141 faeti.
1588 2128 1607 2134 —
1634 2121 1677 2148 ¹4.
1692 2113 1736 2140 De
1751 2111 1941 2149 dispositione
1955 2111 2116 2149 specialiter
2134 2111 2272 2150 requisita
2289 2113 2327 2142 ad
2342 2111 2560 2150 generationem

1491 2152 1574 2180 roris.
1596 2153 1655 2180 Ros
1676 2152 1708 2180 fit
1728 2151 1864 2181 flantibus
1886 2152 2035 2180 moderate
2055 2151 2228 2182 australibus
2249 2151 2357 2181 ventis:
2379 2161 2442 2182 non
2462 2158 2560 2182 autem

1490 2191 1627 2220 flantibus
1641 2191 1822 2226 borealibus,
1837 2191 1892 2220 nisi
1906 2191 1936 2220 in
1947 2191 2064 2229 regione
2079 2191 2166 2220 Ponti
2181 2191 2460 2229 fi-igidissima.-15.
2475 2190 2560 2221 Ratio

1491 2241 1580 2269 quare
1601 2231 1796 2260 communiter
1809 2241 1870 2260 non
1890 2230 1924 2260 fit
1943 2240 2001 2267 ros,
2015 2231 2070 2260 nisi
2085 2231 2220 2260 flantibus
2231 2231 2403 2261 australibus
2415 2231 2519 2261 ventis.
2539 2246 2561 2253 -

1495 2272 1538 2300 16.
1559 2272 1658 2306 Quare
1679 2271 1709 2300 in
1730 2272 1827 2300 Ponto
1848 2271 1952 2300 accidit
1972 2279 1988 2300 e
2002 2280 2154 2300 converso.

1491 2372 1527 2402 et
1541 2365 1561 2387 '1‘
1580 2365 1688 2412 aeris,
1706 2377 1804 2414 quae
1823 2365 1919 2402 fiunt
1938 2364 2111 2414 superius
2132 2364 2224 2403 dum
2239 2377 2338 2414 aqua
2357 2361 2561 2405 resolvitur·
2586 2377 2598 2389 ·

1490 2418 1529 2455 in
1556 2430 1739 2467 vapores,
1769 2418 1834 2466 qui
1863 2417 2052 2467 pertinent
2079 2418 2129 2456 ad
2164 2425 2340 2456 naturam
2373 2417 2492 2466 aeris,
2521 2425 2559 2456 et

1490 2483 1655 2520 vapores
1684 2478 1960 2518 congregantur
1986 2470 2025 2508 in
2053 2482 2206 2531 aquam.
2233 2470 2412 2509 Ostendit
2439 2446 2555 2509 etiam

1490 2523 1653 2560 modum
1683 2523 1960 2560 determinandi
1988 2522 2037 2560 de
2065 2523 2164 2570 istis,
2194 2523 2325 2561 dicens
2357 2523 2477 2573 quod
2491 2523 2558 2562 de-

1490 2577 1626 2613 bemus
1664 2588 1816 2613 sumere
1843 2581 1858 2602 ⁷
1886 2575 2010 2624 primo
2042 2575 2226 2625 principia
2260 2576 2483 2615 communia
2520 2583 2557 2614 et

1490 2641 1622 2666 causas
1651 2629 1826 2666 omnium
1853 2629 1995 2666 horum
2023 2629 2286 2667 accidentium.

1545 2682 1579 2720 3.
1602 2682 1781 2720 Secundo
1806 2681 1874 2718 ibi:
1899 2681 2010 2724 Quod
2026 2682 2174 2731 quidem
2194 2682 2311 2732 igitur
2331 2689 2414 2730 etc.,
2434 2682 2556 2721 deter-

1490 2734 1610 2772 minat
1631 2734 1883 2784 propositum.
1905 2735 1954 2772 Et
1977 2735 2103 2784 primo
2122 2735 2230 2784 ponit
2258 2747 2303 2772 ea
2322 2746 2422 2785 quae
2450 2748 2556 2774 com-

1490 2787 1654 2832 muniter
1680 2787 1869 2837 pertinent
1887 2787 1935 2825 ad
1964 2799 2120 2825 causam
2141 2788 2316 2826 omnium
2335 2788 2555 2831 huiusmodi

1488 2841 1732 2890 passionum;
1758 2840 1928 2877 secundo
1959 2841 2185 2879 determinat
2212 2842 2259 2879 de
2288 2841 2442 2890 singulis
2468 2853 2555 2892 pas-

1489 2894 1684 2941 sionibus,
1719 2893 1924 2931 ostendens
1953 2893 2204 2932 differentiam
2239 2893 2337 2931 inter
2364 2905 2455 2943 eas,
2482 2890 2553 2932 ibi:

1487 2947 1644 2985 Elevato
1673 2952 1798 2984 autem
1826 2946 2028 2984 humido*
2056 2953 2126 2984 etc.

1544 3000 1653 3038 Circa
1681 2999 1850 3049 primum
1879 2999 1948 3038 tria
1976 2998 2074 3037 facit.
2103 2999 2234 3037 Primo
2262 2999 2371 3049 ponit
2397 3011 2554 3039 causam

1489 3052 1704 3090 effectivam
1732 3053 1870 3090 harum
1897 3052 2133 3102 passionum.
2150 3053 2200 3090 Et
2218 3052 2307 3090 dicit
2335 3052 2441 3102 quod
2461 3052 2554 3091 illud

1490 3106 1595 3156 quod
1615 3114 1670 3143 est
1689 3118 1803 3143 causa
1822 3105 1919 3143 sicut
1936 3117 2099 3143 movens
2125 3113 2160 3143 et
2174 3105 2195 3128 ’⁸'
2208 3105 2415 3165 principale
2430 3105 2554 3157 etpri-
2581 3119 2590 3128 ·

1490 3172 1598 3196 mum
1617 3158 1844 3209 principium
1865 3158 2036 3196 omniurn
2051 3158 2072 3180 '¹‘
2085 3159 2223 3196 harum
2241 3158 2478 3208 passionum,
2498 3165 2555 3196 est
2581 3172 2590 3181 ”

1490 3212 1649 3250 circulus
1668 3211 1889 3259 zodiacus,
1880 3224 1919 3249 ιιι
1947 3224 2024 3261 quo
2044 3211 2241 3249 manifeste
2270 3219 2450 3249 movetur
2476 3212 2551 3259 sol,

1489 3266 1554 3314 qui
1583 3273 1619 3303 et
1637 3265 1656 3287 '¹‘
1676 3265 1863 3313 disgregat
1890 3265 2119 3303 resolvendo
2147 3276 2313 3314 vapores
2339 3276 2364 3302 a
2391 3272 2508 3324 terra,-
2518 3272 2554 3302 et
2580 3276 2588 3285 ·

1490 3326 1692 3367 congregat
1712 3330 1778 3355 eos
1798 3315 1899 3367 per
1915 3330 2028 3355 suam
2042 3317 2272 3355 absentiam.
2293 3317 2430 3365 frigore
2450 3317 2552 3354 enim

1489 3372 1744 3409 invalescente
1773 3371 1811 3408 in
1839 3383 1927 3408 aere
1955 3382 2025 3420 per
2051 3370 2263 3408 absentiam
2291 3370 2400 3419 solis,
2430 3370 2553 3408 nubes

1541 3504 1568 3538 γ)
1588 3505 1621 3530 de
1640 3504 1707 3534 istis,
1720 3505 1810 3530 dicens
1830 3504 1902 3537 quod
1919 3504 2043 3530 debemus
2060 3509 2174 3529 summ.
2186 3516 2205 3522 -
2218 3503 2252 3529 de
2270 3503 2329 3529 istis
2347 3510 2415 3536 quae
2430 3503 2552 3529 &mus

1488 3540 1730 3608 sumgszo‘rigregat
1747 3581 1800 3600 eos.
1809 3588 1828 3594 -—
1842 3578 1991 3607 congregat
2004 3581 2062 3600 eam
2076 3574 2130 3600 ΑΒ.
2141 3588 2161 3594 ·-
2173 3574 2224 3600 Pro
2255 3573 2346 3607 rigore
2365 3573 2434 3599 enin«
2452 3573 2550 3599 invale-

1488 3612 1576 3635 scente
1588 3610 1614 3635 in
1627 3616 1697 3639 aere,
1703 3609 1815 3643 frigore
1829 3610 2004 3635 invalescente
2018 3609 2044 3634 in
2055 3616 2144 3635 aerem
2158 3609 2188 3640 A,
2195 3610 2306 3643 frigore
2316 3608 2489 3634 invalescente
2495 3608 2551 3641 fti-

1489 3652 1555 3677 gore
1573 3645 1770 3670 convalescente
1789 3645 1814 3669 in
1834 3651 1922 3670 aerem
1941 3645 1976 3674 B;
1996 3649 2023 3669 et
2040 3643 2118 3669 ambo
2136 3651 2189 3669 om.
2204 3650 2257 3676 per
2273 3643 2418 3668 absentiam
2437 3643 2508 3668 solis.
