2782 4134
0 1232 9 1244 ²*
36 1234 170 1258 'heisa

1151 302 1261 338 CAP.
1291 302 1322 348 1,
1352 300 1504 337 LECT.
1535 299 1588 337 1v

273 378 383 428 ponit
409 385 584 427 quartam
613 377 818 424 rationem;
849 378 978 414 dicens
1008 379 1113 427 quod
1132 379 1267 416 accidit
1285 391 1342 416 se-

276 432 446 468 cundum
474 430 707 479 positionem
736 431 915 477 Platonis,
945 432 1050 479 quod
1078 433 1179 468 nulla
1199 433 1244 469 sit
1262 445 1343 469 ma-

275 483 445 533 gnitudo,
457 484 520 520 vel
534 484 639 532 quod
661 483 786 519 omnis
806 483 1027 530 magnitudo
1048 484 1166 532 possit
1185 485 1342 532 auferri,

273 537 371 575 idest
389 549 472 574 esse
493 537 664 573 desinere
683 541 709 573 ’¹.
737 536 840 582 Quia
868 536 1037 572 similiter
1056 549 1096 572 se
1116 538 1231 573 habet
1248 550 1343 586 pun-

275 598 378 627 ctum
406 589 455 627 ad
482 590 635 636 lineam,
665 596 702 625 et
728 589 828 625 linea
856 589 905 625 ad
933 589 1188 637 superficiem,
1220 598 1255 626 et
1283 602 1343 626 su-

273 643 449 692 perficies
469 643 519 680 ad
539 654 699 691 corpus:
729 648 766 678 et
784 641 852 688 ita,
873 641 903 678 si
924 654 1062 690 corpus
1092 650 1345 690 componatur

276 708 321 733 ex
350 695 641 745 superficiebus,
679 694 818 744 poterit
844 694 884 731 in
911 694 1155 743 superficiem
1184 694 1344 740 resolvi;

275 756 312 786 et
340 749 478 786 eadem
508 748 655 785 ratione
683 760 820 784 omnes
847 747 1126 795 magnitudines
1152 748 1345 783 resolven-

274 809 335 838 tur
361 802 400 839 in
423 802 568 850 prima,
598 801 692 838 idest
719 800 758 837 in
785 808 937 849 puncta.
968 801 1018 837 Et
1044 800 1098 837 sic
1126 807 1347 848 sequeretur

275 855 382 904 quod
407 855 553 891 nullum
574 854 620 891 sit
640 866 791 903 corpus,
813 854 881 891 sed
900 854 1026 890 solum
1044 860 1196 903 puncta.
1213 873 1237 880 —
1258 853 1342 889 Nec

277 914 333 945 est
360 907 484 944 simile
512 906 543 944 si
571 907 655 956 quis
682 906 773 944 velit
801 907 1056 954 argumentari
1090 906 1195 955 quod
1222 913 1348 955 potest

276 960 495 1009 contingere
523 961 627 998 nulla
645 972 808 1009 corpora
827 960 945 997 mixta
964 971 1059 1007 esse,
1081 959 1169 1008 quia
1187 967 1348 1008 possunt

275 1014 417 1051 resolvi
443 1013 484 1051 in
508 1014 697 1051 elementa
717 1026 762 1050 ex
781 1013 918 1062 quibus
939 1020 1238 1062 componuntur:
1259 1012 1347 1061 quia

34 1077 248 1106 *morcon-»-
274 1067 498 1104 huiusmodi
517 1079 680 1116 corpora
694 1068 714 1088 *
733 1074 1002 1116 supponuntur
1021 1066 1244 1103 caelestibus
1265 1078 1347 1103 cor-

274 1120 446 1169 poribus,
466 1132 567 1169 quae
587 1127 795 1169 operantur
812 1121 851 1157 in
871 1120 924 1157 eis
943 1119 1186 1165 mixtionem3
1206 1126 1348 1168 puncta

277 1180 405 1210 autem
441 1185 520 1210 non
558 1181 828 1223 supponuntur
860 1173 1047 1222 aliquibus
1088 1172 1347 1221 superioribus

275 1225 482 1275 principiis,
512 1237 611 1276 quae
640 1226 694 1264 eis
716 1228 736 1248 *
762 1227 924 1264 inferant
951 1226 1215 1263 necessitatem
1241 1238 1347 1262 corn-

223 1287 234 1289 *
267 1279 490 1328 positionis.

332 1333 368 1369 6.
399 1332 549 1370 Deinde
577 1345 667 1369 cum
696 1332 801 1370 dicit:
829 1332 966 1369 Adhuc
983 1337 1108 1368 autem
1129 1339 1212 1379 etc.,
1241 1331 1349 1380 ponit

277 1384 451 1434 quintam
480 1386 688 1432 rationem3
719 1386 849 1423 dicens
877 1385 998 1434 quod,
1031 1384 1062 1422 si
1090 1392 1242 1433 tempus
1274 1385 1350 1421 hoc

0 1450 3 1486 3
37 1445 250 1495 weo-
277 1438 398 1476 modo
420 1451 460 1476 se
489 1439 628 1476 habeat
657 1439 762 1488 quod
791 1446 1046 1488 componatur
1067 1438 1087 1459 *
1106 1450 1151 1474 ex
1179 1437 1350 1474 instanti-

0 1495 5 1525 ἓ
36 1497 176 1521 ’Μαι

277 1491 362 1539 bus,
391 1491 488 1530 sicut
515 1505 654 1541 corpus
680 1505 726 1529 ex
749 1491 1024 1542 superficiebus
1051 1491 1114 1528 vel
1138 1490 1237 1528 linea
1256 1491 1276 1511 *
1304 1503 1349 1528 ex

277 1545 428 1594 punctis
457 1546 582 1595 (quod
600 1553 724 1583 toturn
743 1543 756 1566 ⁰
779 1553 837 1582 est
853 1544 966 1582 unius
991 1543 1164 1592 rationis,
1192 1552 1234 1581 ut
1260 1557 1348 1594 pro-

330 1701 359 1738 η)
379 1702 449 1728 idest
461 1710 518 1729 esse
532 1703 660 1729 desinere.
672 1717 692 1723 —
705 1703 775 1729 sdest
793 1703 914 1729 desinere
925 1703 957 1728 A.
969 1717 989 1723 -
1000 1703 1064 1728 Post
1075 1710 1155 1728 unam
1170 1703 1215 1728 lin.
1227 1710 1275 1735 pro
1287 1710 1346 1728 cor-

272 1745 327 1771 pus
345 1742 531 1771 componatur,
545 1746 642 1772 corpus
659 1739 830 1772 componitur
847 1739 917 1764 EFG
930 1744 957 1764 et
970 1739 1038 1770 Par.;
1056 1746 1171 1771 corpora
1184 1746 1346 1771 componan-

277 1777 324 1800 tur
341 1774 402 1805 AB,
420 1775 492 1807 quod
510 1775 555 1800 lin.
567 1782 624 1808 seq.
637 1776 779 1807 requireret
791 1777 931 1807 poterunt.

331 1807 357 1845 θ)
377 1810 449 1842 quod
467 1813 561 1836 totum.
573 1823 592 1830 -
605 1810 668 1843 quia
687 1813 772 1835 totum
791 1811 846 1836 AB.
858 1824 878 1830 -
889 1810 970 1835 Linea
988 1810 1107 1843 sequenti
1125 1817 1173 1842 pro
1186 1809 1267 1835 etfam
1282 1813 1348 1835 eem-

273 1852 341 1879 ρης,
361 1845 433 1878 quod
452 1845 515 1878 legit
527 1846 563 1877 Α,
583 1845 610 1871 t'n
629 1848 733 1879 tempus
749 1845 786 1877 B,
806 1845 832 1871 in
852 1849 971 1879 tempore
989 1845 1079 1877 ceteri;
1099 1845 1119 1870 P
1138 1845 1234 1870 omittit
1251 1845 1347 1875 etiam,

420 3696 489 3729 Opp.
508 3696 539 3721 D.
554 3695 669 3720 ’ramma
687 3695 719 3719 T.
739 3695 780 3719 lll.

2388 312 2457 347 241

1397 380 1508 416 batur
1526 379 1565 415 in
1583 379 1635 416 VI
1659 379 1808 427 Physic.
1835 379 1892 425 ²¹⁴),
1922 379 2091 428 sequitur
2110 379 2214 428 quod
2234 379 2347 415 etiam
2370 386 2465 416 tem-

1398 539 1598 587 temporis,
1628 538 1723 575 sicut
1749 546 1936 587 punctum
1966 546 2022 575 est
2049 538 2275 575 indivisibile
2303 538 2436 575 lineae.

1453 603 1489 639 7.
1519 592 1668 628 Deinde
1694 604 1783 628 cum
1804 591 1912 629 dicit:
1941 592 2047 628 Idem
2075 597 2200 628 autem
2229 591 2365 627 accidit
2383 599 2464 638 etc„

1399 644 1581 680 assimilat
1606 645 1840 692 praedictam
1868 644 2098 693 positionem
2122 643 2302 693 positioni
2327 645 2465 692 Pytha-

1399 696 1616 743 goricorum
1638 698 1669 733 *.
1692 698 1740 734 Et
1761 697 1848 734 dicit
1867 698 1972 746 quod
1992 697 2129 734 eadem
2158 697 2466 734 inconvenientia

1400 748 1576 786 accidunt
1604 749 1672 786 illis
1702 750 1766 799 qui
1794 758 1942 799 ponunt
1970 751 2118 787 caelum
2138 750 2312 787 constitui
2333 762 2378 786 ex
2398 763 2467 786 nu-

1401 801 1527 838 meris.
1559 802 1728 848 Quidam
1758 803 1859 840 enim
1885 804 2228 852 Pythagoricorum
2256 811 2468 852 posuerunt

1401 861 1520 890 totam
1549 862 1724 891 naturam
1755 864 1799 892 ex
1827 856 1996 893 numeris
2025 869 2106 893 esse
2127 857 2382 903 constitutam,
2409 869 2466 893 ra-

1400 906 1503 943 tione
1529 919 1643 955 supra
1659 909 1678 928 '¹²
1699 908 1813 954 dicta,
1843 921 1940 956 quos
1969 910 2077 947 Plato
2103 917 2254 947 secutus
2284 917 2349 946 est.
2381 910 2467 946 Hoc

1401 966 1530 996 autern
1558 960 1751 1009 improbat
1778 960 2035 1011 Philosophus
2062 963 2123 1000 hic
2142 970 2169 999 ἐ
2195 962 2285 1012 quia
2305 975 2467 1011 corpora

1402 1013 1586 1050 naturalia
1608 1014 1751 1050 habent
1769 1014 1992 1061 gravitatem
2013 1023 2048 1052 et
2066 1016 2276 1062 levitatem;
2304 1016 2467 1053 unitates

1401 1073 1530 1103 autern
1550 1067 1598 1103 ad
1617 1066 1785 1103 invicem
1809 1068 2046 1116 coniunctae,
2067 1081 2146 1106 non
2164 1076 2326 1118 possunt
2343 1069 2466 1105 facere

1402 1131 1541 1168 corpus
1570 1120 1675 1168 quod
1709 1119 1754 1156 sit
1782 1121 2024 1169 continuum,
2055 1122 2122 1159 sed
2156 1122 2296 1171 aliquid
2330 1122 2467 1160 discre-

1401 1180 1501 1218 tum;
1531 1184 1603 1209 nec
1631 1173 1746 1209 etiam
1774 1174 1916 1210 habent
1943 1174 2176 1223 gravitatem,
2207 1176 2296 1224 quia
2324 1176 2466 1212 abstra—

1401 1226 1497 1262 hunt
1525 1238 1547 1262 a
1575 1225 1664 1272 situ,
1701 1234 1738 1262 et
1763 1239 1833 1274 per
1862 1239 2099 1276 consequens
2128 1241 2150 1265 a
2177 1229 2276 1266 loco.

1456 1278 1599 1316 Ultimo
1619 1286 1747 1315 autem
1767 1281 1786 1298 ⁴*
1808 1279 2033 1327 epilogando
2063 1282 2252 1318 concludit
2277 1281 2382 1330 quod
2401 1293 2466 1317 ne-

1403 1344 1478 1380 que
1508 1331 1683 1369 omniurn
1713 1339 1768 1368 est
1796 1333 2001 1381 generatio,
2030 1346 2154 1382 neque
2174 1335 2323 1371 nullius.
2350 1335 2467 1381 Quod

1403 1385 1507 1422 enim
1534 1397 1613 1422 non
1633 1385 1679 1422 sit
1703 1385 1856 1433 nullius,
1883 1398 1996 1423 sensu
2016 1395 2182 1436 apparet.
2204 1388 2320 1434 Quod
2340 1395 2467 1424 autem

1403 1451 1483 1475 non
1503 1438 1549 1475 sit
1572 1438 1765 1485 omnium,
1794 1446 1897 1487 patet
1922 1442 1991 1488 per
2010 1440 2084 1476 hoc
2103 1441 2208 1488 quod
2233 1441 2466 1489 impossibile

1405 1499 1460 1528 est
1479 1491 1603 1528 omnis
1623 1491 1793 1541 corporis
1822 1504 1905 1528 esse
1933 1493 2234 1540 generationem;
2263 1494 2367 1542 quod
2387 1494 2467 1543 qui—

1404 1545 1493 1582 dem
1510 1552 1619 1591 esset,
1631 1545 1661 1582 si
1678 1557 1817 1594 corpus
1833 1557 1878 1582 ex
1893 1546 2166 1595 superficiebus
2186 1554 2426 1595 generaretur
2435 1547 2465 1584 ³¹⁶.
2495 1548 2504 1558 “
2519 1549 2562 1569 2‘0·
2578 1547 2630 1568 ³0¹⁶·
2645 1553 2667 1568 ’-

1400 1703 1471 1735 quod
1490 1702 1600 1727 refertur
1618 1703 1650 1727 ad
1669 1703 1733 1727 illud
1752 1704 1822 1736 quod
1841 1703 1867 1728 in
1886 1704 1984 1728 ratione
2003 1703 2165 1736 praecedenti
2186 1703 2283 1728 dictum
2302 1709 2342 1729 est
2361 1705 2393 1729 de
2413 1713 2469 1730 ma-

1400 1738 1546 1771 gnitudine3
1566 1743 1693 1771 quantum
1712 1739 1744 1763 ad
1763 1739 1955 1772 corruptionem
1975 1739 2001 1764 in
2027 1747 2074 1772 pro
2093 1739 2172 1765 etiam
2192 1739 2223 1764 cf.
2236 1740 2281 1765 lib.
2295 1740 2313 1770 1,
2333 1741 2391 1765 lect.
2409 1748 2469 1771 xvix,

1401 1779 1455 1799 not.
1473 1782 1504 1808 γ,
1522 1778 1548 1798 et
1567 1774 1624 1799 lect.
1643 1781 1713 1803 mx,
1733 1779 1786 1800 not.
1805 1783 1823 1799 ι.

1454 1808 1472 1844 ι)
1493 1809 1668 1842 Philosophus
1686 1809 1736 1835 hic.
1746 1823 1765 1830 -
1777 1810 1848 1835 Haec
1861 1810 2016 1835 omittuntur
2030 1810 2056 1835 in
2070 1811 2164 1836 nostris
2180 1810 2319 1842 codicibus,
2335 1810 2397 1844 quin
2410 1818 2468 1836 sen-

1402 1853 1449 1870 sus
1469 1845 1652 1870 detrimentum
1672 1845 1763 1879 capiat.

2253 3686 2281 3710 31

2494 387 2505 397 ⁶
2517 385 2573 414 Cap.
2583 393 2598 412 ι,
2608 392 2674 418 n.·1o,
2685 390 2707 408 et

1397 444 1470 481 pus
1499 432 1690 479 continget
1717 432 1879 469 totaliter
1910 432 1990 469 tolli
2025 445 2094 481 per
2127 432 2399 468 resolutionem
2428 433 2466 469 in
2494 419 2546 461 ῗέὲῖἶ
2563 419 2598 461 1¹1'11
2620 414 2644 435 δ’
2661 413 2707 434 Th'

1374 525 1377 528 ,
1398 497 1467 522 sua
1490 485 1749 522 indivisibilia:
1779 485 1869 534 quia
1887 484 2015 534 ipsum
2044 497 2144 522 nunc
2164 493 2220 522 est
2238 485 2465 522 indivisibile

2492 702 2509 750 ἶ]
2520 701 2555 750 ΕῘῈ.
2565 703 2617 724 lect.
2628 709 2704 730 praec.

2494 917 2503 925 “
2518 915 2588 937 Num.
2600 922 2617 937 1.

2493 1283 2504 1294 ¹³
2520 1283 2590 1304 etiam
2604 1290 2625 1305 P.
