2782 4134
349 299 419 324 110

1049 280 1120 316 DE
1149 276 1324 314 CAELO
1353 275 1424 312 ET
1453 272 1646 310 MUNDO
1677 271 1770 307 LIB.
1800 271 1814 306 I

898 535 1198 595 LECTIO
1235 529 1972 590 VIGESIMAOCTAVA

587 706 782 740 GENITUM
805 704 862 734 ET
887 700 1223 739 CORRUPTIBILE,
1247 700 1304 730 ET
1328 698 1545 730 SIMILITER
1568 696 1811 729 INGENITUM
1834 696 1892 726 ET
1916 692 2294 731 INCORRUPTIBILE,

1115 758 1164 789 SE
1189 757 1369 788 INVICEM
1392 755 1750 792 CONSEQUUNTUR

348 906 455 942 Δῆλον
480 899 517 935 δὲ
540 905 597 934 καὶ
623 902 658 934 ἑκ
683 901 744 933 τοῦ
771 899 906 943 ὁρισμοῦ
932 898 1065 930 αὐτῶν·
1090 899 1148 928 καὶ
1173 896 1237 943 γάρ
1259 894 1404 941 ἀνάγκη,

417 950 444 980 εἰ
468 946 612 1001 φθαρτόν
644 943 798 991 γενητόν.
830 942 878 974 ”R
901 942 966 988 γάρ
1000 940 1166 988 ἀγένητον
1197 939 1218 976 ἦ
1243 938 1404 986 γενητόν·

416 994 444 1024 εἱ
468 992 505 1023 oe*
532 990 708 1036 ἀγένητον,
737 987 907 1031 ἄφθαρτον
933 986 1125 1019 ὑπόκειται.

348 1079 415 1110 Καὶ
439 1078 466 1109 εἱ
490 1069 630 1121 γενητὸν
655 1075 712 1115 δή,
731 1071 798 1116 φθα
821 1072 880 1105 τόν
907 1071 1055 1122 ἀνάγκη·
1083 1069 1104 1106 ἦ
1129 1069 1192 1115 γάρ
1215 1067 1363 1113 φθαρτὸν
1384 1066 1405 1104 ἦ

417 1120 601 1165 ἄφθαρτον·
631 1118 704 1151 ἀλλ’
734 1118 761 1149 εἱ
812 1116 977 1161 φθαρτον,
1006 1114 1172 1160 ἀγένητον
1198 1112 1371 1144 ὑπέκειτο.

347 1204 386 1235 Εἰ
409 1198 446 1234 δὲ
470 1201 515 1256 μή
545 1199 783 1232 ἀκολουθοῦσιν
817 1198 978 1236 ἀλλήλοις
1010 1197 1052 1230 τὸ
1079 1195 1249 1240 ἄφθαρτον
1280 1198 1338 1227 καὶ
1364 1195 1405 1228 τὸ

415 1244 601 1290 ἀγένητον,
628 1244 687 1276 οὐκ
723 1243 854 1290 ἀνάγκη
889 1242 967 1275 οὔτε
992 1242 1034 1274 τὸ
1061 1241 1228 1287 ἀγένητον
1259 1240 1338 1272 οὔτε
1365 1240 1406 1272 τὸ

415 1290 437 1322 ἀ
461 1289 583 1332 θαρτον
611 1283 717 1321 ἀΐδιον
743 1285 840 1319 εἶναι.

340 1335 415 1368 ’Ότι
439 1332 469 1366 δ’
499 1333 629 1379 ἀνάγκη
657 1330 864 1371 ἀκολουθεῖν,
891 1331 928 1362 ἐκ
953 1325 1058 1363 τῶνδε
1084 1328 1237 1372 φανερόν.
1270 1327 1316 1360 Τό
1340 1329 1405 1374 γάρ

412 1377 552 1424 γενητὸν
575 1379 633 1409 καὶ
659 1376 700 1409 τὸ
724 1375 871 1421 φθαρτὸν
899 1372 1137 1407 ἀκολουθοῦσιν
1164 1372 1337 1410 ἀλλήλοις.

347 1423 452 1460 Δῆλον
485 1418 522 1454 δὲ
553 1424 610 1453 καὶ
640 1422 745 1454 τοῦτο
781 1421 816 1452 ἐκ
848 1420 913 1452 τῶν
947 1430 972 1450 π
995 1417 1128 1461 ότερον·
1159 1418 1222 1450 τοῦ
1254 1417 1319 1463 γάρ
1355 1417 1405 1449 ἀεὶ

413 1467 508 1504 ὄντος
531 1468 589 1497 καὶ
615 1466 677 1497 τοῦ
704 1465 755 1497 ἀεὶ
780 1463 825 1508 μή
853 1463 948 1501 ὄντος
973 1464 1046 1495 εστὶ
1070 1461 1202 1506 μεταξύ
1223 1460 1247 1502 ᾤ
1264 1459 1406 1504 μηθέτε-

413 1523 466 1556 ρον
494 1508 681 1550 ἀκολουθεῖ,
707 1510 813 1541 τοῦτο
838 1503 868 1539 δ’
891 1508 964 1540 ἐστὶ
989 1506 1030 1539 τὰ
1054 1506 1198 1553 γενητόν
1222 1508 1280 1537 καὶ
1306 1504 1406 1549 φθαρ-

413 1554 485 1589 τόν.
513 1554 661 1586 Δυνατὸν
686 1554 749 1600 γάρ
773 1554 831 1585 καὶ
856 1549 942 1584 εἶναι
965 1553 1023 1583 καὶ
1049 1551 1096 1596 μή
1121 1548 1207 1583 εἶναι
1227 1549 1406 1594 ὡρισμένον

413 1598 531 1645 χρόνον
557 1597 734 1642 ἑκάτερον·
758 1597 848 1643 λέγω
873 1591 901 1628 δ’
924 1595 1083 1640 ἑκάτερον
1107 1596 1166 1627 καὶ
1191 1591 1276 1627 εἶναι
1301 1594 1405 1627 ποσόν

415 1654 492 1677 τινα
516 1641 633 1688 χρόνον
657 1644 714 1674 καὶ
740 1642 786 1686 μή
810 1638 906 1673 εἶναι.
934 1640 972 1672 Εἰ
988 1642 1100 1672 τοίνυν
1118 1638 1191 1672 ἐστί
1209 1650 1243 1671 τι
1263 1639 1406 1682 γενητὸν

414 1687 435 1724 ἦ
459 1685 620 1731 φθαρτόν,
648 1685 779 1732 ἀνάγκη
805 1686 910 1718 τοῦτο
936 1684 1068 1728 μεταξῦ
1092 1681 1189 1716 εἶναι.

340 1732 452 1764 Ἔστω
477 1731 540 1776 γάρ
567 1731 607 1763 τὸ
625 1731 650 1762 A
675 1730 716 1763 τὸ
743 1729 794 1763 ἀεὶ
822 1730 869 1771 ὄν,
897 1729 938 1762 τό
962 1723 1000 1760 ’δὲ
1022 1730 1047 1759 Β
1072 1728 1113 1761 τό
1140 1729 1190 1762 ἀεὶ
1215 1728 1262 1772 μή
1289 1728 1337 1769 ὄν,
1365 1728 1407 1760 τὸ

413 1772 450 1808 δὲ
475 1778 495 1807 Γ
520 1774 676 1821 γενητόν,
703 1775 743 1807 τὸ
767 1769 805 1806 δὲ
830 1775 854 1804 Δ
878 1772 1038 1816 φθαρτόν.
1071 1772 1222 1819 Ἀνάγκη
1247 1767 1290 1809 δὴ
1318 1772 1359 1804 τὸ
1383 1773 1405 1803 Γ

412 1819 543 1864 μεταξύ
568 1816 652 1850 εἶναι
685 1820 746 1851 τοῦ
771 1822 795 1849 A
818 1819 877 1849 καὶ
909 1818 970 1850 τοῦ
995 1818 1031 1848 Β.
1068 1818 1139 1848 Τῶν
1164 1817 1223 1860 μὲν
1255 1817 1319 1863 γάρ
1347 1816 1406 1848 οὐκ

414 1865 485 1898 ἔστι
509 1862 625 1909 χρόνος
651 1860 701 1895 ἐπ’
725 1858 901 1904 οὐδέτερον
926 1861 967 1894 τὰ
985 1860 1089 1904 πέρας
1108 1862 1141 1894 ἐν
1159 1861 1183 1904 ᾦ
1201 1859 1222 1897 ἦ
1244 1861 1284 1894 τὸ
1302 1863 1327 1893 A
1345 1861 1406 1894 οὐκ

414 1907 454 1946 ἦν
479 1907 500 1945 ἦ
525 1907 568 1940 τὸ
590 1909 614 1938 Β
640 1904 698 1944 ἦν·
724 1908 772 1948 τῷ
801 1902 838 1938 δὲ
870 1907 1001 1952 γενητῷ
1037 1903 1170 1953 ἀνάγκη
1203 1905 1224 1941 ἦ
1256 1903 1406 1952 ἐνεργείᾳ

413 1951 497 1986 εἶναι
522 1951 543 1989 ἦ
568 1947 719 1996 δυνάμει,
747 1955 816 1988 τοῖς
841 1945 878 1983 δὲ
903 1952 953 1982 AB
980 1944 1175 1995 οὐδετέρως.
1209 1950 1315 1982 Ποσὸν
1340 1950 1405 1994 ἄρα

414 1997 493 2030 τινά
514 1998 572 2028 καὶ
596 1995 772 2041 ὡρισμένον
797 1994 915 2040 χρόνον
941 1996 1000 2026 καὶ
1025 1994 1124 2027 ἔσται
1147 1996 1205 2027 καὶ
1223 1995 1326 2028 πάλιν
1346 1994 1405 2027 οὐκ

415 2043 512 2074 ἔσται
538 2040 578 2072 τὸ
602 2043 634 2072 Γ.
670 2042 809 2083 Ὀμοίως
833 2034 871 2072 δὲ
890 2042 948 2072 καὶ
966 2039 1021 2071 ἐπὶ
1040 2041 1102 2072 τοῦ
1121 2041 1144 2070 Δ
1161 2038 1325 2085 φθαρτοῦ.
1351 2041 1407 2071 Γε-

414 2087 514 2124 νητὸν
535 2085 597 2129 ἄρα
620 2087 678 2117 καὶ
695 2083 841 2129 φθαρτὸν
860 2083 1032 2128 ἑκάτερον.
1065 2083 1322 2117 Ἀκολουθοῦσιν
1341 2083 1406 2127 ἄρα

416 2130 573 2167 ἀλλήλοις
598 2130 638 2162 τὸ
663 2128 805 2176 γενητὸν
830 2130 889 2161 καὶ
914 2127 955 2161 τὸ
980 2126 1046 2171 φθα
1068 2127 1140 2162 τόν.

339 2175 452 2208 Ἔστω
477 2170 519 2210 δὴ
545 2174 586 2205 τὸ
611 2175 656 2217 ἐφ’
679 2173 702 2215 ᾦ
719 2174 742 2204 Ε
769 2173 950 2219 ἀγένητον,
976 2172 1017 2205 τὸ
1042 2139 1072 2206 ς’
1095 2173 1143 2216 ἐφ’
1166 2173 1189 2214 ᾧ
1206 2175 1229 2204 Ζ
1246 2171 1404 2219 γενητόν,

412 2220 453 2252 τὸ
477 2215 505 2250 δ’
534 2219 580 2261 ἐφ’
610 2218 633 2260 ᾧ
658 2220 687 2249 Η
715 2218 905 2262 ἄφθαρτον,
940 2217 981 2249 τὸ
1007 2212 1035 2248 δ’
1066 2216 1112 2263 ἐφ’
1143 2218 1166 2259 qi
1190 2218 1216 2248 Θ
1241 2215 1403 2261 φθαρτόν.

412 2263 464 2296 Tot
487 2258 530 2299 δή
554 2264 603 2294 ΖΘ
626 2258 799 2295 δέδεικται
825 2262 878 2296 ὅτι
899 2259 1074 2294 ἀκολουθεῖ
1096 2261 1270 2299 ἀλλήλοις.
1295 2261 1404 2294 ’Ὀταν

413 2303 440 2339 δ’
471 2306 490 2348 ᾖ
516 2307 604 2340 οὕτω
637 2309 774 2350 κείμενα
803 2308 843 2345 ὠς
877 2307 1014 2347 ταῦτα,
1042 2307 1110 2339 οἷον
1143 2306 1184 2339 τὸ
1217 2306 1276 2349 μὲν
1301 2307 1323 2336 Ζ
1348 2307 1405 2337 καὶ

415 2352 455 2385 τὸ
478 2352 503 2382 Θ
529 2350 802 2392 ἀκολουθοῦντα,
836 2351 877 2384 τὸ
902 2347 939 2383 δὲ
964 2352 988 2381 Ε
1012 2353 1070 2383 καὶ
1095 2351 1136 2384 τό
1161 2352 1183 2381 Ζ
1209 2349 1324 2394 μηθενὶ
1357 2351 1405 2391 τῷ

415 2397 530 2438 αὐτῷ,
557 2395 686 2428 ἅπαντι
710 2391 748 2428 δὲ
779 2394 940 2440 θάτερον,
968 2396 1088 2439 ὁμοίως
1112 2391 1150 2427 δὲ
1174 2397 1232 2427 καὶ
1257 2394 1305 2427 τά
1327 2395 1404 2435 ΗΘ,

417 2439 546 2486 ἀνάγκη
571 2442 628 2472 καὶ
654 2440 701 2473 τοὶ
715 2442 771 2471 ΕΗ
789 2438 981 2472 ἀκολουθεῖν
1008 2439 1180 2477 ἀλλήλοις.
1213 2440 1324 2472 Ἔστω
1341 2439 1406 2485 γάρ

416 2487 461 2526 τῷ
486 2488 516 2518 H
540 2486 580 2517 τὸ
597 2486 621 2516 Ε
646 2485 692 2528 μή
719 2483 935 2517 ἀκολουθοῦν.
971 2484 1017 2517 T&
1040 2485 1104 2529 ἄρα
1120 2486 1143 2515 Ζ
1167 2482 1406 2519 ἀκολουθήσει·

417 2533 521 2563 παντὶ
546 2530 610 2575 γάρ
635 2529 676 2561 τὸ
700 2531 724 2560 Ε
750 2528 770 2565 ἦ
796 2528 837 2560 τὸ
862 2530 896 2560 Ζ.
931 2528 1041 2561 Ἀλλά
1072 2528 1137 2572 μὴν
1163 2528 1186 2569 ᾧ
1213 2528 1253 2561 τὸ
1278 2530 1321 2566 Ζ,
1350 2529 1407 2559 καὶ

418 2574 459 2606 τὸ
482 2575 520 2608 Θ.
554 2575 605 2615 Τῷ
633 2572 698 2614 ἄρα
715 2574 744 2604 H
762 2572 802 2606 τὸ
821 2574 846 2603 Θ
866 2572 1098 2609 ἀκολουθήσει.
1131 2571 1224 2604 Ἀλλ’
1248 2571 1407 2604 ὑπέκειτο

419 2614 587 2651 ἀδύνατον
619 2614 716 2649 εἶναι.
751 2618 788 2648 ‘O
811 2612 839 2648 δ’
870 2616 974 2654 αὐτὸς
1005 2617 1105 2663 λόγος
1137 2618 1196 2650 καὶ
1226 2615 1279 2650 ὅτι
1314 2616 1355 2649 τὸ
1379 2617 1409 2647 Η

419 2663 466 2702 τῷ
483 2664 519 2694 Ε.
550 2661 657 2693 Ἀλλὰ
682 2661 746 2705 μήν
771 2660 877 2698 οὕτως
903 2661 972 2706 ἔχει
997 2662 1038 2694 τό
1062 2660 1240 2707 ἀγένητον,
1260 2661 1308 2705 ἐφ’
1329 2660 1352 2702 qi
1369 2662 1407 2702 Ε,

420 2706 500 2750 πρὸς
518 2706 559 2738 τό
578 2705 734 2752 γενητόν,
755 2706 800 2749 ἐφ’
823 2705 845 2746 ᾧ
862 2707 898 2746 Ζ,
916 2707 973 2738 καὶ
992 2706 1033 2738 τὸ
1052 2705 1236 2751 ἄφθαρτον,
1255 2704 1301 2750 ἐφ’
1323 2705 1347 2747 ᾧ
1365 2706 1407 2746 Η,

421 2750 498 2794 πρὸς
525 2750 566 2782 τὸ
591 2749 753 2794 φθαρτόν,
781 2750 827 2792 ἐφ’
858 2749 880 2791 ᾧ
905 2750 941 2782 Θ.

407 2854 556 2882 SYN09s1s.
582 2869 615 2874 —
643 2862 666 2881 1.
687 2854 899 2890 Argumentum
921 2859 948 2881 et
969 2852 1071 2881 divisio
1092 2859 1193 2882 textus.
1206 2870 1226 2874 -
1241 2861 1268 2882 2.
1283 2854 1325 2882 Ex
1345 2863 1412 2891 sup-

354 2893 496 2930 positione
511 2893 591 2930 quod
604 2892 764 2930 ingenitum
779 2899 807 2921 et
820 2892 1035 2929 incorruptibile
1050 2899 1260 2929 convertantur,
1273 2894 1413 2930 probatur

350 2933 448 2971 primo
463 2933 543 2970 quod
555 2932 686 2971 genitum
708 2932 892 2970 consequitur
908 2933 946 2960 ad
959 2933 1156 2970 corruptibile.
1179 2933 1239 2962 Nisi
1256 2933 1333 2962 enim
1348 2943 1412 2962 cor-

354 2971 487 3009 ruptibile
508 2972 543 3000 sit
562 2972 706 3009 genitum,
736 2978 850 3009 oportet
875 2981 937 3000 esse
965 2972 1141 3010 ingenitum;
1170 2974 1220 3002 sed
1241 2973 1413 3010 supponitur

355 3011 512 3049 ingenitum
539 3018 567 3040 et
587 3011 800 3049 incorruptibile
825 3012 862 3040 ad
890 3011 1012 3040 invicem
1034 3012 1179 3048 converti;
1208 3022 1276 3050 ergo
1304 3013 1413 3050 aliquid

356 3051 537 3088 corruptibile
558 3051 611 3080 erit
630 3051 857 3088 incorruptibile,
880 3052 960 3089 quod
981 3058 1023 3080 est
1043 3053 1209 3081 absurdum.
1225 3070 1244 3074 -
1260 3053 1285 3081 3.
1301 3054 1413 3082 Eodem

357 3091 446 3119 modo
466 3092 604 3128 probatur
631 3092 756 3120 secundo
777 3092 857 3129 quod
885 3092 1073 3130 corruptibile
1100 3092 1229 3130 sequitur
1250 3094 1413 3122 necessario

358 3131 395 3158 ad
413 3131 552 3169 genitum.
567 3147 586 3152 -
599 3141 627 3166 4.
643 3131 802 3159 Necessitas
823 3131 1030 3168 suppositionis
1043 3131 1217 3169 praemissae
1231 3142 1260 3160 n.
1276 3140 1309 3168 2,
1332 3142 1413 3170 repe-

357 3170 443 3197 tenda
463 3176 505 3198 est
518 3179 552 3198 ex
565 3171 622 3198 hoc
637 3171 716 3207 quod
737 3170 942 3208 sempiternum
963 3171 1148 3209 consequitur
1161 3173 1199 3200 ad
1213 3172 1371 3210 ingenitum
1386 3180 1413 3202 et

359 3208 570 3246 incorruptibile
590 3210 641 3245 (cf.
656 3210 718 3238 lect.
734 3220 827 3247 praec.
843 3221 871 3239 n.
887 3212 904 3239 6
920 3213 983 3248 sq.).
999 3228 1018 3234 -
1035 3212 1060 3240 5.
1082 3212 1200 3249 Absque
1215 3212 1413 3249 suppositione

359 3248 517 3293 ostenditur
537 3249 735 3285 propositum:
760 3257 788 3278 et
807 3250 902 3287 primo
924 3252 1004 3288 quod
1024 3251 1155 3290 genitum
1177 3257 1205 3280 et
1225 3253 1414 3290 corruptibile

361 3296 390 3315 se
412 3288 531 3316 invicem
552 3295 770 3325 consequuntur.
783 3307 802 3311 -
817 3291 843 3318 6.
863 3291 936 3319 Nam
958 3291 1031 3319 inter
1051 3300 1165 3328 semper
1185 3301 1236 3320 ens
1257 3299 1285 3320 et
1301 3302 1415 3329 semper

362 3335 421 3354 non
441 3336 491 3355 ens
512 3334 553 3355 est
575 3327 701 3356 medium
723 3329 751 3357 id
772 3331 851 3366 quod
873 3337 914 3358 est
935 3331 1049 3368 negatio
1070 3331 1237 3369 utriusque,
1258 3332 1364 3361 scilicet
1385 3332 1413 3360 id

363 3366 442 3401 quod
462 3367 634 3404 quandoque
655 3374 697 3396 est
718 3375 745 3396 et
773 3370 947 3407 quandoque
972 3380 1033 3399 non
1054 3377 1112 3406 est;
1140 3372 1190 3399 sed
1211 3371 1309 3409 aliquo
1330 3372 1412 3401 finito

363 3410 491 3448 tempore
512 3415 572 3434 esse
593 3413 621 3434 et
640 3407 697 3435 alio
718 3407 799 3436 finito
820 3415 948 3445 tempore
969 3420 1030 3438 non
1051 3420 1112 3439 esse
1131 3411 1265 3440 convenit
1285 3418 1345 3440 tam
1366 3421 1415 3449 ge-

364 3449 424 3488 nito
446 3453 531 3480 quam
553 3446 740 3482 corruptibili;
762 3456 829 3484 ergo
851 3448 896 3476 cui
917 3449 1079 3478 attribuitur
1099 3451 1237 3488 genitum,
1251 3451 1415 3480 attribuitur

365 3488 450 3510 etiarn
471 3484 660 3528 corruptibile,
675 3492 702 3513 et
722 3495 738 3514 e
759 3495 906 3523 converso,
929 3495 956 3516 et
976 3489 1015 3517 ita
1035 3499 1065 3518 se
1086 3490 1207 3519 invicem
1231 3500 1414 3528 consequun-

365 3527 419 3549 tur.
435 3538 453 3543 «-
467 3531 494 3558 7.
509 3523 701 3552 Manifestatur
721 3525 791 3554 haec
811 3526 883 3555 ratio
904 3527 933 3555 in
954 3529 1090 3558 terminis.
1106 3547 1124 3551 -
1140 3531 1167 3558 8.
1183 3530 1325 3559 Obiectio.
1347 3532 1414 3559 Non

366 3569 558 3605 semper-esse
578 3569 605 3590 et
626 3572 685 3591 non
706 3573 818 3601 semper
844 3575 904 3594 non
925 3576 985 3595 esse
1007 3569 1063 3596 alio
1086 3570 1175 3598 modo
1197 3570 1330 3599 convenit
1351 3579 1413 3599 cor-

366 3600 491 3636 ruptibili
512 3607 539 3629 et
559 3601 615 3629 alio
636 3603 724 3631 modo
744 3605 909 3640 generabili:
930 3616 997 3635 nam
1019 3607 1145 3644 genitum
1166 3610 1251 3638 habet
1271 3619 1332 3639 non
1353 3619 1414 3639 esse

1459 895 1477 913 '³‘
1500 896 1609 926 Palam
1639 902 1747 926 autem
1771 901 1856 926 etex
1885 893 2147 924 determinatione
2177 893 2332 934 ipsorum.
2356 891 2413 921 Est
2443 890 2529 921 enim

1527 949 1663 977 necesse,
1688 939 1714 969 si
1738 938 1957 979 corruptibile,
1980 937 2140 978 genitum:
2165 943 2220 968 aut
2242 936 2329 967 enim
2350 934 2530 975 ingenitum

1527 990 1582 1014 aut
1609 983 1770 1023 genitum:
1795 982 1821 1012 si
1847 981 1934 1012 enim
1960 981 2156 1022 ingenitum,
2184 979 2422 1021 incorruptibile
2452 988 2529 1019 sup-

1526 1034 1667 1067 p0n1tur.

1459 1071 1501 1102 Et
1523 1071 1550 1101 si
1579 1070 1724 1110 genitum
1747 1077 1873 1109 autem,
1902 1069 2106 1110 corruptibile
2125 1079 2192 1100 esse
2219 1078 2346 1100 necesse
2378 1074 2435 1098 est.
2463 1069 2530 1098 Aut

1526 1114 1612 1145 enim
1636 1113 1838 1153 corruptibile
1862 1120 1917 1144 aut
1939 1113 2191 1154 incorruptibile:
2215 1112 2271 1144 sed
2294 1112 2320 1143 si
2339 1110 2530 1152 incorrupti-

1526 1158 1599 1196 bile,
1623 1157 1802 1198 ingenitum
1824 1156 2027 1197 supponitur.

1459 1203 1476 1222 ’¹²
1500 1202 1532 1234 Si
1555 1208 1663 1233 autem
1693 1211 1760 1232 non
1784 1207 2024 1242 consequuntur
2053 1200 2093 1230 ad
2123 1200 2260 1231 invicem
2291 1198 2530 1240 incorruptibile

1527 1253 1558 1277 et
1579 1245 1775 1286 ingenitum,
1799 1255 1866 1276 non
1889 1253 2016 1276 necesse
2039 1247 2087 1275 est
2106 1253 2211 1285 neque
2229 1244 2408 1284 ingenitum
2426 1252 2530 1284 neque

1526 1289 1765 1331 incorruptibile
1789 1289 2020 1330 sempiternum
2043 1298 2122 1319 esse.

1460 1334 1560 1372 Quod
1582 1341 1691 1366 autem
1705 1343 1833 1365 necesse
1849 1332 2014 1375 consequi,
2031 1342 2068 1363 ex
2082 1332 2132 1363 his
2149 1330 2357 1363 manifestum
2379 1331 2443 1362 fiet.
2467 1329 2532 1362 Ge-

1526 1378 1630 1410 nitum
1653 1377 1740 1409 enim
1762 1384 1793 1409 et
1813 1376 2017 1418 corruptibile
2039 1382 2282 1418 consequuntur
2305 1385 2338 1406 se
2360 1375 2508 1406 invicem.

1459 1423 1569 1454 Palam
1597 1429 1705 1454 autem
1728 1429 1759 1454 et
1780 1422 1843 1453 hoc
1866 1432 1903 1452 ex
1926 1421 2094 1462 prioribus.
2128 1420 2262 1461 Semper
2284 1420 2371 1451 enim
2394 1420 2474 1452 entis
2501 1426 2532 1452 et

1527 1477 1652 1508 semper
1674 1477 1741 1497 non
1769 1466 1850 1497 entis
1873 1472 1920 1497 est
1949 1464 2175 1497 intermedium
2198 1464 2250 1496 cui
2280 1470 2432 1495 neutrum
2454 1474 2532 1497 con-

1527 1511 1680 1552 sequitur.
1704 1511 1777 1542 Hoc
1800 1517 1908 1542 autem
1931 1517 1978 1542 est
1999 1509 2144 1551 genitum
2167 1515 2199 1540 et
2221 1508 2439 1549 corruptibile:
2456 1519 2532 1550 pos-

1526 1555 1616 1586 sibile
1639 1555 1725 1586 enim
1753 1562 1784 1586 et
1807 1565 1874 1586 esse
1898 1561 1929 1585 et
1962 1564 2030 1586 non
2054 1564 2121 1585 esse
2149 1553 2358 1585 determinato
2386 1560 2532 1595 tempore

1526 1606 1717 1641 utrumque:
1738 1599 1810 1630 dico
1835 1605 1943 1630 autem
1965 1605 2139 1640 utrumque
2163 1604 2194 1629 et
2216 1607 2284 1629 esse
2304 1604 2426 1639 quanto
2450 1607 2532 1640 quo-

1526 1644 1601 1675 dam
1624 1650 1768 1684 ternpore
1800 1650 1831 1674 et
1853 1653 1920 1674 non
1943 1653 2020 1674 esse.
2044 1642 2062 1662 *
2085 1642 2118 1674 Si
2140 1641 2236 1683 igitur
2258 1648 2305 1673 est
2331 1642 2422 1683 quod
2443 1642 2532 1683 geni-

1525 1695 1597 1719 tum
1619 1695 1675 1719 aut
1697 1687 1910 1728 corruptibile.
1935 1697 2060 1718 necesse
2083 1686 2146 1718 hoe
2168 1686 2395 1718 intermedium
2418 1696 2496 1718 esse.

1459 1732 1505 1764 Sit
1519 1732 1606 1764 enim
1621 1734 1651 1763 A
1665 1741 1790 1772 semper
1809 1742 1875 1770 ens,
1892 1731 1918 1762 B
1934 1738 2042 1762 autem
2058 1740 2183 1772 semper
2201 1740 2269 1761 non
2289 1740 2356 1770 ens,
2376 1730 2406 1762 G
2423 1737 2533 1763 autem

1526 1776 1689 1817 genitum,
1713 1776 1742 1807 D
1767 1782 1875 1807 autem
1890 1775 2111 1816 corruptibile.
2136 1775 2271 1806 Necesse
2300 1774 2409 1816 itaque
2431 1775 2462 1807 G
2483 1775 2533 1807 in-

1527 1821 1718 1852 termedium
1750 1830 1817 1851 esse
1839 1822 1870 1850 A
1893 1826 1924 1851 et
1945 1820 1990 1850 B:
2022 1819 2071 1850 his
2108 1819 2241 1861 quidem
2273 1818 2359 1850 enim
2389 1829 2456 1850 non
2487 1825 2535 1851 est

1526 1872 1654 1906 tempus
1675 1865 1715 1895 ad
1738 1871 1889 1896 neutrum
1905 1863 2078 1895 terminum
2101 1863 2134 1894 in
2157 1873 2224 1905 quo
2247 1869 2303 1894 aut
2322 1865 2352 1894 A
2375 1873 2442 1895 non
2465 1870 2531 1895 erat

1523 1915 1578 1941 aut
1599 1909 1625 1940 B
1649 1916 1732 1948 erat;
1756 1908 1864 1950 genito
1888 1915 1996 1939 autern
2019 1917 2145 1939 necesse
2169 1914 2224 1939 aut
2247 1913 2320 1939 actu
2343 1914 2399 1939 aut
2421 1914 2534 1949 poten-

1527 1953 1570 1985 tia
1593 1961 1679 1992 esse3
1709 1953 1758 1984 his
1781 1959 1889 1984 autem
1916 1962 1998 1994 quae
2021 1954 2051 1983 A
2074 1953 2100 1983 Β
2123 1958 2237 1983 neutro
2265 1951 2377 1983 modo.
2402 1952 2534 1990 Quanto

1527 1997 1623 2038 igitur
1646 1998 1789 2040 quodam
1813 2003 1843 2028 et
1862 1997 2070 2028 determinato
2085 2003 2231 2037 tempore
2246 2002 2277 2028 et
2300 1996 2358 2027 erit
2373 2002 2404 2028 et
2418 1995 2535 2028 iterum

1528 2052 1594 2073 non
1625 2042 1683 2073 erit
1705 2041 1750 2073 G:
1775 2041 1919 2072 similiter
1940 2048 2048 2072 autem
2072 2047 2103 2072 et
2127 2041 2160 2071 in
2191 2041 2230 2072 D.
2254 2040 2409 2072 Genitum
2438 2040 2535 2081 igitur

1529 2093 1560 2117 et
1583 2085 1786 2127 corruptibile
1806 2092 1988 2126 utrumque.
2013 2085 2266 2126 Consequuntur
2280 2084 2376 2125 igitur
2397 2084 2535 2117 invicem

1529 2131 1673 2171 genitum
1697 2137 1727 2161 et
1751 2129 1964 2170 corruptibile.
2409 2127 2414 2130 ’

1462 2173 1477 2190 *
1501 2175 1548 2206 Sit
1570 2175 1677 2216 itaque
1700 2174 1732 2205 in
1748 2184 1815 2215 quo
1840 2180 1886 2204 est
1904 2174 1930 2204 E
1954 2173 2143 2214 ingenitum,
2163 2173 2254 2214 quod
2276 2179 2385 2204 autern
2407 2173 2432 2204 Z
2448 2173 2536 2214 geni-

1529 2226 1610 2257 tum,
1635 2219 1724 2259 quod
1739 2225 1847 2249 autem
1869 2217 1902 2248 in
1926 2227 1992 2259 quo
2018 2218 2029 2248 1
2050 2217 2300 2258 incorruptibile,
2324 2217 2414 2259 quod
2428 2224 2536 2249 autem

1529 2263 1562 2294 in
1586 2273 1652 2304 quo
1677 2263 1707 2293 T
1729 2262 1944 2303 corruptibile.
1967 2262 2059 2300 Quae
2075 2262 2183 2302 itaque
2205 2262 2230 2292 Z
2245 2262 2276 2292 T
2300 2268 2467 2293 ostensum
2489 2268 2537 2294 eet

1529 2307 1619 2348 quod
1643 2313 1883 2348 consequuntur
1901 2306 2048 2338 invicem.
2074 2306 2214 2344 Quando
2236 2306 2344 2348 itaque
2368 2306 2412 2337 sic
2433 2305 2537 2348 posita

1529 2358 1566 2383 ut
1588 2352 1676 2390 haec,
1692 2358 1770 2392 puta
1788 2361 1871 2392 quae
1890 2350 2021 2392 quidem
2044 2351 2068 2381 Z
2093 2357 2123 2382 et
2141 2360 2224 2392 quae
2244 2351 2274 2381 T
2293 2350 2536 2391 consequentia;

1530 2406 1611 2438 quae
1635 2402 1742 2427 autem
1758 2395 1785 2426 E
1805 2402 1836 2427 et
1855 2396 1879 2426 Z
1903 2394 1984 2426 nulli
2000 2395 2121 2433 eidem,
2145 2394 2236 2425 omni
2251 2401 2359 2426 autem
2382 2395 2536 2435 alterum;

1531 2447 1561 2471 et
1577 2440 1719 2471 similiter
1733 2446 1841 2471 autem
1857 2446 1888 2471 et
1902 2449 1984 2480 quae
2004 2439 2015 2470 1
2033 2439 2080 2470 T:
2097 2448 2224 2470 necesse
2240 2445 2270 2470 et
2289 2449 2371 2480 quae
2387 2439 2399 2469 1
2416 2439 2444 2470 E
2459 2448 2536 2470 con-

1531 2485 1621 2526 sequi
1636 2484 1783 2516 invicem.
1808 2484 1855 2515 Sit
1877 2484 1963 2515 enim
1987 2483 2015 2514 ei
2039 2483 2129 2525 quod
2144 2483 2169 2522 1,
2191 2483 2218 2514 E
2234 2493 2301 2514 non
2317 2491 2534 2524 consequens:

1530 2530 1554 2560 Z
1578 2529 1674 2570 igitur
1696 2535 1922 2570 consequetur:
1940 2528 2030 2559 omni
2054 2528 2141 2559 enirn
2156 2527 2183 2558 E
2199 2534 2255 2559 aut
2268 2528 2304 2559 Ζ.
2329 2527 2462 2568 Insuper
2484 2527 2536 2559 cui

1530 2574 1567 2613 Z,
1591 2581 1622 2605 et
1637 2573 1677 2605 T.
1702 2573 1740 2604 Ei
1755 2573 1851 2614 igitur
1873 2573 1963 2614 quod
1986 2573 2011 2612 1,
2033 2572 2063 2603 Τ
2080 2578 2302 2613 consequetur.
2327 2571 2390 2604 Sed
2413 2581 2536 2613 suppo-

1531 2618 1664 2649 nebatur
1687 2617 1883 2658 impossibile
1907 2627 1984 2648 esse.
2009 2617 2131 2648 Eadem
2153 2623 2262 2648 autem
2285 2616 2364 2648 ratio
2393 2622 2424 2647 et
2446 2616 2537 2658 quod

1532 2663 1543 2693 1
1569 2662 1598 2693 ei
1620 2662 1710 2703 quod
1724 2661 1767 2693 E:
1793 2661 1848 2693 sed
1871 2668 1902 2693 et
1924 2661 1969 2693 sic
1992 2660 2144 2692 habeatur
2164 2660 2343 2702 ingenitum
2366 2660 2399 2691 in
2422 2670 2490 2702 quo
2508 2660 2537 2692 E

1532 2707 1572 2737 ad
1594 2706 1738 2747 genitum
1766 2706 1800 2736 in
1823 2716 1890 2747 quo
1919 2712 1966 2737 est
1987 2706 2030 2746 Z,
2054 2713 2085 2737 et
2107 2704 2344 2746 incorruptibile
2376 2704 2408 2735 in
2432 2714 2499 2747 quo
2523 2705 2536 2736 1

1534 2751 1573 2782 ad
1597 2750 1801 2791 corruptibile
1824 2750 1857 2781 in
1880 2760 1947 2792 quo
1970 2750 2011 2781 T.

1465 2860 1622 2891 antequam
1643 2853 1688 2889 sit,
1703 2853 1889 2890 corruptibile
1909 2859 2007 2882 autem
2029 2853 2115 2882 habet
2135 2861 2197 2882 non
2211 2861 2274 2881 esse
2295 2858 2453 2889 postquam
2474 2851 2536 2881 fuit.

1465 2895 1542 2931 Ergo
1563 2893 1723 2931 praemissa
1743 2893 1817 2922 ratio
1833 2902 1895 2922 non
1908 2893 2022 2922 videtur
2035 2890 2138 2922 efficax
2152 2893 2190 2922 ad
2205 2892 2441 2921 concludendum
2455 2893 2538 2930 quod

1465 2934 1594 2971 genitum
1608 2940 1636 2962 et
1650 2933 1836 2970 corruptibile
1857 2933 1914 2962 sint
1934 2942 2026 2962 unum
2041 2939 2070 2962 et
2091 2932 2168 2961 idem
2190 2931 2320 2961 medium
2333 2932 2408 2960 inter
2422 2940 2538 2970 semper

1465 2983 1517 3002 ens
1538 2980 1566 3002 et
1580 2982 1694 3011 semper
1715 2983 1776 3002 non
1791 2982 1851 3002 ens.
1867 2989 1887 2994 —-
1900 2972 2069 3002 Excluditur
2089 2973 2161 3001 haec
2181 2970 2345 3001 difficultas.
2369 2971 2534 3001 Dicendum

1465 3020 1508 3042 est
1529 3013 1607 3042 enim
1629 3014 1726 3051 quod,
1753 3022 1820 3042 cum
1842 3019 1908 3042 ante
1929 3019 1958 3042 et
1977 3019 2045 3050 post
2073 3012 2144 3041 illud
2162 3012 2390 3041 'determinatum
2420 3018 2538 3049 tempus

1466 3063 1525 3091 quo
1546 3053 1676 3091 genitum
1691 3059 1719 3082 et
1733 3052 1918 3090 corruptibile
1939 3053 2048 3082 habent
2066 3061 2130 3081 esse
2144 3058 2172 3081 et
2193 3061 2254 3081 non
2275 3061 2347 3088 esse,
2369 3051 2406 3080 sit
2426 3060 2538 3089 ponere

1465 3093 1543 3122 aliud
1564 3100 1694 3131 tempus,
1716 3099 1873 3130 utrumque
1894 3093 1980 3121 habet
2000 3101 2065 3121 esse
2085 3099 2152 3130 post
2173 3101 2235 3121 non
2256 3101 2318 3121 esse
2338 3098 2367 3121 et
2387 3098 2455 3121 ante
2474 3100 2537 3121 non

1466 3143 1536 3162 esse.
1565 3134 1649 3162 Unde
1676 3139 1834 3170 utrumque
1862 3138 1978 3170 oportet
2006 3141 2068 3161 esse
2095 3132 2226 3170 genitum
2251 3138 2279 3160 et
2300 3130 2495 3169 corruptibile.
2517 3146 2537 3154 -

1466 3183 1494 3210 9.
1518 3173 1687 3202 Ostenditur
1716 3182 1750 3202 ex
1773 3172 1939 3210 praemissis
1967 3173 2048 3210 quod
2076 3172 2238 3211 ingenitum
2260 3177 2289 3201 et
2316 3170 2536 3210 incorruptibile

1466 3219 1685 3242 convertuntur.
1707 3214 1782 3242 Nam
1804 3212 1988 3241 manifestum
2010 3219 2053 3241 est
2074 3213 2155 3250 quod
2176 3211 2337 3250 ingenitum
2358 3217 2387 3240 et
2406 3210 2536 3248 genitum

1466 3253 1537 3281 nulli
1558 3253 1653 3282 eidem
1674 3259 1797 3290 possunt
1824 3252 1994 3288 convenire,
2016 3253 2068 3281 sed
2089 3252 2135 3282 cui
2157 3261 2194 3281 ue
2217 3251 2353 3281 convenit
2373 3256 2423 3279 aut
2442 3259 2536 3279 unum

1466 3299 1516 3321 aut
1536 3293 1674 3328 alterum3
1697 3299 1725 3321 et
1746 3293 1822 3321 idem
1844 3299 1923 3330 patet
1944 3293 1980 3321 de
2001 3291 2211 3330 incorruptibili
2233 3298 2261 3320 et
2281 3289 2468 3328 corruptibili.
2491 3289 2536 3318 Si-

1467 3332 1571 3361 militer
1592 3333 1777 3362 manifestum
1798 3339 1841 3361 est
1855 3342 1889 3361 ex
1903 3332 1987 3362 dictis
2004 3333 2085 3370 quod
2099 3331 2145 3361 cui
2161 3330 2296 3360 convenit
2309 3329 2449 3368 genitum,
2465 3338 2535 3359 con·

1466 3373 1543 3401 venit
1564 3373 1650 3402 etiam
1672 3372 1867 3410 corruptibile.
1889 3372 1919 3401 Si
1940 3382 2009 3410 ergo
2030 3373 2067 3401 ad
2089 3370 2306 3408 incorruptibile
2326 3379 2388 3398 non
2406 3369 2536 3407 sequitur

1467 3412 1642 3449 ingenitum,
1667 3412 1884 3450 incorruptibile
1911 3412 2019 3450 poterit
2038 3421 2101 3441 esse
2127 3410 2276 3449 genitum3
2305 3410 2357 3438 sed
2377 3418 2466 3438 omne
2486 3418 2538 3447 ge-

1467 3452 1560 3480 nitum
1574 3459 1617 3481 est
1631 3453 1834 3490 corruptibile;
1856 3462 1926 3490 ergo
1947 3450 2163 3489 incorruptibile
2177 3450 2231 3479 erit
2245 3449 2440 3487 corruptibile,
2455 3449 2536 3487 quod

1467 3498 1510 3520 est
1530 3493 1698 3521 absurdum.
1727 3492 1820 3521 Simili
1842 3493 1934 3521 modo
1959 3491 2122 3521 ostenditur
2148 3490 2230 3528 quod
2250 3490 2288 3519 ad
2309 3489 2470 3527 ingenitum
2491 3498 2536 3517 se-

1468 3532 1564 3569 quitur
1585 3532 1810 3570 incorruptibile.
1826 3549 1844 3554 -
1865 3531 2056 3561 Concluditur
2076 3531 2157 3568 quod
2178 3539 2267 3559 omne
2288 3528 2473 3567 corruptibile
2493 3535 2537 3557 est

1467 3572 1595 3609 genitum
1624 3579 1652 3600 et
1673 3582 1688 3601 e
1710 3581 1866 3608 converso,
1896 3579 1923 3601 et
1949 3580 2037 3601 omne
2064 3570 2281 3608 incorruptibile
2307 3576 2350 3599 est
2376 3568 2536 3606 ingenitum

1468 3618 1495 3640 et
1516 3621 1531 3640 e
1552 3621 1702 3641 converso.

2558 1206 2568 1216 ·
2582 1204 2652 1228 Text.
2666 1210 2712 1233 ¹²7·

2560 1646 2570 1656 ⁶
2583 1644 2654 1668 Text.
2667 1644 2715 1668 BB-

2563 2177 2656 2200 'Tm
2670 2183 2719 2206 ¹³9·
