<?xml version="1.0" encoding="UTF-8"?>
<!DOCTYPE html PUBLIC "-//W3C//DTD XHTML 1.0 Transitional//EN"
    "http://www.w3.org/TR/xhtml1/DTD/xhtml1-transitional.dtd">
<html xmlns="http://www.w3.org/1999/xhtml" xml:lang="en" lang="en">
 <head>
  <title>
</title>
<meta http-equiv="Content-Type" content="text/html;charset=utf-8" />
  <meta name='ocr-system' content='tesseract 3.04.00' />
  <meta name='ocr-capabilities' content='ocr_page ocr_carea ocr_par ocr_line ocrx_word'/>
</head>
<body>
  <div class='ocr_page' id='page_1' title='image "./operaomniaiussui03thom/operaomniaiussui03thom_0592.png"; bbox 0 0 2690 4062; ppageno 0'>
   <div class='ocr_carea' id='block_1_1' title="bbox 327 246 397 271">
    <p class='ocr_par' dir='ltr' id='par_1_1' title="bbox 327 246 397 271">
     <span class='ocr_line' id='line_1_1' title="bbox 327 246 397 271; baseline -0.014 0"><span class='ocrx_word' id='word_1_1' title='bbox 327 246 397 271; x_wconf 87' lang='lat' dir='ltr'>XCII</span> 
     </span>
    </p>
   </div>
   <div class='ocr_carea' id='block_1_2' title="bbox 1019 226 1811 266">
    <p class='ocr_par' dir='ltr' id='par_1_2' title="bbox 1019 226 1811 266">
     <span class='ocr_line' id='line_1_2' title="bbox 1019 226 1811 266; baseline -0.006 0"><span class='ocrx_word' id='word_1_2' title='bbox 1019 226 1606 266; x_wconf 90' lang='lat' dir='ltr'><strong>METEOROLOGICORUM</strong></span> <span class='ocrx_word' id='word_1_3' title='bbox 1635 226 1730 262; x_wconf 92' lang='lat' dir='ltr'>LIB.</span> <span class='ocrx_word' id='word_1_4' title='bbox 1762 226 1811 261; x_wconf 93' lang='lat' dir='ltr'>III</span> 
     </span>
    </p>
   </div>
   <div class='ocr_carea' id='block_1_3' title="bbox 1071 524 1758 603">
    <p class='ocr_par' dir='ltr' id='par_1_3' title="bbox 1071 524 1758 603">
     <span class='ocr_line' id='line_1_3' title="bbox 1071 524 1758 603; baseline -0.006 -20"><span class='ocrx_word' id='word_1_5' title='bbox 1071 525 1372 583; x_wconf 87' lang='lat' dir='ltr'>LEcT10</span> <span class='ocrx_word' id='word_1_6' title='bbox 1412 524 1758 603; x_wconf 79' lang='lat' dir='ltr'><strong>QUARTA</strong></span> 
     </span>
    </p>
   </div>
   <div class='ocr_carea' id='block_1_4' title="bbox 1312 710 1515 742">
    <p class='ocr_par' dir='ltr' id='par_1_4' title="bbox 1312 710 1515 742">
     <span class='ocr_line' id='line_1_4' title="bbox 1312 710 1515 742; baseline -0.005 0"><span class='ocrx_word' id='word_1_7' title='bbox 1312 711 1369 742; x_wconf 91' lang='lat' dir='ltr'>DE</span> <span class='ocrx_word' id='word_1_8' title='bbox 1394 710 1515 741; x_wconf 86' lang='lat' dir='ltr'>HALO</span> 
     </span>
    </p>
   </div>
   <div class='ocr_carea' id='block_1_5' title="bbox 325 866 1388 925">
    <p class='ocr_par' dir='ltr' id='par_1_5' title="bbox 325 866 1388 925">
     <span class='ocr_line' id='line_1_5' title="bbox 325 866 1388 925; baseline -0.008 -14"><span class='ocrx_word' id='word_1_9' title='bbox 325 880 457 925; x_wconf 79' lang='grc' dir='ltr'>Πρῶτον</span> <span class='ocrx_word' id='word_1_10' title='bbox 481 872 519 908; x_wconf 86' lang='grc' dir='ltr'>δὲ</span> <span class='ocrx_word' id='word_1_11' title='bbox 544 878 616 920; x_wconf 86' lang='grc' dir='ltr'>περὶ</span> <span class='ocrx_word' id='word_1_12' title='bbox 642 875 704 912; x_wconf 74' lang='grc' dir='ltr'>τῆς</span> <span class='ocrx_word' id='word_1_13' title='bbox 732 873 800 906; x_wconf 75' lang='grc' dir='ltr'>ἅλω</span> <span class='ocrx_word' id='word_1_14' title='bbox 825 874 887 906; x_wconf 83' lang='grc' dir='ltr'>τοῦ</span> <span class='ocrx_word' id='word_1_15' title='bbox 912 872 1093 918; x_wconf 84' lang='grc' dir='ltr'>σχήματος</span> <span class='ocrx_word' id='word_1_16' title='bbox 1120 874 1279 916; x_wconf 83' lang='grc' dir='ltr'>εἴπωμεν,</span> <span class='ocrx_word' id='word_1_17' title='bbox 1298 866 1388 904; x_wconf 83' lang='grc' dir='ltr'>διότι</span> 
     </span>
    </p>
   </div>
   <div class='ocr_carea' id='block_1_6' title="bbox 390 913 1387 1060">
    <p class='ocr_par' dir='ltr' id='par_1_6' title="bbox 390 913 1387 1060">
     <span class='ocr_line' id='line_1_6' title="bbox 391 913 1387 966; baseline -0.008 -11"><span class='ocrx_word' id='word_1_18' title='bbox 391 935 430 955; x_wconf 89' lang='grc' dir='ltr'>τε</span> <span class='ocrx_word' id='word_1_19' title='bbox 453 920 571 958; x_wconf 80' lang='grc' dir='ltr'>κύκλος</span> <span class='ocrx_word' id='word_1_20' title='bbox 598 922 743 966; x_wconf 82' lang='grc' dir='ltr'>γίνεται,</span> <span class='ocrx_word' id='word_1_21' title='bbox 769 919 827 951; x_wconf 80' lang='grc' dir='ltr'>καὶ</span> <span class='ocrx_word' id='word_1_22' title='bbox 851 913 943 950; x_wconf 85' lang='grc' dir='ltr'>διότι</span> <span class='ocrx_word' id='word_1_23' title='bbox 968 920 1042 962; x_wconf 81' lang='grc' dir='ltr'>περὶ</span> <span class='ocrx_word' id='word_1_24' title='bbox 1069 917 1128 950; x_wconf 77' lang='grc' dir='ltr'>τὸν</span> <span class='ocrx_word' id='word_1_25' title='bbox 1155 916 1263 957; x_wconf 77' lang='grc' dir='ltr'>ἥλιον,</span> <span class='ocrx_word' id='word_1_26' title='bbox 1283 914 1304 952; x_wconf 80' lang='grc' dir='ltr'>ἦ</span> <span class='ocrx_word' id='word_1_27' title='bbox 1323 915 1387 952; x_wconf 73' lang='grc' dir='ltr'>τήν</span> 
     </span>
     <span class='ocr_line' id='line_1_7' title="bbox 390 958 1385 1009; baseline -0.007 -11"><span class='ocrx_word' id='word_1_28' title='bbox 390 965 546 1007; x_wconf 90' lang='grc' dir='ltr'>σελήνην,</span> <span class='ocrx_word' id='word_1_29' title='bbox 566 965 685 1009; x_wconf 83' lang='grc' dir='ltr'>ὁμοίως</span> <span class='ocrx_word' id='word_1_30' title='bbox 709 958 747 994; x_wconf 79' lang='grc' dir='ltr'>δέ</span> <span class='ocrx_word' id='word_1_31' title='bbox 771 963 829 994; x_wconf 84' lang='grc' dir='ltr'>καὶ</span> <span class='ocrx_word' id='word_1_32' title='bbox 854 965 928 1004; x_wconf 88' lang='grc' dir='ltr'>περί</span> <span class='ocrx_word' id='word_1_33' title='bbox 947 973 981 995; x_wconf 92' lang='grc' dir='ltr'>τι</span> <span class='ocrx_word' id='word_1_34' title='bbox 1004 963 1071 994; x_wconf 78' lang='grc' dir='ltr'>τῶν</span> <span class='ocrx_word' id='word_1_35' title='bbox 1098 962 1208 994; x_wconf 85' lang='grc' dir='ltr'>ἄλλων</span> <span class='ocrx_word' id='word_1_36' title='bbox 1236 961 1385 1005; x_wconf 78' lang='grc' dir='ltr'>ἄστρων·</span> 
     </span>
     <span class='ocr_line' id='line_1_8' title="bbox 391 1005 1173 1060; baseline -0.005 -17"><span class='ocrx_word' id='word_1_37' title='bbox 391 1012 407 1043; x_wconf 83' lang='grc' dir='ltr'>ὁ</span> <span class='ocrx_word' id='word_1_38' title='bbox 431 1010 495 1057; x_wconf 76' lang='grc' dir='ltr'>γάρ</span> <span class='ocrx_word' id='word_1_39' title='bbox 521 1009 627 1046; x_wconf 77' lang='grc' dir='ltr'>αύτός</span> <span class='ocrx_word' id='word_1_40' title='bbox 653 1007 872 1060; x_wconf 38' lang='grc' dir='ltr'>ἐπὶῖπάντων</span> <span class='ocrx_word' id='word_1_41' title='bbox 899 1005 1036 1060; x_wconf 72' lang='grc' dir='ltr'>ἁρμόσει</span> <span class='ocrx_word' id='word_1_42' title='bbox 1059 1005 1173 1052; x_wconf 84' lang='grc' dir='ltr'><strong>λόγος.</strong></span> 
     </span>
    </p>
   </div>
   <div class='ocr_carea' id='block_1_7' title="bbox 324 1047 1387 1098">
    <p class='ocr_par' dir='ltr' id='par_1_7' title="bbox 324 1047 1387 1098">
     <span class='ocr_line' id='line_1_9' title="bbox 324 1047 1387 1098; baseline -0.008 -10"><span class='ocrx_word' id='word_1_43' title='bbox 324 1059 456 1088; x_wconf 83' lang='grc' dir='ltr'>Γίνεται</span> <span class='ocrx_word' id='word_1_44' title='bbox 487 1053 546 1098; x_wconf 81' lang='grc' dir='ltr'>μέν</span> <span class='ocrx_word' id='word_1_45' title='bbox 571 1051 628 1086; x_wconf 74' lang='grc' dir='ltr'>οὖν</span> <span class='ocrx_word' id='word_1_46' title='bbox 653 1054 674 1089; x_wconf 77' lang='grc' dir='ltr'>ἡ</span> <span class='ocrx_word' id='word_1_47' title='bbox 702 1051 885 1088; x_wconf 88' lang='grc' dir='ltr'>ανάκλασις</span> <span class='ocrx_word' id='word_1_48' title='bbox 915 1064 978 1089; x_wconf 91' lang='grc' dir='ltr'>της</span> <span class='ocrx_word' id='word_1_49' title='bbox 1008 1050 1111 1095; x_wconf 79' lang='grc' dir='ltr'>ὅψεως</span> <span class='ocrx_word' id='word_1_50' title='bbox 1141 1047 1387 1094; x_wconf 83' lang='grc' dir='ltr'>συνισταμένου</span> 
     </span>
    </p>
   </div>
   <div class='ocr_carea' id='block_1_8' title="bbox 387 1091 1392 2035">
    <p class='ocr_par' dir='ltr' id='par_1_8' title="bbox 387 1091 1392 2035">
     <span class='ocr_line' id='line_1_10' title="bbox 390 1091 1387 1142; baseline -0.008 -9"><span class='ocrx_word' id='word_1_51' title='bbox 390 1100 452 1133; x_wconf 83' lang='grc' dir='ltr'>τοῦ</span> <span class='ocrx_word' id='word_1_52' title='bbox 479 1098 573 1142; x_wconf 81' lang='grc' dir='ltr'><strong>ἀέρος</strong></span> <span class='ocrx_word' id='word_1_53' title='bbox 603 1098 662 1129; x_wconf 81' lang='grc' dir='ltr'>καὶ</span> <span class='ocrx_word' id='word_1_54' title='bbox 686 1097 748 1134; x_wconf 79' lang='grc' dir='ltr'>τῆς</span> <span class='ocrx_word' id='word_1_55' title='bbox 775 1091 918 1139; x_wconf 80' lang='grc' dir='ltr'><strong>ἀτμίδος</strong></span> <span class='ocrx_word' id='word_1_56' title='bbox 948 1096 993 1133; x_wconf 85' lang='grc' dir='ltr'>εἰς</span> <span class='ocrx_word' id='word_1_57' title='bbox 1017 1095 1136 1138; x_wconf 82' lang='grc' dir='ltr'>νέφος,</span> <span class='ocrx_word' id='word_1_58' title='bbox 1163 1094 1223 1127; x_wconf 82' lang='grc' dir='ltr'>ἑσὶν</span> <span class='ocrx_word' id='word_1_59' title='bbox 1256 1092 1387 1138; x_wconf 77' lang='grc' dir='ltr'>ὁμαλής</span> 
     </span>
     <span class='ocr_line' id='line_1_11' title="bbox 389 1135 1387 1187; baseline -0.008 -11"><span class='ocrx_word' id='word_1_60' title='bbox 389 1146 448 1176; x_wconf 82' lang='grc' dir='ltr'>καὶ</span> <span class='ocrx_word' id='word_1_61' title='bbox 472 1141 672 1187; x_wconf 72' lang='grc' dir='ltr'>μικρομερὴς</span> <span class='ocrx_word' id='word_1_62' title='bbox 696 1140 923 1184; x_wconf 81' lang='grc' dir='ltr'>συνισταμένη</span> <span class='ocrx_word' id='word_1_63' title='bbox 950 1140 1058 1186; x_wconf 85' lang='grc' dir='ltr'>τύχῃ·</span> <span class='ocrx_word' id='word_1_64' title='bbox 1085 1135 1139 1171; x_wconf 65' lang='grc' dir='ltr'>διὸ</span> <span class='ocrx_word' id='word_1_65' title='bbox 1166 1139 1225 1171; x_wconf 82' lang='grc' dir='ltr'>καὶ</span> <span class='ocrx_word' id='word_1_66' title='bbox 1250 1141 1387 1182; x_wconf 82' lang='grc' dir='ltr'>σημεῖον</span> 
     </span>
     <span class='ocr_line' id='line_1_12' title="bbox 389 1178 1386 1233; baseline -0.008 -13"><span class='ocrx_word' id='word_1_67' title='bbox 389 1190 410 1225; x_wconf 75' lang='grc' dir='ltr'>ἡ</span> <span class='ocrx_word' id='word_1_68' title='bbox 435 1188 494 1233; x_wconf 84' lang='grc' dir='ltr'>μὲν</span> <span class='ocrx_word' id='word_1_69' title='bbox 519 1186 683 1223; x_wconf 86' lang='grc' dir='ltr'>σύστασις</span> <span class='ocrx_word' id='word_1_70' title='bbox 709 1181 837 1222; x_wconf 75' lang='grc' dir='ltr'>ὕδατός</span> <span class='ocrx_word' id='word_1_71' title='bbox 861 1186 967 1226; x_wconf 83' lang='grc' dir='ltr'>ἐστιν,</span> <span class='ocrx_word' id='word_1_72' title='bbox 987 1187 1021 1216; x_wconf 83' lang='grc' dir='ltr'>αἱ</span> <span class='ocrx_word' id='word_1_73' title='bbox 1042 1182 1160 1229; x_wconf 90' lang='grc' dir='ltr'>μέντοι</span> <span class='ocrx_word' id='word_1_74' title='bbox 1183 1178 1386 1220; x_wconf 70' lang='grc' dir='ltr'>διασπάσεις</span> 
     </span>
     <span class='ocr_line' id='line_1_13' title="bbox 389 1223 1386 1277; baseline -0.007 -13"><span class='ocrx_word' id='word_1_75' title='bbox 389 1231 411 1270; x_wconf 72' lang='grc' dir='ltr'>ἦ</span> <span class='ocrx_word' id='word_1_76' title='bbox 435 1231 635 1277; x_wconf 86' lang='grc' dir='ltr'>μαράνσεις,</span> <span class='ocrx_word' id='word_1_77' title='bbox 662 1229 768 1262; x_wconf 75' lang='grc' dir='ltr'>αὗται</span> <span class='ocrx_word' id='word_1_78' title='bbox 797 1229 857 1272; x_wconf 84' lang='grc' dir='ltr'>μὲν</span> <span class='ocrx_word' id='word_1_79' title='bbox 889 1225 1028 1270; x_wconf 83' lang='grc' dir='ltr'>εὐδιῶν,</span> <span class='ocrx_word' id='word_1_80' title='bbox 1061 1230 1096 1260; x_wconf 89' lang='grc' dir='ltr'>αἱ</span> <span class='ocrx_word' id='word_1_81' title='bbox 1121 1223 1158 1260; x_wconf 86' lang='grc' dir='ltr'>δὲ</span> <span class='ocrx_word' id='word_1_82' title='bbox 1182 1223 1386 1264; x_wconf 74' lang='grc' dir='ltr'>διασπάσεις</span> 
     </span>
     <span class='ocr_line' id='line_1_14' title="bbox 390 1270 1387 1320; baseline -0.006 -11"><span class='ocrx_word' id='word_1_83' title='bbox 390 1276 600 1320; x_wconf 88' lang='grc' dir='ltr'>πνεύματος·</span> <span class='ocrx_word' id='word_1_84' title='bbox 627 1274 685 1307; x_wconf 78' lang='grc' dir='ltr'>ἑσὶν</span> <span class='ocrx_word' id='word_1_85' title='bbox 710 1274 769 1318; x_wconf 79' lang='grc' dir='ltr'>μὲν</span> <span class='ocrx_word' id='word_1_86' title='bbox 795 1275 858 1320; x_wconf 71' lang='grc' dir='ltr'>γάρ</span> <span class='ocrx_word' id='word_1_87' title='bbox 885 1272 973 1318; x_wconf 80' lang='grc' dir='ltr'>μήτε</span> <span class='ocrx_word' id='word_1_88' title='bbox 1001 1270 1271 1316; x_wconf 88' lang='grc' dir='ltr'>καταμαρανθῇ,</span> <span class='ocrx_word' id='word_1_89' title='bbox 1297 1270 1387 1316; x_wconf 87' lang='grc' dir='ltr'>μήτε</span> 
     </span>
     <span class='ocr_line' id='line_1_15' title="bbox 389 1315 1387 1362; baseline -0.006 -9"><span class='ocrx_word' id='word_1_90' title='bbox 389 1319 599 1362; x_wconf 79' lang='grc' dir='ltr'>διασπασθῇ,</span> <span class='ocrx_word' id='word_1_91' title='bbox 621 1319 693 1351; x_wconf 83' lang='grc' dir='ltr'>ἀλλ’</span> <span class='ocrx_word' id='word_1_92' title='bbox 716 1317 799 1361; x_wconf 84' lang='grc' dir='ltr'>ἑαθῇ</span> <span class='ocrx_word' id='word_1_93' title='bbox 826 1318 889 1354; x_wconf 79' lang='grc' dir='ltr'>τήν</span> <span class='ocrx_word' id='word_1_94' title='bbox 914 1316 1010 1362; x_wconf 83' lang='grc' dir='ltr'>φύσιν</span> <span class='ocrx_word' id='word_1_95' title='bbox 1037 1316 1296 1361; x_wconf 74' lang='grc' dir='ltr'>ἀπολαμβάνειν</span> <span class='ocrx_word' id='word_1_96' title='bbox 1322 1315 1387 1353; x_wconf 75' lang='grc' dir='ltr'>τήν</span> 
     </span>
     <span class='ocr_line' id='line_1_16' title="bbox 390 1355 1386 1408; baseline -0.006 -10"><span class='ocrx_word' id='word_1_97' title='bbox 390 1366 512 1406; x_wconf 77' lang='grc' dir='ltr'>αὐτῆς,</span> <span class='ocrx_word' id='word_1_98' title='bbox 532 1360 657 1401; x_wconf 75' lang='grc' dir='ltr'>ὕδατος</span> <span class='ocrx_word' id='word_1_99' title='bbox 675 1362 814 1401; x_wconf 83' lang='grc' dir='ltr'>εἰκότως</span> <span class='ocrx_word' id='word_1_100' title='bbox 832 1362 968 1405; x_wconf 81' lang='grc' dir='ltr'>σημεῖόν</span> <span class='ocrx_word' id='word_1_101' title='bbox 987 1361 1098 1395; x_wconf 84' lang='grc' dir='ltr'>ἑστιν·</span> <span class='ocrx_word' id='word_1_102' title='bbox 1123 1357 1222 1399; x_wconf 83' lang='grc' dir='ltr'>δηλοῖ</span> <span class='ocrx_word' id='word_1_103' title='bbox 1237 1360 1302 1408; x_wconf 74' lang='grc' dir='ltr'>γάρ</span> <span class='ocrx_word' id='word_1_104' title='bbox 1320 1355 1386 1398; x_wconf 78' lang='grc' dir='ltr'>ἤδη</span> 
     </span>
     <span class='ocr_line' id='line_1_17' title="bbox 389 1405 1389 1456; baseline -0.005 -14"><span class='ocrx_word' id='word_1_105' title='bbox 389 1408 540 1456; x_wconf 86' lang='grc' dir='ltr'>γίνεσθαι</span> <span class='ocrx_word' id='word_1_106' title='bbox 563 1407 731 1444; x_wconf 75' lang='grc' dir='ltr'>τοιαύτην</span> <span class='ocrx_word' id='word_1_107' title='bbox 762 1408 826 1445; x_wconf 76' lang='grc' dir='ltr'>τήν</span> <span class='ocrx_word' id='word_1_108' title='bbox 851 1406 1035 1448; x_wconf 87' lang='grc' dir='ltr'>σύστασιν,</span> <span class='ocrx_word' id='word_1_109' title='bbox 1060 1405 1097 1447; x_wconf 81' lang='grc' dir='ltr'>ἐξ</span> <span class='ocrx_word' id='word_1_110' title='bbox 1123 1405 1161 1444; x_wconf 75' lang='grc' dir='ltr'>ἧς</span> <span class='ocrx_word' id='word_1_111' title='bbox 1187 1406 1228 1439; x_wconf 76' lang='grc' dir='ltr'>τὸ</span> <span class='ocrx_word' id='word_1_112' title='bbox 1253 1406 1389 1451; x_wconf 78' lang='grc' dir='ltr'>συνεχές</span> 
     </span>
     <span class='ocr_line' id='line_1_18' title="bbox 387 1446 1390 1498; baseline -0.003 -12"><span class='ocrx_word' id='word_1_113' title='bbox 387 1452 628 1498; x_wconf 83' lang='grc' dir='ltr'>λαμβανούσης</span> <span class='ocrx_word' id='word_1_114' title='bbox 654 1453 716 1490; x_wconf 80' lang='grc' dir='ltr'>τῆς</span> <span class='ocrx_word' id='word_1_115' title='bbox 737 1451 931 1489; x_wconf 74' lang='grc' dir='ltr'>πυκνώσεως</span> <span class='ocrx_word' id='word_1_116' title='bbox 956 1452 1144 1497; x_wconf 80' lang='grc' dir='ltr'>ἀναγκαῖον</span> <span class='ocrx_word' id='word_1_117' title='bbox 1168 1451 1214 1489; x_wconf 84' lang='grc' dir='ltr'>εἱς</span> <span class='ocrx_word' id='word_1_118' title='bbox 1235 1446 1321 1495; x_wconf 76' lang='grc' dir='ltr'>ὕδωρ</span> <span class='ocrx_word' id='word_1_119' title='bbox 1338 1451 1390 1483; x_wconf 81' lang='grc' dir='ltr'>έλ·</span> 
     </span>
     <span class='ocr_line' id='line_1_19' title="bbox 390 1494 1390 1543; baseline -0.002 -13"><span class='ocrx_word' id='word_1_120' title='bbox 390 1497 475 1530; x_wconf 82' lang='grc' dir='ltr'>θεῖν·</span> <span class='ocrx_word' id='word_1_121' title='bbox 497 1494 549 1530; x_wconf 77' lang='grc' dir='ltr'>διὸ</span> <span class='ocrx_word' id='word_1_122' title='bbox 569 1500 626 1529; x_wconf 87' lang='grc' dir='ltr'>καὶ</span> <span class='ocrx_word' id='word_1_123' title='bbox 645 1496 803 1541; x_wconf 88' lang='grc' dir='ltr'>μέλαιναι</span> <span class='ocrx_word' id='word_1_124' title='bbox 818 1499 974 1543; x_wconf 77' lang='grc' dir='ltr'>γίνονται</span> <span class='ocrx_word' id='word_1_125' title='bbox 991 1497 1055 1533; x_wconf 79' lang='grc' dir='ltr'>τήν</span> <span class='ocrx_word' id='word_1_126' title='bbox 1075 1494 1180 1541; x_wconf 83' lang='grc' dir='ltr'>χρόαν</span> <span class='ocrx_word' id='word_1_127' title='bbox 1201 1494 1309 1528; x_wconf 84' lang='grc' dir='ltr'>αὗται</span> <span class='ocrx_word' id='word_1_128' title='bbox 1326 1494 1390 1540; x_wconf 90' lang='grc' dir='ltr'>μά-</span> 
     </span>
     <span class='ocr_line' id='line_1_20' title="bbox 388 1536 1390 1585; baseline -0.001 -12"><span class='ocrx_word' id='word_1_129' title='bbox 388 1544 494 1575; x_wconf 87' lang='grc' dir='ltr'>λιστα</span> <span class='ocrx_word' id='word_1_130' title='bbox 517 1543 584 1575; x_wconf 87' lang='grc' dir='ltr'>τῶν</span> <span class='ocrx_word' id='word_1_131' title='bbox 611 1542 734 1574; x_wconf 76' lang='grc' dir='ltr'>ἄλλων.</span> <span class='ocrx_word' id='word_1_132' title='bbox 763 1540 871 1574; x_wconf 61' lang='grc' dir='ltr'>’Ὅταν</span> <span class='ocrx_word' id='word_1_133' title='bbox 896 1536 934 1572; x_wconf 80' lang='grc' dir='ltr'>δὲ</span> <span class='ocrx_word' id='word_1_134' title='bbox 958 1537 1172 1583; x_wconf 82' lang='grc' dir='ltr'>διασπασθῇ,</span> <span class='ocrx_word' id='word_1_135' title='bbox 1191 1540 1390 1585; x_wconf 86' lang='grc' dir='ltr'>πνεύματος</span> 
     </span>
     <span class='ocr_line' id='line_1_21' title="bbox 390 1580 1387 1642; baseline -0.002 -23"><span class='ocrx_word' id='word_1_136' title='bbox 390 1591 544 1632; x_wconf 81' lang='grc' dir='ltr'>σημεῖον·</span> <span class='ocrx_word' id='word_1_137' title='bbox 571 1587 591 1623; x_wconf 76' lang='grc' dir='ltr'>ἡ</span> <span class='ocrx_word' id='word_1_138' title='bbox 607 1586 672 1642; x_wconf 46' lang='grc' dir='ltr'>γαὶρ</span> <span class='ocrx_word' id='word_1_139' title='bbox 691 1581 850 1629; x_wconf 81' lang='grc' dir='ltr'>διαίρεσις</span> <span class='ocrx_word' id='word_1_140' title='bbox 868 1585 934 1618; x_wconf 64' lang='lat' dir='ltr'>ond</span> <span class='ocrx_word' id='word_1_141' title='bbox 952 1585 1147 1629; x_wconf 86' lang='grc' dir='ltr'>πνεύματος</span> <span class='ocrx_word' id='word_1_142' title='bbox 1164 1584 1302 1632; x_wconf 88' lang='grc' dir='ltr'>γέγονεν</span> <span class='ocrx_word' id='word_1_143' title='bbox 1321 1580 1387 1623; x_wconf 75' lang='grc' dir='ltr'>ἤδη</span> 
     </span>
     <span class='ocr_line' id='line_1_22' title="bbox 389 1624 1388 1675; baseline -0.002 -11"><span class='ocrx_word' id='word_1_144' title='bbox 389 1631 449 1675; x_wconf 79' lang='grc' dir='ltr'>μὲν</span> <span class='ocrx_word' id='word_1_145' title='bbox 476 1631 592 1672; x_wconf 85' lang='grc' dir='ltr'>ὄντος,</span> <span class='ocrx_word' id='word_1_146' title='bbox 619 1642 713 1663; x_wconf 87' lang='grc' dir='ltr'>ουπω</span> <span class='ocrx_word' id='word_1_147' title='bbox 742 1625 779 1662; x_wconf 83' lang='grc' dir='ltr'>δὲ</span> <span class='ocrx_word' id='word_1_148' title='bbox 805 1629 988 1674; x_wconf 83' lang='grc' dir='ltr'>παρόντος.</span> <span class='ocrx_word' id='word_1_149' title='bbox 1024 1632 1166 1674; x_wconf 86' lang='grc' dir='ltr'>Σημεῖον</span> <span class='ocrx_word' id='word_1_150' title='bbox 1191 1624 1229 1662; x_wconf 78' lang='grc' dir='ltr'>δὲ</span> <span class='ocrx_word' id='word_1_151' title='bbox 1261 1629 1388 1663; x_wconf 91' lang='grc' dir='ltr'>τούτου</span> 
     </span>
     <span class='ocr_line' id='line_1_23' title="bbox 393 1673 1390 1721; baseline -0.003 -12"><span class='ocrx_word' id='word_1_152' title='bbox 393 1673 482 1710; x_wconf 86' lang='grc' dir='ltr'>διότι</span> <span class='ocrx_word' id='word_1_153' title='bbox 511 1673 665 1708; x_wconf 79' lang='grc' dir='ltr'>ἐντεῦθεν</span> <span class='ocrx_word' id='word_1_154' title='bbox 693 1676 828 1721; x_wconf 83' lang='grc' dir='ltr'>γίνεται</span> <span class='ocrx_word' id='word_1_155' title='bbox 855 1675 871 1707; x_wconf 81' lang='grc' dir='ltr'><strong><em>ὁ</em></strong></span> <span class='ocrx_word' id='word_1_156' title='bbox 898 1674 1037 1719; x_wconf 81' lang='grc' dir='ltr'>ἄνεμος,</span> <span class='ocrx_word' id='word_1_157' title='bbox 1070 1673 1144 1708; x_wconf 80' lang='grc' dir='ltr'>ὅθεν</span> <span class='ocrx_word' id='word_1_158' title='bbox 1176 1673 1214 1707; x_wconf 78' lang='grc' dir='ltr'>ἂν</span> <span class='ocrx_word' id='word_1_159' title='bbox 1240 1675 1261 1712; x_wconf 80' lang='grc' dir='ltr'>ἡ</span> <span class='ocrx_word' id='word_1_160' title='bbox 1291 1678 1390 1720; x_wconf 90' lang='grc' dir='ltr'>κυρία</span> 
     </span>
     <span class='ocr_line' id='line_1_24' title="bbox 390 1713 1390 1768; baseline -0.003 -15"><span class='ocrx_word' id='word_1_161' title='bbox 390 1723 529 1768; x_wconf 86' lang='grc' dir='ltr'>γίνηται</span> <span class='ocrx_word' id='word_1_162' title='bbox 560 1715 756 1757; x_wconf 83' lang='grc' dir='ltr'>διάσπασις.</span> <span class='ocrx_word' id='word_1_163' title='bbox 787 1718 1107 1765; x_wconf 80' lang='grc' dir='ltr'>Ἀπομαραινομένη</span> <span class='ocrx_word' id='word_1_164' title='bbox 1133 1713 1171 1751; x_wconf 82' lang='grc' dir='ltr'>δὲ</span> <span class='ocrx_word' id='word_1_165' title='bbox 1201 1714 1333 1758; x_wconf 79' lang='grc' dir='ltr'>εὐδίας·</span> <span class='ocrx_word' id='word_1_166' title='bbox 1360 1719 1390 1751; x_wconf 79' lang='grc' dir='ltr'>εἰ</span> 
     </span>
     <span class='ocr_line' id='line_1_25' title="bbox 390 1762 1390 1823; baseline -0.003 -25"><span class='ocrx_word' id='word_1_167' title='bbox 390 1766 455 1823; x_wconf 65' lang='grc' dir='ltr'>γάρ</span> <span class='ocrx_word' id='word_1_168' title='bbox 481 1765 527 1810; x_wconf 71' lang='grc' dir='ltr'>μή</span> <span class='ocrx_word' id='word_1_169' title='bbox 558 1764 628 1809; x_wconf 83' lang='grc' dir='ltr'>ἔχει</span> <span class='ocrx_word' id='word_1_170' title='bbox 662 1775 731 1802; x_wconf 90' lang='grc' dir='ltr'>πως</span> <span class='ocrx_word' id='word_1_171' title='bbox 763 1762 870 1802; x_wconf 85' lang='grc' dir='ltr'>οὕτως</span> <span class='ocrx_word' id='word_1_172' title='bbox 896 1764 912 1795; x_wconf 79' lang='grc' dir='ltr'>ὁ</span> <span class='ocrx_word' id='word_1_173' title='bbox 939 1763 1003 1808; x_wconf 77' lang='grc' dir='ltr'>ἀήρ</span> <span class='ocrx_word' id='word_1_174' title='bbox 1033 1763 1122 1796; x_wconf 79' lang='grc' dir='ltr'>ὥστε</span> <span class='ocrx_word' id='word_1_175' title='bbox 1153 1767 1291 1808; x_wconf 77' lang='grc' dir='ltr'>κρατεῖν</span> <span class='ocrx_word' id='word_1_176' title='bbox 1326 1764 1390 1797; x_wconf 81' lang='grc' dir='ltr'>τοῦ</span> 
     </span>
     <span class='ocr_line' id='line_1_26' title="bbox 392 1804 1392 1853; baseline -0.003 -10"><span class='ocrx_word' id='word_1_177' title='bbox 392 1807 758 1852; x_wconf 78' lang='grc' dir='ltr'>εναπολαμβανομένου</span> <span class='ocrx_word' id='word_1_178' title='bbox 777 1807 911 1853; x_wconf 85' lang='grc' dir='ltr'>θερμοῦ,</span> <span class='ocrx_word' id='word_1_179' title='bbox 925 1804 1001 1853; x_wconf 81' lang='grc' dir='ltr'>μηδ’</span> <span class='ocrx_word' id='word_1_180' title='bbox 1024 1807 1179 1853; x_wconf 83' lang='grc' dir='ltr'>ἔρχεσθαι</span> <span class='ocrx_word' id='word_1_181' title='bbox 1196 1809 1240 1847; x_wconf 78' lang='grc' dir='ltr'>εἱς</span> <span class='ocrx_word' id='word_1_182' title='bbox 1259 1807 1392 1841; x_wconf 90' lang='grc' dir='ltr'>πύκνω-</span> 
     </span>
     <span class='ocr_line' id='line_1_27' title="bbox 391 1848 1390 1898; baseline -0.003 -11"><span class='ocrx_word' id='word_1_183' title='bbox 391 1866 441 1888; x_wconf 87' lang='grc' dir='ltr'>σιν</span> <span class='ocrx_word' id='word_1_184' title='bbox 468 1848 646 1894; x_wconf 82' lang='grc' dir='ltr'>ύδατώδη,</span> <span class='ocrx_word' id='word_1_185' title='bbox 672 1848 776 1890; x_wconf 80' lang='grc' dir='ltr'>δῆλον</span> <span class='ocrx_word' id='word_1_186' title='bbox 801 1854 843 1891; x_wconf 81' lang='grc' dir='ltr'>ὠς</span> <span class='ocrx_word' id='word_1_187' title='bbox 871 1853 964 1886; x_wconf 78' lang='grc' dir='ltr'>οὔπω</span> <span class='ocrx_word' id='word_1_188' title='bbox 990 1854 1011 1890; x_wconf 78' lang='grc' dir='ltr'>ἡ</span> <span class='ocrx_word' id='word_1_189' title='bbox 1038 1854 1138 1897; x_wconf 84' lang='grc' dir='ltr'>ἀτμὶς</span> <span class='ocrx_word' id='word_1_190' title='bbox 1166 1852 1390 1898; x_wconf 80' lang='grc' dir='ltr'>ἀποκέκριται</span> 
     </span>
     <span class='ocr_line' id='line_1_28' title="bbox 392 1892 1389 1943; baseline -0.003 -10"><span class='ocrx_word' id='word_1_191' title='bbox 392 1900 455 1937; x_wconf 88' lang='grc' dir='ltr'>τῆς</span> <span class='ocrx_word' id='word_1_192' title='bbox 482 1896 739 1942; x_wconf 68' lang='grc' dir='ltr'>ἀναθυμιάσεως</span> <span class='ocrx_word' id='word_1_193' title='bbox 766 1898 828 1935; x_wconf 83' lang='grc' dir='ltr'>τῆς</span> <span class='ocrx_word' id='word_1_194' title='bbox 854 1896 955 1943; x_wconf 78' lang='grc' dir='ltr'>ξηρᾶς</span> <span class='ocrx_word' id='word_1_195' title='bbox 978 1899 1038 1930; x_wconf 81' lang='grc' dir='ltr'>καὶ</span> <span class='ocrx_word' id='word_1_196' title='bbox 1063 1892 1253 1941; x_wconf 87' lang='grc' dir='ltr'>πυρώδους·</span> <span class='ocrx_word' id='word_1_197' title='bbox 1281 1899 1389 1931; x_wconf 83' lang='grc' dir='ltr'>τοῦτο</span> 
     </span>
     <span class='ocr_line' id='line_1_29' title="bbox 391 1938 1389 1989; baseline -0.001 -13"><span class='ocrx_word' id='word_1_198' title='bbox 391 1939 420 1976; x_wconf 90' lang='grc' dir='ltr'>δ’</span> <span class='ocrx_word' id='word_1_199' title='bbox 449 1938 562 1980; x_wconf 82' lang='grc' dir='ltr'>εὐδίας</span> <span class='ocrx_word' id='word_1_200' title='bbox 598 1944 722 1974; x_wconf 80' lang='grc' dir='ltr'>αἴτιον.</span> <span class='ocrx_word' id='word_1_201' title='bbox 757 1942 826 1980; x_wconf 84' lang='grc' dir='ltr'>Πῶς</span> <span class='ocrx_word' id='word_1_202' title='bbox 857 1942 915 1986; x_wconf 84' lang='grc' dir='ltr'>μὲν</span> <span class='ocrx_word' id='word_1_203' title='bbox 947 1940 1004 1975; x_wconf 82' lang='grc' dir='ltr'>οὗν</span> <span class='ocrx_word' id='word_1_204' title='bbox 1034 1943 1173 1989; x_wconf 82' lang='grc' dir='ltr'>ἔχοντος</span> <span class='ocrx_word' id='word_1_205' title='bbox 1203 1943 1267 1976; x_wconf 82' lang='grc' dir='ltr'>τοῦ</span> <span class='ocrx_word' id='word_1_206' title='bbox 1294 1942 1389 1988; x_wconf 86' lang='grc' dir='ltr'>ἀέρος</span> 
     </span>
     <span class='ocr_line' id='line_1_30' title="bbox 391 1984 978 2035; baseline -0.003 -15"><span class='ocrx_word' id='word_1_207' title='bbox 391 1990 524 2035; x_wconf 82' lang='grc' dir='ltr'>γίνεται</span> <span class='ocrx_word' id='word_1_208' title='bbox 549 1987 570 2023; x_wconf 80' lang='grc' dir='ltr'>ἠ</span> <span class='ocrx_word' id='word_1_209' title='bbox 597 1984 801 2028; x_wconf 71' lang='grc' dir='ltr'>ἀνάκλασις,</span> <span class='ocrx_word' id='word_1_210' title='bbox 827 1988 978 2032; x_wconf 82' lang='grc' dir='ltr'>εἴρηται·</span> 
     </span>
    </p>
   </div>
   <div class='ocr_carea' id='block_1_9' title="bbox 329 2026 1390 2077">
    <p class='ocr_par' dir='ltr' id='par_1_9' title="bbox 329 2026 1390 2077">
     <span class='ocr_line' id='line_1_31' title="bbox 329 2026 1390 2077; baseline -0.003 -10"><span class='ocrx_word' id='word_1_211' title='bbox 329 2033 526 2067; x_wconf 81' lang='grc' dir='ltr'>ἀνακλᾶται</span> <span class='ocrx_word' id='word_1_212' title='bbox 549 2026 580 2063; x_wconf 83' lang='grc' dir='ltr'>δ’</span> <span class='ocrx_word' id='word_1_213' title='bbox 610 2031 678 2064; x_wconf 75' lang='grc' dir='ltr'>ἀπὸ</span> <span class='ocrx_word' id='word_1_214' title='bbox 710 2031 773 2069; x_wconf 80' lang='grc' dir='ltr'>τῆς</span> <span class='ocrx_word' id='word_1_215' title='bbox 797 2032 1042 2077; x_wconf 83' lang='grc' dir='ltr'>συνισταμένης</span> <span class='ocrx_word' id='word_1_216' title='bbox 1076 2030 1201 2076; x_wconf 81' lang='grc' dir='ltr'>ἀχλύος</span> <span class='ocrx_word' id='word_1_217' title='bbox 1228 2033 1302 2075; x_wconf 84' lang='grc' dir='ltr'>περὶ</span> <span class='ocrx_word' id='word_1_218' title='bbox 1328 2032 1390 2064; x_wconf 83' lang='grc' dir='ltr'>τόν</span> 
     </span>
    </p>
   </div>
   <div class='ocr_carea' id='block_1_10' title="bbox 392 2072 1390 2164">
    <p class='ocr_par' dir='ltr' id='par_1_10' title="bbox 392 2072 1390 2164">
     <span class='ocr_line' id='line_1_32' title="bbox 393 2072 1390 2121; baseline 0.001 -13"><span class='ocrx_word' id='word_1_219' title='bbox 393 2077 508 2118; x_wconf 78' lang='grc' dir='ltr'>ἥλιον,</span> <span class='ocrx_word' id='word_1_220' title='bbox 535 2075 556 2113; x_wconf 77' lang='grc' dir='ltr'>ἦ</span> <span class='ocrx_word' id='word_1_221' title='bbox 581 2075 645 2112; x_wconf 78' lang='grc' dir='ltr'>τήν</span> <span class='ocrx_word' id='word_1_222' title='bbox 677 2074 818 2114; x_wconf 85' lang='grc' dir='ltr'>σελήνην</span> <span class='ocrx_word' id='word_1_223' title='bbox 845 2077 865 2114; x_wconf 78' lang='grc' dir='ltr'>ἠ</span> <span class='ocrx_word' id='word_1_224' title='bbox 893 2075 981 2121; x_wconf 75' lang='grc' dir='ltr'>ὄψις·</span> <span class='ocrx_word' id='word_1_225' title='bbox 1006 2072 1059 2109; x_wconf 75' lang='grc' dir='ltr'>διὸ</span> <span class='ocrx_word' id='word_1_226' title='bbox 1086 2077 1145 2109; x_wconf 81' lang='grc' dir='ltr'>οὐκ</span> <span class='ocrx_word' id='word_1_227' title='bbox 1171 2074 1205 2118; x_wconf 78' lang='grc' dir='ltr'>ἐξ</span> <span class='ocrx_word' id='word_1_228' title='bbox 1230 2075 1390 2115; x_wconf 81' lang='grc' dir='ltr'>ἐναντίας</span> 
     </span>
     <span class='ocr_line' id='line_1_33' title="bbox 392 2117 830 2164; baseline -0.002 -10"><span class='ocrx_word' id='word_1_229' title='bbox 392 2121 503 2164; x_wconf 72' lang='grc' dir='ltr'>ὥσπερ</span> <span class='ocrx_word' id='word_1_230' title='bbox 529 2122 550 2157; x_wconf 76' lang='grc' dir='ltr'><strong>ἢ</strong></span> <span class='ocrx_word' id='word_1_231' title='bbox 574 2117 634 2163; x_wconf 80' lang='grc' dir='ltr'>ἶρις</span> <span class='ocrx_word' id='word_1_232' title='bbox 659 2122 830 2164; x_wconf 88' lang='grc' dir='ltr'>φαίνεται.</span> 
     </span>
    </p>
   </div>
   <div class='ocr_carea' id='block_1_11' title="bbox 326 2160 1393 2211">
    <p class='ocr_par' dir='ltr' id='par_1_11' title="bbox 326 2160 1393 2211">
     <span class='ocr_line' id='line_1_34' title="bbox 326 2160 1393 2211; baseline -0.001 -13"><span class='ocrx_word' id='word_1_233' title='bbox 326 2165 494 2200; x_wconf 89' lang='grc' dir='ltr'>Πάντοθεν</span> <span class='ocrx_word' id='word_1_234' title='bbox 519 2160 547 2196; x_wconf 87' lang='grc' dir='ltr'>δ’</span> <span class='ocrx_word' id='word_1_235' title='bbox 574 2166 693 2209; x_wconf 83' lang='grc' dir='ltr'>ὁμοίως</span> <span class='ocrx_word' id='word_1_236' title='bbox 719 2164 958 2208; x_wconf 82' lang='grc' dir='ltr'>ἀνακλωμένης</span> <span class='ocrx_word' id='word_1_237' title='bbox 982 2164 1105 2198; x_wconf 87' lang='grc' dir='ltr'>κύκλον</span> <span class='ocrx_word' id='word_1_238' title='bbox 1133 2165 1320 2211; x_wconf 75' lang='grc' dir='ltr'>ἀναγκαῖον</span> <span class='ocrx_word' id='word_1_239' title='bbox 1347 2162 1393 2198; x_wconf 84' lang='grc' dir='ltr'>εἶ·-</span> 
     </span>
    </p>
   </div>
   <div class='ocr_carea' id='block_1_12' title="bbox 331 2207 1397 3630">
    <p class='ocr_par' dir='ltr' id='par_1_12' title="bbox 331 2207 1397 3630">
     <span class='ocr_line' id='line_1_35' title="bbox 393 2207 1390 2256; baseline 0 -14"><span class='ocrx_word' id='word_1_240' title='bbox 393 2222 467 2252; x_wconf 86' lang='grc' dir='ltr'>ναι,</span> <span class='ocrx_word' id='word_1_241' title='bbox 494 2207 514 2245; x_wconf 76' lang='grc' dir='ltr'>ἦ</span> <span class='ocrx_word' id='word_1_242' title='bbox 539 2208 661 2241; x_wconf 82' lang='grc' dir='ltr'>κύκλου</span> <span class='ocrx_word' id='word_1_243' title='bbox 694 2208 810 2255; x_wconf 85' lang='grc' dir='ltr'>μέρος·</span> <span class='ocrx_word' id='word_1_244' title='bbox 839 2210 907 2242; x_wconf 71' lang='grc' dir='ltr'>ἀπο</span> <span class='ocrx_word' id='word_1_245' title='bbox 931 2210 996 2256; x_wconf 83' lang='grc' dir='ltr'>γάρ</span> <span class='ocrx_word' id='word_1_246' title='bbox 1023 2211 1085 2242; x_wconf 81' lang='grc' dir='ltr'>τοῦ</span> <span class='ocrx_word' id='word_1_247' title='bbox 1111 2210 1221 2243; x_wconf 82' lang='grc' dir='ltr'>αὑτοῦ</span> <span class='ocrx_word' id='word_1_248' title='bbox 1250 2212 1390 2254; x_wconf 87' lang='grc' dir='ltr'>σημείου</span> 
     </span>
     <span class='ocr_line' id='line_1_36' title="bbox 393 2253 1393 2300; baseline -0.001 -12"><span class='ocrx_word' id='word_1_249' title='bbox 393 2255 472 2300; x_wconf 82' lang='grc' dir='ltr'>πρὸς</span> <span class='ocrx_word' id='word_1_250' title='bbox 497 2253 537 2286; x_wconf 63' lang='lat' dir='ltr'>ed</span> <span class='ocrx_word' id='word_1_251' title='bbox 564 2254 652 2287; x_wconf 71' lang='grc' dir='ltr'>αὑτό</span> <span class='ocrx_word' id='word_1_252' title='bbox 677 2258 813 2298; x_wconf 78' lang='grc' dir='ltr'>σημεῖον</span> <span class='ocrx_word' id='word_1_253' title='bbox 832 2257 866 2286; x_wconf 86' lang='grc' dir='ltr'>αἱ</span> <span class='ocrx_word' id='word_1_254' title='bbox 881 2257 954 2287; x_wconf 78' lang='grc' dir='ltr'>ἴσαι</span> <span class='ocrx_word' id='word_1_255' title='bbox 977 2254 1236 2292; x_wconf 87' lang='grc' dir='ltr'>κλασθήσονται</span> <span class='ocrx_word' id='word_1_256' title='bbox 1253 2254 1310 2287; x_wconf 80' lang='grc' dir='ltr'>ἐπὶ</span> <span class='ocrx_word' id='word_1_257' title='bbox 1333 2254 1393 2287; x_wconf 77' lang='grc' dir='ltr'>κύ·</span> 
     </span>
     <span class='ocr_line' id='line_1_37' title="bbox 391 2298 1386 2346; baseline 0 -14"><span class='ocrx_word' id='word_1_258' title='bbox 391 2301 472 2332; x_wconf 88' lang='grc' dir='ltr'>κλου</span> <span class='ocrx_word' id='word_1_259' title='bbox 496 2300 654 2344; x_wconf 76' lang='grc' dir='ltr'>γραμμῆς</span> <span class='ocrx_word' id='word_1_260' title='bbox 674 2298 739 2331; x_wconf 88' lang='grc' dir='ltr'>ἀεί.</span> <span class='ocrx_word' id='word_1_261' title='bbox 769 2299 882 2332; x_wconf 86' lang='grc' dir='ltr'>Ἔστω</span> <span class='ocrx_word' id='word_1_262' title='bbox 906 2299 971 2346; x_wconf 74' lang='grc' dir='ltr'>γαρ</span> <span class='ocrx_word' id='word_1_263' title='bbox 999 2299 1069 2332; x_wconf 71' lang='grc' dir='ltr'>ἀπὸ</span> <span class='ocrx_word' id='word_1_264' title='bbox 1094 2301 1157 2333; x_wconf 84' lang='grc' dir='ltr'>τοῦ</span> <span class='ocrx_word' id='word_1_265' title='bbox 1181 2301 1320 2344; x_wconf 85' lang='grc' dir='ltr'>σημείου</span> <span class='ocrx_word' id='word_1_266' title='bbox 1339 2300 1386 2344; x_wconf 77' lang='grc' dir='ltr'>ἐφ’</span> 
     </span>
     <span class='ocr_line' id='line_1_38' title="bbox 394 2343 1390 2388; baseline 0.001 -12"><span class='ocrx_word' id='word_1_267' title='bbox 394 2344 417 2386; x_wconf 77' lang='grc' dir='ltr'>ᾤ</span> <span class='ocrx_word' id='word_1_268' title='bbox 443 2343 484 2376; x_wconf 76' lang='grc' dir='ltr'>τὰ</span> <span class='ocrx_word' id='word_1_269' title='bbox 502 2345 527 2375; x_wconf 81' lang='lat' dir='ltr'>A</span> <span class='ocrx_word' id='word_1_270' title='bbox 544 2343 624 2387; x_wconf 80' lang='grc' dir='ltr'>πρὸς</span> <span class='ocrx_word' id='word_1_271' title='bbox 649 2343 690 2376; x_wconf 75' lang='grc' dir='ltr'>τὸ</span> <span class='ocrx_word' id='word_1_272' title='bbox 714 2344 739 2374; x_wconf 87' lang='grc' dir='ltr'>Β</span> <span class='ocrx_word' id='word_1_273' title='bbox 762 2343 974 2388; x_wconf 87' lang='grc' dir='ltr'>κεκλασμένη</span> <span class='ocrx_word' id='word_1_274' title='bbox 994 2344 1015 2381; x_wconf 84' lang='grc' dir='ltr'>η”</span> <span class='ocrx_word' id='word_1_275' title='bbox 1033 2357 1072 2378; x_wconf 92' lang='grc' dir='ltr'>τε</span> <span class='ocrx_word' id='word_1_276' title='bbox 1098 2345 1139 2377; x_wconf 68' lang='lat' dir='ltr'>‘ro&#39;</span> <span class='ocrx_word' id='word_1_277' title='bbox 1165 2345 1261 2376; x_wconf 82' lang='grc' dir='ltr'>ΑΓΒ</span> <span class='ocrx_word' id='word_1_278' title='bbox 1285 2345 1344 2377; x_wconf 80' lang='grc' dir='ltr'>καὶ</span> <span class='ocrx_word' id='word_1_279' title='bbox 1369 2345 1390 2382; x_wconf 78' lang='grc' dir='ltr'>’ἦ</span> 
     </span>
     <span class='ocr_line' id='line_1_39' title="bbox 393 2384 1389 2431; baseline 0.002 -13"><span class='ocrx_word' id='word_1_280' title='bbox 393 2388 435 2421; x_wconf 78' lang='grc' dir='ltr'>τὸ</span> <span class='ocrx_word' id='word_1_281' title='bbox 460 2390 548 2419; x_wconf 88' lang='grc' dir='ltr'>ΑΖΒ</span> <span class='ocrx_word' id='word_1_282' title='bbox 571 2390 629 2419; x_wconf 81' lang='grc' dir='ltr'>καὶ</span> <span class='ocrx_word' id='word_1_283' title='bbox 655 2388 675 2424; x_wconf 75' lang='grc' dir='ltr'>ἡ</span> <span class='ocrx_word' id='word_1_284' title='bbox 701 2387 741 2420; x_wconf 79' lang='grc' dir='ltr'>τὸ</span> <span class='ocrx_word' id='word_1_285' title='bbox 767 2388 877 2420; x_wconf 82' lang='grc' dir='ltr'>ΑΔΒ·</span> <span class='ocrx_word' id='word_1_286' title='bbox 903 2390 975 2421; x_wconf 76' lang='grc' dir='ltr'>ἴσαι</span> <span class='ocrx_word' id='word_1_287' title='bbox 1001 2384 1030 2420; x_wconf 82' lang='grc' dir='ltr'>δ’</span> <span class='ocrx_word' id='word_1_288' title='bbox 1060 2389 1166 2422; x_wconf 81' lang='grc' dir='ltr'>αὗταί</span> <span class='ocrx_word' id='word_1_289' title='bbox 1192 2388 1218 2420; x_wconf 88' lang='grc' dir='ltr'>θ’</span> <span class='ocrx_word' id='word_1_290' title='bbox 1248 2391 1283 2421; x_wconf 89' lang='grc' dir='ltr'>αἰ</span> <span class='ocrx_word' id='word_1_291' title='bbox 1308 2389 1389 2431; x_wconf 77' lang='lat' dir='ltr'>Ar,</span> 
     </span>
     <span class='ocr_line' id='line_1_40' title="bbox 393 2431 1392 2478; baseline 0 -13"><span class='ocrx_word' id='word_1_292' title='bbox 393 2434 464 2472; x_wconf 77' lang='grc' dir='ltr'>ΑΖ,</span> <span class='ocrx_word' id='word_1_293' title='bbox 490 2433 549 2464; x_wconf 78' lang='grc' dir='ltr'>ΑΔ</span> <span class='ocrx_word' id='word_1_294' title='bbox 576 2431 755 2473; x_wconf 79' lang='grc' dir='ltr'>ἀλλήλαις,</span> <span class='ocrx_word' id='word_1_295' title='bbox 772 2435 829 2465; x_wconf 84' lang='grc' dir='ltr'>καὶ</span> <span class='ocrx_word' id='word_1_296' title='bbox 857 2435 891 2465; x_wconf 85' lang='grc' dir='ltr'>αί</span> <span class='ocrx_word' id='word_1_297' title='bbox 917 2433 997 2478; x_wconf 80' lang='grc' dir='ltr'>πρὸς</span> <span class='ocrx_word' id='word_1_298' title='bbox 1019 2433 1060 2467; x_wconf 77' lang='grc' dir='ltr'>τὸ</span> <span class='ocrx_word' id='word_1_299' title='bbox 1075 2436 1100 2466; x_wconf 88' lang='grc' dir='ltr'><strong>Β</strong></span> <span class='ocrx_word' id='word_1_300' title='bbox 1122 2433 1303 2475; x_wconf 72' lang='grc' dir='ltr'>ἀλλήλαις,</span> <span class='ocrx_word' id='word_1_301' title='bbox 1324 2433 1392 2466; x_wconf 78' lang='grc' dir='ltr'>οἷον</span> 
     </span>
     <span class='ocr_line' id='line_1_41' title="bbox 394 2475 1394 2523; baseline 0.003 -15"><span class='ocrx_word' id='word_1_302' title='bbox 394 2479 429 2509; x_wconf 80' lang='grc' dir='ltr'>αἱ</span> <span class='ocrx_word' id='word_1_303' title='bbox 453 2478 522 2518; x_wconf 90' lang='grc' dir='ltr'>ΓΒ,</span> <span class='ocrx_word' id='word_1_304' title='bbox 548 2478 617 2518; x_wconf 88' lang='grc' dir='ltr'>ΖΒ,</span> <span class='ocrx_word' id='word_1_305' title='bbox 644 2478 713 2508; x_wconf 90' lang='grc' dir='ltr'>ΔΒ.</span> <span class='ocrx_word' id='word_1_306' title='bbox 744 2477 809 2509; x_wconf 85' lang='grc' dir='ltr'>Καὶ</span> <span class='ocrx_word' id='word_1_307' title='bbox 834 2475 1027 2523; x_wconf 83' lang='grc' dir='ltr'>ἐπεζεύχθω</span> <span class='ocrx_word' id='word_1_308' title='bbox 1053 2480 1073 2515; x_wconf 82' lang='grc' dir='ltr'>ή</span> <span class='ocrx_word' id='word_1_309' title='bbox 1100 2480 1204 2520; x_wconf 80' lang='grc' dir='ltr'>ΑΕΒ,</span> <span class='ocrx_word' id='word_1_310' title='bbox 1231 2477 1318 2511; x_wconf 77' lang='grc' dir='ltr'>ὥστε</span> <span class='ocrx_word' id='word_1_311' title='bbox 1345 2478 1394 2511; x_wconf 85' lang='grc' dir='ltr'>τά</span> 
     </span>
     <span class='ocr_line' id='line_1_42' title="bbox 394 2514 1391 2569; baseline 0 -14"><span class='ocrx_word' id='word_1_312' title='bbox 394 2524 540 2568; x_wconf 84' lang='grc' dir='ltr'>τρίγωνα</span> <span class='ocrx_word' id='word_1_313' title='bbox 563 2523 639 2553; x_wconf 81' lang='grc' dir='ltr'>ἴσα·</span> <span class='ocrx_word' id='word_1_314' title='bbox 665 2522 723 2553; x_wconf 84' lang='grc' dir='ltr'>καὶ</span> <span class='ocrx_word' id='word_1_315' title='bbox 766 2522 804 2567; x_wconf 81' lang='grc' dir='ltr'>ἀρ</span> <span class='ocrx_word' id='word_1_316' title='bbox 822 2523 874 2554; x_wconf 81' lang='grc' dir='ltr'>ἐπ’</span> <span class='ocrx_word' id='word_1_317' title='bbox 893 2525 967 2561; x_wconf 79' lang='grc' dir='ltr'>ἴσης</span> <span class='ocrx_word' id='word_1_318' title='bbox 989 2523 1050 2561; x_wconf 85' lang='grc' dir='ltr'>τῆς</span> <span class='ocrx_word' id='word_1_319' title='bbox 1076 2525 1179 2557; x_wconf 77' lang='grc' dir='ltr'>ΑΕΒ.</span> <span class='ocrx_word' id='word_1_320' title='bbox 1206 2514 1391 2569; x_wconf 59' lang='grc' dir='ltr'>Ἤχθωσαν</span> 
     </span>
     <span class='ocr_line' id='line_1_43' title="bbox 393 2561 1391 2614; baseline 0.002 -17"><span class='ocrx_word' id='word_1_321' title='bbox 393 2561 436 2602; x_wconf 77' lang='grc' dir='ltr'>δή</span> <span class='ocrx_word' id='word_1_322' title='bbox 461 2565 600 2598; x_wconf 88' lang='grc' dir='ltr'>κάθετοι</span> <span class='ocrx_word' id='word_1_323' title='bbox 626 2565 681 2598; x_wconf 78' lang='grc' dir='ltr'>ἐπὶ</span> <span class='ocrx_word' id='word_1_324' title='bbox 706 2578 769 2602; x_wconf 91' lang='grc' dir='ltr'>την</span> <span class='ocrx_word' id='word_1_325' title='bbox 795 2567 889 2598; x_wconf 81' lang='grc' dir='ltr'>ΑΕΒ</span> <span class='ocrx_word' id='word_1_326' title='bbox 915 2565 950 2599; x_wconf 79' lang='grc' dir='ltr'>ἐκ</span> <span class='ocrx_word' id='word_1_327' title='bbox 976 2569 1042 2600; x_wconf 85' lang='grc' dir='ltr'>τῶν</span> <span class='ocrx_word' id='word_1_328' title='bbox 1066 2569 1206 2614; x_wconf 82' lang='grc' dir='ltr'>γωνιῶν,</span> <span class='ocrx_word' id='word_1_329' title='bbox 1235 2567 1305 2602; x_wconf 79' lang='grc' dir='ltr'>ἀπὸ</span> <span class='ocrx_word' id='word_1_330' title='bbox 1330 2568 1391 2612; x_wconf 79' lang='grc' dir='ltr'>μὲν</span> 
     </span>
     <span class='ocr_line' id='line_1_44' title="bbox 394 2606 1392 2654; baseline 0.004 -13"><span class='ocrx_word' id='word_1_331' title='bbox 394 2611 458 2648; x_wconf 83' lang='grc' dir='ltr'>τῆς</span> <span class='ocrx_word' id='word_1_332' title='bbox 473 2611 494 2641; x_wconf 87' lang='grc' dir='ltr'>Γ</span> <span class='ocrx_word' id='word_1_333' title='bbox 512 2611 532 2647; x_wconf 75' lang='grc' dir='ltr'>ἡ</span> <span class='ocrx_word' id='word_1_334' title='bbox 555 2610 594 2642; x_wconf 78' lang='grc' dir='ltr'>τὸ</span> <span class='ocrx_word' id='word_1_335' title='bbox 620 2611 689 2651; x_wconf 82' lang='grc' dir='ltr'>ΓΕ,</span> <span class='ocrx_word' id='word_1_336' title='bbox 713 2610 781 2643; x_wconf 73' lang='grc' dir='ltr'>ἀπο</span> <span class='ocrx_word' id='word_1_337' title='bbox 807 2606 844 2643; x_wconf 85' lang='grc' dir='ltr'>δὲ</span> <span class='ocrx_word' id='word_1_338' title='bbox 869 2612 931 2649; x_wconf 85' lang='grc' dir='ltr'>τῆς</span> <span class='ocrx_word' id='word_1_339' title='bbox 948 2613 971 2643; x_wconf 89' lang='grc' dir='ltr'>Ζ</span> <span class='ocrx_word' id='word_1_340' title='bbox 990 2613 1010 2649; x_wconf 77' lang='grc' dir='ltr'>ἡ</span> <span class='ocrx_word' id='word_1_341' title='bbox 1030 2612 1069 2645; x_wconf 83' lang='grc' dir='ltr'>τὸ</span> <span class='ocrx_word' id='word_1_342' title='bbox 1087 2614 1157 2654; x_wconf 86' lang='grc' dir='ltr'>ΖΕ,</span> <span class='ocrx_word' id='word_1_343' title='bbox 1185 2613 1254 2646; x_wconf 73' lang='grc' dir='ltr'>ἀπὸ</span> <span class='ocrx_word' id='word_1_344' title='bbox 1272 2607 1310 2645; x_wconf 82' lang='grc' dir='ltr'>δὲ</span> <span class='ocrx_word' id='word_1_345' title='bbox 1329 2613 1392 2650; x_wconf 74' lang='grc' dir='ltr'>τῆς</span> 
     </span>
     <span class='ocr_line' id='line_1_45' title="bbox 395 2650 1392 2704; baseline 0.003 -19"><span class='ocrx_word' id='word_1_346' title='bbox 395 2655 419 2685; x_wconf 88' lang='grc' dir='ltr'>Δ</span> <span class='ocrx_word' id='word_1_347' title='bbox 435 2655 455 2691; x_wconf 79' lang='grc' dir='ltr'>ή</span> <span class='ocrx_word' id='word_1_348' title='bbox 475 2654 516 2687; x_wconf 84' lang='grc' dir='ltr'>τὸ</span> <span class='ocrx_word' id='word_1_349' title='bbox 541 2655 609 2686; x_wconf 82' lang='grc' dir='ltr'>ΔΕ.</span> <span class='ocrx_word' id='word_1_350' title='bbox 633 2654 724 2686; x_wconf 86' lang='grc' dir='ltr'>’Ίσαι</span> <span class='ocrx_word' id='word_1_351' title='bbox 747 2650 790 2692; x_wconf 76' lang='grc' dir='ltr'>δή</span> <span class='ocrx_word' id='word_1_352' title='bbox 818 2654 940 2688; x_wconf 85' lang='grc' dir='ltr'>αὗται·</span> <span class='ocrx_word' id='word_1_353' title='bbox 967 2657 1000 2688; x_wconf 85' lang='grc' dir='ltr'>ἑν</span> <span class='ocrx_word' id='word_1_354' title='bbox 1020 2659 1103 2695; x_wconf 77' lang='grc' dir='ltr'>ἴσοις</span> <span class='ocrx_word' id='word_1_355' title='bbox 1128 2658 1192 2704; x_wconf 81' lang='grc' dir='ltr'>γάρ</span> <span class='ocrx_word' id='word_1_356' title='bbox 1219 2655 1392 2704; x_wconf 75' lang='grc' dir='ltr'>τριγώνοις</span> 
     </span>
     <span class='ocr_line' id='line_1_46' title="bbox 394 2694 1391 2748; baseline 0.004 -17"><span class='ocrx_word' id='word_1_357' title='bbox 394 2701 451 2731; x_wconf 80' lang='grc' dir='ltr'>καὶ</span> <span class='ocrx_word' id='word_1_358' title='bbox 474 2699 506 2730; x_wconf 80' lang='grc' dir='ltr'>ὲν</span> <span class='ocrx_word' id='word_1_359' title='bbox 525 2699 571 2730; x_wconf 77' lang='grc' dir='ltr'>ἑνὶ</span> <span class='ocrx_word' id='word_1_360' title='bbox 589 2694 738 2741; x_wconf 82' lang='grc' dir='ltr'>ἐπιπέδῳ</span> <span class='ocrx_word' id='word_1_361' title='bbox 756 2701 883 2732; x_wconf 82' lang='grc' dir='ltr'>πᾶσαι·</span> <span class='ocrx_word' id='word_1_362' title='bbox 911 2700 991 2743; x_wconf 77' lang='grc' dir='ltr'>πρὸς</span> <span class='ocrx_word' id='word_1_363' title='bbox 1017 2700 1114 2746; x_wconf 84' lang='grc' dir='ltr'>ὁρθοὶς</span> <span class='ocrx_word' id='word_1_364' title='bbox 1130 2702 1195 2748; x_wconf 73' lang='grc' dir='ltr'>γάρ</span> <span class='ocrx_word' id='word_1_365' title='bbox 1218 2703 1328 2735; x_wconf 82' lang='grc' dir='ltr'>πᾶσαι</span> <span class='ocrx_word' id='word_1_366' title='bbox 1346 2702 1391 2744; x_wconf 82' lang='grc' dir='ltr'>τῇ</span> 
     </span>
     <span class='ocr_line' id='line_1_47' title="bbox 395 2743 1392 2788; baseline 0.004 -14"><span class='ocrx_word' id='word_1_367' title='bbox 395 2745 501 2784; x_wconf 78' lang='grc' dir='ltr'>ΑΕΒ,</span> <span class='ocrx_word' id='word_1_368' title='bbox 527 2744 586 2775; x_wconf 76' lang='grc' dir='ltr'>καὶ</span> <span class='ocrx_word' id='word_1_369' title='bbox 610 2743 657 2788; x_wconf 81' lang='grc' dir='ltr'>ἐφ’</span> <span class='ocrx_word' id='word_1_370' title='bbox 679 2744 712 2775; x_wconf 85' lang='grc' dir='ltr'>ἓν</span> <span class='ocrx_word' id='word_1_371' title='bbox 733 2749 868 2788; x_wconf 81' lang='grc' dir='ltr'>σημεῖον</span> <span class='ocrx_word' id='word_1_372' title='bbox 894 2744 935 2777; x_wconf 75' lang='grc' dir='ltr'>τὸ</span> <span class='ocrx_word' id='word_1_373' title='bbox 952 2746 976 2776; x_wconf 86' lang='grc' dir='ltr'><strong>Ε</strong></span> <span class='ocrx_word' id='word_1_374' title='bbox 994 2746 1235 2780; x_wconf 86' lang='grc' dir='ltr'>συνάπτουσιν.</span> <span class='ocrx_word' id='word_1_375' title='bbox 1262 2745 1392 2784; x_wconf 81' lang='grc' dir='ltr'>Κύκλος</span> 
     </span>
     <span class='ocr_line' id='line_1_48' title="bbox 397 2786 1393 2833; baseline 0.003 -13"><span class='ocrx_word' id='word_1_376' title='bbox 397 2788 462 2832; x_wconf 84' lang='grc' dir='ltr'>ἄρα</span> <span class='ocrx_word' id='word_1_377' title='bbox 487 2787 585 2820; x_wconf 85' lang='grc' dir='ltr'>ἔσται</span> <span class='ocrx_word' id='word_1_378' title='bbox 603 2788 623 2824; x_wconf 69' lang='grc' dir='ltr'>’ἦ</span> <span class='ocrx_word' id='word_1_379' title='bbox 641 2788 848 2833; x_wconf 86' lang='grc' dir='ltr'>γραφομένη,</span> <span class='ocrx_word' id='word_1_380' title='bbox 865 2789 1003 2832; x_wconf 87' lang='grc' dir='ltr'>κέντρον</span> <span class='ocrx_word' id='word_1_381' title='bbox 1027 2786 1064 2823; x_wconf 80' lang='grc' dir='ltr'>δέ</span> <span class='ocrx_word' id='word_1_382' title='bbox 1086 2791 1126 2824; x_wconf 80' lang='grc' dir='ltr'><em>τό</em></span> <span class='ocrx_word' id='word_1_383' title='bbox 1147 2792 1183 2823; x_wconf 82' lang='grc' dir='ltr'>Ε.</span> <span class='ocrx_word' id='word_1_384' title='bbox 1211 2791 1325 2824; x_wconf 77' lang='grc' dir='ltr'>Ἐστω</span> <span class='ocrx_word' id='word_1_385' title='bbox 1347 2787 1393 2828; x_wconf 70' lang='grc' dir='ltr'>δή</span> 
     </span>
     <span class='ocr_line' id='line_1_49' title="bbox 396 2829 1393 2879; baseline 0.004 -16"><span class='ocrx_word' id='word_1_386' title='bbox 396 2834 437 2864; x_wconf 73' lang='grc' dir='ltr'>τὸ</span> <span class='ocrx_word' id='word_1_387' title='bbox 455 2832 514 2876; x_wconf 80' lang='grc' dir='ltr'>μὲν</span> <span class='ocrx_word' id='word_1_388' title='bbox 530 2833 554 2863; x_wconf 89' lang='grc' dir='ltr'>Β</span> <span class='ocrx_word' id='word_1_389' title='bbox 573 2833 589 2864; x_wconf 82' lang='grc' dir='ltr'><strong><em>ὁ</em></strong></span> <span class='ocrx_word' id='word_1_390' title='bbox 607 2831 713 2874; x_wconf 79' lang='grc' dir='ltr'>ἥλιος,</span> <span class='ocrx_word' id='word_1_391' title='bbox 733 2833 772 2866; x_wconf 76' lang='grc' dir='ltr'>τὸ</span> <span class='ocrx_word' id='word_1_392' title='bbox 791 2829 828 2865; x_wconf 79' lang='grc' dir='ltr'>δέ</span> <span class='ocrx_word' id='word_1_393' title='bbox 846 2834 871 2865; x_wconf 78' lang='lat' dir='ltr'>A</span> <span class='ocrx_word' id='word_1_394' title='bbox 891 2835 912 2871; x_wconf 83' lang='grc' dir='ltr'>ή</span> <span class='ocrx_word' id='word_1_395' title='bbox 938 2833 1021 2878; x_wconf 84' lang='grc' dir='ltr'>ὄψις,</span> <span class='ocrx_word' id='word_1_396' title='bbox 1040 2836 1061 2873; x_wconf 82' lang='grc' dir='ltr'>ή</span> <span class='ocrx_word' id='word_1_397' title='bbox 1082 2831 1119 2868; x_wconf 78' lang='grc' dir='ltr'>δὲ</span> <span class='ocrx_word' id='word_1_398' title='bbox 1140 2837 1213 2879; x_wconf 83' lang='grc' dir='ltr'>περὶ</span> <span class='ocrx_word' id='word_1_399' title='bbox 1238 2838 1279 2869; x_wconf 77' lang='grc' dir='ltr'>τὸ</span> <span class='ocrx_word' id='word_1_400' title='bbox 1305 2837 1393 2867; x_wconf 88' lang='grc' dir='ltr'>ΓΖΔ</span> 
     </span>
     <span class='ocr_line' id='line_1_50' title="bbox 396 2875 1392 2931; baseline 0.004 -22"><span class='ocrx_word' id='word_1_401' title='bbox 396 2875 585 2931; x_wconf 44' lang='grc' dir='ltr'>περιφυέρεια</span> <span class='ocrx_word' id='word_1_402' title='bbox 610 2877 651 2909; x_wconf 72' lang='lat' dir='ltr'>‘ro&#39;</span> <span class='ocrx_word' id='word_1_403' title='bbox 676 2876 771 2922; x_wconf 85' lang='grc' dir='ltr'>νέφος</span> <span class='ocrx_word' id='word_1_404' title='bbox 798 2878 851 2922; x_wconf 76' lang='grc' dir='ltr'>ἀφ’</span> <span class='ocrx_word' id='word_1_405' title='bbox 880 2878 918 2910; x_wconf 83' lang='grc' dir='ltr'>οὗ</span> <span class='ocrx_word' id='word_1_406' title='bbox 944 2878 1140 2913; x_wconf 81' lang='grc' dir='ltr'>ἀνακλᾶται</span> <span class='ocrx_word' id='word_1_407' title='bbox 1165 2880 1186 2917; x_wconf 80' lang='grc' dir='ltr'>ἡ</span> <span class='ocrx_word' id='word_1_408' title='bbox 1206 2879 1282 2925; x_wconf 72' lang='grc' dir='ltr'>ὄψις</span> <span class='ocrx_word' id='word_1_409' title='bbox 1311 2880 1392 2926; x_wconf 70' lang='grc' dir='ltr'>πρὸς</span> 
     </span>
     <span class='ocr_line' id='line_1_51' title="bbox 396 2920 590 2956; baseline 0 -3"><span class='ocrx_word' id='word_1_410' title='bbox 396 2920 455 2953; x_wconf 78' lang='grc' dir='ltr'>τὸν</span> <span class='ocrx_word' id='word_1_411' title='bbox 480 2922 590 2956; x_wconf 91' lang='grc' dir='ltr'>ηλιον.</span> 
     </span>
     <span class='ocr_line' id='line_1_52' title="bbox 331 2962 1394 3021; baseline 0.005 -25"><span class='ocrx_word' id='word_1_412' title='bbox 331 2963 385 2996; x_wconf 81' lang='grc' dir='ltr'>Δεῖ</span> <span class='ocrx_word' id='word_1_413' title='bbox 408 2962 444 2997; x_wconf 83' lang='grc' dir='ltr'>δὲ</span> <span class='ocrx_word' id='word_1_414' title='bbox 469 2969 553 2997; x_wconf 77' lang='grc' dir='ltr'>νοεῖν</span> <span class='ocrx_word' id='word_1_415' title='bbox 579 2966 702 3021; x_wconf 76' lang='grc' dir='ltr'>συνεχῆ</span> <span class='ocrx_word' id='word_1_416' title='bbox 729 2965 776 2998; x_wconf 85' lang='grc' dir='ltr'>τοὶ</span> <span class='ocrx_word' id='word_1_417' title='bbox 800 2965 969 3011; x_wconf 84' lang='grc' dir='ltr'>ἔνοπτρα,</span> <span class='ocrx_word' id='word_1_418' title='bbox 998 2967 1089 3000; x_wconf 77' lang='grc' dir='ltr'>ἀλλά</span> <span class='ocrx_word' id='word_1_419' title='bbox 1113 2963 1172 3000; x_wconf 80' lang='grc' dir='ltr'>διαὶ</span> <span class='ocrx_word' id='word_1_420' title='bbox 1200 2969 1394 3013; x_wconf 83' lang='grc' dir='ltr'>μικρότητα</span> 
     </span>
     <span class='ocr_line' id='line_1_53' title="bbox 397 3007 1393 3054; baseline 0.004 -14"><span class='ocrx_word' id='word_1_421' title='bbox 397 3008 540 3041; x_wconf 81' lang='grc' dir='ltr'>ἕκαστον</span> <span class='ocrx_word' id='word_1_422' title='bbox 571 3009 629 3052; x_wconf 83' lang='grc' dir='ltr'>μὲν</span> <span class='ocrx_word' id='word_1_423' title='bbox 662 3008 831 3054; x_wconf 83' lang='grc' dir='ltr'>ἀόρατον,</span> <span class='ocrx_word' id='word_1_424' title='bbox 858 3010 897 3043; x_wconf 75' lang='grc' dir='ltr'>τὸ</span> <span class='ocrx_word' id='word_1_425' title='bbox 924 3007 952 3043; x_wconf 86' lang='grc' dir='ltr'>δ’</span> <span class='ocrx_word' id='word_1_426' title='bbox 982 3011 1016 3053; x_wconf 78' lang='grc' dir='ltr'>ἐξ</span> <span class='ocrx_word' id='word_1_427' title='bbox 1044 3011 1209 3045; x_wconf 74' lang='grc' dir='ltr'>ἁπάντων</span> <span class='ocrx_word' id='word_1_428' title='bbox 1240 3013 1273 3045; x_wconf 84' lang='grc' dir='ltr'>ἓν</span> <span class='ocrx_word' id='word_1_429' title='bbox 1306 3010 1393 3046; x_wconf 87' lang='grc' dir='ltr'>εἶναι</span> 
     </span>
     <span class='ocr_line' id='line_1_54' title="bbox 396 3048 1392 3101; baseline 0.005 -16"><span class='ocrx_word' id='word_1_430' title='bbox 396 3048 489 3085; x_wconf 78' lang='grc' dir='ltr'>δοκεῖ</span> <span class='ocrx_word' id='word_1_431' title='bbox 511 3048 570 3086; x_wconf 76' lang='grc' dir='ltr'>διά</span> <span class='ocrx_word' id='word_1_432' title='bbox 594 3053 634 3086; x_wconf 77' lang='grc' dir='ltr'>τὸ</span> <span class='ocrx_word' id='word_1_433' title='bbox 660 3053 789 3098; x_wconf 81' lang='grc' dir='ltr'>ἑφεξῆς.</span> <span class='ocrx_word' id='word_1_434' title='bbox 826 3055 994 3088; x_wconf 87' lang='grc' dir='ltr'>Φαίνεται</span> <span class='ocrx_word' id='word_1_435' title='bbox 1019 3051 1056 3088; x_wconf 80' lang='grc' dir='ltr'>δέ</span> <span class='ocrx_word' id='word_1_436' title='bbox 1082 3057 1123 3090; x_wconf 75' lang='grc' dir='ltr'>τὸ</span> <span class='ocrx_word' id='word_1_437' title='bbox 1144 3057 1203 3101; x_wconf 83' lang='grc' dir='ltr'>μὲν</span> <span class='ocrx_word' id='word_1_438' title='bbox 1223 3058 1355 3099; x_wconf 76' lang='grc' dir='ltr'>λευκᾶν,</span> <span class='ocrx_word' id='word_1_439' title='bbox 1376 3059 1392 3090; x_wconf 85' lang='grc' dir='ltr'><strong><em>ὁ</em></strong></span> 
     </span>
     <span class='ocr_line' id='line_1_55' title="bbox 397 3096 1393 3146; baseline 0.004 -17"><span class='ocrx_word' id='word_1_440' title='bbox 397 3096 513 3138; x_wconf 76' lang='grc' dir='ltr'>ἥλιος,</span> <span class='ocrx_word' id='word_1_441' title='bbox 547 3097 656 3138; x_wconf 88' lang='grc' dir='ltr'>κύκλῳ</span> <span class='ocrx_word' id='word_1_442' title='bbox 688 3099 831 3144; x_wconf 79' lang='grc' dir='ltr'>συνεχῶς</span> <span class='ocrx_word' id='word_1_443' title='bbox 863 3100 896 3131; x_wconf 83' lang='grc' dir='ltr'>ἐν</span> <span class='ocrx_word' id='word_1_444' title='bbox 932 3100 1064 3142; x_wconf 83' lang='grc' dir='ltr'>ἑκάστῳ</span> <span class='ocrx_word' id='word_1_445' title='bbox 1096 3101 1294 3146; x_wconf 79' lang='grc' dir='ltr'>φαινόμενος</span> <span class='ocrx_word' id='word_1_446' title='bbox 1327 3103 1393 3135; x_wconf 85' lang='grc' dir='ltr'>τῶν</span> 
     </span>
     <span class='ocr_line' id='line_1_56' title="bbox 397 3139 1392 3220; baseline 0.005 -47"><span class='ocrx_word' id='word_1_447' title='bbox 397 3142 586 3220; x_wconf 54' lang='grc' dir='ltr'>ὲνόπτέων,</span> <span class='ocrx_word' id='word_1_448' title='bbox 612 3143 671 3174; x_wconf 89' lang='grc' dir='ltr'>καὶ</span> <span class='ocrx_word' id='word_1_449' title='bbox 700 3139 867 3186; x_wconf 88' lang='grc' dir='ltr'>μηδεμίαν</span> <span class='ocrx_word' id='word_1_450' title='bbox 898 3143 912 3176; x_wconf 82' lang='grc' dir='ltr'><strong>ἔ</strong></span> <span class='ocrx_word' id='word_1_451' title='bbox 939 3157 981 3177; x_wconf 94' lang='grc' dir='ltr'>ων</span> <span class='ocrx_word' id='word_1_452' title='bbox 1014 3145 1180 3183; x_wconf 79' lang='grc' dir='ltr'>αἰσθητήν</span> <span class='ocrx_word' id='word_1_453' title='bbox 1210 3142 1392 3191; x_wconf 87' lang='grc' dir='ltr'>διαίρεσιν,</span> 
     </span>
     <span class='ocr_line' id='line_1_57' title="bbox 398 3157 1391 3235; baseline 0.005 -17"><span class='ocrx_word' id='word_1_454' title='bbox 398 3187 477 3229; x_wconf 71' lang='grc' dir='ltr'>πρὸς</span> <span class='ocrx_word' id='word_1_455' title='bbox 530 3187 544 3219; x_wconf 82' lang='grc' dir='ltr'><em>ὲ</em></span> <span class='ocrx_word' id='word_1_456' title='bbox 569 3187 614 3228; x_wconf 85' lang='grc' dir='ltr'>τῇ</span> <span class='ocrx_word' id='word_1_457' title='bbox 647 3187 693 3232; x_wconf 81' lang='grc' dir='ltr'>γῇ</span> <span class='ocrx_word' id='word_1_458' title='bbox 727 3189 855 3230; x_wconf 81' lang='grc' dir='ltr'>μᾶλλον</span> <span class='ocrx_word' id='word_1_459' title='bbox 880 3157 939 3221; x_wconf 50' lang='grc' dir='ltr'>διξ</span> <span class='ocrx_word' id='word_1_460' title='bbox 963 3189 1005 3222; x_wconf 73' lang='grc' dir='ltr'>τὸ</span> <span class='ocrx_word' id='word_1_461' title='bbox 1034 3190 1263 3235; x_wconf 87' lang='grc' dir='ltr'>νηνεμώτερον</span> <span class='ocrx_word' id='word_1_462' title='bbox 1288 3188 1391 3223; x_wconf 77' lang='grc' dir='ltr'>εἶναι·</span> 
     </span>
     <span class='ocr_line' id='line_1_58' title="bbox 398 3229 1396 3281; baseline 0.006 -19"><span class='ocrx_word' id='word_1_463' title='bbox 398 3230 592 3276; x_wconf 77' lang='grc' dir='ltr'>πνεύματος</span> <span class='ocrx_word' id='word_1_464' title='bbox 609 3230 672 3275; x_wconf 69' lang='grc' dir='ltr'>γάρ</span> <span class='ocrx_word' id='word_1_465' title='bbox 692 3230 788 3270; x_wconf 77' lang='grc' dir='ltr'>ὄντος</span> <span class='ocrx_word' id='word_1_466' title='bbox 806 3232 866 3264; x_wconf 82' lang='grc' dir='ltr'>οὐκ</span> <span class='ocrx_word' id='word_1_467' title='bbox 882 3229 968 3266; x_wconf 84' lang='grc' dir='ltr'>εἶναι</span> <span class='ocrx_word' id='word_1_468' title='bbox 986 3233 1107 3267; x_wconf 87' lang='grc' dir='ltr'>στάσιν</span> <span class='ocrx_word' id='word_1_469' title='bbox 1122 3235 1276 3279; x_wconf 84' lang='grc' dir='ltr'>φανερόν.</span> <span class='ocrx_word' id='word_1_470' title='bbox 1298 3235 1396 3281; x_wconf 83' lang='grc' dir='ltr'>Παροὶ</span> 
     </span>
     <span class='ocr_line' id='line_1_59' title="bbox 397 3269 1394 3323; baseline 0.005 -17"><span class='ocrx_word' id='word_1_471' title='bbox 397 3269 435 3306; x_wconf 75' lang='grc' dir='ltr'>δὲ</span> <span class='ocrx_word' id='word_1_472' title='bbox 466 3277 572 3308; x_wconf 83' lang='grc' dir='ltr'>τοῦτο</span> <span class='ocrx_word' id='word_1_473' title='bbox 605 3273 751 3318; x_wconf 87' lang='grc' dir='ltr'>μέλαινα</span> <span class='ocrx_word' id='word_1_474' title='bbox 777 3277 797 3313; x_wconf 79' lang='grc' dir='ltr'>ἧ</span> <span class='ocrx_word' id='word_1_475' title='bbox 823 3276 967 3320; x_wconf 77' lang='grc' dir='ltr'>ἐχομένη</span> <span class='ocrx_word' id='word_1_476' title='bbox 1001 3278 1214 3323; x_wconf 82' lang='grc' dir='ltr'>περιφέρεια,</span> <span class='ocrx_word' id='word_1_477' title='bbox 1246 3278 1305 3312; x_wconf 84' lang='grc' dir='ltr'>δισὶ</span> <span class='ocrx_word' id='word_1_478' title='bbox 1328 3281 1394 3317; x_wconf 78' lang='grc' dir='ltr'>τήν</span> 
     </span>
     <span class='ocr_line' id='line_1_60' title="bbox 399 3315 1258 3368; baseline 0.007 -18"><span class='ocrx_word' id='word_1_479' title='bbox 399 3316 521 3358; x_wconf 77' lang='grc' dir='ltr'>ἐκείνης</span> <span class='ocrx_word' id='word_1_480' title='bbox 545 3318 742 3356; x_wconf 83' lang='grc' dir='ltr'>λευκότητα</span> <span class='ocrx_word' id='word_1_481' title='bbox 767 3315 917 3353; x_wconf 80' lang='grc' dir='ltr'>δοκοῦσα</span> <span class='ocrx_word' id='word_1_482' title='bbox 942 3319 1027 3354; x_wconf 83' lang='grc' dir='ltr'>εἶναι</span> <span class='ocrx_word' id='word_1_483' title='bbox 1052 3322 1258 3368; x_wconf 87' lang='grc' dir='ltr'>μελαντέρα.</span> 
     </span>
     <span class='ocr_line' id='line_1_61' title="bbox 333 3362 1392 3419; baseline 0.007 -26"><span class='ocrx_word' id='word_1_484' title='bbox 333 3362 508 3401; x_wconf 88' lang='grc' dir='ltr'>Πλεονάκις</span> <span class='ocrx_word' id='word_1_485' title='bbox 532 3363 569 3396; x_wconf 76' lang='grc' dir='ltr'>δὲ</span> <span class='ocrx_word' id='word_1_486' title='bbox 593 3365 747 3408; x_wconf 89' lang='grc' dir='ltr'>γίνονται</span> <span class='ocrx_word' id='word_1_487' title='bbox 773 3367 807 3397; x_wconf 81' lang='grc' dir='ltr'>αἰ</span> <span class='ocrx_word' id='word_1_488' title='bbox 835 3364 901 3407; x_wconf 74' lang='grc' dir='ltr'>ἅλῳ</span> <span class='ocrx_word' id='word_1_489' title='bbox 928 3367 1001 3419; x_wconf 76' lang='grc' dir='ltr'>περὶ</span> <span class='ocrx_word' id='word_1_490' title='bbox 1027 3367 1091 3404; x_wconf 75' lang='grc' dir='ltr'>τήν</span> <span class='ocrx_word' id='word_1_491' title='bbox 1113 3367 1256 3405; x_wconf 85' lang='grc' dir='ltr'>σελήνην</span> <span class='ocrx_word' id='word_1_492' title='bbox 1277 3363 1336 3400; x_wconf 79' lang='grc' dir='ltr'>διαὶ</span> <span class='ocrx_word' id='word_1_493' title='bbox 1353 3367 1392 3400; x_wconf 81' lang='grc' dir='ltr'>τὸ</span> 
     </span>
     <span class='ocr_line' id='line_1_62' title="bbox 400 3406 1397 3453; baseline 0.007 -15"><span class='ocrx_word' id='word_1_494' title='bbox 400 3406 458 3438; x_wconf 76' lang='grc' dir='ltr'>τὸν</span> <span class='ocrx_word' id='word_1_495' title='bbox 483 3406 577 3444; x_wconf 79' lang='grc' dir='ltr'>ἥλιον</span> <span class='ocrx_word' id='word_1_496' title='bbox 602 3407 800 3453; x_wconf 82' lang='grc' dir='ltr'>θερμότερον</span> <span class='ocrx_word' id='word_1_497' title='bbox 827 3409 912 3443; x_wconf 82' lang='grc' dir='ltr'>ὅντα</span> <span class='ocrx_word' id='word_1_498' title='bbox 937 3409 1066 3443; x_wconf 90' lang='grc' dir='ltr'>θαττον</span> <span class='ocrx_word' id='word_1_499' title='bbox 1083 3409 1233 3444; x_wconf 87' lang='grc' dir='ltr'>διαλύειν</span> <span class='ocrx_word' id='word_1_500' title='bbox 1260 3412 1323 3450; x_wconf 83' lang='grc' dir='ltr'>τοὶς</span> <span class='ocrx_word' id='word_1_501' title='bbox 1340 3424 1397 3444; x_wconf 89' lang='grc' dir='ltr'>συ-</span> 
     </span>
     <span class='ocr_line' id='line_1_63' title="bbox 401 3450 1394 3503; baseline 0.006 -21"><span class='ocrx_word' id='word_1_502' title='bbox 401 3450 536 3489; x_wconf 85' lang='grc' dir='ltr'>στάσεις</span> <span class='ocrx_word' id='word_1_503' title='bbox 563 3453 624 3484; x_wconf 79' lang='grc' dir='ltr'>τοῦ</span> <span class='ocrx_word' id='word_1_504' title='bbox 653 3451 758 3496; x_wconf 84' lang='grc' dir='ltr'>ἀέρος.</span> <span class='ocrx_word' id='word_1_505' title='bbox 797 3455 872 3498; x_wconf 79' lang='grc' dir='ltr'>Περὶ</span> <span class='ocrx_word' id='word_1_506' title='bbox 897 3450 934 3486; x_wconf 85' lang='grc' dir='ltr'>δὲ</span> <span class='ocrx_word' id='word_1_507' title='bbox 959 3455 1038 3493; x_wconf 75' lang='grc' dir='ltr'>τούς</span> <span class='ocrx_word' id='word_1_508' title='bbox 1066 3455 1211 3499; x_wconf 89' lang='grc' dir='ltr'>ἀστέρας</span> <span class='ocrx_word' id='word_1_509' title='bbox 1236 3458 1394 3503; x_wconf 87' lang='grc' dir='ltr'>γίνονται</span> 
     </span>
     <span class='ocr_line' id='line_1_64' title="bbox 400 3490 1392 3544; baseline 0.007 -18"><span class='ocrx_word' id='word_1_510' title='bbox 400 3493 459 3538; x_wconf 78' lang='grc' dir='ltr'>μέν</span> <span class='ocrx_word' id='word_1_511' title='bbox 484 3490 542 3527; x_wconf 77' lang='grc' dir='ltr'>διά</span> <span class='ocrx_word' id='word_1_512' title='bbox 566 3497 627 3534; x_wconf 70' lang='grc' dir='ltr'>ταὶς</span> <span class='ocrx_word' id='word_1_513' title='bbox 655 3497 762 3534; x_wconf 77' lang='grc' dir='ltr'>αὑτάς</span> <span class='ocrx_word' id='word_1_514' title='bbox 781 3498 908 3540; x_wconf 85' lang='grc' dir='ltr'>αἰτίας,</span> <span class='ocrx_word' id='word_1_515' title='bbox 929 3499 966 3531; x_wconf 84' lang='grc' dir='ltr'>οὗ</span> <span class='ocrx_word' id='word_1_516' title='bbox 988 3497 1183 3543; x_wconf 81' lang='grc' dir='ltr'>σημειώδεις</span> <span class='ocrx_word' id='word_1_517' title='bbox 1207 3496 1235 3533; x_wconf 85' lang='grc' dir='ltr'>δ’</span> <span class='ocrx_word' id='word_1_518' title='bbox 1258 3501 1392 3544; x_wconf 76' lang='grc' dir='ltr'>ὁμοίως,</span> 
     </span>
     <span class='ocr_line' id='line_1_65' title="bbox 400 3537 1393 3584; baseline 0.006 -13"><span class='ocrx_word' id='word_1_519' title='bbox 400 3537 455 3571; x_wconf 80' lang='grc' dir='ltr'>ὅτι</span> <span class='ocrx_word' id='word_1_520' title='bbox 482 3539 597 3583; x_wconf 74' lang='grc' dir='ltr'>μικράς</span> <span class='ocrx_word' id='word_1_521' title='bbox 628 3540 773 3584; x_wconf 88' lang='grc' dir='ltr'>πάμπαν</span> <span class='ocrx_word' id='word_1_522' title='bbox 805 3537 1001 3580; x_wconf 84' lang='grc' dir='ltr'>ὲπιδηλοῦσι</span> <span class='ocrx_word' id='word_1_523' title='bbox 1031 3544 1093 3582; x_wconf 86' lang='grc' dir='ltr'>τοὶς</span> <span class='ocrx_word' id='word_1_524' title='bbox 1125 3544 1305 3582; x_wconf 84' lang='grc' dir='ltr'>συστάσεις</span> <span class='ocrx_word' id='word_1_525' title='bbox 1335 3547 1393 3577; x_wconf 77' lang='grc' dir='ltr'>καὶ</span> 
     </span>
     <span class='ocr_line' id='line_1_66' title="bbox 401 3581 685 3630; baseline 0.004 -15"><span class='ocrx_word' id='word_1_526' title='bbox 401 3581 494 3615; x_wconf 81' lang='grc' dir='ltr'>οὔπω</span> <span class='ocrx_word' id='word_1_527' title='bbox 518 3586 685 3630; x_wconf 85' lang='grc' dir='ltr'>γονίμους.</span> 
     </span>
    </p>
   </div>
   <div class='ocr_carea' id='block_1_13' title="bbox 1441 873 2559 917">
    <p class='ocr_par' dir='ltr' id='par_1_13' title="bbox 1441 873 2559 917">
     <span class='ocr_line' id='line_1_67' title="bbox 1441 873 2559 917; baseline 0.005 -14"><span class='ocrx_word' id='word_1_528' title='bbox 1441 873 1458 893; x_wconf 93' lang='grc'>*</span> <span class='ocrx_word' id='word_1_529' title='bbox 1481 873 1589 904; x_wconf 89' lang='lat' dir='ltr'>Primo</span> <span class='ocrx_word' id='word_1_530' title='bbox 1613 879 1722 904; x_wconf 87' lang='lat' dir='ltr'>autem</span> <span class='ocrx_word' id='word_1_531' title='bbox 1745 874 1784 905; x_wconf 84' lang='lat' dir='ltr'>de</span> <span class='ocrx_word' id='word_1_532' title='bbox 1807 873 1909 914; x_wconf 84' lang='lat' dir='ltr'>figura</span> <span class='ocrx_word' id='word_1_533' title='bbox 1931 874 2006 906; x_wconf 92' lang='lat' dir='ltr'>halo</span> <span class='ocrx_word' id='word_1_534' title='bbox 2030 875 2185 916; x_wconf 85' lang='lat' dir='ltr'>dicamus,</span> <span class='ocrx_word' id='word_1_535' title='bbox 2205 883 2236 907; x_wconf 92' lang='lat' dir='ltr'>et</span> <span class='ocrx_word' id='word_1_536' title='bbox 2258 886 2357 917; x_wconf 91' lang='lat' dir='ltr'>quare</span> <span class='ocrx_word' id='word_1_537' title='bbox 2381 876 2518 910; x_wconf 85' lang='lat' dir='ltr'>circulus</span> <span class='ocrx_word' id='word_1_538' title='bbox 2546 886 2559 899; x_wconf 90' lang='lat'><strong>·</strong></span> 
     </span>
    </p>
   </div>
   <div class='ocr_carea' id='block_1_14' title="bbox 1509 917 2520 1006">
    <p class='ocr_par' dir='ltr' id='par_1_14' title="bbox 1509 917 2520 1006">
     <span class='ocr_line' id='line_1_68' title="bbox 1509 917 2520 959; baseline 0.005 -11"><span class='ocrx_word' id='word_1_539' title='bbox 1509 917 1555 956; x_wconf 83' lang='lat' dir='ltr'>fit,</span> <span class='ocrx_word' id='word_1_540' title='bbox 1572 924 1603 949; x_wconf 85' lang='lat' dir='ltr'>et</span> <span class='ocrx_word' id='word_1_541' title='bbox 1621 927 1720 959; x_wconf 90' lang='lat' dir='ltr'>quare</span> <span class='ocrx_word' id='word_1_542' title='bbox 1743 918 1824 950; x_wconf 85' lang='lat' dir='ltr'>circa</span> <span class='ocrx_word' id='word_1_543' title='bbox 1847 919 1950 950; x_wconf 89' lang='lat' dir='ltr'>solem</span> <span class='ocrx_word' id='word_1_544' title='bbox 1972 926 2028 951; x_wconf 91' lang='lat' dir='ltr'>aut</span> <span class='ocrx_word' id='word_1_545' title='bbox 2049 920 2172 959; x_wconf 87' lang='lat' dir='ltr'>lunam,</span> <span class='ocrx_word' id='word_1_546' title='bbox 2195 920 2343 952; x_wconf 74' lang='lat' dir='ltr'>similiter</span> <span class='ocrx_word' id='word_1_547' title='bbox 2362 928 2473 953; x_wconf 88' lang='lat' dir='ltr'>autem</span> <span class='ocrx_word' id='word_1_548' title='bbox 2488 928 2520 954; x_wconf 87' lang='lat' dir='ltr'>et</span> 
     </span>
     <span class='ocr_line' id='line_1_69' title="bbox 1509 962 2516 1006; baseline 0.005 -13"><span class='ocrx_word' id='word_1_549' title='bbox 1509 963 1549 993; x_wconf 90' lang='lat' dir='ltr'>de</span> <span class='ocrx_word' id='word_1_550' title='bbox 1572 962 1640 993; x_wconf 81' lang='lat' dir='ltr'>aliis</span> <span class='ocrx_word' id='word_1_551' title='bbox 1664 962 1771 994; x_wconf 86' lang='lat' dir='ltr'>astris:</span> <span class='ocrx_word' id='word_1_552' title='bbox 1793 963 1906 994; x_wconf 91' lang='lat' dir='ltr'>eadem</span> <span class='ocrx_word' id='word_1_553' title='bbox 1928 963 2015 995; x_wconf 87' lang='lat' dir='ltr'>enim</span> <span class='ocrx_word' id='word_1_554' title='bbox 2029 963 2064 995; x_wconf 91' lang='lat' dir='ltr'>in</span> <span class='ocrx_word' id='word_1_555' title='bbox 2077 964 2231 996; x_wconf 90' lang='lat' dir='ltr'>omnibus</span> <span class='ocrx_word' id='word_1_556' title='bbox 2254 972 2410 1006; x_wconf 85' lang='lat' dir='ltr'>congruet</span> <span class='ocrx_word' id='word_1_557' title='bbox 2423 966 2516 999; x_wconf 86' lang='lat' dir='ltr'>ratio.</span> 
     </span>
    </p>
   </div>
   <div class='ocr_carea' id='block_1_15' title="bbox 1442 1051 2520 1097">
    <p class='ocr_par' dir='ltr' id='par_1_15' title="bbox 1442 1051 2520 1097">
     <span class='ocr_line' id='line_1_70' title="bbox 1442 1051 2520 1097; baseline 0.004 -15"><span class='ocrx_word' id='word_1_558' title='bbox 1442 1051 1493 1083; x_wconf 88' lang='lat' dir='ltr'>Fit</span> <span class='ocrx_word' id='word_1_559' title='bbox 1508 1051 1641 1093; x_wconf 89' lang='lat' dir='ltr'>quidem</span> <span class='ocrx_word' id='word_1_560' title='bbox 1655 1051 1752 1092; x_wconf 89' lang='lat' dir='ltr'>igitur</span> <span class='ocrx_word' id='word_1_561' title='bbox 1766 1051 1911 1084; x_wconf 86' lang='lat' dir='ltr'>refractio</span> <span class='ocrx_word' id='word_1_562' title='bbox 1934 1052 2022 1084; x_wconf 87' lang='lat' dir='ltr'>visus</span> <span class='ocrx_word' id='word_1_563' title='bbox 2043 1053 2235 1085; x_wconf 79' lang='lat' dir='ltr'>consistente</span> <span class='ocrx_word' id='word_1_564' title='bbox 2253 1063 2325 1085; x_wconf 87' lang='lat' dir='ltr'>aere</span> <span class='ocrx_word' id='word_1_565' title='bbox 2347 1061 2379 1086; x_wconf 92' lang='lat' dir='ltr'>et</span> <span class='ocrx_word' id='word_1_566' title='bbox 2399 1064 2520 1097; x_wconf 77' lang='lat' dir='ltr'>vapore</span> 
     </span>
    </p>
   </div>
   <div class='ocr_carea' id='block_1_16' title="bbox 1508 1095 2522 1230">
    <p class='ocr_par' dir='ltr' id='par_1_16' title="bbox 1508 1095 2522 1230">
     <span class='ocr_line' id='line_1_71' title="bbox 1508 1095 2519 1139; baseline 0.005 -12"><span class='ocrx_word' id='word_1_567' title='bbox 1508 1096 1542 1127; x_wconf 91' lang='lat' dir='ltr'>in</span> <span class='ocrx_word' id='word_1_568' title='bbox 1564 1097 1696 1135; x_wconf 89' lang='lat' dir='ltr'>nubem,</span> <span class='ocrx_word' id='word_1_569' title='bbox 1720 1095 1747 1127; x_wconf 91' lang='lat' dir='ltr'>si</span> <span class='ocrx_word' id='word_1_570' title='bbox 1765 1097 1916 1137; x_wconf 87' lang='lat' dir='ltr'>regularis</span> <span class='ocrx_word' id='word_1_571' title='bbox 1939 1104 1971 1128; x_wconf 90' lang='lat' dir='ltr'>et</span> <span class='ocrx_word' id='word_1_572' title='bbox 1987 1107 2158 1138; x_wconf 89' lang='lat' dir='ltr'>parvarum</span> <span class='ocrx_word' id='word_1_573' title='bbox 2180 1097 2320 1139; x_wconf 89' lang='lat' dir='ltr'>partium</span> <span class='ocrx_word' id='word_1_574' title='bbox 2342 1099 2519 1133; x_wconf 70' lang='lat' dir='ltr'>consistam</span> 
     </span>
     <span class='ocr_line' id='line_1_72' title="bbox 1510 1141 2522 1186; baseline 0.004 -14"><span class='ocrx_word' id='word_1_575' title='bbox 1510 1141 1653 1172; x_wconf 86' lang='lat' dir='ltr'>extiterit.</span> <span class='ocrx_word' id='word_1_576' title='bbox 1681 1141 1816 1181; x_wconf 87' lang='lat' dir='ltr'>Propter</span> <span class='ocrx_word' id='word_1_577' title='bbox 1837 1141 1929 1183; x_wconf 92' lang='lat' dir='ltr'>quod</span> <span class='ocrx_word' id='word_1_578' title='bbox 1951 1148 1983 1173; x_wconf 90' lang='lat' dir='ltr'>et</span> <span class='ocrx_word' id='word_1_579' title='bbox 2008 1142 2138 1182; x_wconf 87' lang='lat' dir='ltr'>signum</span> <span class='ocrx_word' id='word_1_580' title='bbox 2161 1141 2366 1174; x_wconf 85' lang='lat' dir='ltr'>consistentia</span> <span class='ocrx_word' id='word_1_581' title='bbox 2387 1143 2522 1186; x_wconf 69' lang='lat' dir='ltr'>quidem</span> 
     </span>
     <span class='ocr_line' id='line_1_73' title="bbox 1510 1185 2520 1230; baseline 0.004 -14"><span class='ocrx_word' id='word_1_582' title='bbox 1510 1195 1612 1226; x_wconf 89' lang='lat' dir='ltr'>aquae</span> <span class='ocrx_word' id='word_1_583' title='bbox 1631 1192 1695 1224; x_wconf 87' lang='lat' dir='ltr'>est,</span> <span class='ocrx_word' id='word_1_584' title='bbox 1718 1192 1827 1217; x_wconf 88' lang='lat' dir='ltr'>tamen</span> <span class='ocrx_word' id='word_1_585' title='bbox 1850 1185 2068 1218; x_wconf 76' lang='lat' dir='ltr'><strong>distractiones</strong></span> <span class='ocrx_word' id='word_1_586' title='bbox 2091 1193 2123 1218; x_wconf 91' lang='lat' dir='ltr'>et</span> <span class='ocrx_word' id='word_1_587' title='bbox 2143 1186 2352 1226; x_wconf 81' lang='lat' dir='ltr'>marcedines,</span> <span class='ocrx_word' id='word_1_588' title='bbox 2375 1187 2520 1230; x_wconf 66' lang='lat' dir='ltr'>hacqui-</span> 
     </span>
    </p>
   </div>
   <div class='ocr_carea' id='block_1_17' title="bbox 1509 1229 2562 1284">
    <p class='ocr_par' dir='ltr' id='par_1_17' title="bbox 1509 1229 2562 1284">
     <span class='ocr_line' id='line_1_74' title="bbox 1509 1229 2562 1284; baseline 0.005 -24"><span class='ocrx_word' id='word_1_589' title='bbox 1509 1230 1584 1260; x_wconf 91' lang='lat' dir='ltr'>dem</span> <span class='ocrx_word' id='word_1_590' title='bbox 1607 1229 1792 1269; x_wconf 87' lang='lat' dir='ltr'>serenitatis,</span> <span class='ocrx_word' id='word_1_591' title='bbox 1809 1230 2028 1262; x_wconf 86' lang='lat' dir='ltr'>distractiones</span> <span class='ocrx_word' id='word_1_592' title='bbox 2050 1238 2159 1263; x_wconf 85' lang='lat' dir='ltr'>autem</span> <span class='ocrx_word' id='word_1_593' title='bbox 2183 1230 2322 1272; x_wconf 80' lang='lat' dir='ltr'>spiritus.</span> <span class='ocrx_word' id='word_1_594' title='bbox 2337 1231 2370 1264; x_wconf 87' lang='lat' dir='ltr'>Si</span> <span class='ocrx_word' id='word_1_595' title='bbox 2387 1231 2521 1284; x_wconf 70' lang='lat' dir='ltr'>quidem</span> <span class='ocrx_word' id='word_1_596' title='bbox 2559 1242 2562 1245; x_wconf 85' lang='lat'>·</span> 
     </span>
    </p>
   </div>
   <div class='ocr_carea' id='block_1_18' title="bbox 1509 1274 2523 1939">
    <p class='ocr_par' dir='ltr' id='par_1_18' title="bbox 1509 1274 2523 1939">
     <span class='ocr_line' id='line_1_75' title="bbox 1509 1274 2520 1318; baseline 0.005 -13"><span class='ocrx_word' id='word_1_597' title='bbox 1509 1274 1596 1306; x_wconf 90' lang='lat' dir='ltr'>enim</span> <span class='ocrx_word' id='word_1_598' title='bbox 1619 1284 1724 1316; x_wconf 88' lang='lat' dir='ltr'>neque</span> <span class='ocrx_word' id='word_1_599' title='bbox 1740 1282 1922 1314; x_wconf 75' lang='lat' dir='ltr'>marcescat,</span> <span class='ocrx_word' id='word_1_600' title='bbox 1942 1285 2047 1317; x_wconf 88' lang='lat' dir='ltr'>neque</span> <span class='ocrx_word' id='word_1_601' title='bbox 2063 1275 2264 1315; x_wconf 82' lang='lat' dir='ltr'>distrahatur,</span> <span class='ocrx_word' id='word_1_602' title='bbox 2287 1275 2343 1308; x_wconf 87' lang='lat' dir='ltr'>sed</span> <span class='ocrx_word' id='word_1_603' title='bbox 2357 1282 2520 1318; x_wconf 67' lang='lat' dir='ltr'>permuta·</span> 
     </span>
     <span class='ocr_line' id='line_1_76' title="bbox 1509 1319 2522 1363; baseline 0.005 -13"><span class='ocrx_word' id='word_1_604' title='bbox 1509 1326 1562 1351; x_wconf 92' lang='lat' dir='ltr'>tur</span> <span class='ocrx_word' id='word_1_605' title='bbox 1576 1319 1748 1360; x_wconf 84' lang='lat' dir='ltr'>procedere</span> <span class='ocrx_word' id='word_1_606' title='bbox 1763 1319 1893 1361; x_wconf 91' lang='lat' dir='ltr'>propria</span> <span class='ocrx_word' id='word_1_607' title='bbox 1907 1326 2031 1360; x_wconf 88' lang='lat' dir='ltr'>natura,</span> <span class='ocrx_word' id='word_1_608' title='bbox 2047 1330 2150 1362; x_wconf 87' lang='lat' dir='ltr'>aquae</span> <span class='ocrx_word' id='word_1_609' title='bbox 2165 1319 2377 1353; x_wconf 81' lang='lat' dir='ltr'>verisimiliter</span> <span class='ocrx_word' id='word_1_610' title='bbox 2390 1320 2522 1363; x_wconf 70' lang='lat' dir='ltr'>signum</span> 
     </span>
     <span class='ocr_line' id='line_1_77' title="bbox 1511 1363 2522 1408; baseline 0.004 -13"><span class='ocrx_word' id='word_1_611' title='bbox 1511 1370 1572 1396; x_wconf 85' lang='lat' dir='ltr'>est:</span> <span class='ocrx_word' id='word_1_612' title='bbox 1587 1363 1728 1395; x_wconf 80' lang='lat' dir='ltr'>insinuat</span> <span class='ocrx_word' id='word_1_613' title='bbox 1750 1364 1838 1395; x_wconf 87' lang='lat' dir='ltr'>enim</span> <span class='ocrx_word' id='word_1_614' title='bbox 1852 1364 1918 1395; x_wconf 92' lang='lat' dir='ltr'>iam</span> <span class='ocrx_word' id='word_1_615' title='bbox 1936 1363 2003 1396; x_wconf 89' lang='lat' dir='ltr'>fieri</span> <span class='ocrx_word' id='word_1_616' title='bbox 2018 1364 2116 1396; x_wconf 89' lang='lat' dir='ltr'>talem</span> <span class='ocrx_word' id='word_1_617' title='bbox 2131 1364 2383 1405; x_wconf 77' lang='lat' dir='ltr'>consistentiam,</span> <span class='ocrx_word' id='word_1_618' title='bbox 2401 1375 2440 1398; x_wconf 78' lang='lat' dir='ltr'>ex</span> <span class='ocrx_word' id='word_1_619' title='bbox 2452 1370 2522 1408; x_wconf 65' lang='lat' dir='ltr'>qna</span> 
     </span>
     <span class='ocr_line' id='line_1_78' title="bbox 1510 1407 2523 1450; baseline 0.003 -10"><span class='ocrx_word' id='word_1_620' title='bbox 1510 1407 1755 1440; x_wconf 79' lang='lat' dir='ltr'>continuitatem</span> <span class='ocrx_word' id='word_1_621' title='bbox 1778 1408 1952 1450; x_wconf 78' lang='lat' dir='ltr'>accipiente</span> <span class='ocrx_word' id='word_1_622' title='bbox 1978 1408 2222 1450; x_wconf 85' lang='lat' dir='ltr'>inspissatione‚</span> <span class='ocrx_word' id='word_1_623' title='bbox 2250 1409 2468 1443; x_wconf 68' lang='lat' dir='ltr'>necessa-ium</span> <span class='ocrx_word' id='word_1_624' title='bbox 2486 1409 2523 1443; x_wconf 82' lang='lat' dir='ltr'>in</span> 
     </span>
     <span class='ocr_line' id='line_1_79' title="bbox 1510 1452 2522 1495; baseline 0.004 -11"><span class='ocrx_word' id='word_1_625' title='bbox 1510 1463 1630 1495; x_wconf 88' lang='lat' dir='ltr'>aquam</span> <span class='ocrx_word' id='word_1_626' title='bbox 1651 1453 1776 1485; x_wconf 82' lang='lat' dir='ltr'>venire:</span> <span class='ocrx_word' id='word_1_627' title='bbox 1796 1460 1928 1494; x_wconf 87' lang='lat' dir='ltr'>propter</span> <span class='ocrx_word' id='word_1_628' title='bbox 1946 1454 2036 1495; x_wconf 91' lang='lat' dir='ltr'>quod</span> <span class='ocrx_word' id='word_1_629' title='bbox 2055 1460 2087 1485; x_wconf 89' lang='lat' dir='ltr'>et</span> <span class='ocrx_word' id='word_1_630' title='bbox 2101 1453 2210 1495; x_wconf 78' lang='lat' dir='ltr'>nigrae</span> <span class='ocrx_word' id='word_1_631' title='bbox 2230 1452 2315 1486; x_wconf 87' lang='lat' dir='ltr'>fiunt</span> <span class='ocrx_word' id='word_1_632' title='bbox 2329 1454 2439 1487; x_wconf 81' lang='lat' dir='ltr'>colore</span> <span class='ocrx_word' id='word_1_633' title='bbox 2458 1453 2522 1489; x_wconf 74' lang='lat' dir='ltr'>hae</span> 
     </span>
     <span class='ocr_line' id='line_1_80' title="bbox 1510 1497 2520 1541; baseline 0.003 -13"><span class='ocrx_word' id='word_1_634' title='bbox 1510 1497 1648 1538; x_wconf 85' lang='lat' dir='ltr'>maxime</span> <span class='ocrx_word' id='word_1_635' title='bbox 1672 1497 1750 1529; x_wconf 78' lang='lat' dir='ltr'>aliis.</span> <span class='ocrx_word' id='word_1_636' title='bbox 1771 1497 1859 1529; x_wconf 89' lang='lat' dir='ltr'>Cum</span> <span class='ocrx_word' id='word_1_637' title='bbox 1882 1505 1990 1530; x_wconf 87' lang='lat' dir='ltr'>autem</span> <span class='ocrx_word' id='word_1_638' title='bbox 2013 1498 2198 1537; x_wconf 82' lang='lat' dir='ltr'>detrahitur,</span> <span class='ocrx_word' id='word_1_639' title='bbox 2219 1497 2350 1539; x_wconf 70' lang='lat' dir='ltr'>spiritus</span> <span class='ocrx_word' id='word_1_640' title='bbox 2370 1498 2520 1541; x_wconf 65' lang='lat' dir='ltr'>siguum:</span> 
     </span>
     <span class='ocr_line' id='line_1_81' title="bbox 1511 1541 2523 1584; baseline 0.004 -11"><span class='ocrx_word' id='word_1_641' title='bbox 1511 1542 1626 1573; x_wconf 89' lang='lat' dir='ltr'>divisio</span> <span class='ocrx_word' id='word_1_642' title='bbox 1642 1541 1729 1573; x_wconf 88' lang='lat' dir='ltr'>enim</span> <span class='ocrx_word' id='word_1_643' title='bbox 1751 1552 1771 1573; x_wconf 89' lang='lat' dir='ltr'>a</span> <span class='ocrx_word' id='word_1_644' title='bbox 1792 1541 1904 1583; x_wconf 87' lang='lat' dir='ltr'>spiritu</span> <span class='ocrx_word' id='word_1_645' title='bbox 1925 1542 2007 1574; x_wconf 81' lang='lat' dir='ltr'>facta</span> <span class='ocrx_word' id='word_1_646' title='bbox 2029 1550 2088 1582; x_wconf 86' lang='lat' dir='ltr'>est,</span> <span class='ocrx_word' id='word_1_647' title='bbox 2103 1542 2169 1574; x_wconf 79' lang='lat' dir='ltr'>iam</span> <span class='ocrx_word' id='word_1_648' title='bbox 2184 1542 2318 1584; x_wconf 82' lang='lat' dir='ltr'>quidem</span> <span class='ocrx_word' id='word_1_649' title='bbox 2339 1549 2424 1584; x_wconf 82' lang='lat' dir='ltr'>ente,</span> <span class='ocrx_word' id='word_1_650' title='bbox 2438 1553 2523 1577; x_wconf 71' lang='lat' dir='ltr'>non-</span> 
     </span>
     <span class='ocr_line' id='line_1_82' title="bbox 1511 1587 2523 1628; baseline 0.003 -10"><span class='ocrx_word' id='word_1_651' title='bbox 1511 1587 1592 1618; x_wconf 90' lang='lat' dir='ltr'>dum</span> <span class='ocrx_word' id='word_1_652' title='bbox 1614 1593 1723 1618; x_wconf 88' lang='lat' dir='ltr'>autem</span> <span class='ocrx_word' id='word_1_653' title='bbox 1745 1593 1920 1628; x_wconf 77' lang='lat' dir='ltr'>praesente.</span> <span class='ocrx_word' id='word_1_654' title='bbox 1943 1587 2080 1628; x_wconf 85' lang='lat' dir='ltr'>Signum</span> <span class='ocrx_word' id='word_1_655' title='bbox 2102 1593 2212 1619; x_wconf 89' lang='lat' dir='ltr'>autem</span> <span class='ocrx_word' id='word_1_656' title='bbox 2234 1587 2332 1619; x_wconf 83' lang='lat' dir='ltr'>huius</span> <span class='ocrx_word' id='word_1_657' title='bbox 2377 1587 2523 1625; x_wconf 66' lang='lat' dir='ltr'>nichita</span> 
     </span>
     <span class='ocr_line' id='line_1_83' title="bbox 1511 1630 2521 1673; baseline 0.004 -11"><span class='ocrx_word' id='word_1_658' title='bbox 1511 1631 1548 1663; x_wconf 90' lang='lat' dir='ltr'>fit</span> <span class='ocrx_word' id='word_1_659' title='bbox 1561 1638 1688 1671; x_wconf 87' lang='lat' dir='ltr'>ventus,</span> <span class='ocrx_word' id='word_1_660' title='bbox 1700 1631 1928 1673; x_wconf 88' lang='lat' dir='ltr'>undecumque</span> <span class='ocrx_word' id='word_1_661' title='bbox 1943 1631 2127 1673; x_wconf 78' lang='lat' dir='ltr'>principalis</span> <span class='ocrx_word' id='word_1_662' title='bbox 2141 1631 2224 1663; x_wconf 86' lang='lat' dir='ltr'>facta</span> <span class='ocrx_word' id='word_1_663' title='bbox 2239 1630 2335 1664; x_wconf 84' lang='lat' dir='ltr'>fuerit</span> <span class='ocrx_word' id='word_1_664' title='bbox 2348 1632 2521 1666; x_wconf 64' lang='lat' dir='ltr'>dim-etio.</span> 
     </span>
     <span class='ocr_line' id='line_1_84' title="bbox 1512 1675 2523 1719; baseline 0.003 -11"><span class='ocrx_word' id='word_1_665' title='bbox 1512 1675 1700 1708; x_wconf 86' lang='lat' dir='ltr'>Marcefacta</span> <span class='ocrx_word' id='word_1_666' title='bbox 1722 1683 1849 1715; x_wconf 87' lang='lat' dir='ltr'>autem,</span> <span class='ocrx_word' id='word_1_667' title='bbox 1874 1676 2065 1708; x_wconf 83' lang='lat' dir='ltr'>serenitatis:</span> <span class='ocrx_word' id='word_1_668' title='bbox 2090 1676 2118 1708; x_wconf 87' lang='lat' dir='ltr'>si</span> <span class='ocrx_word' id='word_1_669' title='bbox 2141 1675 2230 1708; x_wconf 85' lang='lat' dir='ltr'>enim</span> <span class='ocrx_word' id='word_1_670' title='bbox 2258 1685 2327 1708; x_wconf 91' lang='lat' dir='ltr'>non</span> <span class='ocrx_word' id='word_1_671' title='bbox 2348 1683 2523 1719; x_wconf 62' lang='lat' dir='ltr'>poam</span> 
     </span>
     <span class='ocr_line' id='line_1_85' title="bbox 1513 1720 2522 1762; baseline 0.004 -11"><span class='ocrx_word' id='word_1_672' title='bbox 1513 1720 1686 1762; x_wconf 87' lang='lat' dir='ltr'>aequaliter</span> <span class='ocrx_word' id='word_1_673' title='bbox 1699 1720 1743 1752; x_wconf 85' lang='lat' dir='ltr'>sic</span> <span class='ocrx_word' id='word_1_674' title='bbox 1758 1730 1812 1752; x_wconf 87' lang='lat' dir='ltr'>aer</span> <span class='ocrx_word' id='word_1_675' title='bbox 1834 1727 1871 1752; x_wconf 91' lang='lat' dir='ltr'>ut</span> <span class='ocrx_word' id='word_1_676' title='bbox 1892 1720 2050 1752; x_wconf 84' lang='lat' dir='ltr'>obtineret</span> <span class='ocrx_word' id='word_1_677' title='bbox 2066 1721 2280 1762; x_wconf 85' lang='lat' dir='ltr'>interceptum</span> <span class='ocrx_word' id='word_1_678' title='bbox 2295 1720 2448 1761; x_wconf 77' lang='lat' dir='ltr'>calidum,</span> <span class='ocrx_word' id='word_1_679' title='bbox 2465 1731 2522 1755; x_wconf 73' lang='lat' dir='ltr'>ne-</span> 
     </span>
     <span class='ocr_line' id='line_1_86' title="bbox 1511 1764 2523 1808; baseline 0.004 -12"><span class='ocrx_word' id='word_1_680' title='bbox 1511 1775 1575 1807; x_wconf 93' lang='lat' dir='ltr'>que</span> <span class='ocrx_word' id='word_1_681' title='bbox 1591 1765 1712 1797; x_wconf 86' lang='lat' dir='ltr'>veniret</span> <span class='ocrx_word' id='word_1_682' title='bbox 1726 1764 1760 1796; x_wconf 89' lang='lat' dir='ltr'>in</span> <span class='ocrx_word' id='word_1_683' title='bbox 1778 1764 2039 1806; x_wconf 85' lang='lat' dir='ltr'>inspissationem</span> <span class='ocrx_word' id='word_1_684' title='bbox 2053 1774 2222 1807; x_wconf 79' lang='lat' dir='ltr'>aquosam,</span> <span class='ocrx_word' id='word_1_685' title='bbox 2238 1765 2348 1806; x_wconf 84' lang='lat' dir='ltr'>palam</span> <span class='ocrx_word' id='word_1_686' title='bbox 2369 1765 2463 1808; x_wconf 74' lang='lat' dir='ltr'>quod</span> <span class='ocrx_word' id='word_1_687' title='bbox 2474 1765 2523 1799; x_wconf 74' lang='lat' dir='ltr'>sic</span> 
     </span>
     <span class='ocr_line' id='line_1_87' title="bbox 1511 1808 2522 1851; baseline 0.003 -11"><span class='ocrx_word' id='word_1_688' title='bbox 1511 1819 1613 1851; x_wconf 89' lang='lat' dir='ltr'>vapor</span> <span class='ocrx_word' id='word_1_689' title='bbox 1628 1817 1810 1851; x_wconf 83' lang='lat' dir='ltr'>segregatus</span> <span class='ocrx_word' id='word_1_690' title='bbox 1832 1816 1879 1842; x_wconf 89' lang='lat' dir='ltr'>est</span> <span class='ocrx_word' id='word_1_691' title='bbox 1893 1809 1932 1841; x_wconf 92' lang='lat' dir='ltr'>ab</span> <span class='ocrx_word' id='word_1_692' title='bbox 1948 1809 2148 1842; x_wconf 72' lang='lat' dir='ltr'>exhalatione</span> <span class='ocrx_word' id='word_1_693' title='bbox 2170 1808 2253 1840; x_wconf 83' lang='lat' dir='ltr'>sicca</span> <span class='ocrx_word' id='word_1_694' title='bbox 2275 1816 2307 1842; x_wconf 89' lang='lat' dir='ltr'>et</span> <span class='ocrx_word' id='word_1_695' title='bbox 2323 1809 2438 1851; x_wconf 57' lang='grc' dir='ltr'>ἔμω,</span> <span class='ocrx_word' id='word_1_696' title='bbox 2455 1809 2522 1846; x_wconf 60' lang='lat' dir='ltr'>Boc</span> 
     </span>
     <span class='ocr_line' id='line_1_88' title="bbox 1512 1853 2523 1896; baseline 0.002 -11"><span class='ocrx_word' id='word_1_697' title='bbox 1512 1861 1621 1886; x_wconf 86' lang='lat' dir='ltr'>autem</span> <span class='ocrx_word' id='word_1_698' title='bbox 1630 1854 1757 1895; x_wconf 86' lang='lat' dir='ltr'>pulchri</span> <span class='ocrx_word' id='word_1_699' title='bbox 1773 1854 1927 1896; x_wconf 88' lang='lat' dir='ltr'>temporis</span> <span class='ocrx_word' id='word_1_700' title='bbox 1939 1854 2079 1896; x_wconf 80' lang='lat' dir='ltr'>signum.</span> <span class='ocrx_word' id='word_1_701' title='bbox 2090 1853 2271 1893; x_wconf 86' lang='lat' dir='ltr'>Quomodo</span> <span class='ocrx_word' id='word_1_702' title='bbox 2281 1853 2415 1896; x_wconf 82' lang='lat' dir='ltr'>quidem</span> <span class='ocrx_word' id='word_1_703' title='bbox 2423 1853 2523 1896; x_wconf 62' lang='lat' dir='ltr'>igitur</span> 
     </span>
     <span class='ocr_line' id='line_1_89' title="bbox 1512 1898 2252 1939; baseline -0.001 -9"><span class='ocrx_word' id='word_1_704' title='bbox 1512 1909 1546 1930; x_wconf 89' lang='lat' dir='ltr'>se</span> <span class='ocrx_word' id='word_1_705' title='bbox 1569 1899 1704 1930; x_wconf 84' lang='lat' dir='ltr'>habente</span> <span class='ocrx_word' id='word_1_706' title='bbox 1727 1908 1798 1931; x_wconf 88' lang='lat' dir='ltr'>aere</span> <span class='ocrx_word' id='word_1_707' title='bbox 1813 1898 1850 1930; x_wconf 88' lang='lat' dir='ltr'>fit</span> <span class='ocrx_word' id='word_1_708' title='bbox 1872 1898 2029 1939; x_wconf 73' lang='lat' dir='ltr'>retractio,</span> <span class='ocrx_word' id='word_1_709' title='bbox 2048 1898 2172 1931; x_wconf 90' lang='lat' dir='ltr'>dictum</span> <span class='ocrx_word' id='word_1_710' title='bbox 2194 1905 2252 1930; x_wconf 80' lang='lat' dir='ltr'>est.</span> 
     </span>
    </p>
   </div>
   <div class='ocr_carea' id='block_1_19' title="bbox 1446 2030 2524 2073">
    <p class='ocr_par' dir='ltr' id='par_1_19' title="bbox 1446 2030 2524 2073">
     <span class='ocr_line' id='line_1_90' title="bbox 1446 2030 2524 2073; baseline 0 -9"><span class='ocrx_word' id='word_1_711' title='bbox 1446 2031 1650 2073; x_wconf 83' lang='lat' dir='ltr'>Refrangitur</span> <span class='ocrx_word' id='word_1_712' title='bbox 1672 2038 1782 2064; x_wconf 87' lang='lat' dir='ltr'>autem</span> <span class='ocrx_word' id='word_1_713' title='bbox 1805 2042 1822 2063; x_wconf 87' lang='lat' dir='ltr'>a</span> <span class='ocrx_word' id='word_1_714' title='bbox 1846 2031 2038 2064; x_wconf 87' lang='lat' dir='ltr'>consistente</span> <span class='ocrx_word' id='word_1_715' title='bbox 2061 2031 2194 2073; x_wconf 80' lang='lat' dir='ltr'>caligine</span> <span class='ocrx_word' id='word_1_716' title='bbox 2217 2030 2299 2063; x_wconf 80' lang='lat' dir='ltr'>cirea</span> <span class='ocrx_word' id='word_1_717' title='bbox 2321 2031 2452 2072; x_wconf 64' lang='lat' dir='ltr'>solem,</span> <span class='ocrx_word' id='word_1_718' title='bbox 2465 2037 2524 2067; x_wconf 77' lang='lat' dir='ltr'>aut</span> 
     </span>
    </p>
   </div>
   <div class='ocr_carea' id='block_1_20' title="bbox 1511 2074 2522 2163">
    <p class='ocr_par' dir='ltr' id='par_1_20' title="bbox 1511 2074 2522 2163">
     <span class='ocr_line' id='line_1_91' title="bbox 1511 2074 2522 2118; baseline 0.001 -10"><span class='ocrx_word' id='word_1_719' title='bbox 1511 2077 1624 2109; x_wconf 88' lang='lat' dir='ltr'>lunam</span> <span class='ocrx_word' id='word_1_720' title='bbox 1645 2076 1748 2108; x_wconf 84' lang='lat' dir='ltr'>visus:</span> <span class='ocrx_word' id='word_1_721' title='bbox 1772 2083 1904 2118; x_wconf 87' lang='lat' dir='ltr'>propter</span> <span class='ocrx_word' id='word_1_722' title='bbox 1927 2077 2018 2118; x_wconf 92' lang='lat' dir='ltr'>quod</span> <span class='ocrx_word' id='word_1_723' title='bbox 2040 2087 2108 2108; x_wconf 90' lang='lat' dir='ltr'>non</span> <span class='ocrx_word' id='word_1_724' title='bbox 2129 2087 2168 2109; x_wconf 86' lang='lat' dir='ltr'>ex</span> <span class='ocrx_word' id='word_1_725' title='bbox 2186 2075 2341 2118; x_wconf 75' lang='lat' dir='ltr'>opposito</span> <span class='ocrx_word' id='word_1_726' title='bbox 2362 2075 2447 2109; x_wconf 70' lang='lat' dir='ltr'>sieut</span> <span class='ocrx_word' id='word_1_727' title='bbox 2466 2074 2522 2109; x_wconf 72' lang='lat' dir='ltr'>itis</span> 
     </span>
     <span class='ocr_line' id='line_1_92' title="bbox 1513 2127 1653 2163; baseline 0 -10"><span class='ocrx_word' id='word_1_728' title='bbox 1513 2127 1653 2163; x_wconf 85' lang='lat' dir='ltr'>apparet.</span> 
     </span>
    </p>
   </div>
   <div class='ocr_carea' id='block_1_21' title="bbox 1445 2164 2524 2208">
    <p class='ocr_par' dir='ltr' id='par_1_21' title="bbox 1445 2164 2524 2208">
     <span class='ocr_line' id='line_1_93' title="bbox 1445 2164 2524 2208; baseline 0 -9"><span class='ocrx_word' id='word_1_729' title='bbox 1445 2166 1596 2208; x_wconf 84' lang='lat' dir='ltr'>Undique</span> <span class='ocrx_word' id='word_1_730' title='bbox 1620 2171 1728 2198; x_wconf 89' lang='lat' dir='ltr'>autem</span> <span class='ocrx_word' id='word_1_731' title='bbox 1744 2165 1888 2198; x_wconf 88' lang='lat' dir='ltr'>similiter</span> <span class='ocrx_word' id='word_1_732' title='bbox 1904 2165 2040 2198; x_wconf 82' lang='lat' dir='ltr'>refracto</span> <span class='ocrx_word' id='word_1_733' title='bbox 2054 2175 2182 2198; x_wconf 84' lang='lat' dir='ltr'>necesse</span> <span class='ocrx_word' id='word_1_734' title='bbox 2193 2164 2351 2197; x_wconf 80' lang='lat' dir='ltr'>circulum</span> <span class='ocrx_word' id='word_1_735' title='bbox 2371 2174 2452 2205; x_wconf 78' lang='lat' dir='ltr'>esse,</span> <span class='ocrx_word' id='word_1_736' title='bbox 2466 2170 2524 2199; x_wconf 75' lang='lat' dir='ltr'>ant</span> 
     </span>
    </p>
   </div>
   <div class='ocr_carea' id='block_1_22' title="bbox 1512 2209 2525 2831">
    <p class='ocr_par' dir='ltr' id='par_1_22' title="bbox 1512 2209 2525 2520">
     <span class='ocr_line' id='line_1_94' title="bbox 1513 2209 2525 2252; baseline 0.001 -10"><span class='ocrx_word' id='word_1_737' title='bbox 1513 2210 1622 2243; x_wconf 86' lang='lat' dir='ltr'>circuli</span> <span class='ocrx_word' id='word_1_738' title='bbox 1644 2217 1784 2252; x_wconf 86' lang='lat' dir='ltr'>partem:</span> <span class='ocrx_word' id='word_1_739' title='bbox 1809 2211 1850 2242; x_wconf 88' lang='lat' dir='ltr'>ab</span> <span class='ocrx_word' id='word_1_740' title='bbox 1866 2211 1983 2242; x_wconf 88' lang='lat' dir='ltr'>eodem</span> <span class='ocrx_word' id='word_1_741' title='bbox 2005 2210 2093 2242; x_wconf 88' lang='lat' dir='ltr'>enim</span> <span class='ocrx_word' id='word_1_742' title='bbox 2111 2210 2203 2252; x_wconf 81' lang='lat' dir='ltr'>signo</span> <span class='ocrx_word' id='word_1_743' title='bbox 2227 2209 2268 2241; x_wconf 89' lang='lat' dir='ltr'>ad</span> <span class='ocrx_word' id='word_1_744' title='bbox 2283 2209 2372 2242; x_wconf 84' lang='lat' dir='ltr'>idem</span> <span class='ocrx_word' id='word_1_745' title='bbox 2393 2209 2525 2251; x_wconf 72' lang='lat' dir='ltr'>signum</span> 
     </span>
     <span class='ocr_line' id='line_1_95' title="bbox 1513 2252 2525 2297; baseline 0 -11"><span class='ocrx_word' id='word_1_746' title='bbox 1513 2255 1661 2297; x_wconf 81' lang='lat' dir='ltr'>aequales</span> <span class='ocrx_word' id='word_1_747' title='bbox 1688 2254 1878 2296; x_wconf 73' lang='lat' dir='ltr'>frangentur</span> <span class='ocrx_word' id='word_1_748' title='bbox 1909 2265 2006 2296; x_wconf 89' lang='lat' dir='ltr'>super</span> <span class='ocrx_word' id='word_1_749' title='bbox 2035 2254 2145 2287; x_wconf 87' lang='lat' dir='ltr'>circuli</span> <span class='ocrx_word' id='word_1_750' title='bbox 2176 2254 2295 2287; x_wconf 82' lang='lat' dir='ltr'>lineam</span> <span class='ocrx_word' id='word_1_751' title='bbox 2317 2263 2452 2296; x_wconf 84' lang='lat' dir='ltr'>semper.</span> <span class='ocrx_word' id='word_1_752' title='bbox 2475 2252 2525 2287; x_wconf 72' lang='lat' dir='ltr'>Sit</span> 
     </span>
     <span class='ocr_line' id='line_1_96' title="bbox 1514 2297 2524 2342; baseline -0.001 -10"><span class='ocrx_word' id='word_1_753' title='bbox 1514 2300 1600 2332; x_wconf 89' lang='lat' dir='ltr'>enim</span> <span class='ocrx_word' id='word_1_754' title='bbox 1623 2310 1641 2331; x_wconf 90' lang='lat' dir='ltr'>a</span> <span class='ocrx_word' id='word_1_755' title='bbox 1657 2299 1749 2341; x_wconf 78' lang='lat' dir='ltr'>signo</span> <span class='ocrx_word' id='word_1_756' title='bbox 1772 2299 1805 2331; x_wconf 91' lang='lat' dir='ltr'>in</span> <span class='ocrx_word' id='word_1_757' title='bbox 1821 2310 1888 2342; x_wconf 91' lang='lat' dir='ltr'>quo</span> <span class='ocrx_word' id='word_1_758' title='bbox 1912 2302 1942 2332; x_wconf 83' lang='lat' dir='ltr'>A</span> <span class='ocrx_word' id='word_1_759' title='bbox 1965 2299 2006 2331; x_wconf 88' lang='lat' dir='ltr'>ad</span> <span class='ocrx_word' id='word_1_760' title='bbox 2020 2299 2047 2332; x_wconf 88' lang='lat' dir='ltr'>B</span> <span class='ocrx_word' id='word_1_761' title='bbox 2071 2299 2167 2331; x_wconf 84' lang='lat' dir='ltr'>fracta</span> <span class='ocrx_word' id='word_1_762' title='bbox 2189 2309 2274 2341; x_wconf 86' lang='lat' dir='ltr'>quae</span> <span class='ocrx_word' id='word_1_763' title='bbox 2287 2297 2376 2331; x_wconf 84' lang='lat' dir='ltr'>AGB</span> <span class='ocrx_word' id='word_1_764' title='bbox 2394 2305 2427 2331; x_wconf 90' lang='lat' dir='ltr'>et</span> <span class='ocrx_word' id='word_1_765' title='bbox 2439 2307 2524 2341; x_wconf 80' lang='lat' dir='ltr'>quae</span> 
     </span>
     <span class='ocr_line' id='line_1_97' title="bbox 1512 2341 2522 2386; baseline -0.001 -10"><span class='ocrx_word' id='word_1_766' title='bbox 1512 2345 1595 2376; x_wconf 87' lang='grc' dir='ltr'>ΑΖΒ</span> <span class='ocrx_word' id='word_1_767' title='bbox 1618 2351 1650 2376; x_wconf 90' lang='lat' dir='ltr'>et</span> <span class='ocrx_word' id='word_1_768' title='bbox 1671 2354 1754 2386; x_wconf 90' lang='lat' dir='ltr'>quae</span> <span class='ocrx_word' id='word_1_769' title='bbox 1776 2344 1883 2385; x_wconf 87' lang='lat' dir='ltr'>ADB;</span> <span class='ocrx_word' id='word_1_770' title='bbox 1906 2343 2055 2386; x_wconf 78' lang='lat' dir='ltr'>aequales</span> <span class='ocrx_word' id='word_1_771' title='bbox 2077 2350 2187 2376; x_wconf 87' lang='lat' dir='ltr'>autem</span> <span class='ocrx_word' id='word_1_772' title='bbox 2209 2343 2270 2375; x_wconf 87' lang='lat' dir='ltr'>hae</span> <span class='ocrx_word' id='word_1_773' title='bbox 2290 2342 2364 2383; x_wconf 76' lang='lat' dir='ltr'>AG,</span> <span class='ocrx_word' id='word_1_774' title='bbox 2378 2342 2446 2383; x_wconf 76' lang='grc' dir='ltr'>ΑΖ,</span> <span class='ocrx_word' id='word_1_775' title='bbox 2460 2341 2522 2382; x_wconf 73' lang='lat' dir='ltr'>AD</span> 
     </span>
     <span class='ocr_line' id='line_1_98' title="bbox 1514 2386 2524 2430; baseline 0 -10"><span class='ocrx_word' id='word_1_776' title='bbox 1514 2389 1708 2420; x_wconf 82' lang='lat' dir='ltr'>adinvicem:</span> <span class='ocrx_word' id='word_1_777' title='bbox 1729 2396 1858 2430; x_wconf 85' lang='lat' dir='ltr'>et·quae</span> <span class='ocrx_word' id='word_1_778' title='bbox 1874 2389 1915 2420; x_wconf 88' lang='lat' dir='ltr'>ad</span> <span class='ocrx_word' id='word_1_779' title='bbox 1930 2389 1956 2420; x_wconf 92' lang='lat' dir='ltr'>B</span> <span class='ocrx_word' id='word_1_780' title='bbox 1971 2388 2119 2428; x_wconf 87' lang='lat' dir='ltr'>invicem,</span> <span class='ocrx_word' id='word_1_781' title='bbox 2136 2395 2215 2430; x_wconf 86' lang='lat' dir='ltr'>puta</span> <span class='ocrx_word' id='word_1_782' title='bbox 2235 2387 2302 2428; x_wconf 91' lang='lat' dir='ltr'>GB,</span> <span class='ocrx_word' id='word_1_783' title='bbox 2317 2387 2382 2427; x_wconf 83' lang='lat' dir='ltr'>ZB,</span> <span class='ocrx_word' id='word_1_784' title='bbox 2397 2387 2465 2420; x_wconf 85' lang='lat' dir='ltr'>DB.</span> <span class='ocrx_word' id='word_1_785' title='bbox 2481 2386 2524 2420; x_wconf 83' lang='lat' dir='ltr'>Et</span> 
     </span>
     <span class='ocr_line' id='line_1_99' title="bbox 1514 2431 2466 2475; baseline -0.001 -10"><span class='ocrx_word' id='word_1_786' title='bbox 1514 2433 1716 2475; x_wconf 86' lang='lat' dir='ltr'>protrahatur</span> <span class='ocrx_word' id='word_1_787' title='bbox 1730 2434 1826 2473; x_wconf 85' lang='grc' dir='ltr'>ΑΕΒ,</span> <span class='ocrx_word' id='word_1_788' title='bbox 1850 2443 1948 2475; x_wconf 88' lang='lat' dir='ltr'>quare</span> <span class='ocrx_word' id='word_1_789' title='bbox 1971 2433 2088 2474; x_wconf 81' lang='lat' dir='ltr'>trigoni</span> <span class='ocrx_word' id='word_1_790' title='bbox 2104 2432 2270 2475; x_wconf 86' lang='lat' dir='ltr'>aequales:</span> <span class='ocrx_word' id='word_1_791' title='bbox 2294 2431 2414 2464; x_wconf 84' lang='lat' dir='ltr'>etenim</span> <span class='ocrx_word' id='word_1_792' title='bbox 2426 2441 2466 2464; x_wconf 73' lang='lat' dir='ltr'>su</span> 
     </span>
     <span class='ocr_line' id='line_1_100' title="bbox 1514 2475 2492 2520; baseline -0.001 -11"><span class='ocrx_word' id='word_1_793' title='bbox 1514 2478 1682 2520; x_wconf 87' lang='lat' dir='ltr'>aequalem</span> <span class='ocrx_word' id='word_1_794' title='bbox 1697 2478 1782 2509; x_wconf 81' lang='grc' dir='ltr'>ΑΕΒ</span> <span class='ocrx_word' id='word_1_795' title='bbox 1794 2485 1802 2509; x_wconf 90' lang='lat'>:</span> <span class='ocrx_word' id='word_1_796' title='bbox 1819 2478 1977 2509; x_wconf 88' lang='lat' dir='ltr'>ducantur</span> <span class='ocrx_word' id='word_1_797' title='bbox 1990 2484 2099 2509; x_wconf 88' lang='lat' dir='ltr'>autem</span> <span class='ocrx_word' id='word_1_798' title='bbox 2110 2476 2225 2509; x_wconf 86' lang='lat' dir='ltr'>catheti</span> <span class='ocrx_word' id='word_1_799' title='bbox 2236 2476 2322 2508; x_wconf 83' lang='grc' dir='ltr'>ΑΕΒ</span> <span class='ocrx_word' id='word_1_800' title='bbox 2333 2485 2372 2508; x_wconf 77' lang='lat' dir='ltr'>ex</span> <span class='ocrx_word' id='word_1_801' title='bbox 2484 2475 2492 2483; x_wconf 90' lang='grc'><em>“</em></span> 
     </span>
    </p>

    <p class='ocr_par' dir='ltr' id='par_1_23' title="bbox 1513 2519 2524 2831">
     <span class='ocr_line' id='line_1_101' title="bbox 1514 2519 2523 2564; baseline -0.002 -10"><span class='ocrx_word' id='word_1_802' title='bbox 1514 2533 1533 2554; x_wconf 92' lang='lat' dir='ltr'>a</span> <span class='ocrx_word' id='word_1_803' title='bbox 1545 2522 1574 2554; x_wconf 93' lang='lat' dir='ltr'>G</span> <span class='ocrx_word' id='word_1_804' title='bbox 1590 2522 1722 2564; x_wconf 88' lang='lat' dir='ltr'>quidem</span> <span class='ocrx_word' id='word_1_805' title='bbox 1734 2522 1803 2561; x_wconf 93' lang='lat' dir='ltr'>GE,</span> <span class='ocrx_word' id='word_1_806' title='bbox 1817 2532 1835 2553; x_wconf 93' lang='lat' dir='ltr'>a</span> <span class='ocrx_word' id='word_1_807' title='bbox 1846 2523 1870 2554; x_wconf 95' lang='lat' dir='ltr'>Z</span> <span class='ocrx_word' id='word_1_808' title='bbox 1887 2529 1996 2554; x_wconf 86' lang='lat' dir='ltr'>autem</span> <span class='ocrx_word' id='word_1_809' title='bbox 2007 2522 2071 2561; x_wconf 87' lang='lat' dir='ltr'>ZE,</span> <span class='ocrx_word' id='word_1_810' title='bbox 2083 2531 2102 2552; x_wconf 88' lang='lat' dir='ltr'>a</span> <span class='ocrx_word' id='word_1_811' title='bbox 2113 2521 2142 2553; x_wconf 94' lang='lat' dir='ltr'>D</span> <span class='ocrx_word' id='word_1_812' title='bbox 2158 2528 2267 2553; x_wconf 86' lang='lat' dir='ltr'>autem</span> <span class='ocrx_word' id='word_1_813' title='bbox 2281 2521 2351 2553; x_wconf 87' lang='lat' dir='ltr'>DE.</span> <span class='ocrx_word' id='word_1_814' title='bbox 2361 2519 2523 2563; x_wconf 78' lang='lat' dir='ltr'>Aequales</span> 
     </span>
     <span class='ocr_line' id='line_1_102' title="bbox 1513 2564 2523 2608; baseline -0.001 -10"><span class='ocrx_word' id='word_1_815' title='bbox 1513 2567 1620 2608; x_wconf 89' lang='lat' dir='ltr'>itaque</span> <span class='ocrx_word' id='word_1_816' title='bbox 1635 2566 1711 2605; x_wconf 89' lang='lat' dir='ltr'>hae;</span> <span class='ocrx_word' id='word_1_817' title='bbox 1727 2566 1760 2598; x_wconf 89' lang='lat' dir='ltr'>in</span> <span class='ocrx_word' id='word_1_818' title='bbox 1774 2566 1960 2608; x_wconf 86' lang='lat' dir='ltr'>aequalibus</span> <span class='ocrx_word' id='word_1_819' title='bbox 1973 2566 2060 2597; x_wconf 90' lang='lat' dir='ltr'>enim</span> <span class='ocrx_word' id='word_1_820' title='bbox 2076 2565 2240 2606; x_wconf 79' lang='lat' dir='ltr'>triangulis</span> <span class='ocrx_word' id='word_1_821' title='bbox 2252 2572 2283 2597; x_wconf 91' lang='lat' dir='ltr'>et</span> <span class='ocrx_word' id='word_1_822' title='bbox 2297 2564 2332 2597; x_wconf 90' lang='lat' dir='ltr'>in</span> <span class='ocrx_word' id='word_1_823' title='bbox 2343 2575 2411 2597; x_wconf 86' lang='lat' dir='ltr'>uno</span> <span class='ocrx_word' id='word_1_824' title='bbox 2423 2564 2523 2606; x_wconf 87' lang='lat' dir='ltr'>plano</span> 
     </span>
     <span class='ocr_line' id='line_1_103' title="bbox 1514 2609 2524 2652; baseline 0 -10"><span class='ocrx_word' id='word_1_825' title='bbox 1514 2618 1642 2643; x_wconf 89' lang='lat' dir='ltr'>omnes:</span> <span class='ocrx_word' id='word_1_826' title='bbox 1659 2611 1700 2642; x_wconf 89' lang='lat' dir='ltr'>ad</span> <span class='ocrx_word' id='word_1_827' title='bbox 1712 2618 1835 2642; x_wconf 90' lang='lat' dir='ltr'>rectum</span> <span class='ocrx_word' id='word_1_828' title='bbox 1851 2610 1937 2642; x_wconf 91' lang='lat' dir='ltr'>enim</span> <span class='ocrx_word' id='word_1_829' title='bbox 1950 2620 2063 2642; x_wconf 89' lang='lat' dir='ltr'>omnes</span> <span class='ocrx_word' id='word_1_830' title='bbox 2075 2610 2104 2642; x_wconf 88' lang='lat' dir='ltr'>ei</span> <span class='ocrx_word' id='word_1_831' title='bbox 2116 2620 2198 2652; x_wconf 87' lang='lat' dir='ltr'>quae</span> <span class='ocrx_word' id='word_1_832' title='bbox 2213 2610 2310 2650; x_wconf 83' lang='grc' dir='ltr'>ΑΕΒ,</span> <span class='ocrx_word' id='word_1_833' title='bbox 2323 2616 2355 2642; x_wconf 89' lang='lat' dir='ltr'>et</span> <span class='ocrx_word' id='word_1_834' title='bbox 2363 2609 2405 2642; x_wconf 85' lang='lat' dir='ltr'>ad</span> <span class='ocrx_word' id='word_1_835' title='bbox 2419 2618 2524 2642; x_wconf 77' lang='lat' dir='ltr'>unum</span> 
     </span>
     <span class='ocr_line' id='line_1_104' title="bbox 1514 2654 2524 2697; baseline -0.001 -10"><span class='ocrx_word' id='word_1_836' title='bbox 1514 2656 1642 2696; x_wconf 86' lang='lat' dir='ltr'>signum</span> <span class='ocrx_word' id='word_1_837' title='bbox 1658 2655 1685 2686; x_wconf 86' lang='lat' dir='ltr'>E</span> <span class='ocrx_word' id='word_1_838' title='bbox 1701 2655 1902 2697; x_wconf 86' lang='lat' dir='ltr'>copulantur.</span> <span class='ocrx_word' id='word_1_839' title='bbox 1917 2655 2066 2687; x_wconf 89' lang='lat' dir='ltr'>Circulus</span> <span class='ocrx_word' id='word_1_840' title='bbox 2077 2654 2173 2695; x_wconf 86' lang='lat' dir='ltr'>igitur</span> <span class='ocrx_word' id='word_1_841' title='bbox 2188 2654 2246 2686; x_wconf 86' lang='lat' dir='ltr'>erit</span> <span class='ocrx_word' id='word_1_842' title='bbox 2261 2654 2434 2696; x_wconf 79' lang='lat' dir='ltr'>descripta:</span> <span class='ocrx_word' id='word_1_843' title='bbox 2453 2663 2524 2686; x_wconf 78' lang='lat' dir='ltr'>cen-</span> 
     </span>
     <span class='ocr_line' id='line_1_105' title="bbox 1514 2697 2523 2741; baseline -0.001 -10"><span class='ocrx_word' id='word_1_844' title='bbox 1514 2707 1600 2732; x_wconf 86' lang='lat' dir='ltr'>trum</span> <span class='ocrx_word' id='word_1_845' title='bbox 1616 2707 1725 2732; x_wconf 89' lang='lat' dir='ltr'>autem</span> <span class='ocrx_word' id='word_1_846' title='bbox 1739 2700 1777 2732; x_wconf 87' lang='lat' dir='ltr'>E.</span> <span class='ocrx_word' id='word_1_847' title='bbox 1794 2700 1851 2732; x_wconf 88' lang='lat' dir='ltr'>Est</span> <span class='ocrx_word' id='word_1_848' title='bbox 1866 2699 1962 2740; x_wconf 84' lang='lat' dir='ltr'>igitur</span> <span class='ocrx_word' id='word_1_849' title='bbox 1976 2700 2002 2731; x_wconf 93' lang='lat' dir='ltr'>B</span> <span class='ocrx_word' id='word_1_850' title='bbox 2025 2699 2158 2741; x_wconf 89' lang='lat' dir='ltr'>quidem</span> <span class='ocrx_word' id='word_1_851' title='bbox 2172 2699 2233 2739; x_wconf 86' lang='lat' dir='ltr'>sol,</span> <span class='ocrx_word' id='word_1_852' title='bbox 2247 2701 2278 2730; x_wconf 87' lang='lat' dir='ltr'>A</span> <span class='ocrx_word' id='word_1_853' title='bbox 2292 2705 2402 2731; x_wconf 88' lang='lat' dir='ltr'>autem</span> <span class='ocrx_word' id='word_1_854' title='bbox 2423 2697 2523 2740; x_wconf 77' lang='lat' dir='ltr'>visus,</span> 
     </span>
     <span class='ocr_line' id='line_1_106' title="bbox 1514 2742 2524 2786; baseline -0.001 -10"><span class='ocrx_word' id='word_1_855' title='bbox 1514 2755 1597 2786; x_wconf 89' lang='lat' dir='ltr'>quae</span> <span class='ocrx_word' id='word_1_856' title='bbox 1612 2752 1720 2776; x_wconf 87' lang='lat' dir='ltr'>autem</span> <span class='ocrx_word' id='word_1_857' title='bbox 1743 2744 1824 2776; x_wconf 89' lang='lat' dir='ltr'>circa</span> <span class='ocrx_word' id='word_1_858' title='bbox 1843 2744 1928 2776; x_wconf 92' lang='lat' dir='ltr'>GZD</span> <span class='ocrx_word' id='word_1_859' title='bbox 1952 2743 2130 2786; x_wconf 85' lang='lat' dir='ltr'>peripheria</span> <span class='ocrx_word' id='word_1_860' title='bbox 2152 2744 2254 2776; x_wconf 89' lang='lat' dir='ltr'>nubes</span> <span class='ocrx_word' id='word_1_861' title='bbox 2277 2753 2296 2775; x_wconf 89' lang='lat' dir='ltr'>a</span> <span class='ocrx_word' id='word_1_862' title='bbox 2318 2753 2384 2786; x_wconf 87' lang='lat' dir='ltr'>qua</span> <span class='ocrx_word' id='word_1_863' title='bbox 2404 2742 2524 2775; x_wconf 82' lang='lat' dir='ltr'>refran-</span> 
     </span>
     <span class='ocr_line' id='line_1_107' title="bbox 1513 2789 1906 2831; baseline 0 -11"><span class='ocrx_word' id='word_1_864' title='bbox 1513 2789 1598 2831; x_wconf 84' lang='lat' dir='ltr'>gitur</span> <span class='ocrx_word' id='word_1_865' title='bbox 1619 2789 1706 2821; x_wconf 87' lang='lat' dir='ltr'>visus</span> <span class='ocrx_word' id='word_1_866' title='bbox 1729 2789 1770 2820; x_wconf 91' lang='lat' dir='ltr'>ad</span> <span class='ocrx_word' id='word_1_867' title='bbox 1793 2789 1906 2821; x_wconf 88' lang='lat' dir='ltr'>solem.</span> 
     </span>
    </p>
   </div>
   <div class='ocr_carea' id='block_1_23' title="bbox 1447 2971 2523 3014">
    <p class='ocr_par' dir='ltr' id='par_1_24' title="bbox 1447 2971 2523 3014">
     <span class='ocr_line' id='line_1_108' title="bbox 1447 2971 2523 3014; baseline -0.001 -10"><span class='ocrx_word' id='word_1_868' title='bbox 1447 2973 1585 3014; x_wconf 91' lang='lat' dir='ltr'>Oportet</span> <span class='ocrx_word' id='word_1_869' title='bbox 1616 2980 1725 3004; x_wconf 88' lang='lat' dir='ltr'>autem</span> <span class='ocrx_word' id='word_1_870' title='bbox 1755 2972 1928 3014; x_wconf 82' lang='lat' dir='ltr'>intelligere</span> <span class='ocrx_word' id='word_1_871' title='bbox 1959 2972 2088 3014; x_wconf 85' lang='lat' dir='ltr'>specula</span> <span class='ocrx_word' id='word_1_872' title='bbox 2112 2972 2283 3011; x_wconf 87' lang='lat' dir='ltr'>continua;</span> <span class='ocrx_word' id='word_1_873' title='bbox 2313 2971 2368 3003; x_wconf 85' lang='lat' dir='ltr'>sed</span> <span class='ocrx_word' id='word_1_874' title='bbox 2392 2976 2523 3014; x_wconf 80' lang='lat' dir='ltr'>propter</span> 
     </span>
    </p>
   </div>
   <div class='ocr_carea' id='block_1_24' title="bbox 1514 3015 2524 3368">
    <p class='ocr_par' dir='ltr' id='par_1_25' title="bbox 1514 3015 2524 3368">
     <span class='ocr_line' id='line_1_109' title="bbox 1514 3015 2523 3061; baseline -0.001 -13"><span class='ocrx_word' id='word_1_875' title='bbox 1514 3017 1701 3058; x_wconf 86' lang='lat' dir='ltr'>parvitatem</span> <span class='ocrx_word' id='word_1_876' title='bbox 1714 3018 1974 3061; x_wconf 88' lang='lat' dir='ltr'>unumquodque</span> <span class='ocrx_word' id='word_1_877' title='bbox 1985 3017 2117 3059; x_wconf 89' lang='lat' dir='ltr'>quidem</span> <span class='ocrx_word' id='word_1_878' title='bbox 2131 3016 2299 3055; x_wconf 83' lang='lat' dir='ltr'>invisibile,</span> <span class='ocrx_word' id='word_1_879' title='bbox 2311 3015 2403 3058; x_wconf 89' lang='lat' dir='ltr'>quod</span> <span class='ocrx_word' id='word_1_880' title='bbox 2412 3022 2523 3052; x_wconf 77' lang='lat' dir='ltr'>autem</span> 
     </span>
     <span class='ocr_line' id='line_1_110' title="bbox 1515 3060 2522 3103; baseline -0.001 -10"><span class='ocrx_word' id='word_1_881' title='bbox 1515 3072 1553 3092; x_wconf 86' lang='lat' dir='ltr'>ex</span> <span class='ocrx_word' id='word_1_882' title='bbox 1569 3061 1720 3093; x_wconf 85' lang='lat' dir='ltr'>omnibus</span> <span class='ocrx_word' id='word_1_883' title='bbox 1744 3072 1848 3093; x_wconf 90' lang='lat' dir='ltr'>unum</span> <span class='ocrx_word' id='word_1_884' title='bbox 1864 3072 1932 3093; x_wconf 90' lang='lat' dir='ltr'>esse</span> <span class='ocrx_word' id='word_1_885' title='bbox 1947 3061 2072 3093; x_wconf 89' lang='lat' dir='ltr'>videtur</span> <span class='ocrx_word' id='word_1_886' title='bbox 2087 3067 2218 3103; x_wconf 90' lang='lat' dir='ltr'>propter</span> <span class='ocrx_word' id='word_1_887' title='bbox 2236 3060 2395 3102; x_wconf 77' lang='lat' dir='ltr'>deinceps.</span> <span class='ocrx_word' id='word_1_888' title='bbox 2411 3062 2522 3102; x_wconf 70' lang='lat' dir='ltr'>App·-</span> 
     </span>
     <span class='ocr_line' id='line_1_111' title="bbox 1515 3103 2523 3148; baseline -0.001 -11"><span class='ocrx_word' id='word_1_889' title='bbox 1515 3113 1562 3137; x_wconf 90' lang='lat' dir='ltr'>ret</span> <span class='ocrx_word' id='word_1_890' title='bbox 1585 3113 1693 3137; x_wconf 88' lang='lat' dir='ltr'>autem</span> <span class='ocrx_word' id='word_1_891' title='bbox 1716 3107 1805 3147; x_wconf 91' lang='lat' dir='ltr'>quod</span> <span class='ocrx_word' id='word_1_892' title='bbox 1821 3106 1954 3148; x_wconf 89' lang='lat' dir='ltr'>quidem</span> <span class='ocrx_word' id='word_1_893' title='bbox 1977 3106 2087 3138; x_wconf 87' lang='lat' dir='ltr'>album</span> <span class='ocrx_word' id='word_1_894' title='bbox 2104 3106 2164 3145; x_wconf 88' lang='lat' dir='ltr'>sol,</span> <span class='ocrx_word' id='word_1_895' title='bbox 2181 3105 2300 3137; x_wconf 91' lang='lat' dir='ltr'>circulo</span> <span class='ocrx_word' id='word_1_896' title='bbox 2317 3104 2473 3137; x_wconf 87' lang='lat' dir='ltr'>continuo</span> <span class='ocrx_word' id='word_1_897' title='bbox 2487 3103 2523 3137; x_wconf 86' lang='lat' dir='ltr'>in</span> 
     </span>
     <span class='ocr_line' id='line_1_112' title="bbox 1516 3149 2522 3192; baseline 0 -11"><span class='ocrx_word' id='word_1_898' title='bbox 1516 3160 1717 3191; x_wconf 91' lang='lat' dir='ltr'>unoquoque</span> <span class='ocrx_word' id='word_1_899' title='bbox 1734 3160 1890 3191; x_wconf 87' lang='lat' dir='ltr'>apparens</span> <span class='ocrx_word' id='word_1_900' title='bbox 1905 3151 2122 3192; x_wconf 88' lang='lat' dir='ltr'>speculorum,</span> <span class='ocrx_word' id='word_1_901' title='bbox 2133 3157 2165 3182; x_wconf 90' lang='lat' dir='ltr'>et</span> <span class='ocrx_word' id='word_1_902' title='bbox 2178 3149 2302 3181; x_wconf 86' lang='lat' dir='ltr'>nullam</span> <span class='ocrx_word' id='word_1_903' title='bbox 2314 3149 2436 3181; x_wconf 79' lang='lat' dir='ltr'>habens</span> <span class='ocrx_word' id='word_1_904' title='bbox 2450 3158 2522 3181; x_wconf 77' lang='lat' dir='ltr'>sen·</span> 
     </span>
     <span class='ocr_line' id='line_1_113' title="bbox 1516 3192 2524 3236; baseline 0.001 -11"><span class='ocrx_word' id='word_1_905' title='bbox 1516 3194 1640 3225; x_wconf 87' lang='lat' dir='ltr'>sibilem</span> <span class='ocrx_word' id='word_1_906' title='bbox 1664 3195 1873 3234; x_wconf 81' lang='lat' dir='ltr'>divisionem,</span> <span class='ocrx_word' id='word_1_907' title='bbox 1896 3205 2006 3226; x_wconf 83' lang='lat' dir='ltr'>versus</span> <span class='ocrx_word' id='word_1_908' title='bbox 2039 3202 2147 3227; x_wconf 87' lang='lat' dir='ltr'>autem</span> <span class='ocrx_word' id='word_1_909' title='bbox 2176 3201 2293 3226; x_wconf 87' lang='lat' dir='ltr'>terram</span> <span class='ocrx_word' id='word_1_910' title='bbox 2315 3193 2416 3235; x_wconf 72' lang='lat' dir='ltr'>magis</span> <span class='ocrx_word' id='word_1_911' title='bbox 2446 3192 2524 3236; x_wconf 73' lang='lat' dir='ltr'>quin</span> 
     </span>
     <span class='ocr_line' id='line_1_114' title="bbox 1515 3237 2522 3280; baseline 0.002 -11"><span class='ocrx_word' id='word_1_912' title='bbox 1515 3238 1704 3280; x_wconf 86' lang='lat' dir='ltr'>tranquillus</span> <span class='ocrx_word' id='word_1_913' title='bbox 1732 3247 1794 3271; x_wconf 87' lang='lat' dir='ltr'>est:</span> <span class='ocrx_word' id='word_1_914' title='bbox 1823 3239 1936 3280; x_wconf 88' lang='lat' dir='ltr'>spiritu</span> <span class='ocrx_word' id='word_1_915' title='bbox 1966 3239 2054 3271; x_wconf 90' lang='lat' dir='ltr'>enim</span> <span class='ocrx_word' id='word_1_916' title='bbox 2083 3239 2233 3270; x_wconf 85' lang='lat' dir='ltr'>existente</span> <span class='ocrx_word' id='word_1_917' title='bbox 2263 3248 2331 3270; x_wconf 89' lang='lat' dir='ltr'>non</span> <span class='ocrx_word' id='word_1_918' title='bbox 2357 3245 2406 3270; x_wconf 85' lang='lat' dir='ltr'>est</span> <span class='ocrx_word' id='word_1_919' title='bbox 2427 3237 2522 3271; x_wconf 71' lang='lat' dir='ltr'>statio</span> 
     </span>
     <span class='ocr_line' id='line_1_115' title="bbox 1516 3281 2522 3324; baseline 0.001 -11"><span class='ocrx_word' id='word_1_920' title='bbox 1516 3283 1693 3315; x_wconf 80' lang='lat' dir='ltr'>manifesta.</span> <span class='ocrx_word' id='word_1_921' title='bbox 1718 3283 1807 3315; x_wconf 88' lang='lat' dir='ltr'>quta</span> <span class='ocrx_word' id='word_1_922' title='bbox 1834 3284 1911 3315; x_wconf 89' lang='lat' dir='ltr'>haec</span> <span class='ocrx_word' id='word_1_923' title='bbox 1932 3291 2040 3316; x_wconf 88' lang='lat' dir='ltr'>autem</span> <span class='ocrx_word' id='word_1_924' title='bbox 2070 3283 2177 3315; x_wconf 87' lang='lat' dir='ltr'>habita</span> <span class='ocrx_word' id='word_1_925' title='bbox 2205 3283 2294 3324; x_wconf 80' lang='lat' dir='ltr'>nigra</span> <span class='ocrx_word' id='word_1_926' title='bbox 2322 3281 2522 3324; x_wconf 70' lang='lat' dir='ltr'>peripheria,</span> 
     </span>
     <span class='ocr_line' id='line_1_116' title="bbox 1516 3327 2270 3368; baseline 0.001 -10"><span class='ocrx_word' id='word_1_927' title='bbox 1516 3335 1647 3368; x_wconf 90' lang='lat' dir='ltr'>propter</span> <span class='ocrx_word' id='word_1_928' title='bbox 1670 3327 1755 3359; x_wconf 91' lang='lat' dir='ltr'>illius</span> <span class='ocrx_word' id='word_1_929' title='bbox 1779 3328 1958 3360; x_wconf 87' lang='lat' dir='ltr'>albedinem</span> <span class='ocrx_word' id='word_1_930' title='bbox 1982 3328 2048 3360; x_wconf 85' lang='lat' dir='ltr'>visa</span> <span class='ocrx_word' id='word_1_931' title='bbox 2071 3335 2119 3359; x_wconf 89' lang='lat' dir='ltr'>est</span> <span class='ocrx_word' id='word_1_932' title='bbox 2141 3327 2270 3368; x_wconf 85' lang='lat' dir='ltr'>nigrior.</span> 
     </span>
    </p>
   </div>
   <div class='ocr_carea' id='block_1_25' title="bbox 1449 3369 2522 3414">
    <p class='ocr_par' dir='ltr' id='par_1_26' title="bbox 1449 3369 2522 3414">
     <span class='ocr_line' id='line_1_117' title="bbox 1449 3369 2522 3414; baseline 0 -12"><span class='ocrx_word' id='word_1_933' title='bbox 1449 3371 1581 3412; x_wconf 86' lang='lat' dir='ltr'>Saepius</span> <span class='ocrx_word' id='word_1_934' title='bbox 1605 3378 1713 3403; x_wconf 86' lang='lat' dir='ltr'>autem</span> <span class='ocrx_word' id='word_1_935' title='bbox 1736 3371 1772 3403; x_wconf 90' lang='lat' dir='ltr'>fit</span> <span class='ocrx_word' id='word_1_936' title='bbox 1794 3372 1869 3403; x_wconf 89' lang='lat' dir='ltr'>halo</span> <span class='ocrx_word' id='word_1_937' title='bbox 1894 3372 1974 3404; x_wconf 82' lang='lat' dir='ltr'>circa</span> <span class='ocrx_word' id='word_1_938' title='bbox 1997 3373 2120 3411; x_wconf 87' lang='lat' dir='ltr'>lunam,</span> <span class='ocrx_word' id='word_1_939' title='bbox 2144 3371 2220 3414; x_wconf 80' lang='lat' dir='ltr'>quia</span> <span class='ocrx_word' id='word_1_940' title='bbox 2243 3371 2294 3403; x_wconf 92' lang='lat' dir='ltr'>sol</span> <span class='ocrx_word' id='word_1_941' title='bbox 2309 3370 2442 3403; x_wconf 84' lang='lat' dir='ltr'>calidior</span> <span class='ocrx_word' id='word_1_942' title='bbox 2459 3369 2522 3403; x_wconf 86' lang='lat' dir='ltr'>exi-</span> 
     </span>
    </p>
   </div>
   <div class='ocr_carea' id='block_1_26' title="bbox 1515 3415 2522 3582">
    <p class='ocr_par' dir='ltr' id='par_1_27' title="bbox 1515 3415 2522 3582">
     <span class='ocr_line' id='line_1_118' title="bbox 1516 3415 2522 3448; baseline 0.001 -2"><span class='ocrx_word' id='word_1_943' title='bbox 1516 3422 1600 3446; x_wconf 90' lang='lat' dir='ltr'>stens</span> <span class='ocrx_word' id='word_1_944' title='bbox 1620 3416 1712 3447; x_wconf 89' lang='lat' dir='ltr'>citius</span> <span class='ocrx_word' id='word_1_945' title='bbox 1736 3416 1880 3448; x_wconf 84' lang='lat' dir='ltr'>dissolvit</span> <span class='ocrx_word' id='word_1_946' title='bbox 1903 3417 2122 3448; x_wconf 85' lang='lat' dir='ltr'>consistentias</span> <span class='ocrx_word' id='word_1_947' title='bbox 2146 3416 2235 3448; x_wconf 79' lang='lat' dir='ltr'>aeris.</span> <span class='ocrx_word' id='word_1_948' title='bbox 2253 3415 2346 3448; x_wconf 88' lang='lat' dir='ltr'>Circa</span> <span class='ocrx_word' id='word_1_949' title='bbox 2369 3422 2452 3447; x_wconf 85' lang='lat' dir='ltr'>astra</span> <span class='ocrx_word' id='word_1_950' title='bbox 2464 3424 2522 3447; x_wconf 80' lang='lat' dir='ltr'>au-</span> 
     </span>
     <span class='ocr_line' id='line_1_119' title="bbox 1515 3457 2521 3502; baseline 0 -11"><span class='ocrx_word' id='word_1_951' title='bbox 1515 3466 1580 3491; x_wconf 90' lang='lat' dir='ltr'>tem</span> <span class='ocrx_word' id='word_1_952' title='bbox 1604 3459 1685 3491; x_wconf 89' lang='lat' dir='ltr'>fiunt</span> <span class='ocrx_word' id='word_1_953' title='bbox 1708 3460 1840 3502; x_wconf 87' lang='lat' dir='ltr'>quidem</span> <span class='ocrx_word' id='word_1_954' title='bbox 1863 3468 1994 3502; x_wconf 89' lang='lat' dir='ltr'>propter</span> <span class='ocrx_word' id='word_1_955' title='bbox 2017 3461 2144 3493; x_wconf 85' lang='lat' dir='ltr'>easdem</span> <span class='ocrx_word' id='word_1_956' title='bbox 2168 3470 2290 3499; x_wconf 83' lang='lat' dir='ltr'>causas,</span> <span class='ocrx_word' id='word_1_957' title='bbox 2313 3470 2380 3491; x_wconf 89' lang='lat' dir='ltr'>non</span> <span class='ocrx_word' id='word_1_958' title='bbox 2403 3457 2521 3500; x_wconf 76' lang='lat' dir='ltr'>signifi-</span> 
     </span>
     <span class='ocr_line' id='line_1_120' title="bbox 1517 3503 2522 3546; baseline 0 -11"><span class='ocrx_word' id='word_1_959' title='bbox 1517 3504 1634 3535; x_wconf 87' lang='lat' dir='ltr'>cativae</span> <span class='ocrx_word' id='word_1_960' title='bbox 1661 3511 1769 3536; x_wconf 87' lang='lat' dir='ltr'>autem</span> <span class='ocrx_word' id='word_1_961' title='bbox 1792 3505 1951 3536; x_wconf 83' lang='lat' dir='ltr'>similiter:</span> <span class='ocrx_word' id='word_1_962' title='bbox 2001 3506 2053 3537; x_wconf 85' lang='lat' dir='ltr'>uia</span> <span class='ocrx_word' id='word_1_963' title='bbox 2075 3515 2187 3546; x_wconf 83' lang='lat' dir='ltr'>parvas</span> <span class='ocrx_word' id='word_1_964' title='bbox 2210 3505 2338 3546; x_wconf 85' lang='lat' dir='ltr'>penitus</span> <span class='ocrx_word' id='word_1_965' title='bbox 2359 3503 2522 3536; x_wconf 80' lang='lat' dir='ltr'>insinuant</span> 
     </span>
     <span class='ocr_line' id='line_1_121' title="bbox 1516 3548 2145 3582; baseline 0.005 -3"><span class='ocrx_word' id='word_1_966' title='bbox 1516 3548 1734 3580; x_wconf 86' lang='lat' dir='ltr'>consistentias</span> <span class='ocrx_word' id='word_1_967' title='bbox 1758 3556 1789 3581; x_wconf 91' lang='lat' dir='ltr'>et</span> <span class='ocrx_word' id='word_1_968' title='bbox 1812 3550 1959 3581; x_wconf 90' lang='lat' dir='ltr'>nondum</span> <span class='ocrx_word' id='word_1_969' title='bbox 1996 3550 2145 3582; x_wconf 78' lang='lat' dir='ltr'>ecundaS.</span> 
     </span>
    </p>
   </div>
   <div class='ocr_carea' id='block_1_27' title="bbox 2572 885 2637 917">
    <p class='ocr_par' dir='ltr' id='par_1_28' title="bbox 2572 885 2637 917">
     <span class='ocr_line' id='line_1_122' title="bbox 2572 885 2637 917; baseline 0 -23"><span class='ocrx_word' id='word_1_970' title='bbox 2572 885 2637 917; x_wconf 53' lang='lat' dir='ltr'>Q,</span> 
     </span>
    </p>
   </div>
   <div class='ocr_carea' id='block_1_28' title="bbox 2605 0 2690 4062">
    <p class='ocr_par' dir='ltr' id='par_1_29' title="bbox 2605 0 2690 4062">
     <span class='ocr_line' id='line_1_123' title="bbox 2605 0 2690 4062; baseline 0 0"><span class='ocrx_word' id='word_1_971' title='bbox 2605 0 2690 4062; x_wconf 95' lang='lat' dir='ltr'> </span> 
     </span>
    </p>
   </div>
  </div>
 </body>
</html>
