2690 4062
1029 219 1142 256 CAP.
1172 219 1241 267 VI,
1272 221 1424 258 LECT.
1454 221 1541 259 VIII
1773 226 1776 229 '
2340 242 2410 267 cvn

882 505 1273 564 LECTIO
1332 510 1745 567 OCTAVA

1054 673 1111 703 DE
1135 673 1276 705 VIRGIS
1299 675 1358 706 ET
1381 676 1572 708 PARELIIS

210 813 280 852 Τάς
300 808 331 845 δ’
353 815 466 853 αὖτάς
483 816 599 855 αἰτίας
618 817 838 855 ὑποληπτέον
859 821 918 851 καὶ
940 821 1013 873 περὶ
1037 822 1204 865 παρηλίου
1228 824 1285 853 καὶ

277 854 411 904 ῥάβδων
437 863 516 898 ταῖς
540 860 749 906 εἰρημέναις·
775 865 911 917 γίνεται
942 876 1007 919 γαρ
1034 865 1200 908 παρ-ἥλιος
1225 865 1285 910 μὲν

576 907 593 915 .-

280 902 522 948 ἀνακλωμένης
548 918 612 944 της
637 905 741 950 ὄψεως
767 919 849 952 προς
873 908 934 941 τόν
961 910 1076 951 ηλιον,

205 942 332 994 ῥάβδοι
356 943 395 981 δὲ
411 949 472 982 διά
489 949 530 982 τό
550 954 779 995 προσπίπτειν
798 952 967 991 τοιαύτην
990 951 1095 986 οὖσαν
1113 954 1177 992 τήν
1197 954 1284 998 ὄψιν,

278 990 354 1025 οἵαν
380 995 518 1038 εἴπομεν
546 995 599 1027 ἀεὶ
624 995 790 1042 γίνεσθαι,
818 995 903 1030 ὅταν
930 999 1072 1036 πλησίον
1093 997 1200 1032 ὄντων
1223 999 1286 1032 τοῦ

276 1037 374 1074 ἡλίου
400 1039 505 1083 νεφῶν
532 1038 602 1072 ἀπό
626 1051 717 1079 τινος
748 1039 950 1085 ἀνακλασθῇ
976 1044 1043 1075 τῶν
1071 1043 1177 1088 ὑγρῶν
1205 1045 1286 1087 πρός

277 1081 320 1115 τό
344 1082 459 1126 νέφος·
486 1086 648 1128 φαίνεται
672 1086 736 1132 γάρ
763 1084 860 1120 αὐτοὶ
884 1086 943 1131 μὲν
963 1088 1218 1132 ἀχρωμάτιστα
1239 1087 1287 1120 τά

277 1125 357 1170 νέφη
383 1128 463 1159 κατ’
492 1127 674 1174 εὐθυωρίαν
700 1130 957 1174 εἰσβλέπουσιν,
985 1133 1018 1164 ὲν
1043 1127 1082 1164 δέ
1106 1133 1154 1174 τῷ
1181 1126 1285 1165 ὕδατι

260 1167 555 1248 ,ἓάβδωψμεστόν
575 1173 614 1207 τό
632 1173 747 1219 νέφος·
774 1177 863 1214 πλην
882 1175 967 1209 τότε
985 1178 1045 1221 μέν
1062 1173 1096 1209 ἐν
1115 1178 1163 1218 τῷ
1182 1170 1285 1209 ὕδατι

301 1220 372 1248 οκεῖ
395 1218 437 1250 τό
460 1218 583 1263 χρῶμα
601 1220 664 1251 τοῦ
682 1219 800 1261 νέφους
824 1216 925 1263 εἶναι,
945 1220 978 1253 ἑν
995 1216 1034 1253 δὲ
1052 1225 1131 1259 ταῖς
1147 1215 1285 1266 ῥάβδοις

276 1260 330 1294 ‘vt'
360 1261 472 1294 αὐτοῦ
498 1263 561 1295 τοῦ
587 1262 716 1306 νέφους.

207 1307 347 1339 Γίνεται
371 1302 410 1339 δὲ
434 1307 557 1348 τοῦτο,
585 1306 671 1340 ὅταν
699 1307 879 1353 ἀνώμαλος
905 1309 926 1346 ἡ
951 1310 1014 1342 τοῦ
1039 1309 1155 1354 νέφους
1183 1307 1205 1352 ᾗ
1229 1308 1287 1341 σύ-

275 1361 417 1392 στασις,
441 1353 501 1384 καὶ
531 1352 578 1394 τῇ
604 1353 663 1397 μὲν
689 1353 836 1395 πυκνόν,
863 1354 908 1395 τῇ
934 1351 973 1385 δὲ
998 1354 1126 1398 μανόν,
1152 1354 1211 1386 καὶ
1236 1355 1283 1397 τῇ

274 1396 336 1439 μὲν
371 1391 676 1440 ὀδατωδέστερον,
711 1398 757 1440 τῇ
789 1393 820 1429 δ’
849 1396 977 1435 ἧττον·
1015 1397 1285 1436 ἀνακλασθείσης

274 1439 340 1486 γοὶρ
366 1442 431 1479 τῆς
456 1440 562 1486 ὄψεως
587 1441 668 1486 πρὸς
694 1442 755 1474 τὸν
781 1440 895 1483 ἥλιον,
923 1441 965 1474 τό
989 1443 1110 1488 σχῆμα
1135 1442 1194 1487 μέν
1221 1444 1284 1475 τοῦ

275 1484 374 1521 ἡλίου
401 1484 466 1532 οὐχ
491 1486 507 1519 ό
532 1486 617 1518 ἆται
641 1482 701 1518 διά
725 1485 922 1531 μικρότητα
947 1487 1015 1518 τῶν
1035 1485 1223 1532 ἐνόπτρων,
1243 1487 1285 1520 τό

273 1521 314 1561 δὲ
336 1532 480 1576 χρῶμα,
506 1497 566 1563 διαὶ
591 1529 632 1563 τὸ
658 1530 692 1563 ἐν
719 1530 887 1576 ἀνωμάλῳ
919 1530 1097 1574 φαίνεσθαι
1126 1531 1284 1577 λαμπρόν

273 1575 332 1606 καὶ
355 1575 475 1608 λευκόν
501 1574 562 1608 τόν
583 1573 695 1617 ἥλιον,
715 1576 797 1618 πρός
822 1576 858 1608 δν
886 1575 1077 1615 ἀνεκλοίσθη
1095 1577 1116 1614 ἡ
1138 1575 1222 1621 ὄψις,
1243 1577 1284 1609 τό

300 1620 334 1651 ἐν
359 1620 528 1674 φοινικοῦν
553 1621 728 1664 φαίνεται,
757 1622 798 1653 τό
823 1615 860 1652 δὲ
887 1619 1069 1664 προίσινον,
1096 1619 1118 1659 ἢ
1143 1620 1282 1663 ξανθόν·

272 1628 427 1708 ςιαφερει
451 1665 517 1711 γάρ
543 1662 640 1696 οὐθὲν
665 1660 726 1698 διά
753 1664 921 1698 τοιούτων
949 1666 1043 1710 ὁρᾶν,
1070 1664 1091 1703 ἦ
1119 1666 1188 1700 ἀπό
1214 1678 1284 1698 τοι-

273 1707 384 1742 ούτων
418 1708 679 1754 ἀνακλωμένην·
707 1709 906 1754 ἀμφοτέρως
937 1710 1003 1756 γάρ
1032 1713 1193 1755 φαίνεται
1219 1710 1283 1747 τήν

273 1751 380 1799 χρόαν
411 1752 549 1797 ὅμοιον,
574 1752 658 1786 ὥστ’
688 1755 716 1786 εἰ
740 1755 904 1793 κάκείνως
931 1756 1122 1798 φοινικοῦν,
1147 1756 1206 1787 καὶ
1231 1754 1286 1787 ού-

273 1809 354 1835 τως.
379 1798 417 1830 Αἱ
434 1798 495 1843 μὲν
518 1796 575 1832 οὖν
598 1794 721 1843 ῥοίβδοι
745 1801 902 1846 γίνονται
926 1795 964 1832 δι’
995 1798 1192 1845 ἀνωμαλίαν
1220 1801 1283 1833 τοῦ

271 1841 439 1887 ὶνόπτρου
465 1843 577 1885 οὗ.τῷ
602 1842 779 1888 σχήματι,
807 1844 900 1877 ἀλλά
924 1845 971 1887 τῷ
996 1844 1171 1900 χρώματι·

205 1886 222 1920 ὁ
238 1880 286 1920 ’δι’
312 1886 493 1930 παρῆλιος,
521 1887 610 1922 ὅταν
636 1888 692 1922 ὅτι
716 1887 873 1933 μάλιστα
897 1890 1024 1934 όμαλος
1047 1888 1068 1932 ᾖ
1090 1901 1105 1922 ο
1134 1888 1199 1931 ἀήρ
1225 1891 1282 1921 καὶ

271 1931 397 1970 πυκνός
415 1933 553 1977 ὁμοίως·
580 1932 634 1966 διὸ
655 1935 816 1977 φαίνεται
831 1934 970 1972 λευκός·
997 1935 1018 1971 ἡ
1037 1934 1097 1977 μὲν
1114 1933 1179 1980 γάρ
1199 1933 1284 1977 ὁμα-

270 1975 377 2015 λότης
398 1978 462 2010 τοῦ
480 1975 648 2018 ἐνόπτρου
666 1982 759 2010 ποιεῖ’
780 1977 886 2023 χρόαν
904 1981 985 2023 μίαν
1004 1980 1068 2017 τῆς
1084 1976 1260 2033 ἐμφάσεως
1272 1990 1281 1999 ·

270 2021 292 2058 ἡ
310 2015 341 2053 δ’
363 2020 552 2061 ἀνοίκλασις
579 2021 704 2078 ἀθσρόας
723 2023 786 2060 τῆς
811 2021 930 2067 ὅψεως,
950 2019 1009 2056 διά
1027 2023 1067 2056 τό
1088 2035 1160 2067 αμα
1182 2034 1283 2067 προσ-

269 2067 413 2098 πίπτειν
427 2067 509 2111 πρὸς
522 2066 582 2101 τόν
602 2069 698 2104 ηλιον
713 2067 784 2100 ἀπό
803 2069 930 2106 πυκνῆς
946 2068 1046 2106 οὔσης
1061 2068 1123 2106 τῆς
1139 2067 1280 2112 ἀχλύος,

269 2112 328 2142 καὶ
347 2109 442 2143 οὔπω
459 2113 521 2154 μὲν
540 2112 640 2150 ούσης
660 2106 760 2154 ὕδωρ,
779 2111 880 2158 ἐγγύς
901 2108 932 2144 δ’
954 2107 1096 2153 ὓδατος,
1116 2112 1157 2145 τό
1176 2111 1282 2156 ύποίρ-

268 2166 331 2201 χον
357 2155 406 2196 τῷ
432 2156 515 2198 ἡλίῳ
540 2154 764 2201 ἐμφαίνεσθαι
787 2158 909 2202 χρῶμα
933 2162 1045 2199 ποιεῖ,
1072 2157 1183 2200 ὥσπερ
1211 2156 1279 2188 ἀπό

295 2199 402 2233 αλκοῦ
427 2201 520 2233 λείου
553 2200 725 2246 κλωμένης
757 2196 817 2233 διά
847 2202 912 2239 τήν
946 2201 1169 2240 πυκνότητα·
1196 2198 1275 2232 ὥστ’

268 2211 346 2277 {wel
378 2244 421 2277 τό
451 2246 575 2291 χρῶμα
603 2246 666 2279 τοῦ
693 2247 790 2283 ηλίου
821 2246 960 2288 λευκὸν,
986 2249 1044 2279 καὶ
1072 2248 1087 2278 ὀ
1113 2245 1279 2289 παρηλιος

269 2290 432 2334 φαίνεται
455 2289 588 2328 λευκός.
614 2291 678 2323 Διά
693 2286 731 2322 δὲ
749 2292 790 2323 τό
810 2291 900 2324 αύτό
921 2292 1030 2324 τοῦτο
1047 2291 1177 2335 μᾶλλον
1197 2285 1280 2324 ὕδα-

269 2344 330 2372 τος
361 2339 500 2378 σημεῖον
528 2336 544 2366 ό
571 2334 736 2381 παρήλιος
770 2336 836 2368 τῶν
866 2331 1017 2381 ρσίβδων·
1048 2335 1178 2380 μᾶλλον
1238 2336 1277 2380 αἶρ

267 2377 446 2423 συμβαίνει
471 2381 531 2413 τὸν
559 2379 645 2425 ἀέρα
667 2380 810 2426 εὐεργῶς
828 2380 917 2425 ἔχειν
943 2380 1024 2425 πρὸς
1041 2378 1171 2426 γένεσιν
1198 2379 1216 2413 ὅ
1243 2391 1279 2412 α-

268 2434 346 2460 τος·
375 2423 391 2455 ὀ
415 2420 452 2456 δέ
478 2423 590 2462 νότιος
617 2424 680 2457 τοῦ
708 2424 838 2469 βορείου
862 2425 1006 2469 μᾶλλον,
1027 2423 1084 2457 ότι
1108 2426 1238 2469 μᾶλλον
1262 2425 1278 2457 ὀ

267 2466 382 2505 νότιος
408 2469 473 2514 ἀήρ
498 2469 543 2506 εἰς
569 2463 657 2513 ὕδωρ
683 2469 898 2513 μεταβάλλει
922 2470 985 2502 τοῦ
1012 2470 1092 2514 πρός
1115 2470 1255 2513 ἄρκτον.

198 2503 360 2544 Γίνονται
376 2507 406 2543 δ’
427 2513 539 2555 ὥσπερ
558 2515 712 2559 εἴπομεν,
732 2516 806 2558 περί
832 2527 871 2547 τε
890 2513 954 2552 τοίς
971 2509 1100 2558 δυσμάς
1125 2517 1182 2546 καὶ
1203 2516 1277 2558 περὶ

268 2555 333 2594 τοὶς
359 2557 549 2599 ἀνατολάς,
566 2560 625 2590 καὶ
649 2558 720 2591 οὔτ’
744 2557 885 2600 ἀνωθεν,
904 2558 986 2592 οὔτε
1010 2556 1179 2600 κοίτωθεν,
1201 2559 1279 2592 ἀλλ’

267 2598 307 2632 ἐκ
331 2601 400 2633 τῶν
426 2604 498 2635 πλα
523 2605 595 2644 ίων,
613 2605 672 2635 καὶ
692 2598 814 2648 ῥάβδοι
838 2606 896 2635 καὶ
923 2603 1099 2648 παρήλιοι,
1118 2606 1177 2635 καὶ
1199 2604 1272 2636 οὔτ’

266 2644 369 2691 ἔγγύς
394 2648 457 2680 τοῦ
482 2648 503 2683 ἡ
529 2650 580 2679 ίου
603 2648 695 2689 λίαν,
716 2647 796 2680 οὗτε
823 2647 933 2693 πόρρω
953 2648 1149 2685 παντελῶς’
1176 2648 1277 2695 ἐγγύς

293 2689 326 2721 ἐν
351 2692 416 2736 γάρ
444 2689 549 2725 οὖσαν
569 2692 585 2724 ὁ
603 2690 697 2730 ἥλιος
719 2687 852 2724 διαλύει
876 2693 942 2730 τήν
967 2691 1147 2733 σύστασιν,
1167 2694 1277 2738 πόρρω

266 2700 298 2767 δ’
327 2736 429 2774 οὔσης
454 2738 475 2774 ἦ
502 2735 573 2780 ὄψις
601 2733 662 2769 οὐκ
687 2735 1009 2773 ἀνακλασθησεται·
1039 2735 1107 2769 ἀπὸ
1133 2737 1199 2782 γάρ
1226 2749 1278 2782 μι-

237 2799 242 2802 ·
265 2781 347 2824 κροῧ
368 2780 536 2825 ἐνόπτρου
555 2780 665 2825 πόρρω
687 2780 937 2825 ἀποτεινομένη
957 2780 1098 2819 ἀσθενής
1123 2784 1275 2826 γίνεται·

266 2819 319 2857 διὸ
345 2828 404 2858 καὶ
430 2828 465 2858 αἰ
493 2824 562 2867 ἅλῳ
588 2826 626 2858 οὐ
651 2827 809 2872 γίνονται
834 2826 870 2867 ἐξ
896 2827 1056 2864 ἐναντίας
1074 2828 1137 2860 τοῦ
1163 2827 1273 2863 ἡλίου.

259 2868 348 2901 ’Δνω
380 2869 439 2913 μὲν
475 2869 533 2902 οὖν
565 2869 624 2903 ἑοὶν
654 2872 797 2916 γίνηται
827 2873 886 2902 καὶ
918 2868 1039 2916 ἐγγύς,
1073 2864 1229 2904 διαλύσει
1260 2872 1276 2903 ὁ

267 2912 382 2953 ἥλιος·
410 2915 468 2947 ἐἀν
494 2911 531 2947 δὲ
559 2914 683 2959 πόρρω,
710 2913 868 2948 ἐλάττων
894 2916 915 2952 ἡ
944 2916 1013 2960 ὄψις
1039 2912 1126 2948 οὖσα
1147 2914 1168 2951 ἦ
1186 2914 1275 2948 ὥστε

267 2964 376 2992 ποιεῖν
404 2958 592 2992 ἀνάκλασιν
619 2960 657 2992 οὗ
683 2963 945 3003 προσπεσεῖται.
977 2961 1033 2991 Ἐν
1059 2954 1097 2991 δὲ
1118 2961 1166 3002 τῷ
1189 2962 1276 2993 πλα-

289 3005 325 3045 ίῳ
358 3004 426 3037 ύπό
458 3005 519 3037 τόν
553 3003 651 3041 ἥλιον
687 3004 762 3038 ἔστι
795 3005 964 3038 τοσοῦτον
999 3003 1200 3041 ἀποστῆναι
1234 3004 1277 3038 τό

264 3015 454 3103 ἔνοπτρον,
481 3048 571 3081 ὥστε
602 3047 692 3093 μήτε
723 3050 783 3082 τόν
815 3047 910 3086 ἥλιον
935 3044 1121 3091 διαλῦσαι,
1149 3049 1213 3086 τήν
1241 3050 1271 3081 τ’

266 3092 340 3137 ὄψιν
368 3092 493 3139 αθρόαν
519 3092 641 3135 ἐλθεῖν,
660 3088 719 3126 διά
743 3094 784 3126 τό
811 3094 892 3136 πρός
917 3095 981 3131 τήν
1002 3094 1066 3140 γῆν
1092 3093 1274 3138 φερομένην

292 3138 314 3175 η
338 3132 539 3171 διικνεῖσθαι
568 3136 681 3183 ὥσπερ
706 3133 744 3169 δι’
775 3138 925 3183 ἀχανοῦς
954 3137 1150 3182 φερομένην.
1190 3139 1274 3171 ’Υπό

265 3149 304 3217 δὲ
333 3183 395 3215 τόν
420 3182 517 3220 ἥλιον
552 3183 590 3215 οὗ
615 3186 750 3230 γίνεται
779 3177 839 3215 διαὶ
869 3183 910 3215 τό
944 3184 1087 3220 πλησίον
1117 3183 1176 3227 μὲν
1210 3184 1274 3220 τῆς

265 3228 330 3277 γῆς
353 3222 557 3260 διαλύεσθαι
583 3226 623 3260 ἄν
650 3228 716 3260 ύπό
743 3228 806 3259 τοῦ
831 3227 942 3268 ἡλίου,
963 3227 1030 3259 ἄνω
1055 3223 1093 3259 δὲ
1111 3239 1274 3271 μεσουρα-

265 3276 336 3306 νίου
361 3271 460 3311 ὄντος
486 3273 551 3310 τήν
579 3271 650 3316 ὄψιν
675 3267 903 3304 διασπᾶσθαι.
941 3273 1007 3303 Καὶ
1033 3270 1117 3309 ὅλως
1143 3267 1214 3303 οὐδ’
1235 3273 1273 3303 ἐκ

267 3319 420 3364 πλαγίας
445 3319 664 3362 μεσουρανίου
694 3319 849 3362 γίνεται·
876 3317 897 3353 γ’)
922 3315 987 3361 γάρ
1020 3314 1089 3359 ὄψις
1116 3313 1180 3360 οὐχ
1206 3316 1272 3347 ὑπό

267 3363 332 3400 τήν
363 3363 429 3408 γῆν
461 3361 622 3406 φέρεται,
649 3359 730 3393 ὥστ’
760 3361 856 3406 ὀλίγη
892 3361 1085 3403 ἀφικνεῖται
1118 3361 1198 3403 πρὸς
1231 3359 1272 3391 τό

267 3407 448 3450 ἔνοπτρον,
467 3409 524 3438 καὶ
550 3407 572 3443 ἡ
600 3405 821 3450 ἀνακλωμένη
847 3406 982 3451 γίνεται
1008 3403 1155 3447 ποίμπαν
1175 3402 1271 3436 ἀσθε-

266 3451 337 3489 νής.
373 3451 461 3483 Ὅσα
486 3451 545 3494 μὲν
572 3448 629 3483 οὖν
655 3450 739 3495 ἔργα
764 3449 941 3493 συμβαίνει
968 3447 1179 3492 παρέχεσθαι
1204 3449 1269 3484 τήν

267 3495 410 3541 ἔκκρισιν
435 3497 468 3527 ὲν
495 3499 566 3532 τοῖς
592 3494 713 3532 τόποις
739 3498 811 3531 τοῖς
836 3493 917 3536 ὑπὲρ
953 3493 1015 3530 τῆς
1039 3493 1120 3538 γῆς,
1146 3487 1269 3537 σχεδόν

267 3538 342 3573 ἐστι
366 3540 528 3573 τοσαῦτα
552 3542 609 3571 καὶ
636 3539 801 3572 τοιαῦτα.

1341 825 1358 844 *
1381 826 1519 856 Easdem
1542 834 1649 858 autern
1673 829 1769 860 dictas
1786 840 1895 861 causas
1919 831 2163 863 existimandum
2180 840 2210 864 et
2233 833 2272 864 de
2287 834 2411 874 pareliis

1409 877 1458 945 etl
1470 870 1581 911 virgis:
1609 871 1644 903 fit
1673 873 1758 904 enim
1791 875 1928 915 parelius
1952 876 2084 917 quidem
2114 876 2246 909 refracto
2275 878 2346 909 visu
2371 879 2411 909 ad

1408 925 1445 945 so
1459 924 1520 946 em.

1340 959 1456 999 Virgae
1479 966 1587 990 autem
1610 967 1775 1001 propterea
1798 963 1888 1003 quod
1917 963 2027 995 incidit
2049 965 2118 996 talis
2147 966 2280 997 existens
2302 967 2409 1006 visus,

1408 1003 1537 1044 qualem
1554 1004 1691 1035 diximus
1715 1015 1839 1046 semper
1852 1006 1930 1046 fieri,
1948 1018 2023 1039 cum
2039 1019 2140 1050 prope
2163 1010 2265 1041 solem
2280 1011 2410 1042 existen-

1407 1047 1492 1079 tibus
1522 1048 1662 1079 nubibus
1686 1049 1724 1079 ab
1760 1050 1867 1091 aliquo
1899 1052 2094 1092 refrangatur
2126 1054 2336 1086 humidorum
2369 1056 2408 1086 ad

1408 1092 1538 1123 nubem.
1554 1092 1711 1124 Videntur
1727 1094 1812 1124 enim
1827 1095 1913 1135 ipsae
1937 1096 2069 1137 quidem
2092 1097 2283 1130 incoloratae
2307 1100 2408 1130 nubes

1407 1137 1586 1167 secundum
1600 1144 1724 1168 rectum
1747 1145 1909 1179 aspectum
1924 1140 2130 1181 intuentibus,
2145 1142 2179 1173 in
2202 1153 2285 1184 aqua
2301 1150 2408 1175 autem

1407 1181 1502 1221 virgis
1525 1181 1620 1221 plena
1643 1182 1760 1212 nubes:
1784 1190 1991 1215 veruntamen
2014 1192 2090 1216 tunc
2116 1187 2248 1227 quidem
2270 1187 2303 1218 in
2325 1198 2408 1229 aqua

1406 1225 1531 1256 videtur
1555 1225 1643 1256 color
1666 1226 1760 1257 nubis
1783 1237 1861 1267 esse,
1883 1227 1917 1258 in
1939 1228 2033 1269 virgis
2057 1236 2165 1261 autem
2188 1242 2283 1272 super
2305 1232 2408 1272 ipsam

1407 1270 1538 1301 nubem.

1339 1313 1391 1345 Fit
1414 1321 1522 1345 autem
1543 1313 1617 1352 hoc,
1644 1324 1719 1345 cum
1741 1315 1919 1355 irregularis
1951 1316 2044 1348 fuerit
2066 1318 2160 1348 nubis
2184 1319 2406 1359 consistentia,

1406 1364 1438 1389 et
1459 1358 1518 1388 hac
1541 1358 1674 1399 quidem
1696 1359 1837 1399 spissior,
1853 1360 1911 1391 hac
1934 1368 2042 1392 autem
2064 1362 2178 1402 rarior,
2203 1370 2233 1394 et
2254 1363 2313 1395 hac
2336 1364 2407 1405 qui-

1408 1402 1482 1433 dem
1504 1402 1605 1442 magis
1630 1412 1767 1443 aquosa,
1792 1403 1851 1434 hac
1874 1411 1981 1435 autem
2011 1405 2135 1437 minus:
2159 1407 2290 1439 refracto
2321 1409 2408 1439 enim

1406 1446 1477 1477 visu
1493 1446 1534 1476 ad
1550 1446 1662 1485 solem,
1681 1446 1782 1487 figura
1801 1447 1931 1488 quidem
1955 1459 2022 1479 non
2036 1449 2170 1489 videtur,
2191 1452 2279 1482 color
2298 1459 2407 1483 autem

1406 1490 1548 1521 videtur:
1574 1491 1649 1531 quia
1682 1498 1789 1522 autem
1811 1492 1845 1522 in
1867 1492 2028 1533 irregulari
2056 1502 2185 1535 apparet
2209 1496 2348 1536 fulgidus
2377 1504 2408 1528 et

1407 1535 1498 1566 albus
1514 1535 1574 1574 sol,
1591 1535 1631 1565 ad
1654 1545 1752 1576 quem
1768 1535 1917 1567 refractus
1941 1544 1987 1568 est
2002 1537 2099 1577 visus,
2115 1539 2177 1570 hoc
2196 1540 2327 1581 quidem
2350 1551 2407 1581 pu-

1407 1579 1535 1610 niceum
1557 1578 1692 1618 videtur,
1713 1579 1776 1610 hoc
1799 1587 1906 1611 autem
1928 1581 2037 1621 viride,
2055 1589 2110 1614 aut
2131 1584 2281 1615 xanthon.
2298 1585 2408 1616 Differt

1407 1623 1493 1655 enim
1516 1623 1596 1654 nihil
1619 1634 1675 1664 per
1705 1624 1779 1654 talia
1800 1624 1923 1664 videre,
1949 1633 2005 1656 aut
2027 1636 2045 1656 a
2073 1627 2187 1658 talibus
2217 1628 2404 1660 refractum:

1407 1675 1546 1709 utroque
1569 1667 1656 1698 enim
1678 1668 1778 1699 modo
1794 1676 1924 1709 apparet
1947 1670 2054 1701 colore
2075 1671 2188 1711 simili3
2212 1683 2309 1714 quare
2332 1674 2358 1704 si
2377 1680 2407 1705 et

1406 1713 1463 1744 illo
1479 1712 1579 1743 modo
1596 1712 1782 1753 puniceum,
1800 1720 1830 1744 et
1845 1713 1916 1745 isto.
1937 1714 2049 1754 Virgae
2065 1715 2195 1756 quidem
2213 1716 2308 1757 igitur
2326 1717 2408 1749 fiunt

1405 1764 1536 1799 propter
1558 1757 1818 1798 irregularitatem
1834 1758 1972 1799 speculi,
1997 1769 2063 1790 non
2086 1759 2197 1800 figura,
2214 1762 2270 1792 sed
2289 1762 2405 1793 colore.

1338 1890 1478 1921 Parelius
1507 1897 1626 1928 autem,
1655 1900 1730 1921 curn
1753 1891 1990 1931 quammaxime
2013 1891 2162 1932 regularis
2186 1892 2279 1924 fuerit
2302 1903 2354 1924 aer
2377 1901 2408 1925 et

1406 1935 1526 1975 spissus
1550 1934 1709 1965 similiter:
1726 1942 1856 1975 propter
1874 1936 1964 1976 quod
1980 1943 2109 1976 apparet
2128 1937 2234 1967 albus:
2259 1938 2407 1978 regulari-

1405 1986 1452 2010 tas
1476 1979 1562 2010 enim
1585 1979 1704 2019 speculi
1729 1979 1803 2010 facit
1825 1990 1929 2010 unum
1961 1980 2148 2021 emphaseos
2175 1981 2336 2020 colorem;
2360 1992 2406 2013 re-

1404 2023 1515 2055 fractio
1540 2030 1647 2054 autem
1663 2023 1759 2054 simul
1782 2024 1880 2055 totius
1896 2024 1993 2063 visus,
2010 2031 2139 2065 propter
2162 2025 2257 2057 simul
2271 2026 2406 2058 incidere

1404 2069 1444 2098 ad
1467 2067 1634 2107 caliginem
1650 2078 1668 2098 a
1685 2068 1784 2108 spissa
1798 2068 1947 2099 existente
1972 2069 2113 2110 caligine,
2130 2076 2160 2101 et
2174 2071 2320 2101 nondum
2336 2071 2405 2111 qui-

1405 2113 1478 2143 dem
1495 2112 1645 2143 existente
1660 2122 1754 2153 aqua,
1771 2122 1871 2153 prope
1888 2120 1996 2144 autem
2017 2123 2145 2154 aquam,
2160 2121 2290 2155 propter
2303 2125 2404 2155 prope

1404 2156 1538 2187 existens
1562 2156 1647 2197 apud
1672 2156 1784 2195 solem,
1809 2157 1951 2188 colorem
1975 2157 2048 2188 facit
2071 2166 2236 2198 apparere:
2262 2158 2342 2190 sicut
2365 2160 2403 2190 ab

1403 2211 1474 2232 aere
1496 2200 1598 2241 polito
1622 2200 1758 2231 fractum
1781 2207 1911 2241 propter
1930 2201 2182 2242 spissitudinem3
2202 2212 2299 2243 quare
2323 2213 2404 2244 quo-

1402 2245 1489 2276 niam
1513 2245 1602 2276 color
1625 2245 1700 2275 solis
1723 2245 1824 2284 albus,
1845 2252 1876 2276 et
1898 2246 2034 2286 parelius
2057 2246 2147 2277 albus
2171 2254 2309 2287 apparet.
2326 2248 2401 2278 Pro-

1401 2296 1471 2330 pter
1502 2289 1565 2320 hoc
1596 2289 1682 2320 idem
1705 2296 1812 2320 autem
1845 2289 1945 2330 magis
1975 2300 2076 2331 aquae
2105 2291 2231 2331 signum
2265 2291 2402 2332 parelius

1402 2344 1502 2377 quam
1523 2333 1646 2374 virgae:
1671 2333 1771 2374 magis
1795 2334 1881 2364 enim
1903 2334 2015 2365 accidit
2039 2345 2144 2365 aerem
2166 2335 2246 2366 bene
2269 2345 2402 2376 operose

1401 2379 1516 2410 habere
1538 2378 1579 2408 ad
1601 2378 1839 2418 generationem
1854 2389 1964 2419 aquae.
1980 2379 2134 2410 Australis
2151 2386 2258 2410 autem
2280 2380 2399 2410 boreali

1401 2423 1514 2463 magis,
1534 2422 1610 2464 quia
1631 2422 1774 2453 australis
1799 2433 1851 2454 aer
1873 2423 1974 2464 magis
1996 2422 2030 2453 in
2053 2433 2169 2464 aquam
2193 2431 2400 2464 permutatur,

1401 2478 1500 2509 quam
1523 2467 1580 2508 qui
1603 2467 1643 2497 ad
1666 2474 1798 2498 arctum.

1334 2512 1432 2543 Fiunt
1455 2518 1563 2543 autem
1586 2511 1667 2542 sicut
1691 2511 1846 2551 diximus,
1869 2511 1950 2542 circa
1977 2521 2107 2542 occasus
2132 2518 2162 2542 et
2190 2511 2269 2542 circa
2293 2519 2399 2551 ortus,

1401 2564 1432 2588 et
1455 2566 1559 2597 neque
1583 2556 1728 2596 desuper,
1744 2566 1849 2597 neque
1873 2555 2035 2594 desubtus,
2054 2556 2110 2586 sed
2133 2566 2170 2586 ex
2191 2556 2353 2595 lateribus,
2370 2564 2400 2588 et

1400 2601 1505 2641 virgae
1531 2607 1561 2631 et
1589 2600 1715 2641 parelii,
1736 2607 1766 2631 et
1789 2610 1893 2641 neque
1916 2610 2017 2640 prope
2039 2600 2141 2631 solem
2163 2600 2274 2639 valde,
2296 2611 2400 2642 neque

1401 2646 1497 2686 longe
1513 2644 1655 2686 penitus:
1672 2655 1772 2685 prope
1792 2644 1877 2675 enim
1893 2645 2076 2675 existentem
2100 2644 2148 2675 sol
2168 2644 2310 2676 dissolvit
2325 2656 2399 2676 con-

1401 2690 1593 2728 sistentiam,
1617 2689 1713 2730 longe
1737 2695 1845 2720 autem
1868 2688 2015 2720 existente
2041 2688 2128 2719 visus
2155 2699 2222 2719 non
2246 2689 2399 2729 refrange-

1400 2741 1471 2766 tur:
1496 2745 1514 2765 a
1538 2743 1636 2774 parvo
1653 2733 1740 2764 enirn
1763 2734 1892 2774 speculo
1908 2733 2003 2773 longe
2026 2739 2194 2773 protensus
2218 2733 2327 2764 debilis
2345 2733 2398 2772 fit;

1400 2785 1531 2820 propter
1542 2778 1632 2819 quod
1644 2785 1675 2809 et
1685 2778 1759 2808 halo
1775 2788 1842 2808 non
1857 2777 1939 2808 fiunt
1954 2787 1991 2807 ex
2004 2777 2153 2818 opposito
2169 2777 2254 2808 solis.
2265 2778 2399 2808 Sursum

1400 2823 1532 2864 quidem
1555 2822 1650 2863 igitur
1673 2822 1699 2853 si
1722 2821 1776 2853 fiat
1798 2829 1829 2853 et
1851 2831 1965 2862 prope,
1986 2821 2129 2851 dissolvit
2151 2821 2217 2859 sol;
2242 2821 2268 2851 si
2291 2829 2398 2852 autem

1398 2868 1505 2908 longe,
1522 2867 1628 2897 minor
1643 2867 1729 2897 visus
1749 2866 1881 2897 existens
1898 2875 1995 2907 quarn
2008 2872 2043 2896 ut
2059 2864 2150 2895 faciat
2165 2865 2396 2905 refractionem,

1399 2922 1466 2943 non
1489 2911 1616 2943 incidet.
1634 2911 1669 2941 In
1692 2911 1786 2941 latere
1811 2917 1918 2941 autem
1941 2916 1987 2940 est
2002 2916 2126 2940 tantum
2150 2909 2262 2940 distare
2286 2920 2396 2950 specu-

1398 2957 1486 2995 lum,
1515 2963 1551 2987 ut
1574 2966 1678 2996 neque
1709 2955 1861 2985 dissolvat
1883 2954 1952 2992 sol,
1976 2953 2127 2993 visusque
2150 2953 2270 2984 multus
2301 2954 2396 2985 simul

1398 3001 1514 3039 veniat,
1532 3000 1607 3040 quia
1631 3000 1670 3030 ad
1695 3006 1810 3030 terram
1832 2999 1914 3029 latus
1935 3008 2002 3028 non
2026 2997 2214 3037 dispargitur
2235 2997 2316 3029 sicut
2340 3009 2396 3038 per

1398 3045 1594 3076 immensum
1615 3044 1708 3074 latus.
1735 3043 1800 3074 Sub
1825 3043 1891 3073 sole
1919 3049 2027 3072 autem
2061 3051 2127 3071 non
2150 3041 2204 3079 fit,
2228 3049 2395 3082 propterea

1399 3089 1488 3130 quod
1510 3098 1611 3129 prope
1643 3094 1758 3118 terram
1781 3086 1962 3117 dissolvitur
1984 3085 2095 3126 utique
2118 3096 2136 3115 a
2159 3085 2243 3124 sole,
2268 3096 2395 3117 sursum

1398 3141 1505 3164 autem
1519 3133 1551 3163 in
1568 3131 1674 3162 medio
1690 3131 1775 3169 caeli,
1792 3130 1878 3161 visus
1901 3130 2098 3170 dispargitur.
2115 3130 2156 3160 Et
2178 3130 2315 3161 totaliter
2339 3141 2394 3161 ne·-

1397 3188 1460 3218 que
1476 3187 1513 3207 ex
1534 3177 1629 3207 latere
1652 3175 1749 3206 medii
1766 3175 1841 3205 caeli
1860 3174 1910 3205 fit:
1932 3174 2018 3204 visus
2034 3173 2119 3204 enim
2135 3183 2201 3204 non
2217 3174 2256 3204 ad
2279 3181 2394 3205 terram

1396 3222 1504 3259 fertur,
1530 3227 1566 3251 ut
1588 3230 1708 3260 paucus
1732 3219 1889 3260 pertingat
1918 3218 1958 3248 ad
1982 3218 2166 3259 speculum,
2192 3224 2222 3248 et
2243 3218 2393 3250 refractus

1395 3265 1431 3296 fit
1458 3265 1592 3295 omnino
1625 3263 1743 3294 debilis.
1769 3264 2000 3303 Quaecumque
2030 3262 2125 3302 igitur
2155 3271 2251 3302 opera
2281 3263 2393 3294 accidit

1394 3310 1508 3340 habere
1532 3307 1782 3349 segregationem
1804 3307 1838 3338 in
1860 3307 1939 3338 locis
1961 3306 2021 3345 his,
2041 3315 2122 3347 quae
2149 3316 2243 3346 super
2265 3313 2391 3347 terram,

1394 3353 1458 3384 fere
1481 3360 1529 3384 tot
1552 3359 1626 3384 sunt
1651 3359 1681 3383 et
1703 3352 1786 3383 talia.

2439 835 2447 845 ·
2464 834 2523 862 cap.
2537 842 2570 857 vr.
