2782 4134
43 3257 89 3280 'ee
156 3264 256 3281 onmr.

27 3285 65 3299 ·‘'
85 3285 122 3308 Cf.
149 3289 254 3314 ect.111‚

22 3316 104 3339 ,⁸2⁴2-

22 3365 56 3391 ,”
68 3363 133 3388 Lect-
148 3372 199 3394 seq.

51 1568 53 1570 Ι
62 1542 147 1563 buitur.
160 1551 171 1561 ι,
223 1551 226 1561 t
279 1560 291 1564 ,,

1162 217 1275 254 CAP.
1306 217 1377 265 ΙΙΙ,
1408 215 1562 254 LECT.
1591 216 1627 253 V
2446 230 2490 266 19

1068 450 1367 508 LEcT10
1407 449 1718 529 QUINTA

423 607 483 650 EX
504 605 704 640 NOTIONE
728 605 885 638 GRAVIS
908 605 968 636 ET
991 604 1115 636 LEVIS
1138 604 1423 636 OSTENDITUR
1447 604 1617 636 CORPUS
1642 604 1766 642 QUOD
1792 603 2118 636 CIRCULARITER
2140 603 2357 635 MOVETUR

858 662 951 694 NON
975 659 1153 694 HABERE
1179 661 1470 694 GRAVITATEM
1493 662 1644 699 NEQUE
1668 662 1925 694 LEVITATEM

277 790 380 827 Ἐπεὶ
403 784 442 823 δὲ
465 790 516 823 τοὶ
538 790 600 835 μὲν
626 789 811 823 υπόκειται
837 789 887 822 τοὶ
908 784 939 821 δ’
961 783 1210 822 ἀποδέδεικται
1236 788 1302 820 τῶν
1321 788 1364 820 εἰ-
1418 790 1437 808 ⁴*
1453 790 1620 829 Quoniam
1643 797 1752 822 autem
1774 791 1851 822 haec
1875 791 2007 832 quidem
2030 799 2270 832 supponuntur,
2294 793 2372 826 haec
2388 801 2495 827 autem

351 833 522 895 ρημὸνων,
548 835 690 891 φανερὸν
717 833 773 868 ὅτι
799 834 879 868 οὔτε
911 833 1116 878 κουφότητα
1148 833 1229 866 οὔτε
1261 832 1363 876 βοίρος
1487 846 1525 867 ex
1547 835 1638 867 dictis
1662 842 1790 867 ostensa
1813 843 1907 875 sunt,
1930 835 2138 868 manifestum
2160 837 2237 878 quia
2259 838 2364 880 neque
2387 839 2496 871 levita-

353 882 369 916 ἔ
395 892 424 913 ει
448 881 496 912 σῶ
524 891 548 912 α
573 879 680 913 ἅπαν.
1486 887 1553 912 tem
1576 890 1681 922 neque
1703 880 1889 921 gravitatem
1912 880 2007 912 habet
2031 891 2147 922 corpus
2171 887 2288 913 totum.

284 929 343 962 Δεῖ
388 926 403 959 ὲ
429 925 495 957 ὕπο
520 923 617 957 ἑσθα“ι
641 927 676 958 τί
699 923 846 980 λέγομεν
876 923 919 957 τό
945 922 1030 967 βαρυ
1061 924 1120 955 καὶ
1151 922 1193 955 τὸ
1224 922 1362 975 κοῦφον,
1419 925 1557 966 Oportet
1575 932 1684 956 autem
1701 934 1882 965 supponere
1898 924 1975 966 quid
1992 925 2128 956 dicimus
2147 935 2240 966 grave
2265 933 2296 958 et
2315 926 2394 968 quid
2409 928 2495 968 leve;

351 972 409 1004 νῦν
435 969 494 1014 μὲν
521 970 642 1007 ἱκανῶς
663 970 705 1007 ὠς
727 969 809 1012 προς
832 980 896 1005 την
919 969 1097 1022 παροῦσαν
1121 969 1270 1021 χρείαν,
1274 965 1364 1023 ἀκρι-
1486 979 1574 1001 nunc
1589 969 1722 1011 quidem
1738 968 1929 1000 sufficienter
1944 976 1981 1000 ut
1999 970 2039 1000 ad
2054 977 2254 1011 praesentem
2265 972 2495 1012 necessitatem,

351 1016 514 1070 βέστερον
538 1009 577 1047 δὲ
603 1013 721 1056 πάλιν,
748 1013 833 1048 ὅταν
849 1013 1098 1071 ἐπισκοπῶμεν
1117 1013 1288 1067 περὶτῆς
1310 1012 1365 1044 οὐ·
1487 1014 1670 1055 diligentius
1693 1021 1802 1045 autem
1824 1013 1942 1045 iterum
1965 1023 2041 1045 cum
2063 1015 2335 1048 considerabimus
2354 1017 2394 1048 de
2421 1019 2496 1049 sub-

351 1063 429 1099 σίας
454 1059 583 1092 αὐτῶν.
619 1059 711 1112 Βαρυ
735 1059 796 1103 μὲν
823 1057 880 1092 οὖν
907 1058 996 1091 ἔστω
1021 1058 1063 1091 τὰ
1069 1056 1242 1113 φέρεσθαι
1262 1067 1367 1101 πεφυ-
1487 1059 1602 1091 stantia
1631 1059 1788 1100 ipsorum.
1819 1059 1923 1091 Grave
1951 1059 2082 1100 quidem
2112 1060 2210 1100 igitur
2237 1060 2277 1092 sit
2307 1062 2397 1103 quod
2424 1062 2496 1093 ferri

350 1106 410 1146 κὸς
435 1102 492 1137 ἐπὶ
516 1104 560 1143 τὰ
571 1103 702 1159 μέσον,
726 1104 851 1148 κοῦφον
875 1098 914 1136 δὲ
938 1103 981 1136 τὰ
1009 1102 1078 1136 ἀπὸ
1103 1103 1167 1136 τοῦ
1218 1101 1318 1143 έσου,
1487 1111 1601 1135 natum
1624 1111 1672 1135 est
1694 1103 1735 1135 ad
1757 1104 1918 1144 medium,
1942 1104 2010 1136 leve
2034 1111 2142 1135 autem
2165 1105 2256 1146 quod
2278 1116 2297 1136 a
2319 1106 2442 1141 medio:

259 1150 487 1206 «βαρύτατον
502 1142 551 1182 δὲ
577 1148 619 1182 τὸ
645 1149 749 1182 πᾶσιν
783 1148 1011 1204 ὑφιστάμενον
1045 1151 1116 1185 τοῖς
1148 1158 1247 1180 κατω
1272 1157 1366 1191 φερο-
1420 1148 1654 1180 Gravissimum
1677 1155 1796 1187 autem,
1814 1149 1904 1190 quod
1927 1149 2078 1180 omnibus
2094 1150 2216 1181 substat
2232 1150 2384 1182 deorsum
2406 1151 2495 1191 latis,

351 1195 484 1253 ξένοις,
518 1191 738 1248 κουφότατον
769 1188 808 1226 δὲ
839 1192 881 1226 vd
914 1193 1034 1226 πᾶσιν
1048 1191 1261 1235 ἐπιπολάζον
1291 1193 1363 1228 τοῖς
1486 1193 1686 1224 levissimum
1709 1193 1800 1235 quod
1823 1193 1974 1224 omnibus
1998 1193 2192 1235 superfertur
2215 1205 2343 1226 sursum
2366 1195 2446 1227 latis.

397 1253 423 1272 ω
472 1252 486 1272 ε
509 1251 525 1272 ο
556 1237 623 1271 ένοι

277 1241 435 1342 ‚Awgssg-z,
448 1249 500 1318 φδε
524 1250 594 1316 ἐᾶν
620 1250 662 1316 ἑὸ
686 1281 766 1327 φερό
794 1293 868 1314 ενον
892 1281 915 1318 ἦ
939 1281 1038 1314 καίτοι
1062 1279 1085 1318 ἦ
1107 1280 1176 1313 ἄνω
1197 1293 1219 1317 η
1222 1278 1364 1357 κουέό-
1418 1283 1555 1314 Necesse
1579 1289 1688 1314 autem
1711 1292 1809 1313 omne
1840 1283 1930 1324 quod
1961 1283 2060 1314 fertur
2095 1283 2246 1315 deorsum
2269 1292 2325 1316 aut
2348 1294 2496 1325 sursum,

321 1354 326 1356 -
353 1330 433 1368 vm?
463 1329 552 1375 ἔχειν
577 1327 600 1365 ἦ
626 1326 729 1383 βάρος
803 1327 826 1360 ἅ
852 1337 916 1380 (pm,
942 1326 989 1371 μη
1016 1325 1098 1370 πρὸς
1123 1324 1166 1358 τό
1191 1325 1280 1358 αὐτο
1330 1339 1343 1358 ε
1486 1335 1543 1359 aut
1564 1327 1726 1359 levitatem
1754 1327 1869 1359 habere
1896 1333 1952 1358 aut
1980 1327 2166 1368 gravitatem
2195 1336 2251 1360 aut
2281 1330 2397 1368 ambo,
2429 1340 2496 1361 non

352 1374 436 1430 πρὸς
461 1374 598 1411 ἄλληλα
651 1371 692 1416 οίρ
718 1372 793 1405 ἔστι
841 1370 929 1426 αρέα
958 1371 1018 1403 καὶ
1041 1371 1180 1425 κοῦφα,
1199 1370 1269 1403 οἷον
1297 1369 1362 1412 ἀήρ
1486 1373 1527 1403 ad
1549 1371 1636 1404 idem
1659 1379 1785 1404 autem:
1810 1372 1850 1403 ad
1869 1372 2007 1404 invicem
2023 1372 2110 1403 enim
2125 1380 2200 1404 sunt
2220 1374 2328 1414 gravia
2351 1381 2382 1405 et
2403 1374 2495 1414 levia,

352 1419 436 1465 πρὸς
460 1414 561 1461 ὕδωρ,
585 1428 632 1450 κα
671 1416 770 1472 apd<
777 1416 842 1463 γῆν
868 1410 970 1459 ὕδωρ.
1003 1416 1050 1448 Το
1067 1409 1112 1452 δή
1136 1413 1248 1457 κυκλῳ
1265 1417 1363 1471 σῶμα
1486 1424 1565 1458 puta
1583 1427 1636 1448 aer
1659 1417 1699 1448 ad
1723 1427 1852 1458 aquam,
1877 1423 1907 1448 et
1930 1417 1970 1448 ad
1993 1424 2109 1448 terram
2133 1427 2225 1458 aqua.
2241 1418 2258 1437 *
2274 1419 2373 1456 Quod
2389 1426 2496 1450 autem

351 1476 390 1509 φι
413 1463 540 1517 όμενον
560 1457 770 1495 ἀδόνατον’
754 1472 843 1506 εχειν
861 1459 967 1516 βάρος
990 1459 1013 1497 ἧ
1036 1458 1258 1514 κουφότητα·
1282 1471 1362 1493 ουτε
1487 1460 1707 1493 circumfertur
1731 1471 1859 1503 corpus,
1881 1461 2080 1502 impossibile
2100 1461 2215 1493 habere
2237 1463 2423 1503 gravitatem
2441 1471 2497 1495 aut

350 1521 374 1558 γ
445 1506 544 1541 κατὰ
566 1505 662 1552 φύσιν
695 1505 777 1538 οὔτε
803 1505 901 1560 ‘tt-apd
915 1503 1021 1560 φύσιν
1053 1499 1236 1560 ἐνδέχεται
1267 1502 1364 1547 αὐτῷ
1486 1506 1656 1538 levitatem.
1680 1506 1794 1547 Neque
1810 1506 1897 1536 enim
1919 1506 2098 1537 secundum
2119 1513 2266 1537 naturam
2288 1517 2393 1548 neque
2408 1518 2497 1549 prae-

349 1551 531 1591 κινηθῆναι
561 1551 617 1584 ἐπὶ
649 1550 691 1584 τὰ
721 1549 824 1596 μέσον
857 1548 879 1587 ἦ
905 1549 976 1582 ἀπὸ
1007 1550 1073 1583 τοῦ
1102 1550 1219 1603 μέσου.
1259 1549 1365 1582 Κατ-οἰ
1487 1557 1535 1582 ter
1562 1558 1710 1582 naturam
1738 1550 1887 1581 convenit
1915 1550 1975 1591 ipsi
2008 1550 2131 1581 moveri
2163 1551 2204 1581 ad
2230 1551 2375 1583 medium
2401 1553 2452 1584 vel
2479 1564 2498 1584 a

350 1597 447 1644 φυσιν
500 1597 535 1629 ἔν
559 1596 644 1651 γρίρ
651 1595 712 1628 οὐκ
738 1595 831 1628 ἔστιν
857 1595 953 1636 αὐτῷ
978 1595 1000 1631 ἡ
1026 1592 1079 1628 ἄπ’
1100 1592 1234 1632 euecta<
1246 1594 1363 1649 φοραί·
1487 1595 1606 1627 medio.
1627 1595 1813 1627 Secundum
1837 1602 1984 1626 naturam
2008 1595 2142 1636 quidem
2165 1595 2251 1626 enim
2274 1607 2341 1627 non
2365 1603 2412 1628 est
2434 1597 2496 1638 ipsi

343 1645 389 1687 ,μί
389 1654 415 1676 α
433 1654 500 1699 γαρ
518 1638 560 1680 ἦν
581 1640 732 1674 ἑκάστου
750 1640 817 1672 τῶν
841 1640 973 1682 ἁπλῶν,
991 1638 1073 1693 ὥστ’
1092 1639 1194 1673 ἔσται
1211 1638 1254 1671 τὸ
1275 1637 1364 1672 αυτό
1487 1650 1571 1682 quae
1584 1640 1619 1671 in
1637 1646 1761 1672 rectum
1783 1640 1875 1671 latio:
1892 1649 1957 1671 una
1971 1640 2058 1671 enim
2074 1647 2139 1671 erat
2153 1640 2406 1683 uniuscuiusque
2422 1642 2497 1674 sirn-

350 1689 419 1723 τῶν
441 1686 530 1720 ουτω
552 1688 618 1720 τινὶ
635 1683 838 1741 φερομένων.
865 1684 964 1740 Παροί
981 1683 1079 1729 φύσιν
1097 1679 1130 1717 δ’
1150 1685 1203 1717 ἑνε
1231 1682 1362 1726 θεντος,
1488 1685 1638 1726 plicium:
1663 1695 1761 1726 quare
1785 1684 1843 1716 erit
1870 1683 1956 1716 idem
1976 1684 2070 1716 alicui
2098 1684 2142 1716 sic
2172 1685 2323 1716 latorum.
2348 1686 2447 1724 Quod
2471 1686 2497 1718 si

350 1732 380 1766 εἰ
431 1732 464 1765 ἑν
482 1733 503 1770 ἧ
521 1730 619 1765 mim
637 1730 735 1785 παρα.
752 1728 863 1773 φύσιν,
883 1730 904 1767 ἡ
925 1729 992 1763 ἄνω
1011 1728 1112 1762 ἔσται
1136 1741 1207 1762 κατ
1250 1740 1361 1773 φυσιν,
1488 1736 1611 1771 praeter
1626 1736 1773 1761 naturam
1796 1728 1925 1768 feratur,
1942 1729 1967 1760 si
1984 1729 2116 1770 quidem
2135 1739 2217 1770 quae
2242 1730 2391 1761 deorsum
2409 1741 2497 1772 prae-

349 1743 468 1810 εἰὲι·
447 1778 469 1814 ἡ
490 1776 558 1810 ἅνω
577 1775 675 1819 παρὰ
691 1773 804 1831 φύσιν,
821 1775 842 1811 ἡ
867 1773 966 1808 κοίτω
989 1774 1088 1807 κατ-οἰ
1112 1773 1227 1829 φύσιν·
1247 1772 1363 1817 ἔθεμεν
1487 1782 1535 1806 ter
1558 1781 1716 1813 naturam,
1740 1783 1823 1815 quae
1847 1783 1975 1804 sursum
1998 1773 2056 1804 erit
2080 1774 2258 1805 secundum
2282 1782 2447 1814 naturam3
2472 1776 2498 1806 si

349 1789 416 1870 εγοὶρ
436 1823 504 1855 τῶν
526 1821 691 1854 ἐναντίων
709 1833 733 1862 ῳ
750 1819 772 1856 ’ἦ
791 1818 894 1865 ἑτέρα
912 1818 1010 1863 παραὶ
1028 1818 1139 1864 φύσιν,
1159 1818 1224 1855 τήν
1243 1818 1364 1864 ἑτέραν
1488 1826 1597 1850 autem
1625 1828 1708 1860 quae
1738 1828 1867 1849 sursum
1895 1824 2018 1859 praeter
2040 1825 2205 1858 naturam‚
2235 1829 2317 1860 quae
2346 1799 2498 1851 deorsiim

349 1864 438 1900 εἶναι
461 1866 560 1899 κατὰ
583 1864 694 1910 φύσιν.
1008 1887 1018 1894 ,
1488 1863 1668 1895 secundum
1690 1861 1853 1894 naturam':
1877 1863 2047 1904 posuimus
2075 1863 2162 1894 enim
2182 1864 2422 1903 contrariarum,
2447 1865 2498 1896 cui

1488 1908 1585 1940 altera
1601 1914 1724 1950 praeter
1739 1914 1898 1946 naturam,
1914 1908 2046 1939 alteram
2062 1918 2129 1938 esse
2145 1909 2323 1939 secundum
2340 1916 2497 1941 naturam.

276 1954 373 1993 Ἐπεὶ
397 1950 429 1988 δ’
458 1956 504 1994 εἰς
532 1954 572 1989 τὸ
605 1954 694 1987 αὐτο
727 1952 881 2007 φέρεται..
896 1965 938 1986 το
973 1951 1051 1985 ὅλον
1083 1954 1142 1985 καὶ
1173 1951 1216 1985 τὸ
1249 1951 1363 1996 μόριον
1420 1951 1436 1968 *
1453 1953 1620 1992 Quoniam
1643 1959 1752 1984 autem
1774 1952 1808 1983 in
1831 1952 1917 1983 idem
1941 1951 2086 1983 feruntur
2108 1959 2215 1983 totum
2239 1960 2270 1984 et
2292 1964 2364 1994 pars
2388 1964 2499 1986 secun-

348 1999 446 2035 κατ-οἱ
469 1999 588 2045 φύσιν,
616 1999 686 2031 οἷον
713 1999 811 2031 πᾶσα
835 1997 881 2045 γῆ
909 1998 969 2030 καὶ
999 1997 1104 2054 μικροὶ
1129 1997 1255 2038 βῶλος,
1268 2008 1362 2052 συμ-
1489 1998 1569 2028 dum
1592 2004 1750 2035 naturam,
1775 2003 1853 2038 puta
1877 2003 1943 2028 tota
1962 2003 2043 2028 terra
2067 2003 2098 2028 et
2121 2007 2236 2037 parvus
2260 1999 2365 2037 bolus,
2388 1999 2500 2030 accidit

349 2045 459 2123 §alvei
483 2046 619 2099 πρῶτον
645 2043 706 2098 μὲν
732 2042 824 2099 μήτε
841 2040 1040 2099 κουφότητ’
1070 2041 1171 2097 ἔχειν
1186 2041 1277 2074 αὐτο
1302 2053 1365 2085 μη·-
1487 2042 1631 2084 primum
1654 2041 1786 2083 quidem
1810 2051 1914 2093 neque
1937 2041 2098 2079 levitatem
2122 2041 2235 2073 habere
2262 2042 2370 2083 ipsum
2393 2053 2498 2085 neque

310 2090 314 2092 ’
372 2092 482 2145 εμίαν
497 2088 589 2144 μήτε
604 2087 715 2144 βοίρος
897 2086 936 2120 ἂν
959 2087 1043 2131 προς
1069 2099 1112 2119 το
1129 2085 1231 2142 μέσον
1251 2086 1272 2123 ἦ
1293 2086 1363 2119 ἀπο
1487 2097 1587 2118 unam
1609 2097 1714 2128 neque
1738 2086 1924 2127 gravitatem
1945 2084 2023 2129 (aut
2046 2087 2133 2117 enim
2157 2087 2267 2128 utique
2290 2089 2330 2118 ad
2354 2088 2498 2119 medium

349 2135 414 2168 τοῦ
439 2133 544 2179 μέσου
569 2132 727 2172 ἠδύνατο
743 2086 911 2177 (etp-{ign
937 2131 1035 2164 κατ-οὶ
1059 2132 1125 2168 τήν
1151 2132 1280 2164 ἑαυτοῦ
1286 2143 1365 2185 φυ-
1488 2138 1543 2163 aut
1561 2142 1580 2163 a
1595 2131 1702 2163 medio
1727 2138 1835 2172 posset
1852 2131 1924 2162 ferri
1947 2132 2125 2162 secundum
2142 2131 2191 2163 sui
2206 2132 2306 2172 ipsius
2325 2131 2498 2175 naturam):

349 2180 438 2223 σιν),
456 2177 555 2212 ἔπειθ’
581 2177 636 2212 ὅτι
655 2173 831 2212 ἀδύνατον
851 2175 1030 2214 κινηθῆναι
1051 2188 1117 2214 την
1137 2175 1235 2208 κατὰ
1252 2175 1362 2208 τόπον
1488 2176 1602 2207 deinde
1629 2175 1707 2218 quia
1729 2175 1928 2218 impossibile
1952 2176 2075 2207 moveri
2099 2186 2138 2207 eo
2162 2176 2219 2217 qui
2247 2177 2426 2208 secundum
2451 2178 2498 2208 lo-

348 2226 479 2262 κίνησιν
511 2222 533 2260 ἦ
565 2224 633 2256 ἅνω
667 2221 688 2260 ἦ
717 2221 816 2255 κάτω
852 2220 1146 2266 κατασπώμενον·
1181 2220 1262 2253 οὔτε
1297 2220 1362 2267 γὰρ
1488 2231 1563 2252 cum
1589 2227 1683 2252 motu
1707 2227 1763 2252 aut
1786 2231 1915 2252 sursum
1931 2227 1986 2252 aut
2009 2221 2160 2252 deorsum
2177 2221 2364 2253 detractum.
2385 2223 2498 2264 Neque

348 2269 446 2302 κατ-οἰ
465 2267 562 2312 φύσιν
584 2261 766 2322 ἐνδέχεται
790 2265 970 2304 κινηθῆναι
989 2268 1118 2303 κίνησιν
1137 2265 1233 2307 αὐτῷ’
1253 2265 1360 2302 ἄλλην
1487 2265 1574 2296 enim
1604 2265 1782 2296 secundum
1811 2272 1959 2296 naturam
1987 2265 2141 2306 contingit
2164 2265 2226 2306 ipsi
2255 2267 2376 2297 moveri
2406 2274 2498 2298 motu

350 2313 432 2346 οὔτε
458 2313 556 2369 παραὶ
579 2311 697 2368 φύσιν,
725 2311 805 2345 οὔτε
831 2311 927 2352 αὖτῳ
954 2310 1035 2343 οὔτε
1062 2311 1127 2343 τῶν
1158 2298 1280 2365 μορίων
1307 2309 1364 2342 ου-
1487 2309 1563 2348 alio,
1587 2319 1692 2351 neque
1708 2316 1831 2350 praeter
1854 2316 2012 2348 naturam,
2033 2320 2138 2351 neque
2157 2310 2217 2351 ipsi
2241 2321 2346 2352 neque
2361 2311 2498 2352 particu-

349 2357 436 2391 θενί·
464 2358 480 2390 ὁ
505 2357 571 2404 γσὶρ
597 2357 704 2395 αὐτὸς
726 2355 830 2403 λόγος
856 2357 931 2400 περὶ
956 2355 1036 2388 ὅλου
1059 2356 1120 2388 καὶ
1143 2354 1274 2399 μέρους.
1485 2355 1591 2385 larum
1609 2354 1706 2385 nulli:
1733 2355 1844 2385 eadem
1868 2354 1955 2385 enim
1978 2354 2058 2385 ratio
2083 2355 2122 2386 de
2145 2362 2215 2386 toto
2239 2363 2270 2386 et
2293 2356 2444 2396 partibus.

342 2456 494 2485 Sworsts.
517 2471 553 2477 —
581 2464 605 2484 1.
626 2455 841 2500 Argumentum
863 2460 892 2482 et
912 2453 1016 2482 divisio
1036 2459 1137 2481 textus.
1153 2469 1172 2475 -
1187 2451 1366 2489 Proponitur
1420 2460 1582 2487 versorum,
1598 2450 1672 2480 sicut
1685 2460 1735 2480 aer
1748 2457 1777 2480 et
1790 2460 1876 2488 aqua.
1901 2451 2017 2490 Corpus
2030 2457 2126 2480 autem
2142 2452 2219 2490 quod
2233 2452 2422 2481 circulariter
2437 2462 2497 2482 mo-

281 2496 436 2526 intentum.
458 2512 479 2518 -
505 2503 533 2524 2.
555 2495 632 2524 Cum
658 2494 836 2532 principium
861 2493 1120 2523 demonstrationis
1148 2492 1184 2522 sit
1213 2491 1365 2527 definitio,
1421 2497 1515 2526 vetur,
1538 2491 1636 2528 nequit
1653 2491 1762 2520 habere
1775 2491 1954 2530 gravitatem
1969 2494 2019 2519 aut
2034 2492 2188 2520 levitatem.
2211 2493 2292 2520 Unus
2307 2492 2385 2520 enim
2401 2500 2498 2521 motus

281 2542 400 2574 oportet
420 2544 657 2573 praesupponere
678 2534 864 2563 definitiones
885 2534 979 2572 gravis
1000 2539 1028 2562 et
1042 2533 1122 2562 levis.
1137 2550 1157 2555 -
1171 2533 1280 2561 'rextus
1295 2533 1363 2560 sub·
1420 2538 1463 2560 est
1476 2530 1616 2560 naturalis
1630 2530 1681 2559 uni
1697 2531 1872 2568 simplicium
1887 2540 2060 2568 corporum·
2077 2541 2142 2560 cum
2156 2541 2224 2570 ergo
2240 2542 2346 2569 corpus
2361 2532 2497 2570 quintum

282 2576 396 2606 divisio.
412 2593 431 2598 -
448 2576 550 2604 Grave
572 2575 677 2604 dicitur
691 2576 773 2613 quod
787 2581 888 2603 natum
904 2581 947 2602 est
962 2573 1073 2602 moveri
1091 2574 1129 2602 ad
1143 2573 1284 2608 medium,
1299 2573 1363 2601 leve
1419 2571 1456 2600 sit
1480 2571 1598 2600 alterius
1619 2578 1741 2600 naturae
1762 2581 1781 2600 a
1801 2578 1928 2609 quatuor
1949 2572 2115 2608 elementis,
2138 2582 2199 2601 non
2224 2580 2320 2609 potest
2348 2573 2459 2601 moveri
2480 2583 2498 2602 a

282 2617 364 2655 quod
379 2622 482 2646 natum
504 2622 547 2644 est
568 2615 679 2644 moveri
694 2625 712 2644 a
726 2615 835 2644 medio.
851 2631 870 2636 -
887 2615 912 2643 3.
929 2615 1028 2650 Quare
1049 2613 1186 2642 definitur
1207 2613 1255 2642 hic
1276 2622 1363 2650 grave
1358 2450 1395 2933 Ι
1419 2611 1518 2640 medio
1533 2619 1583 2641 aut
1603 2612 1640 2640 ad
1655 2612 1796 2647 medium,
1816 2621 1912 2649 neque
1931 2613 2092 2640 secundum
2114 2619 2247 2641 naturam
2269 2622 2364 2650 neque
2385 2620 2498 2650 praeter

283 2663 312 2686 et
331 2656 395 2685 leve
422 2665 477 2694 per
501 2655 705 2685 habitudinem
734 2656 773 2684 ad
800 2654 940 2683 medium.
963 2655 1086 2683 Sursum
1114 2660 1143 2682 et
1170 2654 1309 2682 deorsum
1331 2653 1361 2681 in
1418 2659 1568 2681 naturam:
1591 2661 1699 2689 corpus
1713 2658 1811 2680 autem
1826 2652 1937 2681 habens
1951 2653 2120 2690 gravitatem
2135 2660 2184 2681 aut
2198 2653 2343 2684 levitatem
2365 2660 2499 2682 movetur

282 2697 396 2727 mundo
419 2696 573 2734 quomodo
594 2695 791 2734 accipiebatur
805 2705 823 2724 a
837 2695 969 2730 Platone,
985 2701 1014 2723 et
1029 2694 1183 2732 quomodo
1198 2694 1235 2722 ab
1249 2693 1362 2722 Aristo·
1418 2702 1480 2721 uno
1494 2693 1603 2721 horum
1618 2699 1753 2721 motuum
1768 2693 1930 2721 secundum
1952 2699 2102 2728 naturam,
2126 2700 2154 2721 et
2167 2693 2258 2722 altero
2280 2700 2394 2730 praeter
2412 2700 2497 2722 natu-

282 2737 383 2766 tele.-
363 2746 427 2773 -.4
446 2736 664 2765 Gravissimum
685 2742 729 2765 est
743 2735 825 2774 quod
839 2736 951 2764 substat
972 2735 1110 2763 omnibus
1125 2743 1200 2772 quae
1221 2734 1361 2762 deorsum
1418 2742 1491 2761 ram.
1499 2734 1554 2761 -6.
1570 2732 1740 2761 Excluditur
1753 2733 1888 2762 obiectio.
1900 2734 1932 2761 In
1944 2734 2069 2762 eundem
2080 2733 2178 2762 locum
2190 2733 2320 2762 feruntur
2330 2734 2497 2762 naturaliter

282 2777 428 2813 feruntur,
457 2776 637 2806 levissimum
663 2776 746 2814 quod
771 2774 968 2813 supereminet
989 2774 1127 2804 omnibus
1149 2783 1225 2812 quae
1246 2783 1361 2803 sursum
1416 2782 1484 2811 pars
1499 2780 1527 2801 et
1538 2779 1643 2810 totum,
1656 2773 1729 2802 sicut
1743 2772 1774 2801 in
1789 2774 1895 2802 eodem
1910 2773 1977 2802 loco
1991 2774 2160 2802 naturaliter
2174 2774 2366 2811 quiescunt.—
2378 2783 2404 2811 7.
2417 2774 2496 2802 Con-

282 2817 453 2847 ἰπιιιιῐιιι.-
465 2817 493 2846 5.
506 2817 604 2846 Omne
625 2826 733 2853 eorpus
747 2816 829 2853 quod
847 2815 936 2844 fertur
950 2816 1090 2844 deorsum
1105 2821 1156 2844 aut
1170 2824 1296 2850 sursum,
1311 2820 1362 2843 aut
1417 2813 1543 2842 cluditur
1553 2823 1588 2842 ex
1599 2813 1766 2851 praemissis
1782 2820 1810 2842 et
1825 2814 1906 2851 quod
1919 2820 2015 2842 totum
2030 2823 2137 2852 corpus
2152 2814 2274 2842 caeleste
2288 2814 2397 2842 nullam
2410 2815 2495 2842 habet

279 2857 373 2886 habet
391 2857 525 2886 absolute
545 2857 716 2895 gravitatem
737 2857 784 2885 vel
803 2856 958 2891 levitatem,
981 2855 1055 2884 sicut
1072 2862 1150 2884 terra
1162 2861 1192 2884 et
1204 2854 1296 2892 ignis3
1311 2861 1363 2883 aut
1415 2853 1586 2891 gravitatem
1600 2854 1647 2882 vel
1661 2853 1815 2889 levitatem,
1838 2860 1866 2882 et
1880 2855 1970 2891 quod,
1991 2853 2014 2882 si
2029 2855 2065 2882 ab
2081 2863 2117 2883 eo
2132 2854 2231 2891 aliqua
2249 2863 2316 2891 pars
2330 2855 2494 2882 detrahere-

285 2896 374 2925 habet
385 2903 552 2934 utrumque,
575 2906 636 2926 non
651 2896 772 2934 quidem
793 2902 925 2933 respectu
940 2895 1081 2931 eiusdem,
1096 2896 1148 2924 sed
1161 2901 1295 2932 respectu
1316 2894 1360 2923 di-
1415 2901 1473 2930 tur,
1494 2903 1557 2923 non
1570 2901 1739 2923 moveretur
1752 2903 1849 2931 neque
1863 2904 1979 2923 sursum
1999 2904 2095 2931 neque
2118 2895 2265 2922 deorsum.

294 3002 324 3026 1.
362 3003 370 3015 ⁴
408 3013 417 3021 ·
433 3013 442 3022 ν
553 2997 754 3039 ostquam
765 2990 1024 3039 Philosophus
1056 2989 1222 3027 ostendit
1253 2987 1361 3038 quod
1415 2987 1597 3034 intendit;
1619 2988 1792 3026 secundo
1814 2988 1978 3026 ostendit
1996 2987 2252 3047 propositum,
2273 2987 2345 3024 ibi:
2377 2988 2495 3036 Opor-

458 3055 581 3105 ,θ’
555 3051 610 3080 est
639 3056 778 3093 corpus
806 3044 1006 3094 quoddam
1035 3043 1139 3080 aliud
1172 3056 1194 3080 a
1223 3054 1359 3091 corpo·
1416 3047 1465 3079 tet
1492 3047 1619 3079 autem
1648 3053 1861 3090 supponere
1881 3042 1900 3062 *
1927 3049 2014 3087 etc.;
2045 3041 2153 3078 tertio
2184 3041 2349 3078 excludit
2377 3054 2495 3091 quan—

435 3139 442 3149 κ
527 3132 537 3141 s
555 3095 585 3132 ri
613 3109 658 3133 us
676 3109 776 3146 quae
796 3105 885 3134 sunt
902 3097 978 3145 hic,
994 3096 1135 3134 scilicet
1154 3109 1177 3134 a
1196 3103 1362 3145 quatuor
1418 3095 1508 3133 dam
1538 3094 1821 3142 obviationem,
1850 3094 1918 3131 ibi:
1955 3094 2143 3136 Quoniam
2171 3100 2298 3132 autem
2328 3095 2365 3132 in
2395 3095 2493 3133 idem

443 3185 445 3188 Α
498 3149 508 3175 ῖ’
526 3144 535 3154 ¹
556 3149 753 3186 elementis
788 3158 844 3187 et
855 3151 915 3187 his
943 3163 1043 3200 quae
1077 3156 1362 3199 componuntur
1403 3150 1636 3198 ferunturss
1657 3156 1726 3185 etc.

287 3215 340 3240 ex
354 3202 426 3250 eis,
446 3201 508 3240 hic
527 3200 693 3240 ostendit
713 3201 967 3241 differentiam
985 3204 1099 3241 huius
1119 3204 1292 3252 corporis
1311 3203 1362 3240 ad
1472 3202 1573 3239 Dicit
1593 3214 1683 3250 ergo
1702 3201 1828 3250 primo
1858 3201 1975 3249 quod,
2007 3200 2097 3251 quia
2116 3214 2252 3239 eorum
2277 3215 2376 3252 quae
2397 3202 2496 3240 dicta

287 3268 452 3306 corpora
473 3257 493 3277 *
513 3268 610 3305 quae
632 3263 720 3294 sunt
738 3256 801 3293 hic
820 3256 876 3293 **.
903 3258 954 3294 Et
971 3257 1098 3307 primo
1117 3269 1188 3306 per
1207 3269 1365 3306 compa·
1418 3263 1506 3292 sunt
1526 3255 1719 3304 quaedam
1748 3262 1836 3290 sunt
1855 3254 2052 3304 supposita
2072 3255 2229 3301 (scilicet
2248 3256 2354 3305 quod
2373 3269 2495 3293 unum

287 3309 475 3347 rationem
500 3310 550 3347 ad
570 3317 722 3347 motum
741 3286 925 3356 localem3
956 3310 1126 3347 secundo
1147 3310 1363 3348 secundum
1417 3308 1485 3346 uni
1504 3308 1550 3345 sit
1571 3307 1823 3355 contrarium,
1855 3315 1891 3345 et
1919 3308 2027 3357 quod
2055 3308 2128 3346 sint
2156 3310 2260 3347 solae
2287 3305 2384 3347 duae
2406 3309 2494 3347 sim-

287 3363 382 3400 alios
402 3371 549 3411 motus,
570 3363 638 3400 ibi:
669 3363 848 3400 Similiter
866 3369 992 3400 autem
1017 3364 1276 3400 rationabile*
1293 3371 1362 3400 etc.
1418 3362 1535 3412 plices
1552 3361 1846 3410 magnitudines,
1863 3362 2003 3399 scilicet
2021 3370 2124 3400 recta
2144 3371 2181 3400 et
2201 3363 2391 3401 circularis
2406 3370 2434 3411 α,
2458 3371 2494 3400 et

288 3417 401 3454 Circa
433 3418 605 3466 primum
633 3418 704 3455 tria
737 3417 845 3454 facit:
884 3417 1011 3466 primo
1043 3417 1226 3466 proponit
1257 3417 1364 3466 quod
1420 3415 1450 3453 si
1471 3427 1547 3464 qua
1567 3415 1639 3452 alia
1663 3422 1751 3453 sunt
1773 3415 2023 3465 huiusmodi),
2045 3417 2238 3465 quaedam
2259 3425 2388 3454 autem
2410 3424 2496 3454 sunt

342 3556 369 3590 α)
389 3556 490 3582 scilicet
507 3559 582 3583 recta
600 3559 627 3582 et
645 3557 828 3582 circularis.-
841 3556 913 3581 Haec
930 3556 1010 3581 verba
1029 3556 1151 3581 omittunt
1169 3555 1280 3587 codices,
1301 3557 1359 3589 qui-
1416 3556 1509 3581 Statim
1524 3558 1551 3580 et
1562 3556 1695 3588 quaedam
1708 3557 1764 3582 alia
1783 3556 1937 3583 huiusmodi
1950 3557 1978 3587 P,
1995 3558 2148 3591 corrigendo
2161 3557 2300 3583 lectionem
2314 3556 2487 3589 BCDFGpEI,

287 3592 337 3617 bus
356 3592 427 3618 favet
445 3588 518 3625 quod
537 3592 602 3618 infra
619 3598 681 3626 post
693 3595 748 3618 tres
767 3595 854 3617 motus
867 3592 999 3624 simplices
1013 3599 1035 3617 s.
1045 3591 1095 3617 Th.
1111 3591 1173 3617 nihil
1188 3590 1326 3625 specificat.
1339 3607 1359 3611 -
1415 3592 1460 3624 qui
1478 3591 1602 3617 omittunt
1619 3592 1650 3617 si.

2524 805 2608 860 ;7Cap.
2619 812 2654 828 ιιι.
2669 806 2737 828 Text.

2526 1431 2534 1440 ·
2550 1429 2618 1452 Text.
2636 1431 2666 1452 ιδ.

2528 1962 2537 1970 '
2552 1959 2621 1981 Text.
2637 1966 2669 1988 ¹9·

2525 3055 2533 3062 '
2548 3052 2620 3074 Num.
2634 3059 2683 3081 seq.

2523 3155 2620 3177 '‘Num.
2633 3155 2655 3177 6.
