2782 4134
1125 280 1237 317 CAP.
1267 281 1320 328 X,
1351 281 1503 318 LECT.
1534 283 1622 320 XVI

275 353 494 391 Alexander
521 355 627 404 quod
648 369 693 393 ex
712 357 788 394 hoc
807 357 954 394 nullum
975 359 1143 407 sequitur
1167 361 1347 400 inconve-

275 406 399 444 niens:
430 408 520 457 quia
547 409 767 447 Aristoteles
794 411 974 459 probavit
1001 413 1126 449 stellas
1156 428 1235 452 non
1263 429 1347 453 mo-

274 460 357 497 veri
385 473 455 510 per
482 462 638 511 seipsas,
668 475 747 500 non
775 464 900 506 solum
928 477 997 513 per
1024 466 1098 502 hoc
1127 470 1232 515 quod
1261 478 1348 507 sunt

276 514 496 562 sphaericae
525 516 689 563 figurae,
719 516 787 553 sed
816 516 931 554 etiam
958 530 1028 566 per
1055 521 1245 567 quaedam
1275 523 1346 560 alia

275 567 416 605 media.
439 568 617 606 Similiter
637 569 750 606 etiam
772 570 936 607 ostendit
962 573 1087 609 stellas
1107 586 1190 610 esse
1211 576 1345 623 sphae-

274 620 375 658 ricae
403 621 547 669 figurae
574 634 645 671 per
671 622 864 672 quaedam
893 623 965 660 alia
994 625 1120 662 media
1147 625 1176 673 β,
1202 636 1238 664 et
1266 641 1344 666 non

274 674 400 711 solum
416 687 485 723 per
498 675 573 712 hoc
589 676 694 723 quod
714 683 801 712 sunt
819 677 1033 714 secundum
1053 691 1094 715 se
1113 679 1342 719 immobiles.

325 739 363 774 4.
395 727 536 764 Obiicit
554 735 684 765 autem
713 736 845 766 contra
872 730 947 766 hoc
977 731 1206 780 Simplicius,
1237 735 1342 782 quod

273 792 352 817 non
371 780 577 829 impeditur
595 781 688 818 ratio
709 781 899 819 circularis
921 783 1255 823 demonstrationis
1275 800 1344 836 per

270 834 347 870 hoc
365 833 471 881 quod
489 840 650 882 utraque
666 835 859 872 conclusio
875 837 1046 885 pluribus
1062 839 1197 876 mediis
1217 848 1343 877 osten-

271 886 382 924 ditur.
399 907 425 914 -
443 886 522 923 Sed
541 887 747 925 dicendum
770 895 826 926 est
844 891 960 938 quod,
978 891 1064 928 licet
1082 905 1152 941 per
1170 893 1245 930 hoc
1264 906 1343 931 non

269 939 421 976 tollatur
458 939 552 976 ratio
582 940 771 978 circularis
806 942 1162 992 demonstrationis,
1201 946 1343 984 tollitur

268 999 400 1030 tamen
417 992 692 1032 inconveniens
717 996 821 1044 quod
841 1009 885 1034 ex
916 997 1085 1035 circulari
1105 999 1343 1038 demonstra-

268 1045 372 1083 tione
401 1046 601 1094 contingit,
630 1055 672 1085 ut
699 1048 839 1086 scilicet
866 1050 957 1087 nihil
986 1052 1209 1090 manifestet.
1241 1054 1342 1101 Quia

268 1110 348 1136 non
367 1106 494 1148 potest
507 1100 649 1149 aliquid
668 1102 899 1140 manifestari
919 1104 990 1142 nisi
1009 1118 1079 1154 per
1097 1106 1235 1153 notius,
1262 1120 1342 1144 non

251 1159 394 1201 ⁴potest
421 1161 550 1190 autem
579 1153 683 1192 idem
704 1167 787 1192 esse
817 1156 943 1194 notius
972 1165 1009 1195 et
1036 1159 1162 1196 minus
1182 1167 1340 1198 notum:

246 1205 629 1256 csedrdum‘utraque
659 1209 854 1247 conclusio
874 1222 943 1259 per
962 1211 1034 1248 alia
1062 1212 1191 1249 media
1219 1213 1340 1250 mani-

267 1258 434 1307 festatur,
454 1272 532 1297 una
550 1268 676 1309 potest
699 1263 800 1299 sumi
814 1270 856 1300 ut
874 1264 1156 1302 manifestativa
1175 1266 1338 1314 alterius,

266 1312 318 1349 ad
345 1313 628 1351 ostendendum
649 1316 1003 1355 convertibilitatem
1033 1319 1337 1357 conclusionum.

325 1367 358 1403 5.
379 1366 530 1404 Deinde
546 1380 634 1404 curn
651 1368 755 1406 dicit:
775 1369 911 1407 Adhuc
924 1376 1050 1408 autem
1069 1371 1241 1409 similiter
1259 1374 1339 1421 qui-

265 1418 350 1456 dem
379 1426 472 1467 etc.,
501 1421 610 1469 ponit
637 1421 750 1459 aliam
785 1423 972 1461 rationem
1001 1424 1051 1461 ad
1078 1424 1202 1471 idem,
1239 1438 1338 1475 quae

265 1471 428 1509 sumitur
447 1485 492 1510 ex
511 1473 569 1511 his
589 1486 688 1522 quae
708 1475 932 1514 sensibiliter
955 1485 1151 1526 apparent.
1181 1479 1231 1516 Et
1249 1492 1338 1529 sup-

264 1525 375 1574 ponit
392 1527 498 1574 quod
527 1527 658 1564 omnia
686 1535 785 1566 astra
814 1529 984 1567 similiter
1011 1543 1052 1568 se
1071 1531 1215 1569 habent
1242 1532 1338 1570 sicut

263 1590 399 1616 unum.
430 1579 654 1618 Ostenditur
671 1581 692 1602 *
719 1589 846 1619 autem
866 1584 913 1620 de
933 1596 1012 1620 uno
1034 1596 1181 1631 eorum,
1198 1586 1339 1623 scilicet

263 1631 312 1669 de
339 1631 440 1680 luna,
459 1645 531 1682 per
558 1646 604 1671 ea
631 1646 730 1683 quae
759 1635 984 1674 sensibiliter
1010 1638 1201 1684 videntur,
1231 1639 1337 1688 quod

263 1685 311 1723 sit
337 1686 558 1734 sphaericae
594 1687 751 1736 figurae.
789 1690 839 1726 Et
865 1690 941 1727 hoc
975 1691 1133 1739 quidem
1171 1693 1337 1730 ostendit

263 1738 463 1788 dupliciter
478 1740 515 1776 *z
544 1739 670 1789 primo
700 1742 858 1791 quidem
877 1755 948 1792 per
966 1757 1012 1781 ea
1032 1757 1132 1793 quae
1161 1758 1336 1783 commu-

262 1789 361 1829 niter
387 1793 436 1829 ab
466 1793 647 1831 omnibus
676 1795 975 1843 considerantur,
1005 1797 1103 1836 idest
1130 1811 1176 1836 ex
1205 1799 1336 1847 figuris

263 1857 359 1895 quas
372 1845 464 1883 luna
476 1854 598 1884 mutat
617 1860 663 1885 ex
683 1857 889 1897 augmento
905 1855 943 1887 et
957 1850 1214 1897 decremento.
1236 1853 1338 1891 Dicit

263 1898 366 1936 enim
385 1899 492 1947 quod
511 1899 582 1938 nisi
601 1901 691 1938 luna
710 1910 810 1940 esset
829 1904 1049 1953 sphaericae
1078 1906 1235 1954 figurae,
1257 1919 1336 1944 non

223 1983 225 1986 Α
262 1952 372 2001 fieret
398 1953 439 1990 in
467 1965 538 1991 suo
567 1963 773 2002 augmento
803 1963 839 1993 et
867 1957 1114 1996 decremento
1139 1964 1170 2005 ⁷,
1202 1972 1335 1997 secun-

262 2004 356 2043 dum
383 2006 594 2055 plurimum
627 2008 784 2056 quidem
822 2010 1003 2048 lunularis
1031 2012 1093 2048 vel
1121 2013 1334 2050 novaculae

260 2058 409 2096 habens
432 2059 607 2108 figuram,
628 2069 694 2098 aut
712 2062 827 2100 etiarn
846 2065 1113 2112 amphicurtos‚
1135 2074 1200 2103 aut
1220 2066 1333 2104 etiam

260 2111 503 2162 dichotomos.
515 2133 539 2142 -
550 2113 698 2152 Dicitur
711 2123 839 2153 autem
856 2117 945 2154 luna
959 2118 1184 2166 dichotoma,
1201 2132 1335 2157 secun-

261 2163 355 2210 dum
374 2167 576 2214 quosdam,
597 2168 754 2216 quando
775 2176 832 2206 est
849 2171 975 2219 plena,
996 2171 1085 2220 quia
1112 2179 1202 2210 tunc
1228 2185 1335 2210 men-

261 2230 344 2255 sem
365 2218 499 2256 dividit
525 2219 565 2256 in
591 2220 668 2258 duo
689 2222 833 2259 media:
861 2223 1092 2261 dichotomos
1121 2225 1223 2263 enim
1244 2226 1334 2263 dici-

259 2278 321 2308 tur
336 2268 350 2293 ὃ
368 2285 391 2309 a
406 2272 593 2310 divisione
613 2273 652 2311 in
671 2274 760 2312 duo.
788 2276 865 2314 Sed
884 2277 959 2314 hoc
974 2286 1159 2326 repugnat
1178 2279 1211 2316 ei
1228 2279 1333 2328 quod

226 2353 233 2360 .
259 2324 356 2362 infra
380 2326 400 2347 *
429 2325 584 2372 dicetur,
606 2327 713 2375 quod
742 2328 871 2366 lunam
890 2330 1053 2367 vidimus
1080 2331 1332 2370 dichotomam

259 2378 488 2425 existentem,
508 2380 780 2418 subintrantem
804 2388 930 2420 autem
949 2384 1132 2431 Martem,
1153 2391 1188 2422 et
1210 2386 1332 2423 occul-

259 2436 398 2468 tantem
425 2433 631 2470 secundum
656 2434 811 2484 nigrum
841 2436 966 2484 ipsius,
988 2444 1186 2475 exeuntem
1206 2445 1331 2476 autem

257 2485 463 2522 secundum
478 2485 626 2523 clarum
646 2493 683 2524 et
699 2487 885 2534 lucidum‚·
905 2502 950 2526 ex
970 2502 1047 2538 quo
1065 2492 1085 2512 ὃς
1104 2499 1208 2539 patet
1226 2492 1331 2540 quod

259 2537 480 2576 dichotoma
509 2539 643 2577 dicitur
673 2541 764 2578 luna
801 2542 957 2591 quando
992 2545 1213 2593 superficies
1251 2546 1331 2583 eius

258 2604 358 2642 quae
387 2599 443 2629 est
468 2605 604 2630 versus
632 2606 704 2631 nos
732 2594 772 2631 in
801 2595 896 2633 duas
915 2604 1040 2645 partes
1070 2597 1260 2644 dividitur,
1281 2599 1331 2636 ita

201 2672 205 2676 .
258 2645 365 2694 quod
398 2645 527 2683 media
554 2647 642 2695 pars
671 2647 752 2684 eius
781 2655 837 2685 est
865 2649 1039 2698 obscura,
1060 2651 1189 2688 media
1219 2653 1328 2689 clara.

258 2698 309 2735 Et
327 2697 380 2735 sic
402 2698 515 2736 etiam
536 2699 717 2748 accipitur
735 2701 811 2738 hoc
829 2710 975 2740 nomen
996 2703 1034 2740 in
1053 2704 1150 2742 libro
1171 2706 1328 2754 Synthe-

257 2762 340 2788 seos
367 2751 598 2800 Ptolomaei,
627 2754 808 2791 translato
838 2756 885 2793 de
915 2757 1076 2794 Graeco.

313 2924 339 2960 β)
355 2925 486 2951 Similiter
498 2927 578 2952 etiam
626 2927 682 2952 alia
696 2928 793 2953 media.
806 2940 824 2947 --
837 2929 856 2953 P
871 2933 897 2953 et
911 2929 986 2954 codd.
1001 2938 1056 2955 exc.
1070 2931 1093 2955 A
1106 2939 1159 2956 om.
1174 2930 1224 2956 hoc
1237 2931 1332 2956 horno-

257 2962 382 2991 teleuton,
402 2962 448 2986 sed
467 2969 500 2987 eo
518 2963 618 2987 omisso
637 2971 732 2988 sensus
752 2964 870 2989 laeditur.
882 2978 900 2983 -
916 2965 1006 2989 Statim
1025 2966 1047 2990 E
1061 2974 1115 2991 om.
1131 2967 1275 2992 secundum
1294 2975 1331 2993 se.

312 2995 340 3031 γ)
361 2997 436 3022 Dicit
453 2997 556 3023 enim...
570 3001 597 3023 et
615 2998 790 3024 decremento.
804 3013 824 3019 -
837 3000 893 3024 Hoc
914 3008 1005 3025 rursus
1029 3001 1225 3027 homoteleuton
1244 3011 1297 3028 om.
1311 3003 1331 3027 P

259 3036 285 3057 et
298 3032 373 3057 codd.
387 3040 441 3057 exc.
455 3033 488 3057 A.
500 3045 520 3052 —
533 3033 584 3058 Pro
602 3034 742 3064 1unular1's,
757 3035 828 3067 quod
847 3043 900 3060 om.
915 3037 947 3065 A,
961 3037 1102 3062 annularis
1117 3038 1147 3062 Pl
1167 3038 1198 3069 (P
1218 3038 1243 3062 in
1261 3046 1331 3063 vers.

259 3068 377 3096 lunaris,
402 3067 434 3092 cf.
449 3075 520 3093 num.
534 3067 577 3103 8),
596 3069 700 3094 lunaris
718 3070 750 3095 E.
761 3084 781 3089 -
792 3073 841 3095 aut
859 3071 939 3096 etiam
963 3072 1158 3104 amphicurtos,
1183 3077 1231 3098 aut
1249 3074 1330 3099 etiam

257 3103 424 3128 dichotomos
434 3111 489 3128 om.
499 3104 518 3128 P
532 3109 558 3128 et
570 3105 646 3129 codd.
656 3112 711 3130 exc.
720 3106 752 3136 A,
767 3114 798 3130 ex
812 3114 864 3138 quo
878 3106 935 3139 ipsa
949 3107 1156 3140 desumpsimus;
1170 3109 1254 3141 primo
1269 3109 1330 3141 quia

258 3146 338 3171 supra
356 3138 417 3163 dixit
434 3146 472 3163 ex
483 3138 603 3172 figur-ix
621 3141 737 3165 secundo
756 3141 816 3174 quia
835 3142 952 3174 sequitur
971 3142 1080 3168 Dicitur·
1097 3147 1186 3169 autem
1205 3145 1270 3169 luna
1290 3145 1330 3169 di-

256 3174 402 3204 chaumes,
417 3175 488 3207 quod
501 3180 541 3200 est
555 3175 687 3207 explicatio
701 3177 923 3208 praecedentium
942 3178 1018 3202 tertio
1033 3179 1140 3204 demum
1159 3180 1219 3212 quia
1233 3180 1258 3204 in
1273 3180 1330 3204 Ari-

258 3209 360 3234 stotelis
384 3214 454 3234 textu
473 3209 537 3235 haec
555 3211 685 3242 leguntur.
711 3212 762 3236 Pro
782 3212 963 3244 amphicurtos
982 3213 1023 3238 hic
1041 3215 1065 3238 A
1083 3219 1109 3239 et
1127 3214 1191 3239 infra
1210 3215 1285 3240 codd.
1305 3220 1330 3240 et

258 3245 385 3270 editiones
404 3245 494 3277 legunt
511 3246 692 3277 amphitritas,
713 3248 878 3280 corruptione
897 3247 980 3279 facim
995 3249 1064 3274 idern
1079 3250 1099 3274 P
1114 3250 1140 3274 in
1158 3258 1226 3275 vers.

311 3279 338 3314 δ)
358 3280 523 3306 dichotomos
547 3281 617 3306 enim
638 3282 745 3307 dicitur.
758 3296 778 3301 —
795 3283 865 3308 enim
885 3291 939 3308 om.
953 3284 973 3308 P
993 3289 1019 3309 et
1038 3286 1113 3310 codd.
1132 3293 1185 3310 exc.
1200 3287 1232 3310 A.
1245 3299 1263 3304 —
1283 3286 1329 3310 Se-

259 3316 347 3347 quenti
367 3316 411 3340 lin.
430 3323 479 3348 pro
498 3316 625 3347 vidimus,
645 3317 765 3343 videmus
784 3318 873 3350 codd.;
893 3318 925 3344 cf.
939 3319 989 3344 loc.
1004 3320 1045 3344 cit.
1059 3335 1079 3339 -
1092 3321 1150 3345 Lin.
1169 3328 1225 3353 seq.
1239 3324 1327 3345 autem

258 3354 318 3375 ante
335 3350 454 3375 Martem
472 3359 525 3376 om.
541 3352 570 3376 P.

312 3384 334 3419 ε)
348 3386 459 3419 figurae
476 3387 647 3412 lunularis.—
653 3388 765 3421 figurae
784 3389 925 3415 annularis
944 3390 972 3422 P,
992 3390 1096 3416 lunaris
1107 3392 1218 3424 figurae
1238 3391 1328 3421 codd·‚

248 3421 350 3454 figura
367 3422 508 3446 annularis
528 3422 569 3447 ed.
588 3421 668 3454 15163
688 3423 721 3448 cf.
735 3429 789 3449 not.
802 3432 827 3458 γ.

311 3455 338 3489 ζ)
355 3456 475 3482 obscura.
487 3471 507 3476 —
520 3457 662 3483 obscurata
675 3459 694 3483 P
709 3464 735 3484 et
748 3460 823 3485 codd.
838 3468 891 3486 exc.
901 3461 933 3486 Α.
947 3474 966 3481 —-
978 3461 1029 3486 Pro
1042 3468 1100 3486 eam
1114 3467 1234 3494 corrupte
1246 3468 1328 3486 causa

259 3491 294 3522 P;
314 3492 338 3516 G
357 3492 460 3517 omittit.

312 3526 339 3560 η)
360 3528 562 3559 oppositionem,
573 3528 703 3561 incipit.-
712 3530 794 3555 Codd.
809 3538 864 3556 exc.
874 3531 896 3555 A
910 3536 1079 3563 corrumpunt
1093 3531 1186 3562 incipit
1199 3531 1224 3554 in
1239 3530 1265 3570 in
1281 3537 1326 3561 op-

252 3562 347 3594 posita
352 3570 360 3592 ,¹
374 3563 466 3588 eodem
481 3564 560 3588 modo
573 3570 634 3597 post
646 3570 758 3597 quatuor
770 3566 851 3591 lineas
864 3574 911 3599 pro
923 3567 1017 3598 incipit
1027 3567 1116 3598 legunt
1131 3567 1157 3590 in
1168 3568 1326 3597 oppositum.

258 3597 278 3622 P
292 3602 430 3630 utramque
449 3599 587 3624 lectionem
601 3601 744 3633 coniungit;
760 3602 821 3634 legit
840 3602 908 3626 enim
927 3601 1117 3633 oppositionem
1138 3601 1164 3625 in
1179 3600 1326 3632 opposito...

253 3632 315 3658 eius
334 3633 428 3666 incipit
446 3634 579 3660 illustrari
595 3642 613 3660 a
631 3636 718 3661 sole...
735 3637 868 3668 paulatim
888 3637 914 3661 in
934 3637 1083 3668 oppositum
1100 3635 1193 3666 incipit
1206 3635 1325 3667 deficere.

2400 292 2470 329 183

1457 362 1492 398 6.
1523 363 1591 399 Est
1619 375 1708 411 ergo
1748 365 2070 404 considerandum
2109 368 2214 415 quod
2251 368 2470 406 Aristoteles

1401 426 1480 451 non
1517 415 1604 453 facit
1630 417 1691 453 hic
1720 418 1956 456 mentionem
1987 420 2033 456 de
2063 421 2184 468 figura
2211 421 2323 458 lunae
2353 435 2469 471 quam

1400 468 1515 505 habet
1537 468 1576 505 in
1602 469 1790 519 principio
1810 479 1875 508 aut
1902 473 2065 510 termino
2095 474 2288 521 augmenti
2317 487 2385 511 seu
2406 475 2469 512 de-

1401 522 1603 569 crementi,
1633 523 1701 560 sed
1730 524 1855 561 solum
1885 525 1931 562 de
1962 538 2006 562 ea
2035 539 2152 575 quam
2182 527 2296 564 habet
2325 527 2418 564 dum
2449 530 2468 550 ²⁵
2495 538 2572 559 *cum
2587 545 2608 560 ι’-

1401 574 1533 611 crescit
1556 583 1620 612 aut
1648 576 1889 615 deminuitur.
1921 579 2084 627 Semper
2112 580 2231 626 enim,
2262 593 2350 617 cum
2379 581 2468 618 luna

1399 626 1445 662 sit
1473 628 1690 675 sphaericae
1718 631 1883 678 figurae,
1912 644 2035 669 unum
2070 633 2151 669 eius
2179 634 2199 654 *
2226 634 2468 682 hemisphae-
2496 647 2668 670 ·e1·us0m.p.

1399 679 1498 716 rium
1517 680 1748 719 illuminatur
1766 696 1788 719 a
1812 684 1902 731 sole,
1925 693 1960 722 et
1979 685 2080 722 aliud
2100 694 2272 723 remanet
2294 687 2313 707 ³³·
2330 688 2467 724 obum-
2494 701 2504 710 ·
2519 702 2582 722 tenet
2590 707 2613 727 u,
2624 701 2711 723 retinet

1399 732 1562 769 bratum.
1594 734 1760 780 Quando
1790 749 1879 784 ergo
1918 739 2006 775 luna
2035 746 2091 776 est
2122 739 2161 776 in
2199 739 2466 777 coniunctione
2495 730 2640 749 cenna*

1399 785 1447 821 ad
1476 786 1613 833 solem,
1643 795 1767 825 totum
1795 791 1967 838 superius
1998 792 2338 840 hemisphaerium,
2360 794 2466 841 quod

1399 838 1538 875 directe
1568 851 1590 875 a
1618 841 1698 876 sole
1736 843 1945 890 respicitur,
1974 844 2207 882 illuminatur
2234 858 2256 882 a
2285 846 2385 892 sole,
2416 846 2467 883 ita

1398 892 1503 940 quod
1518 892 1671 929 inferius
1690 894 2014 943 hemisphaerium
2029 905 2200 935 remanet
2215 899 2465 946 occultatum3

1398 952 1435 981 et
1462 952 1551 982 tunc
1578 945 1731 982 videtur
1758 948 1868 984 nobis
1897 950 1986 986 luna
2014 952 2244 988 obumbrata
2264 959 2300 988 et
2328 952 2465 988 obscu-

1397 1006 1488 1035 rata.
1519 998 1708 1036 Paulatim
1737 1008 1865 1037 autem
1894 1002 1983 1038 luna
2012 1004 2211 1041 recedente
2240 1017 2262 1041 a
2290 1006 2381 1052 sole,
2404 1017 2464 1042 su-

1395 1052 1524 1100 perius
1561 1052 1887 1101 hemisphaerium
1925 1055 1972 1091 ab
2007 1069 2084 1092 una
2120 1065 2226 1105 parte
2265 1070 2354 1105 sua,
2388 1071 2465 1107 qua

1396 1104 1518 1152 magis
1547 1105 1658 1142 distat
1676 1117 1698 1142 a
1718 1106 1808 1152 sole,
1831 1106 1966 1144 desinit
1984 1108 2168 1157 illustrari,
2191 1118 2227 1147 et
2250 1111 2463 1148 secundum

1397 1158 1559 1195 eandem
1589 1158 1837 1207 quantitatem
1870 1159 1998 1209 incipit
2028 1162 2198 1199 illustrari
2223 1164 2463 1213 hemisphae-

1396 1210 1495 1247 rium
1515 1210 1687 1257 inferius;
1709 1219 1746 1248 et
1764 1220 1854 1249 tunc
1872 1213 2024 1251 videtur
2042 1215 2132 1252 luna
2150 1216 2293 1263 figurae
2314 1216 2462 1254 lunula-

1395 1264 1447 1300 ris
1456 1269 1479 1310 ‘,
1495 1264 1591 1302 idest
1605 1277 1776 1301 arcuosa.
1798 1266 1847 1302 Et
1861 1266 1935 1302 hoc
1950 1268 2121 1315 procedit
2136 1281 2336 1318 quousque
2353 1270 2464 1307 distet

1394 1329 1416 1353 a
1431 1318 1510 1354 sole
1531 1317 1744 1354 secundum
1764 1318 2034 1366 quadraturam
2056 1321 2194 1368 circuli,
2216 1322 2311 1359 idest
2329 1335 2462 1360 secun-

1395 1369 1488 1407 dum
1517 1378 1692 1418 quartam
1711 1378 1859 1420 partem
1881 1372 2022 1419 circuli;
2053 1382 2089 1410 et
2111 1382 2201 1411 tunc
2223 1375 2374 1413 videtur
2401 1389 2463 1413 su-

1392 1423 1568 1472 perficies
1589 1424 1670 1461 eius
1689 1436 1788 1473 quae
1813 1433 1867 1461 est
1886 1438 2020 1462 versus
2040 1439 2123 1474 nos,
2145 1440 2190 1464 ex
2209 1428 2336 1465 media
2354 1437 2460 1478 parte

1394 1477 1557 1514 obscura
1586 1476 1600 1503 ζ
1628 1485 1666 1514 et
1684 1489 1730 1514 ex
1750 1478 1879 1514 media
1899 1486 2004 1527 parte
2026 1480 2135 1527 clara,
2162 1482 2266 1529 quod
2292 1489 2347 1518 est
2375 1495 2461 1519 eam
2590 1489 2606 1518 ζ

1393 1542 1476 1566 esse
1510 1530 1774 1567 dichotomam.
1806 1532 2060 1569 Postmodum
2095 1541 2244 1580 autem,
2277 1535 2462 1572 accedens

1392 1583 1441 1620 ad
1471 1583 1560 1620 solis
1589 1584 1885 1632 oppositionem,
1917 1585 2075 1634 incipit’²
2105 1586 2226 1623 maior
2253 1599 2340 1635 pars
2370 1588 2461 1625 infe·
2586 1604 2602 1627 η

1392 1636 1500 1674 rioris
1528 1637 1799 1685 hemisphaerii
1829 1637 1910 1674 eius
1938 1638 2109 1675 illustrari
2137 1652 2159 1676 a
2183 1641 2279 1686 sole;
2311 1648 2346 1677 et
2373 1649 2462 1678 tunc

1393 1690 1529 1727 dicitur
1555 1691 1821 1738 amphicurtos‚
1851 1703 2052 1740 quousque
2082 1692 2127 1729 sit
2154 1693 2192 1729 in
2221 1694 2460 1742 oppositione

1391 1743 1440 1780 ad
1460 1744 1600 1789 solem;
1629 1751 1719 1780 tunc
1749 1744 1850 1780 enim
1874 1751 1997 1781 totum
2027 1745 2350 1794 hemisphaerium
2381 1747 2458 1784 eius

1391 1797 1544 1834 inferius
1573 1796 1776 1834 illustratur
1803 1810 1825 1833 a
1854 1797 1945 1844 sole,
1977 1805 2014 1834 et
2041 1798 2175 1835 dicitur
2196 1799 2322 1847 plena.
2353 1800 2460 1837 Post-

1390 1851 1551 1888 modum
1569 1862 1664 1887 vero
1688 1850 1870 1900 paulatim
1899 1850 2027 1900 incipit
2055 1851 2231 1899 deficere,
2254 1860 2289 1889 et
2307 1853 2350 1890 fit
2378 1866 2458 1890 arn-

1388 1903 1597 1952 phicurtos‚
1614 1916 1815 1952 quousque
1832 1903 1941 1941 distet
1960 1905 2171 1942 seeundum
2188 1914 2361 1954 quartam
2374 1917 2459 1955 par-

1389 1965 1467 1994 tem
1498 1955 1669 2002 circuli⁰;
1701 1965 1736 1994 et
1754 1965 1845 1994 tunc
1874 1957 2008 1994 dicitur
2027 1958 2256 2005 dichotoma,
2279 1959 2384 2008 quasi
2414 1972 2459 1997 ex
2584 1967 2612 1992 θ’

1389 2010 1516 2047 media
1535 2018 1640 2059 parte
1656 2011 1771 2055 clara;
1793 2010 1899 2047 cuius
1921 2011 2066 2048 claritas
2086 2012 2346 2060 postmodum,
2364 2013 2457 2050 dum

1390 2063 1480 2100 citra
1514 2063 1715 2101 dimidium
1755 2063 2004 2111 deminuitur,
2033 2065 2076 2101 fit
2107 2065 2306 2113 lunularis,
2336 2079 2458 2114 usque

1389 2117 1438 2154 ad
1468 2116 1775 2154 coniunctionem
1795 2123 1814 2153 ‘.
1846 2117 1908 2154 Sic
1932 2117 2041 2165 igitur
2060 2126 2162 2166 patet
2182 2119 2285 2167 quod
2310 2119 2348 2156 in
2367 2132 2457 2167 aug·
2587 2139 2595 2154 ι

1389 2177 1520 2207 mento
1541 2169 1743 2217 multoties,
1765 2170 1846 2207 sive
1861 2177 1874 2191 '‘
1894 2171 2107 2208 secundum
2126 2172 2347 2220 plurimum,
2368 2173 2458 2209 luna
2581 2190 2597 2206 κ

1389 2231 1445 2260 est
1472 2223 1633 2260 arcualis
1662 2235 1731 2260 seu
1758 2223 1959 2271 lunularis,
1990 2233 2054 2261 aut
2081 2225 2358 2273 amphicurtos;
2389 2226 2457 2263 sed

1388 2277 1508 2313 semel
1536 2276 1575 2313 in
1603 2284 1810 2325 augmento
1840 2284 1896 2313 est
1928 2277 2149 2314 dichotoma
2178 2286 2213 2315 et
2240 2280 2358 2317 semel
2377 2277 2390 2299 λ
2418 2279 2456 2316 in
2582 2284 2599 2310 λ

1389 2330 1652 2377 decremento,
1687 2330 1842 2378 quando
1872 2330 2011 2367 scilicet
2040 2331 2149 2368 distat
2173 2344 2194 2368 a
2219 2332 2298 2368 sole
2323 2344 2455 2369 secun-

1388 2383 1480 2420 dum
1511 2391 1684 2432 quartam
1712 2391 1859 2432 partem
1888 2383 2026 2421 circuli.

1441 2449 1476 2484 7.
1499 2437 1586 2473 Hoc
1600 2444 1728 2473 autem
1747 2449 1826 2473 non
1846 2437 2080 2485 contingeret
2099 2437 2128 2474 si
2147 2438 2236 2474 luna
2257 2451 2334 2475 non
2357 2446 2455 2475 esset

1387 2489 1607 2538 sphaericae
1636 2490 1792 2537 figurae.
1823 2490 2068 2527 Manifestum
2089 2498 2143 2527 est
2163 2491 2264 2528 enim
2284 2491 2400 2539 quod,
2422 2491 2452 2528 si

1386 2543 1606 2592 superficies
1644 2543 1725 2579 eius
1759 2555 1857 2591 quae
1887 2551 1941 2580 est
1967 2556 2100 2581 versus
2137 2557 2207 2581 nos
2243 2552 2340 2581 esset
2376 2552 2454 2581 tota

1384 2597 1498 2645 plana
1516 2603 1546 2642 1¹²,
1569 2596 1679 2633 simul
1709 2596 1891 2645 inciperet
1915 2597 2088 2634 illustrari
2117 2610 2139 2634 a
2163 2598 2254 2644 sole,
2277 2606 2312 2634 et
2340 2597 2453 2634 etiam
2578 2613 2598 2639 μ

1385 2650 1592 2696 obscurari,
1613 2662 1692 2686 non
1711 2649 1925 2687 successive
1944 2663 2014 2699 per
2034 2651 2255 2688 continuum
2275 2663 2453 2699 augmen-

1383 2711 1466 2740 tum
1494 2711 1531 2740 et
1559 2703 1856 2740 decrementum.
1888 2704 1945 2740 Ex
1974 2716 2051 2752 quo
2088 2704 2330 2741 manifestum
2369 2711 2424 2741 est
2441 2710 2453 2724 ⁹
2580 2718 2592 2735 ν

1384 2757 1489 2806 quod
1508 2757 1624 2793 habet
1649 2756 1887 2805 sphaericam
1906 2757 2226 2804 tumorositatem,
2246 2770 2315 2806 per
2334 2769 2451 2805 quam

1425 2931 1463 2964 -Θ)
1482 2932 1627 2958 secundum
1646 2936 1771 2965 quartam
1786 2935 1893 2964 partem
1913 2932 2013 2957 circuti.
2026 2945 2045 2950 —
2058 2932 2099 2956 Sic
2118 2933 2165 2958 AI:
2185 2937 2233 2957 cet.
2249 2938 2272 2957 et
2291 2933 2311 2956 P
2330 2941 2382 2957 om.
2399 2933 2451 2958 cir-

1384 2968 1451 2998 culi,
1471 2968 1534 2992 dum
1553 2968 1572 2992 P
1591 2973 1724 3001 praeterea
1742 2971 1866 3000 quartam
1893 2967 2033 2999 corrumpit
2051 2968 2076 2991 in
2096 2967 2267 2999 quadratam.
2280 2981 2298 2986 —
2319 2968 2409 2992 Statim
2428 2968 2450 2992 E

1384 3011 1438 3028 om.
1453 3006 1516 3028 tunc
1535 3008 1594 3028 ante
1613 3003 1722 3028 dicitur.

1439 3038 1458 3072 ι)
1477 3039 1552 3063 cuius
1571 3038 1681 3063 claritas
1695 3038 1878 3070 postmodum,
1899 3037 1962 3061 dum
1981 3037 2050 3062 citra
2069 3037 2209 3061 dimidium
2230 3037 2399 3067 deminuitur,
2413 3037 2451 3070 fit

1383 3074 1524 3103 lunularis,
1543 3081 1624 3106 usque
1636 3074 1673 3098 ad
1686 3073 1904 3105 coniunctionem.
1916 3086 1936 3091 —
1949 3072 1990 3096 Sic
2002 3073 2039 3101 A;
2054 3072 2073 3095 P
2088 3079 2150 3096 vero
2168 3073 2242 3097 cuius
2254 3073 2364 3098 claritas
2374 3077 2450 3105 post-

1385 3110 1492 3134 modum
1513 3109 1596 3134 durat
1614 3116 1695 3140 usque
1713 3108 1751 3132 ad
1772 3108 1992 3133 coniunctionem.
2018 3107 2104 3131 Lectio
2122 3108 2145 3131 A
2165 3107 2258 3132 clarius
2283 3108 2385 3133 exhibet
2410 3108 2449 3132 in-

1383 3150 1486 3177 tegrum
1505 3152 1657 3176 processum
1679 3151 1758 3175 quem
1778 3144 1837 3167 luna
1856 3143 1936 3166 salvat
1954 3143 1979 3166 in
1998 3150 2046 3166 suo
2066 3150 2152 3172 cursu,
2172 3143 2233 3166 dum
2253 3143 2318 3167 redit
2337 3144 2368 3168 ad
2388 3151 2449 3168 con-

1383 3181 1538 3204 iunctionem
1558 3187 1616 3204 cum
1636 3179 1699 3203 sole.
1725 3178 1816 3208 Quoad
1836 3183 1934 3202 ceteros
1954 3177 2042 3203 codd..
2063 3177 2102 3201 isti
2123 3178 2314 3209 corruptionem
2333 3178 2448 3203 lectionis

1383 3216 1526 3247 adoptatae,
1540 3220 1566 3239 et
1579 3222 1630 3238 non
1647 3214 1747 3241 Pianae,
1763 3213 1881 3237 exhibere
1895 3212 1992 3236 dicendi
2012 3217 2084 3242 sunt3
2104 3220 2164 3236 nam
2184 3221 2231 3244 pro
2246 3213 2308 3237 dum
2323 3213 2392 3238 citra
2406 3214 2446 3238 di-

1383 3251 1495 3274 midium
1510 3249 1722 3281 deminuiturfit,
1739 3249 1827 3280 legunt
1841 3248 1923 3272 durat
1936 3247 2075 3272 dimidium
2089 3247 2126 3271 ad
2140 3248 2226 3272 minus
2239 3249 2345 3279 (minus,
2360 3249 2446 3279 unius,

1383 3285 1498 3313 luminis,
1518 3284 1632 3312 divinus,
1653 3284 1750 3314 donec)
1769 3283 1838 3307 sicut
1856 3282 1932 3313 (sit).

1436 3320 1461 3352 κ)
1482 3319 1622 3347 multoties,
1637 3319 1699 3343 sive.
1711 3331 1730 3337 —-
1743 3318 1798 3342 Hoc
1813 3318 1932 3349 expungit
1945 3317 1973 3346 P,
1989 3318 2049 3350 quia
2064 3318 2138 3342 codd.
2154 3326 2206 3343 exc.
2221 3318 2244 3342 A
2258 3319 2313 3343 sive
2331 3327 2447 3344 corrum-

1382 3360 1446 3387 punt
1464 3355 1490 3378 in
1509 3354 1579 3379 sumi
1596 3354 1636 3377 vel
1655 3353 1679 3377 si
1698 3353 1878 3377 urm—Statim
1893 3360 1940 3384 pro
1954 3359 2000 3377 seu
2014 3353 2154 3383 lunularis‚
2168 3354 2239 3386 quod
2258 3353 2353 3379 habent
2371 3355 2447 3380 codd.

1383 3395 1407 3415 et
1426 3390 1466 3414 ed.
1484 3388 1558 3419 1516,
1577 3396 1621 3413 seu
1640 3388 1779 3412 annularis
1798 3388 1828 3412 P.

1435 3423 1462 3456 λ)
1481 3424 1528 3449 sed
1545 3424 1625 3448 semel
1673 3426 1699 3447 et
1712 3423 1799 3447 semel.
1811 3436 1830 3442 -
1843 3423 1893 3446 Pro
1912 3423 1996 3454 primo
2010 3424 2097 3452 semel,
2110 3423 2194 3448 solum
2209 3424 2277 3455 PGI,
2291 3425 2446 3450 sensitivam

1381 3461 1416 3490 A,
1431 3459 1494 3484 solis
1513 3464 1573 3488 cet.;
1593 3466 1640 3490 pro
1659 3459 1747 3486 altero.
1762 3458 1825 3482 solis
1838 3458 1888 3486 CF,
1907 3458 1990 3482 solum
2006 3458 2025 3482 Ρ
2040 3464 2065 3483 et
2078 3459 2154 3483 ceteri
2169 3466 2223 3484 exc.
2236 3460 2259 3484 A
2265 3466 2272 3490 ;
2292 3460 2324 3485 cf.
2339 3466 2444 3485 textum.

1435 3495 1463 3528 μ)
1477 3497 1534 3518 tota
1545 3494 1638 3525 plana.
1651 3506 1670 3511 -
1682 3496 1738 3517 tota
1748 3494 1830 3524 plena
1843 3493 1875 3523 P;
1885 3493 1947 3524 plen
1958 3494 2043 3525 plana
2060 3496 2117 3518 tota
2129 3494 2160 3523 A,
2176 3499 2201 3518 et
2215 3496 2337 3528 expungit
2344 3496 2446 3527 plen.—

1381 3531 1431 3554 Pro
1449 3532 1475 3553 et
1494 3529 1587 3557 etiam,
1608 3528 1649 3553 vel
1666 3528 1745 3552 etiam
1760 3529 1794 3558 A;
1814 3536 1861 3560 pro
1879 3532 1905 3553 et
1918 3528 1999 3553 etiam
2019 3529 2158 3554 obscurari
2176 3537 2227 3563 non
2247 3531 2402 3561 successive,
2416 3535 2443 3556 et

1381 3572 1433 3589 non
1453 3563 1595 3588 successive
1613 3563 1693 3587 etiam
1713 3563 1852 3588 obscurari
1871 3564 1890 3587 P
1910 3569 1935 3588 et
1954 3564 2028 3588 codd.
2042 3572 2095 3589 exc.
2108 3565 2140 3589 A.

1434 3599 1457 3631 v)
1477 3598 1645 3632 manifestum
1665 3601 1712 3623 est.
1726 3612 1745 3617 —
1757 3598 1946 3631 manifestatur
1963 3599 2000 3628 A;
2020 3605 2068 3624 cet.
2082 3607 2136 3624 om.
2149 3603 2197 3625 est.
2215 3615 2234 3619 -
2251 3601 2333 3626 Codd.
2348 3609 2400 3626 exc.
2420 3602 2443 3626 A

1381 3639 1549 3666 corrumpunt
1569 3633 1781 3658 tumorositatem
1794 3635 1819 3658 in
1833 3635 2058 3664 numerositatem,
2074 3639 2190 3668 augetur
2208 3636 2234 3660 in
2251 3639 2340 3669 auget,
2357 3637 2446 3661 cuius-
