2690 4062
1000 308 1620 374 EXPOSITIONIS

875 462 948 513 IN
990 462 1240 517 LIBROS
1279 423 1741 536 ARISTOTELIS

463 596 2147 697 METEOROLOGICORUM

713 771 869 819 QUAM
895 773 946 810 D.
967 772 1193 810 THOMAS
1222 774 1620 813 INCOMPLETAM
1648 777 1901 826 RELIQUIT

1093 892 1514 935 CONTINUATIO

915 1129 1218 1186 LECTIO
1255 1131 1685 1189 UNDECIMA

808 1251 866 1283 DE
890 1229 1060 1284 ORDINE<
1077 1252 1136 1283 ET
1159 1251 1534 1285 CONTRARIETATE
1556 1255 1803 1288 VENTORUM

201 1359 278 1411 Ιιρὶ
298 1361 339 1397 δὲ
363 1361 485 1402 θέσεως
507 1363 637 1404 αὐτῶν,
655 1366 713 1396 καὶ
734 1366 823 1401 τίνες
847 1363 999 1395 ἐναντίοι
1024 1365 1107 1404 τίσι,
1125 1365 1183 1395 καὶ
1202 1365 1276 1396 ποί·
1328 1365 1411 1398 *De
1433 1368 1593 1408 positione
1616 1376 1724 1400 autem
1741 1370 1898 1411 ipsorum,
1919 1378 1951 1402 et
1972 1372 2028 1413 qui
2052 1372 2199 1403 contrarii
2221 1373 2349 1415 quibus,
2366 1382 2397 1407 et

249 1423 252 1427 ²
271 1420 327 1447 ους
343 1406 418 1453 ἅμα
438 1412 532 1440 πνεῖν
557 1405 752 1454 ἐνδέχεται,
777 1410 837 1440 καὶ
855 1409 971 1445 ποίους
990 1406 1041 1448 οὗ,
1061 1407 1114 1440 ἔτι
1129 1403 1168 1439 δὲ
1186 1410 1274 1445 τίνες

208 1475 213 1477 >
242 1466 244 1470 ’
265 1455 328 1486 καὶ
352 1452 455 1486 πόσοι
479 1452 708 1499 τυγχάνουσιν
733 1452 845 1494 ὅντες,
868 1452 1026 1496 καὶπρὸς
1044 1451 1182 1490 τούτοις
1199 1455 1274 1497 περὶ

219 1505 223 1510 ’
269 1499 336 1532 τῶν
363 1497 474 1530 ἄλλων
499 1496 716 1542 παθημάτων
741 1494 807 1529 ὅσα
831 1496 879 1541 μή
907 1496 1116 1541 συμβέβηκεν
1142 1497 1176 1529 ἐν
1201 1501 1274 1535 τοῖς

268 1541 507 1587 προβλήμασιν
523 1541 679 1585 εἰρῆσθαι
694 1545 766 1579 τοῖς
789 1540 888 1574 κατοί
902 1540 1014 1586 μέρος,
1032 1542 1090 1574 νῦν
1105 1540 1270 1588 λέγωμεν.

266 1587 327 1621 Δεῖ
348 1581 386 1619 δὲ
411 1588 486 1630 περὶ
504 1587 568 1625 τῆς
584 1584 706 1624 θέσεως
724 1584 798 1630 ἅμα
817 1585 898 1623 τοιὶς
914 1585 1036 1633 λόγους
1052 1587 1090 1619 ἑκ
1111 1588 1174 1624 τῆς
1192 1587 1275 1619 ὐπο-

207 1655 211 1661 ,
266 1632 400 1679 γραφῆς
423 1629 568 1675 θεωρεῖν.

199 1675 400 1724 Υέγραπται
425 1674 485 1720 μὲν
511 1673 582 1718 οὖν,
610 1674 674 1707 τοῦ
699 1674 828 1719 μᾶλλον
856 1673 1012 1720 εὐσήμως
1037 1675 1140 1721 ἔχειν,
1167 1676 1185 1708 ὁ
1210 1676 1273 1709 τοῦ

268 1720 440 1764 ὁρίζοντος
463 1718 605 1758 κύκλος·
631 1714 685 1751 διό
709 1721 768 1751 καὶ
794 1720 1016 1777 στρογγύλος.
1043 1722 1100 1752 Δεῖ
1121 1717 1160 1754 δὲ
1183 1725 1272 1752 νοεῖν

209 1783 211 1785 >
244 1763 379 1798 ἀὐτοῦ
405 1765 446 1797 τό
471 1762 590 1809 ἕτερον
615 1763 779 1808 ἔκτμημα
804 1765 845 1798 τό
871 1766 912 1809 ὑφ
943 1765 1036 1810 ἡμῶν
1058 1764 1271 1810 οἰκούμενον·

211 1822 223 1829 ·>
268 1809 371 1842 ἔσται
394 1809 460 1855 γὰρ
484 1809 624 1842 κάκεῖνο
648 1803 771 1840 διελεῖν
797 1810 857 1841 τόν
884 1807 992 1843 αὑτὸν
1017 1808 1160 1852 τρόπον.

195 1896 403 1934 Ὑποαιίσθω
432 1893 472 1931 δὲ
502 1898 636 1943 πρῶτον
670 1897 813 1930 ἐναντία
843 1899 940 1930 κατοῒΙ
973 1897 1080 1932 τόπον
1113 1896 1201 1932 εἶναι
1226 1900 1274 1932 τοὶ

231 1965 238 1974 -.
267 1943 429 1976 πλεῖστον
456 1942 524 1975 ἀπέ
552 1954 640 1975 οντα
663 1943 760 1982 κατα
786 1941 913 1982 τόπον,
939 1941 1051 1988 ὥσπερ
1076 1944 1155 1976 κατ’
1185 1940 1272 1981 εἶδος

265 1987 411 2020 ἐναντία
431 1988 480 2020 τοὶ
500 1999 525 2019 π
547 1991 662 2020 εῖστον
681 1985 865 2032 ἀπέχοντα
881 1989 979 2020 κατα
996 1989 1038 2020 τό
1056 1985 1161 2026 εἶδος·
1182 1989 1273 2020 πλεῖ-
1327 2024 1329 2026 ,

265 2043 348 2064 στον
365 2026 396 2063 δ’
419 2030 541 2077 ἀπέχει
565 2032 663 2064 κατά.
679 2030 788 2063 τόπον
809 2031 858 2063 τοὶ
881 2033 1021 2076 κείμενα
1040 2034 1121 2078 πρός
1140 2033 1273 2070 ἄλληλα.

264 2077 360 2112 κατά
385 2075 582 2121 διάμετρον.
1228 2111 1239 2118 ,

191 2119 307 2155 ’Ἔστω
336 2119 395 2154 οὖν
427 2122 469 2154 τό
495 2121 555 2165 μὲν
580 2120 628 2165 ἐφ’
657 2120 681 2162 ᾧ
706 2120 733 2151 Α
756 2116 867 2164 δυσμῆ
896 2120 1090 2165 ἱσημερινη,
1116 2122 1272 2160 ἐναντίος

205 2190 234 2198 ..
264 2161 303 2198 δὲ
327 2164 444 2207 τούτῳ
469 2164 590 2206 τόπος,
618 2162 664 2210 ἐφ’
694 2163 732 2198 οὗ
758 2166 799 2196 τό
823 2166 867 2206 Β,
895 2165 1052 2203 ἀνατολή
1077 2164 1270 2210 ὶσημερινῆ·

267 2209 353 2248 ἄλλη
377 2206 416 2242 δὲ
441 2204 624 2254 διάμετρος
650 2207 786 2245 ταύτην
812 2210 892 2253 πρός
909 2207 1009 2253 ὀρθήν
1028 2210 1214 2255 τέμνουσα,
1234 2210 1272 2248 ἧς

265 2255 307 2288 τό
331 2254 381 2300 ἐφ’
411 2253 449 2287 οὗ
474 2256 524 2296 Η,
552 2254 640 2287 ἔστω
674 2253 815 2298 ἄρκτος·
843 2253 957 2294 τούτῳ
989 2250 1018 2285 δ’
1048 2256 1205 2288 ἐναντίον
1235 2254 1271 2296 ἐξ

265 2299 426 2336 ἐναντίας
461 2300 503 2331 ‘ro‘
533 2296 582 2343 ἐφ’
611 2298 650 2331 οὗ
673 2299 720 2339 Θ,
747 2298 955 2342 μεσημβρία·
983 2301 1025 2330 ‘ro‘
1050 2295 1079 2331 δ’
1108 2300 1154 2343 ἐφ’
1185 2299 1224 2333 οὗ
1247 2301 1271 2331 Ζ

265 2343 423 2379 evasi-02⁷5
447 2341 575 2387 θερινή,
595 2345 636 2376 τό
661 2339 692 2374 δ’
717 2340 766 2386 ἐφ’
788 2341 826 2374 οὖ
850 2343 876 2374 Ε
899 2342 1012 2387 δυσμῆ
1035 2344 1166 2389 05922755
1180 2346 1221 2377 τοι
1238 2341 1269 2376 3·

264 2385 311 2434 ἂρ’
341 2387 380 2421 οὗ
405 2389 430 2418 Δ
455 2387 612 2424 ἀνατολη
635 2387 824 2434 χειμερινῆ,
851 2388 892 2420 τό
917 2384 947 2418 δ“
976 2387 1023 2432 ἐφ’
1052 2389 1138 2422 mil*
1159 2387 1271 2434 δυσμνὶ

204 2462 207 2464 .
224 2454 235 2465 2
262 2431 451 2479 χειμεριννὶ.
482 2432 570 2465 'An-0¹
596 2431 634 2465 δὲ
659 2434 723 2465 τοῦ
739 2434 763 2463 Ζ
781 2430 875 2476 ἤχθω
899 2429 1081 2477 διάμετρος
1099 2433 1156 2466 ἐπὶ
1173 2435 1214 2467 τό
1232 2435 1268 2475 Γ,

261 2480 321 2510 καὶ
347 2477 417 2509 ἀπό
441 2477 507 2510 τοῦ
532 2478 557 2508 Δ
581 2475 638 2509 ἐπὶ
664 2479 705 2510 τό
730 2478 768 2510 Ε.

189 2522 288 2555 Ἐπεὶ
307 2518 365 2556 οὖν
383 2522 432 2554 τοὶ
447 2522 508 2566 μὲν
531 2524 692 2554 πλεῖστον
712 2519 896 2564 ἀπέχοντα
919 2522 1018 2554 κατα
1042 2521 1150 2554 τόπον
1175 2523 1270 2555 ἐναν-

263 2568 325 2599 τία
347 2565 445 2598 κατά,
470 2564 592 2608 τόπον,
614 2567 775 2599 πλεῖστον
800 2564 829 2599 δ’
852 2563 976 2610 ἀπέχει
1001 2567 1050 2599 τοὶ
1072 2569 1168 2600 κατα
1193 2563 1269 2600 διοί-

262 2621 407 2656 μετρον,
435 2607 626 2656 ἀναγκαῖον
654 2614 713 2644 καὶ
739 2612 808 2644 τῶν
834 2610 1041 2654 πνευμάτων
1067 2612 1187 2645 ταῦτα
1213 2612 1272 2645 ἀλ-

208 2659 210 2661 ’
260 2654 380 2692 λήλοις
404 2652 548 2688 ἐναντία
573 2652 674 2698 εἶναι,
701 2654 767 2688 ὅσα
790 2656 888 2689 κατοί
911 2652 1096 2700 διάμετρόν
1122 2654 1227 2689 ἐστιν.

194 2745 364 2776 tamtus
387 2737 426 2775 δέ
450 2745 547 2776 κατοὶ
571 2744 637 2781 τήν
657 2743 747 2777 θέσιν
773 2745 840 2777 τῶν
866 2744 982 2777 τόπων
1010 2744 1059 2777 τοὶ
1082 2744 1268 2789 πνεύματα

262 2784 340 2830 ὦδε,
366 2786 502 2834 ζέφυρος
528 2789 588 2833 μὲν
613 2789 654 2821 τό
683 2789 752 2822 ἀπό
778 2789 841 2822 τοῦ
867 2792 904 2820 A·
931 2789 1038 2822 τοῦτο
1062 2790 1127 2845 γάρ
1153 2786 1268 2834 δυσμῆ

261 2831 449 2886 ἰσημερινῆ.
465 2833 643 2870 Ἐναντίος
661 2830 700 2866 δὲ
717 2833 831 2875 τούτῳ
847 2833 1047 2872 ἀπηλιώτης
1066 2834 1134 2867 από
1152 2835 1216 2866 τοῦ
1228 2835 1266 2865 B·

264 2889 374 2911 τουτο
399 2879 464 2923 γοίρ
491 2875 646 2915 ‹ivm-01⁷}
662 2878 859 2923 ἰσημεριν-ἠ.γ
877 2877 1002 2924 Βορέας
1022 2874 1060 2910 δὲ
1084 2880 1141 2910 καὶ
1160 2879 1268 2923 ἀπαρ-

261 2923 361 2960 κτίας
386 2921 455 2955 ἀπὸ
477 2923 541 2956 τοῦ
558 2923 605 2954 Η·
633 2922 786 2956 ἐνταῦθα
803 2924 868 2970 γοὶρ
887 2924 908 2960 ἡ
931 2923 1067 2969 ἄρκτος.
1088 2923 1266 2960 Ἐναντίος

261 2961 301 2999 δὲ
326 2967 440 3009 τούτῳ
465 2967 564 3005 νότος
583 2966 651 3000 ἀπὸ
671 2969 734 3001 τοῦ
751 2968 793 2998 Θ·
819 2968 1011 3013 μεσημβρία
1028 2980 1067 3000 τε
1088 2967 1152 3013 γοὶρ
1175 2965 1266 3004 αὕτη

264 3011 318 3056 ἀφ’
338 3010 378 3050 ἧς
403 3014 491 3052 πνεῖ,
512 3013 571 3044 καὶ
598 3013 640 3045 ‘ro'
656 3012 682 3042 Θ
702 3012 751 3054 τῷ
777 3013 807 3044 Η
831 3010 1004 3045 ἐναντίον·
1030 3012 1128 3044 κατα
1150 3007 1270 3056 ὃιοίμε-

261 3067 342 3101 τρον
365 3055 444 3103 γάρ.
477 3057 565 3089 'Aves
590 3051 629 3088 δὲ
660 3057 724 3090 τοῦ
748 3058 773 3087 Ζ
796 3058 949 3095 καικίας·
977 3055 1067 3094 αὕτη
1092 3057 1158 3102 γοὶρ
1187 3056 1269 3089 ἀνα-

262 3101 351 3137 τολὴ
377 3100 501 3145 θερινῆ.
530 3100 709 3139 Ἐναντίος
732 3098 762 3132 δ’
791 3101 857 3147 οὐχ
883 3101 899 3132 ὁ
925 3099 995 3134 ἀπό
1021 3101 1084 3133 τοῦ
1101 3103 1124 3132 Ε
1141 3099 1266 3142 πνέων,

262 3144 338 3178 ἀλλ’
366 3146 382 3178 ό
411 3145 482 3178 ἀπό
507 3145 570 3178 τοῦ
587 3147 610 3176 Γ
631 3144 706 3189 λίψ·
733 3145 835 3184 οὗτος
859 3146 924 3191 γσὶρ
951 3145 1020 3178 ἀπό
1044 3140 1175 3190 δυσμῆς
1198 3156 1268 3190 χει-

206 3217 211 3221 .
261 3190 396 3234 μερινῆς
422 3193 518 3231 πνεῖ,
545 3190 699 3227 ἐναντίος
731 3188 769 3222 δέ
801 3189 935 3231 τούτῳ·
960 3191 1058 3222 κατα
1081 3186 1266 3244 διάμετρον

260 3234 326 3280 γάρ
350 3238 479 3267 κεῖται.
514 3235 551 3266 ’0
574 3228 605 3265 δ’
627 3234 698 3266 ἀπὸ
723 3234 787 3267 τοῦ
809 3235 833 3264 Δ
853 3232 965 3277 εὖρος·
992 3233 1092 3272 οὗτος
1116 3234 1181 3281 γοίρ
1205 3233 1262 3266 απ”

206 3304 209 3306 -
262 3278 438 3316 ἀνατολῆς
470 3279 661 3324 χειμερινῆς
691 3282 787 3319 πνεῖ,
813 3279 969 3325 γειτνιῶν
1001 3278 1050 3319 τῷ
1082 3278 1187 3319 νότῳ·
1213 3273 1264 3309 διὸ

259 3325 319 3355 καὶ
345 3322 508 3361 πολλάκις
525 3322 701 3368 εὗρόνοτοι
715 3322 882 3369 λέγονται
901 3326 1008 3355 πνεῖν.
1029 3322 1208 3358 Ἐναντίος
1228 3317 1266 3354 δὲ

262 3366 376 3408 τούτῳ
402 3364 468 3413 οὐχ
492 3369 509 3401 ό
537 3368 608 3401 ἀπὸ
633 3367 696 3400 τοῦ
721 3369 743 3398 Γ
767 3366 836 3411 λὶψ,
865 3365 937 3400 ἀλλ’
958 3367 974 3399 ὁ
995 3365 1063 3399 ἀπὸ
1091 3367 1154 3399 τοῦ
1171 3367 1208 3406 Ε,
1230 3365 1265 3397 ὃν

260 3412 424 3444 καλοῦσιν
458 3414 487 3444 οἱ
520 3414 580 3457 μὲν
614 3410 804 3458 ἀργέστην,
833 3413 862 3443 οἱ
895 3407 924 3442 δ’
953 3411 1145 3454 ὀλυμπίαν,
1173 3412 1202 3442 οἱ
1227 3405 1266 3441 δέ

262 3457 423 3500 σκίρωνα·
452 3456 553 3495 οὗτος
577 3457 642 3503 γοὶρ
678 3455 746 3488 ἀπὸ
779 3451 906 3500 δυσμῆς
932 3454 1059 3500 θερινῆς
1085 3459 1180 3495 πνεῖ,
1206 3456 1264 3485 καὶ

261 3501 359 3532 κατὰ
382 3496 442 3533 διαί
470 3513 568 3546 ετρον
595 3501 690 3541 αὐτῷ
716 3504 830 3532 κεῖται
856 3499 966 3544 μόνος.
994 3498 1097 3532 Οὗτοι
1122 3500 1181 3542 μὲν
1207 3496 1264 3530 οὖν

262 3546 292 3576 οἱ
316 3546 413 3577 κατοὶ
458 3545 621 3590 ιοίμετρόν
647 3556 685 3576 τε
709 3546 857 3589 κείμενοι
877 3543 1007 3589 ἄνεμοι,
1026 3544 1084 3575 καὶ
1111 3544 1158 3581 οἷς
1183 3543 1264 3574 εἰσιν

262 3586 430 3621 ἐναντίοι·

1395 1421 1479 1452 quos
1502 1412 1598 1443 simul
1620 1413 1694 1445 flare
1716 1415 1882 1455 contingit,
1898 1422 1928 1446 et
1951 1426 2034 1457 quos
2057 1424 2138 1447 non:
2162 1416 2266 1449 adhuc
2289 1426 2396 1451 autem

1395 1462 1427 1486 et
1445 1455 1502 1496 qui
1524 1464 1555 1488 et
1577 1464 1659 1498 quot
1681 1458 1818 1490 existunt
1836 1466 1940 1498 entes;
1964 1467 1996 1491 et
2017 1461 2120 1492 adhuc
2139 1461 2178 1491 de
2194 1461 2262 1492 aliis
2277 1464 2396 1504 passio-

1395 1500 1508 1539 nibus,
1531 1511 1754 1544 quaecumque
1777 1503 1932 1544 contingit
1955 1504 2036 1535 dicta
2063 1515 2130 1536 esse
2157 1505 2190 1535 in
2213 1506 2396 1539 Problema-

1394 1544 1479 1575 tibus
1503 1546 1758 1586 particularibus,
1782 1557 1868 1579 nunc
1891 1548 2043 1580 dicamus.
2069 1549 2205 1590 Oportet
2227 1558 2334 1583 autem
2357 1553 2396 1584 de

1394 1588 1555 1629 positione
1578 1589 1674 1622 simul
1696 1591 1833 1623 rationes
1858 1602 1894 1623 ex
1918 1593 2128 1634 descriptione
2151 1595 2358 1628 considerare.

1327 1677 1523 1710 Describitur
1545 1679 1678 1720 quidem
1696 1679 1808 1721 igitur,
1833 1687 1869 1712 ut
1891 1681 1991 1722 magis
2014 1682 2242 1716 insinuabiliter
2263 1684 2395 1724 habeat,

1395 1722 1452 1763 qui
1485 1722 1660 1755 horizontis
1693 1724 1847 1763 circulus,
1883 1733 2014 1766 propter
2045 1728 2135 1767 quod
2164 1735 2196 1760 et
2227 1730 2394 1760 rotundus.

1395 1766 1532 1807 Oportet
1563 1775 1672 1799 autem
1702 1769 1874 1810 intelligere
1907 1769 2007 1810 ipsius
2041 1771 2171 1803 alteram
2203 1773 2396 1804 decisionem

1394 1821 1477 1852 quae
1504 1822 1523 1842 a
1550 1812 1644 1844 nobis
1674 1813 1851 1845 habitatur:
1883 1814 1940 1847 erit
1970 1815 2056 1846 enim
2083 1822 2114 1847 et
2140 1816 2229 1848 illam
2259 1817 2396 1849 dividere

1395 1855 1511 1886 eodem
1532 1857 1643 1888 modo.

1328 1899 1537 1941 Supponatur
1559 1908 1667 1932 autem
1690 1902 1795 1943 primo
1819 1902 1950 1944 quidem
1974 1904 2129 1937 contraria
2148 1906 2325 1937 secundum
2347 1906 2395 1937 lo-

1395 1954 1470 1975 cum
1493 1955 1561 1976 esse
1584 1946 1762 1987 plurimum
1784 1947 1929 1978 distantia
1961 1949 2138 1979 secundum
2160 1949 2291 1990 locum,
2315 1950 2397 1983 sicut

1394 1989 1572 2021 secundum
1588 1991 1726 2032 speciem
1750 1991 1905 2023 contraria
1927 1992 2105 2033 plurimum
2122 1993 2267 2026 distantia
2285 2005 2395 2026 secun-

1394 2034 1474 2064 dum
1497 2034 1650 2075 speciem:
1675 2036 1852 2076 plurimum
1880 2043 1988 2067 autem
2011 2036 2127 2074 distant
2149 2039 2326 2070 secundum
2348 2040 2396 2071 lo-

1395 2088 1470 2109 cum
1488 2079 1593 2119 posita
1615 2079 1792 2111 adinvicem
1815 2081 1992 2111 secundum
2015 2081 2214 2113 diametrum.

1327 2121 1374 2153 Sit
1388 2122 1485 2163 igitur
1499 2123 1532 2153 in
1549 2133 1616 2164 quo
1631 2127 1662 2154 A
1677 2125 1824 2156 occidens
1838 2125 2094 2166 aequinoctialis3
2119 2127 2272 2158 contrarie
2287 2134 2395 2160 autem

1394 2167 1479 2206 huic,
1503 2167 1536 2198 in
1560 2178 1627 2208 quo
1650 2168 1687 2207 B,
1707 2169 1811 2199 oriens
1835 2169 2091 2210 aequinoctialis:
2115 2170 2176 2202 alia
2198 2178 2306 2203 autem
2329 2173 2394 2204 dia-

1393 2218 1512 2243 metros
1540 2212 1622 2243 hanc
1653 2213 1693 2243 ad
1721 2220 1840 2244 rectam
1868 2213 2027 2253 incidens,
2051 2225 2134 2256 quae
2155 2215 2188 2245 in
2211 2226 2278 2257 quo
2302 2217 2331 2256 Ι,
2355 2217 2395 2248 sit

1393 2256 1492 2295 Ursa;
1515 2256 1590 2288 huic
1606 2264 1714 2288 autem
1730 2257 1924 2288 contrarium
1941 2268 1978 2289 ex
1996 2259 2147 2299 opposito
2163 2260 2204 2291 sit
2217 2260 2251 2291 in
2267 2271 2334 2302 quo
2350 2262 2393 2300 T,

1392 2300 1557 2332 meridies:
1577 2302 1666 2343 quod
1683 2308 1790 2333 autem
1804 2302 1838 2333 in
1853 2312 1920 2343 quo
1934 2303 1970 2341 Z,
1987 2303 2091 2334 oriens
2110 2304 2264 2335 aestivalis
2270 2312 2280 2344 ;
2304 2306 2394 2347 quod

1393 2352 1502 2376 autern
1530 2346 1564 2376 in
1587 2356 1654 2387 quo
1677 2347 1720 2385 E,
1744 2347 1891 2378 occidens
1919 2347 2093 2387 aestivalis,
2117 2349 2207 2389 quod
2229 2356 2338 2381 autem
2359 2350 2393 2381 in

1391 2399 1459 2431 quo
1483 2390 1524 2429 D,
1548 2390 1653 2422 oriens
1676 2391 1838 2430 hiemalis,
1863 2392 1953 2433 quod
1975 2398 2083 2423 autem
2105 2392 2139 2422 in
2162 2403 2228 2434 quo
2253 2393 2293 2433 G,
2310 2394 2393 2425 occi·

1392 2434 1470 2465 dens
1493 2434 1657 2466 hiemalis:
1681 2445 1701 2466 a
1722 2436 1747 2466 Z
1771 2442 1880 2467 autem
1903 2436 2036 2467 ducatur
2059 2437 2211 2468 diameter
2234 2438 2274 2468 ad
2298 2438 2338 2478 G,
2363 2446 2394 2470 et

1392 2488 1411 2509 a
1433 2479 1462 2510 D
1487 2479 1527 2509 ad
1550 2479 1588 2511 E.

1325 2523 1491 2561 Quoniam
1512 2523 1608 2564 igitur
1626 2524 1804 2564 plurimum
1827 2524 1974 2564 distantia
1994 2525 2171 2556 secundum
2193 2526 2304 2557 locum
2320 2536 2394 2557 con-

1390 2568 1484 2599 traria
1507 2569 1684 2599 secundum
1702 2568 1823 2607 locum,
1839 2569 2016 2608 plurimum
2039 2576 2146 2600 autem
2169 2570 2295 2609 distant,
2311 2581 2393 2612 quae

1391 2613 1569 2644 secundum
1598 2613 1806 2652 diametrum,
1834 2613 2047 2644 necessan'um
2078 2621 2108 2645 et
2137 2621 2307 2646 ventorum
2333 2615 2393 2646 hos

1390 2656 1528 2688 invicem
1543 2658 1718 2689 contrarios
1734 2667 1812 2697 esse,
1828 2657 2024 2700 quicumque
2047 2665 2123 2690 sunt
2138 2659 2315 2690 secundum
2331 2660 2394 2690 dia·

1390 2708 1540 2733 metrum.
1858 2733 1863 2738 .

1323 2746 1488 2777 Vocantur
1510 2752 1619 2777 autem
1643 2747 1821 2778 secundum
1844 2746 2039 2787 positionem
2061 2747 2209 2778 locorum
2231 2747 2315 2779 venti
2335 2748 2390 2787 sic,

1390 2790 1548 2832 zephyrus
1564 2791 1696 2832 quidem
1711 2791 1767 2832 qui
1786 2792 1825 2822 ab
1840 2793 1884 2829 Α;
1907 2791 1970 2822 hoc
1986 2798 2093 2822 autem
2116 2791 2262 2822 occidens
2284 2793 2392 2833 aequi-

1390 2835 1552 2866 noctialis:
1586 2836 1760 2867 contrarius
1791 2842 1899 2866 autem
1927 2835 2002 2866 huic
2032 2835 2184 2878 apeliotes
2211 2846 2230 2866 a
2257 2836 2301 2875 B;
2328 2837 2391 2868 hoc

1390 2885 1498 2910 autem
1521 2879 1625 2910 oriens
1648 2880 1902 2921 aequinoctialis:
1926 2880 2038 2910 boreas
2057 2886 2164 2910 autem
2187 2886 2218 2911 et
2240 2881 2391 2920 aparctias

1391 2924 1430 2954 ab
1450 2924 1480 2962 13
1499 2924 1551 2955 hic
1567 2924 1653 2955 enim
1668 2925 1762 2956 Ursa:
1779 2924 1954 2955 contrarius
1973 2930 2081 2955 autem
2095 2924 2169 2955 huic
2191 2931 2295 2955 auster
2310 2935 2329 2955 a
2344 2925 2390 2963 T;

1391 2968 1538 2999 meridies
1561 2975 1668 2999 autem
1684 2969 1761 2999 haec
1780 2979 1798 2999 a
1821 2978 1885 3009 qua
1900 2968 1964 3004 flat,
1984 2975 2015 2999 et
2030 2969 2060 2998 T
2075 2968 2135 3008 ipsi
2152 2969 2164 2998 I
2180 2969 2390 3007 contrarium,

1390 3013 1568 3043 secundum
1599 3013 1789 3043 diametrum
1819 3013 1923 3043 enim:
1952 3022 1970 3042 a
1991 3013 2016 3043 Z
2040 3018 2147 3043 autem
2177 3013 2294 3043 caecias
2301 3020 2312 3052 ;
2336 3013 2390 3050 vhic

1391 3057 1478 3087 enim
1501 3057 1605 3087 oriens
1629 3057 1798 3088 aestivalis:
1823 3056 1997 3088 contrarius
2021 3063 2129 3087 autem
2147 3066 2214 3087 non
2230 3057 2286 3098 qui
2305 3057 2343 3087 ab
2359 3057 2387 3088 E

1390 3101 1456 3139 flat,
1480 3102 1534 3131 sed
1558 3101 1614 3142 qui
1630 3111 1648 3131 a
1667 3101 1706 3139 G,
1722 3101 1799 3139 libs;
1822 3100 1880 3131 iste
1904 3101 1989 3131 enim
2009 3101 2048 3131 ab
2065 3101 2226 3132 occidente
2249 3101 2388 3140 hiemali,

1390 3145 1565 3176 contrarius
1589 3152 1697 3176 autem
1719 3145 1804 3184 huic,
1824 3145 2001 3176 secundum
2024 3145 2214 3176 diametrum
2230 3145 2316 3176 enim
2331 3156 2389 3186 po-

1391 3189 1492 3220 nitur:
1518 3200 1535 3219 a
1558 3189 1587 3219 D
1609 3196 1717 3220 autem
1741 3196 1853 3228 eurus;
1876 3189 1934 3220 iste
1958 3189 2043 3219 enim
2066 3190 2105 3220 ab
2125 3189 2246 3220 oriente
2260 3189 2389 3220 hiemali

1390 3233 1454 3273 flat,
1473 3233 1596 3264 vicinus
1615 3240 1741 3272 austro;
1764 3240 1894 3274 propter
1912 3234 2002 3275 quod
2021 3240 2051 3264 et
2069 3243 2162 3274 saepe
2179 3234 2326 3265 euronoti
2345 3234 2390 3264 di-

1389 3285 1504 3313 cuntur
1527 3277 1615 3308 flare:
1640 3278 1814 3309 contrarius
1829 3284 1936 3308 autem
1959 3277 2033 3308 huic
2056 3288 2123 3308 non
2141 3278 2197 3319 qui
2220 3288 2238 3308 a
2260 3278 2300 3317 G,
2315 3278 2388 3316 libs,

1389 3323 1445 3352 sed
1468 3322 1524 3363 qui
1548 3322 1586 3352 ab
1606 3322 1649 3360 E,
1673 3332 1771 3363 quem
1794 3329 1926 3360 vocant,
1950 3322 1983 3352 hi
2012 3322 2144 3363 quidem
2171 3329 2331 3362 argesten,
2354 3322 2388 3353 hi

1388 3373 1496 3397 autem
1520 3366 1707 3407 olympiam,
1727 3366 1760 3396 hi
1783 3373 1891 3397 autem
1914 3366 2058 3404 scirona;
2081 3366 2140 3397 iste
2163 3366 2249 3397 enim
2273 3367 2311 3397 ab
2335 3377 2387 3398 oc-

1389 3410 1511 3441 cidente
1535 3410 1673 3441 aestivali
1696 3410 1760 3449 flat,
1783 3417 1814 3441 et
1836 3410 2013 3441 secundum
2032 3410 2224 3442 diametrum
2246 3411 2306 3452 ipsi
2330 3421 2387 3451 op-

1388 3454 1519 3495 ponitur
1535 3454 1633 3485 solus.
1658 3454 1708 3485 Sic
1732 3454 1863 3495 quidem
1885 3454 1981 3495 igitur
2001 3455 2057 3496 qui
2074 3455 2251 3486 secundum
2270 3455 2387 3486 diame-

1387 3506 1473 3530 trum
1496 3498 1592 3539 positi
1615 3498 1711 3537 venti,
1737 3506 1767 3530 et
1789 3499 1906 3540 quibus
1930 3506 2004 3530 sunt
2027 3499 2184 3531 contrarii.

2425 1383 2434 1392 '¹
2449 1383 2506 1411 Cap.
2517 1389 2551 1405 v1.
