<?xml version="1.0" encoding="UTF-8"?>
<!DOCTYPE html PUBLIC "-//W3C//DTD XHTML 1.0 Transitional//EN"
    "http://www.w3.org/TR/xhtml1/DTD/xhtml1-transitional.dtd">
<html xmlns="http://www.w3.org/1999/xhtml" xml:lang="en" lang="en">
 <head>
  <title>
</title>
<meta http-equiv="Content-Type" content="text/html;charset=utf-8" />
  <meta name='ocr-system' content='tesseract 3.04.00' />
  <meta name='ocr-capabilities' content='ocr_page ocr_carea ocr_par ocr_line ocrx_word'/>
</head>
<body>
  <div class='ocr_page' id='page_1' title='image "./operaomniaiussui03thom/operaomniaiussui03thom_0309.png"; bbox 0 0 2782 4134; ppageno 0'>
   <div class='ocr_carea' id='block_1_1' title="bbox 0 656 247 3820">
    <p class='ocr_par' dir='ltr' id='par_1_1' title="bbox 0 656 247 3820">
     <span class='ocr_line' id='line_1_1' title="bbox 0 656 247 3820; baseline 0 0"><span class='ocrx_word' id='word_1_1' title='bbox 0 656 247 3820; x_wconf 95' lang='lat' dir='ltr'><strong> </strong></span> 
     </span>
    </p>
   </div>
   <div class='ocr_carea' id='block_1_2' title="bbox 1163 283 1565 330">
    <p class='ocr_par' dir='ltr' id='par_1_2' title="bbox 1163 283 1565 330">
     <span class='ocr_line' id='line_1_2' title="bbox 1163 283 1565 330; baseline -0.002 -10"><span class='ocrx_word' id='word_1_2' title='bbox 1163 283 1275 320; x_wconf 86' lang='lat' dir='ltr'><strong>CAP.</strong></span> <span class='ocrx_word' id='word_1_3' title='bbox 1306 284 1337 330; x_wconf 92' lang='lat'><strong>1,</strong></span> <span class='ocrx_word' id='word_1_4' title='bbox 1368 283 1520 320; x_wconf 85' lang='lat' dir='ltr'><strong>LECT.</strong></span> <span class='ocrx_word' id='word_1_5' title='bbox 1551 284 1565 319; x_wconf 92' lang='lat'><em>1</em></span> 
     </span>
    </p>
   </div>
   <div class='ocr_carea' id='block_1_3' title="bbox 235 359 1342 1206">
    <p class='ocr_par' dir='ltr' id='par_1_3' title="bbox 269 359 1340 610">
     <span class='ocr_line' id='line_1_3' title="bbox 269 359 1338 410; baseline 0.003 -14"><span class='ocrx_word' id='word_1_6' title='bbox 269 359 637 397; x_wconf 84' lang='lat' dir='ltr'><strong>transmutationem.</strong></span> <span class='ocrx_word' id='word_1_7' title='bbox 664 360 751 396; x_wconf 95' lang='lat' dir='ltr'><strong>Hoc</strong></span> <span class='ocrx_word' id='word_1_8' title='bbox 780 367 835 396; x_wconf 90' lang='lat' dir='ltr'><strong>est</strong></span> <span class='ocrx_word' id='word_1_9' title='bbox 859 372 948 407; x_wconf 86' lang='lat' dir='ltr'><strong>ergo</strong></span> <span class='ocrx_word' id='word_1_10' title='bbox 975 361 1079 409; x_wconf 89' lang='lat' dir='ltr'><strong>quod</strong></span> <span class='ocrx_word' id='word_1_11' title='bbox 1104 362 1202 408; x_wconf 92' lang='lat' dir='ltr'><strong>dicit,</strong></span> <span class='ocrx_word' id='word_1_12' title='bbox 1233 362 1338 410; x_wconf 89' lang='lat' dir='ltr'><strong>quod</strong></span> 
     </span>
     <span class='ocr_line' id='line_1_4' title="bbox 269 412 1338 463; baseline 0.003 -14"><span class='ocrx_word' id='word_1_13' title='bbox 269 412 503 463; x_wconf 88' lang='lat' dir='ltr'>quicumque</span> <span class='ocrx_word' id='word_1_14' title='bbox 517 420 727 461; x_wconf 88' lang='lat' dir='ltr'><strong>posuerunt</strong></span> <span class='ocrx_word' id='word_1_15' title='bbox 742 413 868 461; x_wconf 88' lang='lat' dir='ltr'><strong>plures</strong></span> <span class='ocrx_word' id='word_1_16' title='bbox 884 414 1061 450; x_wconf 89' lang='lat' dir='ltr'><strong>materias</strong></span> <span class='ocrx_word' id='word_1_17' title='bbox 1078 427 1204 451; x_wconf 90' lang='lat' dir='ltr'><strong>rerum</strong></span> <span class='ocrx_word' id='word_1_18' title='bbox 1220 427 1338 463; x_wconf 85' lang='lat' dir='ltr'><strong>quarn</strong></span> 
     </span>
     <span class='ocr_line' id='line_1_5' title="bbox 269 465 1338 514; baseline 0.001 -11"><span class='ocrx_word' id='word_1_19' title='bbox 269 477 388 503; x_wconf 90' lang='lat' dir='ltr'><strong>unam</strong></span> <span class='ocrx_word' id='word_1_20' title='bbox 407 465 439 513; x_wconf 65' lang='lat'><strong>³³³,</strong></span> <span class='ocrx_word' id='word_1_21' title='bbox 469 466 565 502; x_wconf 90' lang='lat' dir='ltr'><strong>sicut</strong></span> <span class='ocrx_word' id='word_1_22' title='bbox 593 465 868 513; x_wconf 88' lang='lat' dir='ltr'><strong>Empedocles,</strong></span> <span class='ocrx_word' id='word_1_23' title='bbox 898 468 1144 514; x_wconf 85' lang='lat' dir='ltr'>Anaxagoras</span> <span class='ocrx_word' id='word_1_24' title='bbox 1174 475 1211 504; x_wconf 89' lang='lat' dir='ltr'><strong>et</strong></span> <span class='ocrx_word' id='word_1_25' title='bbox 1239 469 1338 504; x_wconf 90' lang='lat' dir='ltr'><strong>Leu-</strong></span> 
     </span>
     <span class='ocr_line' id='line_1_6' title="bbox 271 515 1340 568; baseline 0 -12"><span class='ocrx_word' id='word_1_26' title='bbox 271 519 406 568; x_wconf 90' lang='lat' dir='ltr'>cippus</span> <span class='ocrx_word' id='word_1_27' title='bbox 431 531 520 555; x_wconf 84' lang='lat' dir='ltr'><strong>cum</strong></span> <span class='ocrx_word' id='word_1_28' title='bbox 540 518 762 555; x_wconf 87' lang='lat' dir='ltr'><strong>Democrito</strong></span> <span class='ocrx_word' id='word_1_29' title='bbox 779 515 803 565; x_wconf 60' lang='lat' dir='ltr'><strong>f,</strong></span> <span class='ocrx_word' id='word_1_30' title='bbox 829 518 906 555; x_wconf 90' lang='lat' dir='ltr'><strong>istis</strong></span> <span class='ocrx_word' id='word_1_31' title='bbox 930 519 1082 556; x_wconf 91' lang='lat' dir='ltr'><strong>videtur</strong></span> <span class='ocrx_word' id='word_1_32' title='bbox 1100 520 1203 556; x_wconf 91' lang='lat' dir='ltr'><strong>aliud</strong></span> <span class='ocrx_word' id='word_1_33' title='bbox 1227 533 1340 568; x_wconf 88' lang='lat' dir='ltr'><strong>gene-</strong></span> 
     </span>
     <span class='ocr_line' id='line_1_7' title="bbox 270 570 770 610; baseline -0.004 -1"><span class='ocrx_word' id='word_1_34' title='bbox 270 572 365 610; x_wconf 89' lang='lat' dir='ltr'><strong>ratio</strong></span> <span class='ocrx_word' id='word_1_35' title='bbox 394 579 432 609; x_wconf 88' lang='lat' dir='ltr'><strong>et</strong></span> <span class='ocrx_word' id='word_1_36' title='bbox 459 571 562 609; x_wconf 86' lang='lat' dir='ltr'><strong>aliud</strong></span> <span class='ocrx_word' id='word_1_37' title='bbox 589 570 770 608; x_wconf 85' lang='lat' dir='ltr'><strong>alteratio.</strong></span> 
     </span>
    </p>

    <p class='ocr_par' dir='ltr' id='par_1_4' title="bbox 235 624 1342 1206">
     <span class='ocr_line' id='line_1_8' title="bbox 328 624 1340 674; baseline -0.002 -11"><span class='ocrx_word' id='word_1_38' title='bbox 328 626 361 663; x_wconf 87' lang='lat'><strong>5.</strong></span> <span class='ocrx_word' id='word_1_39' title='bbox 382 625 514 662; x_wconf 93' lang='lat' dir='ltr'><strong>Tertio</strong></span> <span class='ocrx_word' id='word_1_40' title='bbox 542 624 613 661; x_wconf 87' lang='lat' dir='ltr'><strong>ibi:</strong></span> <span class='ocrx_word' id='word_1_41' title='bbox 642 625 717 661; x_wconf 88' lang='lat' dir='ltr'><strong>Sed</strong></span> <span class='ocrx_word' id='word_1_42' title='bbox 743 630 868 667; x_wconf 90' lang='lat' dir='ltr'><strong>tamen</strong></span> <span class='ocrx_word' id='word_1_43' title='bbox 887 625 1149 674; x_wconf 78' lang='lat' dir='ltr'><strong><em>Anaxagoras</em></strong></span> <span class='ocrx_word' id='word_1_44' title='bbox 1170 632 1252 671; x_wconf 89' lang='lat' dir='ltr'><strong>etc.,</strong></span> <span class='ocrx_word' id='word_1_45' title='bbox 1279 638 1340 662; x_wconf 91' lang='lat' dir='ltr'><strong>ex-</strong></span> 
     </span>
     <span class='ocr_line' id='line_1_9' title="bbox 271 678 1340 728; baseline -0.001 -12"><span class='ocrx_word' id='word_1_46' title='bbox 271 678 361 728; x_wconf 92' lang='lat' dir='ltr'><strong>cipit</strong></span> <span class='ocrx_word' id='word_1_47' title='bbox 388 679 436 715; x_wconf 89' lang='lat' dir='ltr'><strong>ab</strong></span> <span class='ocrx_word' id='word_1_48' title='bbox 469 678 528 715; x_wconf 91' lang='lat' dir='ltr'><strong>his</strong></span> <span class='ocrx_word' id='word_1_49' title='bbox 556 680 827 725; x_wconf 85' lang='lat' dir='ltr'><strong>Anaxagoram</strong></span> <span class='ocrx_word' id='word_1_50' title='bbox 857 683 890 725; x_wconf 83' lang='lat'><strong>⁰,</strong></span> <span class='ocrx_word' id='word_1_51' title='bbox 918 678 965 715; x_wconf 92' lang='lat' dir='ltr'><strong>de</strong></span> <span class='ocrx_word' id='word_1_52' title='bbox 1001 690 1078 726; x_wconf 91' lang='lat' dir='ltr'><strong>quo</strong></span> <span class='ocrx_word' id='word_1_53' title='bbox 1114 678 1203 715; x_wconf 91' lang='lat' dir='ltr'><strong>dicit</strong></span> <span class='ocrx_word' id='word_1_54' title='bbox 1234 678 1340 726; x_wconf 92' lang='lat' dir='ltr'><strong>quod</strong></span> 
     </span>
     <span class='ocr_line' id='line_1_10' title="bbox 269 730 1341 781; baseline -0.002 -12"><span class='ocrx_word' id='word_1_55' title='bbox 269 731 467 781; x_wconf 86' lang='lat' dir='ltr'><strong>propriam</strong></span> <span class='ocrx_word' id='word_1_56' title='bbox 495 743 636 768; x_wconf 90' lang='lat' dir='ltr'><strong>vocem</strong></span> <span class='ocrx_word' id='word_1_57' title='bbox 673 730 882 779; x_wconf 87' lang='lat' dir='ltr'><strong>ignoravit,</strong></span> <span class='ocrx_word' id='word_1_58' title='bbox 917 731 1013 767; x_wconf 91' lang='lat' dir='ltr'><strong>sicut</strong></span> <span class='ocrx_word' id='word_1_59' title='bbox 1040 731 1100 767; x_wconf 90' lang='lat' dir='ltr'><strong>ille</strong></span> <span class='ocrx_word' id='word_1_60' title='bbox 1134 730 1200 778; x_wconf 92' lang='lat' dir='ltr'><strong>qui</strong></span> <span class='ocrx_word' id='word_1_61' title='bbox 1232 730 1341 778; x_wconf 88' lang='lat' dir='ltr'><strong>ponit</strong></span> 
     </span>
     <span class='ocr_line' id='line_1_11' title="bbox 270 783 1339 834; baseline -0.002 -12"><span class='ocrx_word' id='word_1_62' title='bbox 270 785 412 834; x_wconf 90' lang='lat' dir='ltr'><strong>aliquid</strong></span> <span class='ocrx_word' id='word_1_63' title='bbox 431 797 510 821; x_wconf 90' lang='lat' dir='ltr'><strong>non</strong></span> <span class='ocrx_word' id='word_1_64' title='bbox 531 785 765 821; x_wconf 90' lang='lat' dir='ltr'><strong>conveniens</strong></span> <span class='ocrx_word' id='word_1_65' title='bbox 784 796 876 820; x_wconf 91' lang='lat' dir='ltr'><strong>suae</strong></span> <span class='ocrx_word' id='word_1_66' title='bbox 901 784 1094 833; x_wconf 89' lang='lat' dir='ltr'><strong>positioni.</strong></span> <span class='ocrx_word' id='word_1_67' title='bbox 1116 784 1218 820; x_wconf 88' lang='lat' dir='ltr'><strong>Cum</strong></span> <span class='ocrx_word' id='word_1_68' title='bbox 1238 783 1339 820; x_wconf 88' lang='lat' dir='ltr'><strong>enim</strong></span> 
     </span>
     <span class='ocr_line' id='line_1_12' title="bbox 268 836 1342 887; baseline -0.002 -13"><span class='ocrx_word' id='word_1_69' title='bbox 268 845 430 887; x_wconf 89' lang='lat' dir='ltr'><strong>poneret</strong></span> <span class='ocrx_word' id='word_1_70' title='bbox 457 838 578 874; x_wconf 90' lang='lat' dir='ltr'><strong>multa</strong></span> <span class='ocrx_word' id='word_1_71' title='bbox 606 838 795 874; x_wconf 85' lang='lat' dir='ltr'><strong>elementa</strong></span> <span class='ocrx_word' id='word_1_72' title='bbox 823 843 852 884; x_wconf 64' lang='grc' dir='ltr'><strong>π,</strong></span> <span class='ocrx_word' id='word_1_73' title='bbox 874 837 970 874; x_wconf 92' lang='lat' dir='ltr'><strong>sicut</strong></span> <span class='ocrx_word' id='word_1_74' title='bbox 996 837 1069 884; x_wconf 92' lang='lat' dir='ltr'><strong>alii,</strong></span> <span class='ocrx_word' id='word_1_75' title='bbox 1094 845 1223 874; x_wconf 90' lang='lat' dir='ltr'><strong>tamen</strong></span> <span class='ocrx_word' id='word_1_76' title='bbox 1253 836 1342 873; x_wconf 86' lang='lat' dir='ltr'><strong>dixit</strong></span> 
     </span>
     <span class='ocr_line' id='line_1_13' title="bbox 270 890 1340 939; baseline -0.002 -11"><span class='ocrx_word' id='word_1_77' title='bbox 270 891 506 939; x_wconf 86' lang='lat' dir='ltr'><strong>singulariter</strong></span> <span class='ocrx_word' id='word_1_78' title='bbox 524 891 630 939; x_wconf 93' lang='lat' dir='ltr'><strong>quod</strong></span> <span class='ocrx_word' id='word_1_79' title='bbox 650 890 821 939; x_wconf 86' lang='lat' dir='ltr'><strong>generari</strong></span> <span class='ocrx_word' id='word_1_80' title='bbox 852 898 887 927; x_wconf 90' lang='lat' dir='ltr'><strong>et</strong></span> <span class='ocrx_word' id='word_1_81' title='bbox 907 890 1102 939; x_wconf 90' lang='lat' dir='ltr'><strong>corrumpi</strong></span> <span class='ocrx_word' id='word_1_82' title='bbox 1122 897 1209 927; x_wconf 87' lang='lat' dir='ltr'><strong>sunt</strong></span> <span class='ocrx_word' id='word_1_83' title='bbox 1238 890 1340 927; x_wconf 89' lang='lat' dir='ltr'><strong>idem</strong></span> 
     </span>
     <span class='ocr_line' id='line_1_14' title="bbox 269 943 1338 993; baseline -0.002 -12"><span class='ocrx_word' id='word_1_84' title='bbox 269 944 376 993; x_wconf 91' lang='lat' dir='ltr'><strong>quod</strong></span> <span class='ocrx_word' id='word_1_85' title='bbox 405 944 565 981; x_wconf 85' lang='lat' dir='ltr'><strong>alterari.</strong></span> <span class='ocrx_word' id='word_1_86' title='bbox 595 945 645 981; x_wconf 87' lang='lat' dir='ltr'><strong>Et</strong></span> <span class='ocrx_word' id='word_1_87' title='bbox 668 944 781 981; x_wconf 91' lang='lat' dir='ltr'><strong>huius</strong></span> <span class='ocrx_word' id='word_1_88' title='bbox 802 944 1026 981; x_wconf 85' lang='lat' dir='ltr'><strong>diversitatis</strong></span> <span class='ocrx_word' id='word_1_89' title='bbox 1046 943 1141 981; x_wconf 91' lang='lat' dir='ltr'><strong>ratio</strong></span> <span class='ocrx_word' id='word_1_90' title='bbox 1163 951 1219 980; x_wconf 91' lang='lat' dir='ltr'><strong>est</strong></span> <span class='ocrx_word' id='word_1_91' title='bbox 1238 943 1338 992; x_wconf 90' lang='lat' dir='ltr'><strong>quia,</strong></span> 
     </span>
     <span class='ocr_line' id='line_1_15' title="bbox 235 996 1340 1046; baseline -0.001 -12"><span class='ocrx_word' id='word_1_92' title='bbox 235 1013 240 1018; x_wconf 95' lang='lat'>·</span> <span class='ocrx_word' id='word_1_93' title='bbox 269 997 365 1035; x_wconf 92' lang='lat' dir='ltr'><strong>sicut</strong></span> <span class='ocrx_word' id='word_1_94' title='bbox 394 997 530 1034; x_wconf 88' lang='lat' dir='ltr'><strong>dicitur</strong></span> <span class='ocrx_word' id='word_1_95' title='bbox 549 997 587 1034; x_wconf 92' lang='lat' dir='ltr'><strong>in</strong></span> <span class='ocrx_word' id='word_1_96' title='bbox 608 998 621 1034; x_wconf 93' lang='lat' dir='ltr'><strong>l</strong></span> <span class='ocrx_word' id='word_1_97' title='bbox 641 998 791 1046; x_wconf 72' lang='lat' dir='ltr'><strong>Pnysic.</strong></span> <span class='ocrx_word' id='word_1_98' title='bbox 809 997 845 1044; x_wconf 70' lang='lat'><strong>²¹⁸,</strong></span> <span class='ocrx_word' id='word_1_99' title='bbox 866 1001 1114 1045; x_wconf 87' lang='lat' dir='ltr'><strong>Anaxagoras</strong></span> <span class='ocrx_word' id='word_1_100' title='bbox 1132 996 1261 1046; x_wconf 90' lang='lat' dir='ltr'><strong>posuit</strong></span> <span class='ocrx_word' id='word_1_101' title='bbox 1281 1009 1340 1034; x_wconf 89' lang='lat' dir='ltr'><strong>res</strong></span> 
     </span>
     <span class='ocr_line' id='line_1_16' title="bbox 268 1050 1340 1100; baseline -0.001 -13"><span class='ocrx_word' id='word_1_102' title='bbox 268 1051 352 1088; x_wconf 91' lang='lat' dir='ltr'><strong>fieri</strong></span> <span class='ocrx_word' id='word_1_103' title='bbox 378 1062 449 1100; x_wconf 92' lang='lat' dir='ltr'><strong>per</strong></span> <span class='ocrx_word' id='word_1_104' title='bbox 476 1050 771 1087; x_wconf 87' lang='lat' dir='ltr'><strong>abstractionem</strong></span> <span class='ocrx_word' id='word_1_105' title='bbox 800 1063 823 1087; x_wconf 92' lang='lat' dir='ltr'><strong>a</strong></span> <span class='ocrx_word' id='word_1_106' title='bbox 851 1051 986 1087; x_wconf 89' lang='lat' dir='ltr'><strong>mixto:</strong></span> <span class='ocrx_word' id='word_1_107' title='bbox 1015 1051 1184 1100; x_wconf 88' lang='lat' dir='ltr'><strong>ponebat</strong></span> <span class='ocrx_word' id='word_1_108' title='bbox 1211 1057 1340 1091; x_wconf 87' lang='lat' dir='ltr'><strong>autem</strong></span> 
     </span>
     <span class='ocr_line' id='line_1_17' title="bbox 268 1103 1341 1150; baseline -0.002 -8"><span class='ocrx_word' id='word_1_109' title='bbox 268 1103 419 1142; x_wconf 86' lang='lat' dir='ltr'><strong>misceri</strong></span> <span class='ocrx_word' id='word_1_110' title='bbox 439 1116 518 1141; x_wconf 92' lang='lat' dir='ltr'><strong>non</strong></span> <span class='ocrx_word' id='word_1_111' title='bbox 537 1105 661 1141; x_wconf 90' lang='lat' dir='ltr'><strong>solum</strong></span> <span class='ocrx_word' id='word_1_112' title='bbox 684 1104 874 1141; x_wconf 89' lang='lat' dir='ltr'><strong>elementa</strong></span> <span class='ocrx_word' id='word_1_113' title='bbox 891 1110 917 1150; x_wconf 72' lang='grc' dir='ltr'><strong>Ρ,</strong></span> <span class='ocrx_word' id='word_1_114' title='bbox 940 1104 1007 1142; x_wconf 91' lang='lat' dir='ltr'><strong>sed</strong></span> <span class='ocrx_word' id='word_1_115' title='bbox 1033 1104 1146 1141; x_wconf 90' lang='lat' dir='ltr'><strong>etiam</strong></span> <span class='ocrx_word' id='word_1_116' title='bbox 1167 1103 1341 1140; x_wconf 90' lang='lat' dir='ltr'><strong>acciden-</strong></span> 
     </span>
     <span class='ocr_line' id='line_1_18' title="bbox 268 1156 1340 1206; baseline -0.001 -12"><span class='ocrx_word' id='word_1_117' title='bbox 268 1157 335 1194; x_wconf 87' lang='lat' dir='ltr'><strong>tia:</strong></span> <span class='ocrx_word' id='word_1_118' title='bbox 358 1164 394 1194; x_wconf 89' lang='lat' dir='ltr'><strong>et</strong></span> <span class='ocrx_word' id='word_1_119' title='bbox 411 1157 498 1194; x_wconf 91' lang='lat' dir='ltr'><strong>ideo</strong></span> <span class='ocrx_word' id='word_1_120' title='bbox 520 1157 687 1194; x_wconf 91' lang='lat' dir='ltr'><strong>eundem</strong></span> <span class='ocrx_word' id='word_1_121' title='bbox 707 1157 870 1195; x_wconf 91' lang='lat' dir='ltr'><strong>modum</strong></span> <span class='ocrx_word' id='word_1_122' title='bbox 889 1158 1059 1206; x_wconf 90' lang='lat' dir='ltr'><strong>ponebat</strong></span> <span class='ocrx_word' id='word_1_123' title='bbox 1077 1156 1340 1206; x_wconf 88' lang='lat' dir='ltr'><strong>productionis</strong></span> 
     </span>
    </p>
   </div>
   <div class='ocr_carea' id='block_1_4' title="bbox 245 1210 1349 1260">
    <p class='ocr_par' dir='ltr' id='par_1_5' title="bbox 245 1210 1349 1260">
     <span class='ocr_line' id='line_1_19' title="bbox 245 1210 1349 1260; baseline -0.001 -13"><span class='ocrx_word' id='word_1_124' title='bbox 245 1223 258 1254; x_wconf 63' lang='lat' dir='ltr'>j</span> <span class='ocrx_word' id='word_1_125' title='bbox 270 1223 490 1260; x_wconf 80' lang='lat' dir='ltr'><strong>corporum,</strong></span> <span class='ocrx_word' id='word_1_126' title='bbox 511 1210 578 1260; x_wconf 91' lang='lat' dir='ltr'><strong>qui</strong></span> <span class='ocrx_word' id='word_1_127' title='bbox 604 1210 767 1260; x_wconf 84' lang='lat' dir='ltr'><strong>pertinet</strong></span> <span class='ocrx_word' id='word_1_128' title='bbox 795 1211 845 1248; x_wconf 88' lang='lat' dir='ltr'><strong>ad</strong></span> <span class='ocrx_word' id='word_1_129' title='bbox 873 1211 1160 1259; x_wconf 86' lang='lat' dir='ltr'><strong>generationem</strong></span> <span class='ocrx_word' id='word_1_130' title='bbox 1194 1218 1230 1246; x_wconf 93' lang='lat' dir='ltr'><strong>et</strong></span> <span class='ocrx_word' id='word_1_131' title='bbox 1258 1222 1349 1246; x_wconf 91' lang='lat' dir='ltr'><strong>cor--</strong></span> 
     </span>
    </p>
   </div>
   <div class='ocr_carea' id='block_1_5' title="bbox 234 1263 1343 2379">
    <p class='ocr_par' dir='ltr' id='par_1_6' title="bbox 269 1263 1339 1461">
     <span class='ocr_line' id='line_1_20' title="bbox 269 1263 1338 1313; baseline -0.002 -12"><span class='ocrx_word' id='word_1_132' title='bbox 269 1263 500 1313; x_wconf 88' lang='lat' dir='ltr'><strong>ruptionem,</strong></span> <span class='ocrx_word' id='word_1_133' title='bbox 522 1272 559 1301; x_wconf 89' lang='lat' dir='ltr'><strong>et</strong></span> <span class='ocrx_word' id='word_1_134' title='bbox 586 1263 851 1311; x_wconf 87' lang='lat' dir='ltr'><strong>accidentium,</strong></span> <span class='ocrx_word' id='word_1_135' title='bbox 873 1264 938 1313; x_wconf 89' lang='lat' dir='ltr'><strong>qui</strong></span> <span class='ocrx_word' id='word_1_136' title='bbox 956 1264 1118 1312; x_wconf 90' lang='lat' dir='ltr'><strong>pertinet</strong></span> <span class='ocrx_word' id='word_1_137' title='bbox 1137 1264 1186 1300; x_wconf 91' lang='lat' dir='ltr'><strong>ad</strong></span> <span class='ocrx_word' id='word_1_138' title='bbox 1206 1264 1338 1300; x_wconf 91' lang='lat' dir='ltr'><strong>altera-</strong></span> 
     </span>
     <span class='ocr_line' id='line_1_21' title="bbox 269 1315 1339 1367; baseline -0.002 -13"><span class='ocrx_word' id='word_1_139' title='bbox 269 1316 433 1363; x_wconf 78' lang='lat' dir='ltr'><strong>tionem,</strong></span> <span class='ocrx_word' id='word_1_140' title='bbox 462 1325 505 1354; x_wconf 93' lang='lat' dir='ltr'><strong>ut</strong></span> <span class='ocrx_word' id='word_1_141' title='bbox 531 1317 683 1363; x_wconf 89' lang='lat' dir='ltr'><strong>scilicet,</strong></span> <span class='ocrx_word' id='word_1_142' title='bbox 714 1317 809 1354; x_wconf 91' lang='lat' dir='ltr'><strong>sicut</strong></span> <span class='ocrx_word' id='word_1_143' title='bbox 837 1329 926 1354; x_wconf 87' lang='lat' dir='ltr'><strong>caro</strong></span> <span class='ocrx_word' id='word_1_144' title='bbox 954 1318 998 1354; x_wconf 89' lang='lat' dir='ltr'><strong>fit</strong></span> <span class='ocrx_word' id='word_1_145' title='bbox 1024 1330 1094 1367; x_wconf 90' lang='lat' dir='ltr'><strong>per</strong></span> <span class='ocrx_word' id='word_1_146' title='bbox 1121 1315 1339 1356; x_wconf 87' lang='lat' dir='ltr'><strong>abstractio-</strong></span> 
     </span>
     <span class='ocr_line' id='line_1_22' title="bbox 269 1369 1339 1418; baseline -0.002 -11"><span class='ocrx_word' id='word_1_147' title='bbox 269 1382 373 1418; x_wconf 87' lang='lat' dir='ltr'><strong>nem,</strong></span> <span class='ocrx_word' id='word_1_148' title='bbox 393 1370 444 1407; x_wconf 88' lang='lat' dir='ltr'><strong>ita</strong></span> <span class='ocrx_word' id='word_1_149' title='bbox 464 1378 500 1407; x_wconf 90' lang='lat' dir='ltr'><strong>et</strong></span> <span class='ocrx_word' id='word_1_150' title='bbox 529 1370 666 1407; x_wconf 90' lang='lat' dir='ltr'><strong>albedo</strong></span> <span class='ocrx_word' id='word_1_151' title='bbox 686 1376 711 1406; x_wconf 81' lang='lat'><strong>⁰.</strong></span> <span class='ocrx_word' id='word_1_152' title='bbox 733 1371 783 1407; x_wconf 93' lang='lat' dir='ltr'><strong>Et</strong></span> <span class='ocrx_word' id='word_1_153' title='bbox 810 1370 1024 1408; x_wconf 87' lang='lat' dir='ltr'><strong>secundum</strong></span> <span class='ocrx_word' id='word_1_154' title='bbox 1052 1371 1128 1407; x_wconf 91' lang='lat' dir='ltr'><strong>hoc</strong></span> <span class='ocrx_word' id='word_1_155' title='bbox 1146 1369 1339 1418; x_wconf 87' lang='lat' dir='ltr'><strong>generatio</strong></span> 
     </span>
     <span class='ocr_line' id='line_1_23' title="bbox 269 1423 917 1461; baseline -0.002 0"><span class='ocrx_word' id='word_1_156' title='bbox 269 1436 349 1461; x_wconf 92' lang='lat' dir='ltr'><strong>non</strong></span> <span class='ocrx_word' id='word_1_157' title='bbox 378 1423 579 1461; x_wconf 88' lang='lat' dir='ltr'><strong>differebat</strong></span> <span class='ocrx_word' id='word_1_158' title='bbox 606 1424 653 1460; x_wconf 92' lang='lat' dir='ltr'><strong>ab</strong></span> <span class='ocrx_word' id='word_1_159' title='bbox 682 1423 917 1461; x_wconf 89' lang='lat' dir='ltr'><strong>alteratione.</strong></span> 
     </span>
    </p>

    <p class='ocr_par' dir='ltr' id='par_1_7' title="bbox 267 1475 1343 1954">
     <span class='ocr_line' id='line_1_24' title="bbox 325 1475 1339 1525; baseline 0 -11"><span class='ocrx_word' id='word_1_160' title='bbox 325 1478 360 1514; x_wconf 87' lang='lat'><strong>6.</strong></span> <span class='ocrx_word' id='word_1_161' title='bbox 404 1477 554 1514; x_wconf 91' lang='lat' dir='ltr'><strong>Deinde</strong></span> <span class='ocrx_word' id='word_1_162' title='bbox 604 1489 692 1514; x_wconf 91' lang='lat' dir='ltr'><strong>cum</strong></span> <span class='ocrx_word' id='word_1_163' title='bbox 742 1475 855 1514; x_wconf 92' lang='lat' dir='ltr'><strong>dicit:</strong></span> <span class='ocrx_word' id='word_1_164' title='bbox 895 1476 1142 1525; x_wconf 85' lang='lat' dir='ltr'><strong>Empedocles</strong></span> <span class='ocrx_word' id='word_1_165' title='bbox 1190 1476 1339 1524; x_wconf 86' lang='lat' dir='ltr'><strong>quidem</strong></span> 
     </span>
     <span class='ocr_line' id='line_1_25' title="bbox 269 1529 1342 1578; baseline -0.001 -11"><span class='ocrx_word' id='word_1_166' title='bbox 269 1530 370 1567; x_wconf 91' lang='lat' dir='ltr'><strong>enim</strong></span> <span class='ocrx_word' id='word_1_167' title='bbox 399 1538 491 1577; x_wconf 91' lang='lat' dir='ltr'><strong>etc.,</strong></span> <span class='ocrx_word' id='word_1_168' title='bbox 521 1530 736 1567; x_wconf 87' lang='lat' dir='ltr'><strong>manifestat</strong></span> <span class='ocrx_word' id='word_1_169' title='bbox 766 1531 1020 1578; x_wconf 85' lang='lat' dir='ltr'><strong>praemissam</strong></span> <span class='ocrx_word' id='word_1_170' title='bbox 1054 1529 1252 1567; x_wconf 89' lang='lat' dir='ltr'><strong>rationem.</strong></span> <span class='ocrx_word' id='word_1_171' title='bbox 1292 1531 1342 1567; x_wconf 90' lang='lat' dir='ltr'><strong>Et</strong></span> 
     </span>
     <span class='ocr_line' id='line_1_26' title="bbox 267 1583 1342 1633; baseline 0 -13"><span class='ocrx_word' id='word_1_172' title='bbox 267 1583 395 1633; x_wconf 89' lang='lat' dir='ltr'><strong>primo</strong></span> <span class='ocrx_word' id='word_1_173' title='bbox 424 1583 663 1620; x_wconf 87' lang='lat' dir='ltr'><strong>ostendendo</strong></span> <span class='ocrx_word' id='word_1_174' title='bbox 693 1583 892 1632; x_wconf 90' lang='lat' dir='ltr'><strong>quomodo</strong></span> <span class='ocrx_word' id='word_1_175' title='bbox 921 1589 934 1604; x_wconf 71' lang='lat'><em>³</em></span> <span class='ocrx_word' id='word_1_176' title='bbox 959 1583 1116 1632; x_wconf 90' lang='lat' dir='ltr'><strong>quidam</strong></span> <span class='ocrx_word' id='word_1_177' title='bbox 1145 1584 1342 1632; x_wconf 90' lang='lat' dir='ltr'><strong>ponebant</strong></span> 
     </span>
     <span class='ocr_line' id='line_1_27' title="bbox 267 1636 1342 1687; baseline 0 -14"><span class='ocrx_word' id='word_1_178' title='bbox 267 1637 378 1687; x_wconf 89' lang='lat' dir='ltr'><strong>plura</strong></span> <span class='ocrx_word' id='word_1_179' title='bbox 403 1636 610 1686; x_wconf 89' lang='lat' dir='ltr'><strong>principia:</strong></span> <span class='ocrx_word' id='word_1_180' title='bbox 639 1649 775 1673; x_wconf 91' lang='lat' dir='ltr'><strong>eorum</strong></span> <span class='ocrx_word' id='word_1_181' title='bbox 796 1636 899 1674; x_wconf 90' lang='lat' dir='ltr'><strong>enirn</strong></span> <span class='ocrx_word' id='word_1_182' title='bbox 919 1637 984 1686; x_wconf 91' lang='lat' dir='ltr'><strong>qui</strong></span> <span class='ocrx_word' id='word_1_183' title='bbox 1002 1637 1201 1686; x_wconf 90' lang='lat' dir='ltr'><strong>ponebant</strong></span> <span class='ocrx_word' id='word_1_184' title='bbox 1218 1649 1342 1674; x_wconf 90' lang='lat' dir='ltr'><strong>unum</strong></span> 
     </span>
     <span class='ocr_line' id='line_1_28' title="bbox 267 1689 1342 1739; baseline 0.001 -13"><span class='ocrx_word' id='word_1_185' title='bbox 267 1689 520 1739; x_wconf 89' lang='lat' dir='ltr'><strong>principium,</strong></span> <span class='ocrx_word' id='word_1_186' title='bbox 551 1697 630 1726; x_wconf 89' lang='lat' dir='ltr'><strong>erat</strong></span> <span class='ocrx_word' id='word_1_187' title='bbox 661 1702 762 1726; x_wconf 90' lang='lat' dir='ltr'><strong>unus</strong></span> <span class='ocrx_word' id='word_1_188' title='bbox 796 1690 993 1727; x_wconf 90' lang='lat' dir='ltr'><strong>absolutus</strong></span> <span class='ocrx_word' id='word_1_189' title='bbox 1031 1691 1172 1728; x_wconf 91' lang='lat' dir='ltr'><strong>modus</strong></span> <span class='ocrx_word' id='word_1_190' title='bbox 1208 1703 1342 1739; x_wconf 86' lang='lat' dir='ltr'><strong>proce-</strong></span> 
     </span>
     <span class='ocr_line' id='line_1_29' title="bbox 269 1742 1343 1793; baseline 0 -13"><span class='ocrx_word' id='word_1_191' title='bbox 269 1742 395 1780; x_wconf 89' lang='lat' dir='ltr'><strong>dendi.</strong></span> <span class='ocrx_word' id='word_1_192' title='bbox 419 1743 598 1780; x_wconf 89' lang='lat' dir='ltr'><strong>Secundo</strong></span> <span class='ocrx_word' id='word_1_193' title='bbox 619 1743 833 1780; x_wconf 89' lang='lat' dir='ltr'><strong>manifestat</strong></span> <span class='ocrx_word' id='word_1_194' title='bbox 852 1756 970 1793; x_wconf 90' lang='lat' dir='ltr'><strong>quare</strong></span> <span class='ocrx_word' id='word_1_195' title='bbox 990 1743 1040 1780; x_wconf 90' lang='lat' dir='ltr'><strong>illi</strong></span> <span class='ocrx_word' id='word_1_196' title='bbox 1061 1743 1126 1792; x_wconf 91' lang='lat' dir='ltr'><strong>qui</strong></span> <span class='ocrx_word' id='word_1_197' title='bbox 1145 1744 1343 1792; x_wconf 90' lang='lat' dir='ltr'><strong>ponebant</strong></span> 
     </span>
     <span class='ocr_line' id='line_1_30' title="bbox 267 1796 1342 1846; baseline 0.001 -13"><span class='ocrx_word' id='word_1_198' title='bbox 267 1808 391 1834; x_wconf 89' lang='lat' dir='ltr'><strong>unum</strong></span> <span class='ocrx_word' id='word_1_199' title='bbox 419 1796 662 1846; x_wconf 81' lang='lat' dir='ltr'><strong>principium,</strong></span> <span class='ocrx_word' id='word_1_200' title='bbox 692 1797 882 1845; x_wconf 89' lang='lat' dir='ltr'><strong>negabant</strong></span> <span class='ocrx_word' id='word_1_201' title='bbox 911 1796 1165 1834; x_wconf 85' lang='lat' dir='ltr'><strong>differentiam</strong></span> <span class='ocrx_word' id='word_1_202' title='bbox 1185 1809 1342 1845; x_wconf 88' lang='lat' dir='ltr'><strong>genera-</strong></span> 
     </span>
     <span class='ocr_line' id='line_1_31' title="bbox 268 1849 1340 1900; baseline 0.002 -14"><span class='ocrx_word' id='word_1_203' title='bbox 268 1849 381 1887; x_wconf 89' lang='lat' dir='ltr'><strong>tionis</strong></span> <span class='ocrx_word' id='word_1_204' title='bbox 401 1858 439 1887; x_wconf 89' lang='lat' dir='ltr'><strong>et</strong></span> <span class='ocrx_word' id='word_1_205' title='bbox 457 1850 699 1897; x_wconf 86' lang='lat' dir='ltr'><strong>alterationis,</strong></span> <span class='ocrx_word' id='word_1_206' title='bbox 720 1862 838 1900; x_wconf 89' lang='lat' dir='ltr'><strong>quam</strong></span> <span class='ocrx_word' id='word_1_207' title='bbox 858 1850 1104 1887; x_wconf 89' lang='lat' dir='ltr'><strong>adstruebant</strong></span> <span class='ocrx_word' id='word_1_208' title='bbox 1117 1850 1138 1872; x_wconf 77' lang='lat'><strong>’¹‘</strong></span> <span class='ocrx_word' id='word_1_209' title='bbox 1151 1858 1340 1899; x_wconf 90' lang='lat' dir='ltr'><strong>ponentes</strong></span> 
     </span>
     <span class='ocr_line' id='line_1_32' title="bbox 267 1903 1266 1954; baseline 0.001 -14"><span class='ocrx_word' id='word_1_210' title='bbox 267 1903 378 1952; x_wconf 91' lang='lat' dir='ltr'><strong>plura</strong></span> <span class='ocrx_word' id='word_1_211' title='bbox 405 1903 606 1952; x_wconf 89' lang='lat' dir='ltr'><strong>principia,</strong></span> <span class='ocrx_word' id='word_1_212' title='bbox 636 1903 710 1940; x_wconf 91' lang='lat' dir='ltr'><strong>ibi:</strong></span> <span class='ocrx_word' id='word_1_213' title='bbox 738 1904 815 1940; x_wconf 71' lang='grc' dir='ltr'><strong>Ηίε</strong></span> <span class='ocrx_word' id='word_1_214' title='bbox 842 1904 991 1952; x_wconf 85' lang='lat' dir='ltr'><strong>quidem</strong></span> <span class='ocrx_word' id='word_1_215' title='bbox 1021 1904 1138 1954; x_wconf 84' lang='lat' dir='ltr'><strong>igitur</strong></span> <span class='ocrx_word' id='word_1_216' title='bbox 1157 1903 1177 1925; x_wconf 78' lang='lat'><strong>&#39;¹‘</strong></span> <span class='ocrx_word' id='word_1_217' title='bbox 1197 1912 1266 1942; x_wconf 90' lang='lat' dir='ltr'><strong>etc.</strong></span> 
     </span>
    </p>

    <p class='ocr_par' dir='ltr' id='par_1_8' title="bbox 234 1956 1342 2379">
     <span class='ocr_line' id='line_1_33' title="bbox 323 1956 1341 2006; baseline 0.001 -13"><span class='ocrx_word' id='word_1_218' title='bbox 323 1956 435 1993; x_wconf 90' lang='lat' dir='ltr'><strong>Circa</strong></span> <span class='ocrx_word' id='word_1_219' title='bbox 448 1956 618 2006; x_wconf 89' lang='lat' dir='ltr'><strong>primurn</strong></span> <span class='ocrx_word' id='word_1_220' title='bbox 629 1956 737 2006; x_wconf 92' lang='lat' dir='ltr'><strong>ponit</strong></span> <span class='ocrx_word' id='word_1_221' title='bbox 752 1956 982 1994; x_wconf 90' lang='lat' dir='ltr'><strong>differentias</strong></span> <span class='ocrx_word' id='word_1_222' title='bbox 993 1956 1220 2006; x_wconf 91' lang='lat' dir='ltr'><strong>ponentium</strong></span> <span class='ocrx_word' id='word_1_223' title='bbox 1230 1959 1341 2006; x_wconf 90' lang='lat' dir='ltr'><strong>plura</strong></span> 
     </span>
     <span class='ocr_line' id='line_1_34' title="bbox 267 2009 1339 2059; baseline 0.002 -13"><span class='ocrx_word' id='word_1_224' title='bbox 267 2009 473 2059; x_wconf 89' lang='lat' dir='ltr'><strong>principia:</strong></span> <span class='ocrx_word' id='word_1_225' title='bbox 501 2018 538 2047; x_wconf 91' lang='lat' dir='ltr'><strong>et</strong></span> <span class='ocrx_word' id='word_1_226' title='bbox 563 2010 689 2059; x_wconf 90' lang='lat' dir='ltr'><strong>primo</strong></span> <span class='ocrx_word' id='word_1_227' title='bbox 710 2010 958 2059; x_wconf 88' lang='lat' dir='ltr'><strong>Empedoclis</strong></span> <span class='ocrx_word' id='word_1_228' title='bbox 978 2016 991 2030; x_wconf 65' lang='grc' dir='ltr'><strong>υ</strong></span> <span class='ocrx_word' id='word_1_229' title='bbox 1010 2011 1060 2048; x_wconf 91' lang='lat' dir='ltr'><strong>ad</strong></span> <span class='ocrx_word' id='word_1_230' title='bbox 1079 2023 1216 2047; x_wconf 89' lang='lat' dir='ltr'><strong>omnes</strong></span> <span class='ocrx_word' id='word_1_231' title='bbox 1235 2011 1339 2048; x_wconf 91' lang='lat' dir='ltr'><strong>alios.</strong></span> 
     </span>
     <span class='ocr_line' id='line_1_35' title="bbox 234 2063 1339 2115; baseline 0.001 -15"><span class='ocrx_word' id='word_1_232' title='bbox 234 2108 242 2115; x_wconf 86' lang='lat'><strong>.</strong></span> <span class='ocrx_word' id='word_1_233' title='bbox 268 2063 319 2100; x_wconf 91' lang='lat' dir='ltr'><strong>Et</strong></span> <span class='ocrx_word' id='word_1_234' title='bbox 347 2063 436 2100; x_wconf 89' lang='lat' dir='ltr'><strong>dicit</strong></span> <span class='ocrx_word' id='word_1_235' title='bbox 463 2063 568 2112; x_wconf 91' lang='lat' dir='ltr'><strong>quod</strong></span> <span class='ocrx_word' id='word_1_236' title='bbox 587 2063 675 2100; x_wconf 89' lang='lat' dir='ltr'><strong>ideo</strong></span> <span class='ocrx_word' id='word_1_237' title='bbox 694 2063 933 2112; x_wconf 88' lang='lat' dir='ltr'><strong>praedictum</strong></span> <span class='ocrx_word' id='word_1_238' title='bbox 954 2071 1010 2100; x_wconf 91' lang='lat' dir='ltr'><strong>est</strong></span> <span class='ocrx_word' id='word_1_239' title='bbox 1027 2063 1047 2085; x_wconf 76' lang='lat'><strong>’¹‘</strong></span> <span class='ocrx_word' id='word_1_240' title='bbox 1067 2064 1173 2112; x_wconf 92' lang='lat' dir='ltr'><strong>quod</strong></span> <span class='ocrx_word' id='word_1_241' title='bbox 1191 2065 1339 2114; x_wconf 89' lang='lat' dir='ltr'><strong>praedi-</strong></span> 
     </span>
     <span class='ocr_line' id='line_1_36' title="bbox 269 2116 1342 2167; baseline 0.001 -14"><span class='ocrx_word' id='word_1_242' title='bbox 269 2116 318 2153; x_wconf 91' lang='lat' dir='ltr'><strong>cti</strong></span> <span class='ocrx_word' id='word_1_243' title='bbox 353 2116 575 2166; x_wconf 90' lang='lat' dir='ltr'><strong>philosophi</strong></span> <span class='ocrx_word' id='word_1_244' title='bbox 610 2125 823 2166; x_wconf 89' lang='lat' dir='ltr'><strong>posuerunt</strong></span> <span class='ocrx_word' id='word_1_245' title='bbox 853 2118 981 2166; x_wconf 92' lang='lat' dir='ltr'><strong>plures</strong></span> <span class='ocrx_word' id='word_1_246' title='bbox 1024 2117 1222 2165; x_wconf 87' lang='lat' dir='ltr'><strong>materias,</strong></span> <span class='ocrx_word' id='word_1_247' title='bbox 1253 2117 1342 2167; x_wconf 90' lang='lat' dir='ltr'><strong>quia</strong></span> 
     </span>
     <span class='ocr_line' id='line_1_37' title="bbox 268 2169 1341 2220; baseline 0.001 -13"><span class='ocrx_word' id='word_1_248' title='bbox 268 2169 527 2219; x_wconf 85' lang='lat' dir='ltr'><strong>Empedocles</strong></span> <span class='ocrx_word' id='word_1_249' title='bbox 541 2171 712 2220; x_wconf 90' lang='lat' dir='ltr'><strong>ponebat</strong></span> <span class='ocrx_word' id='word_1_250' title='bbox 725 2178 891 2218; x_wconf 90' lang='lat' dir='ltr'><strong>quatuor</strong></span> <span class='ocrx_word' id='word_1_251' title='bbox 909 2171 1096 2207; x_wconf 88' lang='lat' dir='ltr'><strong>elementa</strong></span> <span class='ocrx_word' id='word_1_252' title='bbox 1110 2175 1125 2200; x_wconf 69' lang='grc' dir='ltr'><strong>Ρ</strong></span> <span class='ocrx_word' id='word_1_253' title='bbox 1142 2183 1223 2208; x_wconf 90' lang='lat' dir='ltr'><strong>esse</strong></span> <span class='ocrx_word' id='word_1_254' title='bbox 1238 2171 1341 2220; x_wconf 87' lang='lat' dir='ltr'><strong>prin-</strong></span> 
     </span>
     <span class='ocr_line' id='line_1_38' title="bbox 268 2222 1340 2273; baseline 0.002 -13"><span class='ocrx_word' id='word_1_255' title='bbox 268 2222 366 2272; x_wconf 88' lang='lat' dir='ltr'><strong>cipia</strong></span> <span class='ocrx_word' id='word_1_256' title='bbox 393 2223 622 2270; x_wconf 90' lang='lat' dir='ltr'><strong>materialia,</strong></span> <span class='ocrx_word' id='word_1_257' title='bbox 653 2223 794 2261; x_wconf 88' lang='lat' dir='ltr'><strong>scilicet</strong></span> <span class='ocrx_word' id='word_1_258' title='bbox 825 2231 986 2271; x_wconf 86' lang='lat' dir='ltr'><strong>terram,</strong></span> <span class='ocrx_word' id='word_1_259' title='bbox 1021 2236 1179 2273; x_wconf 89' lang='lat' dir='ltr'><strong>aquam,</strong></span> <span class='ocrx_word' id='word_1_260' title='bbox 1209 2237 1340 2262; x_wconf 90' lang='lat' dir='ltr'><strong>aerem</strong></span> 
     </span>
     <span class='ocr_line' id='line_1_39' title="bbox 268 2276 1338 2325; baseline 0.001 -12"><span class='ocrx_word' id='word_1_261' title='bbox 268 2283 305 2313; x_wconf 92' lang='lat' dir='ltr'><strong>et</strong></span> <span class='ocrx_word' id='word_1_262' title='bbox 330 2276 480 2324; x_wconf 87' lang='lat' dir='ltr'><strong>ignem:</strong></span> <span class='ocrx_word' id='word_1_263' title='bbox 511 2276 644 2314; x_wconf 91' lang='lat' dir='ltr'><strong>omnia</strong></span> <span class='ocrx_word' id='word_1_264' title='bbox 673 2284 802 2314; x_wconf 88' lang='lat' dir='ltr'><strong>autem</strong></span> <span class='ocrx_word' id='word_1_265' title='bbox 829 2277 926 2314; x_wconf 88' lang='lat' dir='ltr'><strong>haec</strong></span> <span class='ocrx_word' id='word_1_266' title='bbox 955 2289 1045 2314; x_wconf 90' lang='lat' dir='ltr'><strong>cum</strong></span> <span class='ocrx_word' id='word_1_267' title='bbox 1074 2277 1338 2325; x_wconf 88' lang='lat' dir='ltr'><strong>moventibus,</strong></span> 
     </span>
     <span class='ocr_line' id='line_1_40' title="bbox 268 2329 1339 2379; baseline 0.002 -13"><span class='ocrx_word' id='word_1_268' title='bbox 268 2329 407 2366; x_wconf 92' lang='lat' dir='ltr'><strong>scilicet</strong></span> <span class='ocrx_word' id='word_1_269' title='bbox 440 2342 529 2367; x_wconf 89' lang='lat' dir='ltr'><strong>cum</strong></span> <span class='ocrx_word' id='word_1_270' title='bbox 563 2330 748 2378; x_wconf 86' lang='lat' dir='ltr'><strong>amicitia,</strong></span> <span class='ocrx_word' id='word_1_271' title='bbox 783 2342 882 2379; x_wconf 91' lang='lat' dir='ltr'><strong>quae</strong></span> <span class='ocrx_word' id='word_1_272' title='bbox 917 2337 1140 2378; x_wconf 87' lang='lat' dir='ltr'><strong>congregat,</strong></span> <span class='ocrx_word' id='word_1_273' title='bbox 1181 2338 1217 2368; x_wconf 94' lang='lat' dir='ltr'><strong>et</strong></span> <span class='ocrx_word' id='word_1_274' title='bbox 1250 2342 1339 2368; x_wconf 87' lang='lat' dir='ltr'><strong>cum</strong></span> 
     </span>
    </p>
   </div>
   <div class='ocr_carea' id='block_1_6' title="bbox 263 2470 1341 3674">
    <p class='ocr_par' dir='ltr' id='par_1_9' title="bbox 265 2470 1340 2576">
     <span class='ocr_line' id='line_1_41' title="bbox 265 2470 1340 2506; baseline 0.002 -11"><span class='ocrx_word' id='word_1_275' title='bbox 265 2470 452 2506; x_wconf 83' lang='lat' dir='ltr'><strong>gregationem</strong></span> <span class='ocrx_word' id='word_1_276' title='bbox 471 2473 498 2495; x_wconf 81' lang='lat' dir='ltr'><strong>et</strong></span> <span class='ocrx_word' id='word_1_277' title='bbox 515 2470 729 2504; x_wconf 77' lang='lat' dir='ltr'><strong>segregationem</strong></span> <span class='ocrx_word' id='word_1_278' title='bbox 748 2477 804 2496; x_wconf 89' lang='lat' dir='ltr'><strong>esse</strong></span> <span class='ocrx_word' id='word_1_279' title='bbox 817 2471 1018 2504; x_wconf 82' lang='lat' dir='ltr'><strong>generationem</strong></span> <span class='ocrx_word' id='word_1_280' title='bbox 1036 2476 1063 2497; x_wconf 93' lang='lat' dir='ltr'><strong>et</strong></span> <span class='ocrx_word' id='word_1_281' title='bbox 1080 2472 1278 2504; x_wconf 81' lang='lat' dir='ltr'><strong>corruptionem</strong></span> <span class='ocrx_word' id='word_1_282' title='bbox 1298 2471 1340 2496; x_wconf 85' lang='lat' dir='ltr'><strong>PC</strong></span> 
     </span>
     <span class='ocr_line' id='line_1_42' title="bbox 266 2506 1339 2540; baseline 0 -8"><span class='ocrx_word' id='word_1_283' title='bbox 266 2507 326 2538; x_wconf 86' lang='lat' dir='ltr'><strong>ab;</strong></span> <span class='ocrx_word' id='word_1_284' title='bbox 345 2513 402 2531; x_wconf 85' lang='lat' dir='ltr'><strong>esse</strong></span> <span class='ocrx_word' id='word_1_285' title='bbox 419 2514 473 2530; x_wconf 90' lang='lat' dir='ltr'><strong>om.</strong></span> <span class='ocrx_word' id='word_1_286' title='bbox 487 2506 523 2536; x_wconf 85' lang='lat' dir='ltr'><strong>B;</strong></span> <span class='ocrx_word' id='word_1_287' title='bbox 548 2506 761 2539; x_wconf 82' lang='lat' dir='ltr'><strong>segregationem</strong></span> <span class='ocrx_word' id='word_1_288' title='bbox 786 2514 841 2532; x_wconf 89' lang='lat' dir='ltr'><strong>om.</strong></span> <span class='ocrx_word' id='word_1_289' title='bbox 859 2507 882 2531; x_wconf 90' lang='lat' dir='ltr'><strong>A</strong></span> <span class='ocrx_word' id='word_1_290' title='bbox 902 2507 978 2532; x_wconf 87' lang='lat' dir='ltr'><strong>male.</strong></span> <span class='ocrx_word' id='word_1_291' title='bbox 998 2521 1016 2527; x_wconf 88' lang='lat'><em>-</em></span> <span class='ocrx_word' id='word_1_292' title='bbox 1034 2507 1085 2532; x_wconf 87' lang='lat' dir='ltr'><strong>Pro</strong></span> <span class='ocrx_word' id='word_1_293' title='bbox 1110 2508 1339 2540; x_wconf 83' lang='lat' dir='ltr'><strong>qualemcumque,</strong></span> 
     </span>
     <span class='ocr_line' id='line_1_43' title="bbox 267 2541 1167 2576; baseline 0.001 -9"><span class='ocrx_word' id='word_1_294' title='bbox 267 2542 495 2576; x_wconf 79' lang='lat' dir='ltr'><strong>qualitercumque</strong></span> <span class='ocrx_word' id='word_1_295' title='bbox 513 2541 586 2572; x_wconf 85' lang='lat' dir='ltr'><strong>edd.;</strong></span> <span class='ocrx_word' id='word_1_296' title='bbox 604 2549 652 2574; x_wconf 86' lang='lat' dir='ltr'><strong>pro</strong></span> <span class='ocrx_word' id='word_1_297' title='bbox 672 2542 938 2572; x_wconf 78' lang='lat' dir='ltr'><strong>transmutationem,</strong></span> <span class='ocrx_word' id='word_1_298' title='bbox 954 2543 1116 2575; x_wconf 81' lang='lat' dir='ltr'><strong>positionem</strong></span> <span class='ocrx_word' id='word_1_299' title='bbox 1135 2544 1167 2568; x_wconf 85' lang='lat' dir='ltr'><strong>A.</strong></span> 
     </span>
    </p>

    <p class='ocr_par' dir='ltr' id='par_1_10' title="bbox 263 2575 1341 2680">
     <span class='ocr_line' id='line_1_44' title="bbox 322 2575 1341 2612; baseline 0.001 -10"><span class='ocrx_word' id='word_1_300' title='bbox 322 2575 347 2612; x_wconf 78' lang='grc' dir='ltr'><strong>ξ)</strong></span> <span class='ocrx_word' id='word_1_301' title='bbox 365 2577 480 2602; x_wconf 86' lang='lat' dir='ltr'><strong>sicut...</strong></span> <span class='ocrx_word' id='word_1_302' title='bbox 494 2577 659 2602; x_wconf 75' lang='lat' dir='ltr'><strong>Democrito.</strong></span> <span class='ocrx_word' id='word_1_303' title='bbox 672 2591 691 2596; x_wconf 93' lang='lat'><strong>—-</strong></span> <span class='ocrx_word' id='word_1_304' title='bbox 708 2577 778 2602; x_wconf 85' lang='lat' dir='ltr'><strong>sicut</strong></span> <span class='ocrx_word' id='word_1_305' title='bbox 792 2578 973 2610; x_wconf 85' lang='lat' dir='ltr'><strong>Empedocles,</strong></span> <span class='ocrx_word' id='word_1_306' title='bbox 994 2578 1165 2604; x_wconf 79' lang='lat' dir='ltr'><strong>Democritus</strong></span> <span class='ocrx_word' id='word_1_307' title='bbox 1184 2581 1210 2603; x_wconf 92' lang='lat' dir='ltr'><strong>et</strong></span> <span class='ocrx_word' id='word_1_308' title='bbox 1229 2577 1341 2610; x_wconf 86' lang='lat' dir='ltr'><strong>Leucip-</strong></span> 
     </span>
     <span class='ocr_line' id='line_1_45' title="bbox 263 2612 1340 2646; baseline 0 -8"><span class='ocrx_word' id='word_1_309' title='bbox 263 2620 318 2646; x_wconf 85' lang='lat' dir='ltr'><strong>pus</strong></span> <span class='ocrx_word' id='word_1_310' title='bbox 335 2614 367 2637; x_wconf 97' lang='lat' dir='ltr'><strong>A.</strong></span> <span class='ocrx_word' id='word_1_311' title='bbox 386 2613 406 2637; x_wconf 88' lang='grc' dir='ltr'>Ρ</span> <span class='ocrx_word' id='word_1_312' title='bbox 420 2613 446 2637; x_wconf 90' lang='lat' dir='ltr'><strong>in</strong></span> <span class='ocrx_word' id='word_1_313' title='bbox 459 2612 580 2637; x_wconf 83' lang='lat' dir='ltr'><strong>versione</strong></span> <span class='ocrx_word' id='word_1_314' title='bbox 599 2618 659 2645; x_wconf 83' lang='lat' dir='ltr'><strong>post</strong></span> <span class='ocrx_word' id='word_1_315' title='bbox 677 2613 834 2645; x_wconf 82' lang='lat' dir='ltr'><strong>Leucippus,</strong></span> <span class='ocrx_word' id='word_1_316' title='bbox 855 2613 971 2646; x_wconf 84' lang='lat' dir='ltr'><strong>adiungit</strong></span> <span class='ocrx_word' id='word_1_317' title='bbox 983 2617 1011 2639; x_wconf 88' lang='lat' dir='ltr'><strong>et</strong></span> <span class='ocrx_word' id='word_1_318' title='bbox 1024 2614 1195 2639; x_wconf 84' lang='lat' dir='ltr'><strong>Democritus</strong></span> <span class='ocrx_word' id='word_1_319' title='bbox 1201 2621 1210 2643; x_wconf 89' lang='lat'><em>;</em></span> <span class='ocrx_word' id='word_1_320' title='bbox 1229 2614 1276 2638; x_wconf 88' lang='lat' dir='ltr'><strong>sed</strong></span> <span class='ocrx_word' id='word_1_321' title='bbox 1290 2613 1340 2638; x_wconf 88' lang='lat' dir='ltr'><strong>hoc</strong></span> 
     </span>
     <span class='ocr_line' id='line_1_46' title="bbox 269 2648 1249 2680; baseline 0 -6"><span class='ocrx_word' id='word_1_322' title='bbox 269 2656 366 2674; x_wconf 86' lang='lat' dir='ltr'><strong>nomen</strong></span> <span class='ocrx_word' id='word_1_323' title='bbox 385 2655 433 2673; x_wconf 88' lang='lat' dir='ltr'><strong>nec</strong></span> <span class='ocrx_word' id='word_1_324' title='bbox 451 2648 476 2672; x_wconf 85' lang='lat' dir='ltr'><strong>in</strong></span> <span class='ocrx_word' id='word_1_325' title='bbox 496 2655 590 2680; x_wconf 86' lang='lat' dir='ltr'><strong>graeco</strong></span> <span class='ocrx_word' id='word_1_326' title='bbox 608 2649 720 2673; x_wconf 84' lang='lat' dir='ltr'><strong>occurrit</strong></span> <span class='ocrx_word' id='word_1_327' title='bbox 739 2649 826 2673; x_wconf 87' lang='lat' dir='ltr'><strong>necin</strong></span> <span class='ocrx_word' id='word_1_328' title='bbox 845 2649 940 2674; x_wconf 86' lang='lat' dir='ltr'><strong>nostris</strong></span> <span class='ocrx_word' id='word_1_329' title='bbox 961 2650 1092 2674; x_wconf 82' lang='lat' dir='ltr'><strong>codicibus</strong></span> <span class='ocrx_word' id='word_1_330' title='bbox 1111 2650 1249 2674; x_wconf 86' lang='lat' dir='ltr'><strong>versionis.</strong></span> 
     </span>
    </p>

    <p class='ocr_par' dir='ltr' id='par_1_11' title="bbox 264 2683 1341 2824">
     <span class='ocr_line' id='line_1_47' title="bbox 323 2683 1341 2718; baseline 0.001 -9"><span class='ocrx_word' id='word_1_331' title='bbox 323 2683 349 2718; x_wconf 88' lang='grc' dir='ltr'><strong>ο)</strong></span> <span class='ocrx_word' id='word_1_332' title='bbox 369 2683 472 2715; x_wconf 81' lang='lat' dir='ltr'><strong>excipit</strong></span> <span class='ocrx_word' id='word_1_333' title='bbox 489 2683 523 2708; x_wconf 90' lang='lat' dir='ltr'><strong>ab</strong></span> <span class='ocrx_word' id='word_1_334' title='bbox 542 2683 583 2708; x_wconf 87' lang='lat' dir='ltr'><strong>his</strong></span> <span class='ocrx_word' id='word_1_335' title='bbox 601 2684 811 2717; x_wconf 79' lang='lat' dir='ltr'><strong>Anaxagoram.</strong></span> <span class='ocrx_word' id='word_1_336' title='bbox 824 2698 843 2703; x_wconf 95' lang='lat'>—</span> <span class='ocrx_word' id='word_1_337' title='bbox 856 2685 889 2709; x_wconf 87' lang='lat' dir='ltr'><strong>ab</strong></span> <span class='ocrx_word' id='word_1_338' title='bbox 908 2685 950 2709; x_wconf 86' lang='lat' dir='ltr'><strong>his</strong></span> <span class='ocrx_word' id='word_1_339' title='bbox 968 2693 1022 2710; x_wconf 89' lang='lat' dir='ltr'><strong>om.</strong></span> <span class='ocrx_word' id='word_1_340' title='bbox 1035 2686 1074 2710; x_wconf 92' lang='lat' dir='ltr'><strong>Ca</strong></span> <span class='ocrx_word' id='word_1_341' title='bbox 1079 2693 1089 2715; x_wconf 89' lang='lat'><em>;</em></span> <span class='ocrx_word' id='word_1_342' title='bbox 1108 2685 1123 2710; x_wconf 89' lang='lat' dir='ltr'><strong>b</strong></span> <span class='ocrx_word' id='word_1_343' title='bbox 1135 2693 1188 2710; x_wconf 92' lang='lat' dir='ltr'><strong>om.</strong></span> <span class='ocrx_word' id='word_1_344' title='bbox 1203 2690 1296 2714; x_wconf 86' lang='lat' dir='ltr'><strong>totum,</strong></span> <span class='ocrx_word' id='word_1_345' title='bbox 1316 2690 1341 2710; x_wconf 87' lang='lat' dir='ltr'><strong>et</strong></span> 
     </span>
     <span class='ocr_line' id='line_1_48' title="bbox 269 2718 1336 2754; baseline 0.001 -10"><span class='ocrx_word' id='word_1_346' title='bbox 269 2719 329 2744; x_wconf 85' lang='lat' dir='ltr'><strong>ideo</strong></span> <span class='ocrx_word' id='word_1_347' title='bbox 347 2719 414 2743; x_wconf 89' lang='lat' dir='ltr'><strong>forte</strong></span> <span class='ocrx_word' id='word_1_348' title='bbox 427 2718 447 2743; x_wconf 80' lang='lat' dir='ltr'>P</span> <span class='ocrx_word' id='word_1_349' title='bbox 466 2718 557 2743; x_wconf 78' lang='lat' dir='ltr'><strong>habet:</strong></span> <span class='ocrx_word' id='word_1_350' title='bbox 577 2719 734 2753; x_wconf 76' lang='lat' dir='ltr'><strong>manifestat</strong></span> <span class='ocrx_word' id='word_1_351' title='bbox 751 2727 870 2745; x_wconf 87' lang='lat' dir='ltr'><strong>errorem</strong></span> <span class='ocrx_word' id='word_1_352' title='bbox 883 2721 1079 2754; x_wconf 77' lang='lat' dir='ltr'><strong>Anaxagorae.</strong></span> <span class='ocrx_word' id='word_1_353' title='bbox 1092 2734 1112 2739; x_wconf 87' lang='lat'><strong>—-</strong></span> <span class='ocrx_word' id='word_1_354' title='bbox 1123 2721 1174 2745; x_wconf 86' lang='lat' dir='ltr'><strong>Pro</strong></span> <span class='ocrx_word' id='word_1_355' title='bbox 1184 2721 1336 2753; x_wconf 83' lang='lat' dir='ltr'><strong>propriam,</strong></span> 
     </span>
     <span class='ocr_line' id='line_1_49' title="bbox 264 2754 1340 2790; baseline 0.001 -10"><span class='ocrx_word' id='word_1_356' title='bbox 264 2755 447 2787; x_wconf 79' lang='lat' dir='ltr'><strong>propinquam</strong></span> <span class='ocrx_word' id='word_1_357' title='bbox 461 2754 497 2784; x_wconf 90' lang='lat' dir='ltr'><strong>B;</strong></span> <span class='ocrx_word' id='word_1_358' title='bbox 516 2762 565 2787; x_wconf 88' lang='lat' dir='ltr'><strong>pro</strong></span> <span class='ocrx_word' id='word_1_359' title='bbox 578 2754 660 2786; x_wconf 86' lang='lat' dir='ltr'><strong>ponit</strong></span> <span class='ocrx_word' id='word_1_360' title='bbox 677 2755 780 2787; x_wconf 86' lang='lat' dir='ltr'><strong>aliquid</strong></span> <span class='ocrx_word' id='word_1_361' title='bbox 798 2763 851 2780; x_wconf 87' lang='lat' dir='ltr'><strong>non</strong></span> <span class='ocrx_word' id='word_1_362' title='bbox 870 2756 1035 2786; x_wconf 83' lang='lat' dir='ltr'><strong>conveniens,</strong></span> <span class='ocrx_word' id='word_1_363' title='bbox 1046 2756 1140 2789; x_wconf 82' lang='lat' dir='ltr'><strong>posuit</strong></span> <span class='ocrx_word' id='word_1_364' title='bbox 1154 2756 1264 2789; x_wconf 86' lang='lat' dir='ltr'><strong>aliquod</strong></span> <span class='ocrx_word' id='word_1_365' title='bbox 1279 2755 1340 2790; x_wconf 86' lang='lat' dir='ltr'><strong>(ali-</strong></span> 
     </span>
     <span class='ocr_line' id='line_1_50' title="bbox 267 2789 696 2824; baseline 0 -10"><span class='ocrx_word' id='word_1_366' title='bbox 267 2790 334 2823; x_wconf 81' lang='lat' dir='ltr'><strong>quid</strong></span> <span class='ocrx_word' id='word_1_367' title='bbox 353 2789 385 2824; x_wconf 90' lang='lat' dir='ltr'><strong>C)</strong></span> <span class='ocrx_word' id='word_1_368' title='bbox 405 2789 591 2814; x_wconf 80' lang='lat' dir='ltr'><strong>inconveniens</strong></span> <span class='ocrx_word' id='word_1_369' title='bbox 610 2790 696 2815; x_wconf 90' lang='lat' dir='ltr'><strong>PCab.</strong></span> 
     </span>
    </p>

    <p class='ocr_par' dir='ltr' id='par_1_12' title="bbox 268 2824 1341 2929">
     <span class='ocr_line' id='line_1_51' title="bbox 323 2824 1340 2860; baseline 0.003 -11"><span class='ocrx_word' id='word_1_370' title='bbox 323 2824 353 2860; x_wconf 87' lang='grc' dir='ltr'><strong>π)</strong></span> <span class='ocrx_word' id='word_1_371' title='bbox 373 2825 458 2850; x_wconf 85' lang='lat' dir='ltr'><strong>multa</strong></span> <span class='ocrx_word' id='word_1_372' title='bbox 470 2825 608 2850; x_wconf 86' lang='lat' dir='ltr'><strong>elementa.</strong></span> <span class='ocrx_word' id='word_1_373' title='bbox 619 2838 640 2843; x_wconf 90' lang='lat'><em>—</em></span> <span class='ocrx_word' id='word_1_374' title='bbox 653 2825 737 2850; x_wconf 90' lang='lat' dir='ltr'><strong>multa</strong></span> <span class='ocrx_word' id='word_1_375' title='bbox 752 2826 915 2851; x_wconf 80' lang='lat' dir='ltr'><strong>universalia</strong></span> <span class='ocrx_word' id='word_1_376' title='bbox 929 2826 970 2851; x_wconf 90' lang='lat' dir='ltr'><strong>ed.</strong></span> <span class='ocrx_word' id='word_1_377' title='bbox 984 2834 1009 2857; x_wconf 89' lang='lat' dir='ltr'><strong>a,</strong></span> <span class='ocrx_word' id='word_1_378' title='bbox 1018 2827 1103 2859; x_wconf 87' lang='lat' dir='ltr'><strong>plura</strong></span> <span class='ocrx_word' id='word_1_379' title='bbox 1116 2827 1244 2852; x_wconf 89' lang='lat' dir='ltr'><strong>elementa</strong></span> <span class='ocrx_word' id='word_1_380' title='bbox 1256 2828 1311 2852; x_wconf 90' lang='lat' dir='ltr'><strong>AB.</strong></span> <span class='ocrx_word' id='word_1_381' title='bbox 1320 2842 1340 2847; x_wconf 90' lang='lat'>—</span> 
     </span>
     <span class='ocr_line' id='line_1_52' title="bbox 268 2860 1341 2895; baseline 0.002 -9"><span class='ocrx_word' id='word_1_382' title='bbox 268 2861 320 2886; x_wconf 84' lang='lat' dir='ltr'><strong>Pro</strong></span> <span class='ocrx_word' id='word_1_383' title='bbox 333 2861 518 2894; x_wconf 83' lang='lat' dir='ltr'><strong>singulariter,</strong></span> <span class='ocrx_word' id='word_1_384' title='bbox 531 2860 687 2892; x_wconf 85' lang='lat' dir='ltr'><strong>simpliciter</strong></span> <span class='ocrx_word' id='word_1_385' title='bbox 701 2861 722 2886; x_wconf 93' lang='lat' dir='ltr'>C</span> <span class='ocrx_word' id='word_1_386' title='bbox 727 2869 734 2892; x_wconf 90' lang='lat'>;</span> <span class='ocrx_word' id='word_1_387' title='bbox 749 2862 832 2894; x_wconf 83' lang='lat' dir='ltr'><strong>pergit</strong></span> <span class='ocrx_word' id='word_1_388' title='bbox 846 2862 879 2886; x_wconf 89' lang='lat' dir='ltr'><strong>B:</strong></span> <span class='ocrx_word' id='word_1_389' title='bbox 900 2862 973 2893; x_wconf 87' lang='lat' dir='ltr'><strong>quod</strong></span> <span class='ocrx_word' id='word_1_390' title='bbox 985 2863 1124 2895; x_wconf 87' lang='lat' dir='ltr'><strong>generatio</strong></span> <span class='ocrx_word' id='word_1_391' title='bbox 1137 2863 1174 2887; x_wconf 86' lang='lat' dir='ltr'><strong>sit</strong></span> <span class='ocrx_word' id='word_1_392' title='bbox 1185 2863 1254 2887; x_wconf 91' lang='lat' dir='ltr'><strong>idem</strong></span> <span class='ocrx_word' id='word_1_393' title='bbox 1269 2863 1341 2895; x_wconf 89' lang='lat' dir='ltr'><strong>quod</strong></span> 
     </span>
     <span class='ocr_line' id='line_1_53' title="bbox 268 2896 1339 2929; baseline 0.002 -7"><span class='ocrx_word' id='word_1_394' title='bbox 268 2896 403 2922; x_wconf 85' lang='lat' dir='ltr'><strong>alteratio.</strong></span> <span class='ocrx_word' id='word_1_395' title='bbox 422 2896 512 2921; x_wconf 87' lang='lat' dir='ltr'><strong>Huius</strong></span> <span class='ocrx_word' id='word_1_396' title='bbox 530 2898 620 2921; x_wconf 83' lang='lat' dir='ltr'><strong>autem</strong></span> <span class='ocrx_word' id='word_1_397' title='bbox 639 2896 804 2922; x_wconf 84' lang='lat' dir='ltr'><strong>diversitatis</strong></span> <span class='ocrx_word' id='word_1_398' title='bbox 824 2902 873 2922; x_wconf 86' lang='lat' dir='ltr'><strong>etc.</strong></span> <span class='ocrx_word' id='word_1_399' title='bbox 880 2905 887 2928; x_wconf 87' lang='lat'>;</span> <span class='ocrx_word' id='word_1_400' title='bbox 907 2905 955 2929; x_wconf 90' lang='lat' dir='ltr'><strong>pro</strong></span> <span class='ocrx_word' id='word_1_401' title='bbox 972 2901 1035 2923; x_wconf 84' lang='lat' dir='ltr'><strong>sunt</strong></span> <span class='ocrx_word' id='word_1_402' title='bbox 1054 2898 1139 2927; x_wconf 87' lang='lat' dir='ltr'><strong>idem,</strong></span> <span class='ocrx_word' id='word_1_403' title='bbox 1159 2898 1229 2923; x_wconf 90' lang='lat' dir='ltr'><strong>idem</strong></span> <span class='ocrx_word' id='word_1_404' title='bbox 1249 2901 1289 2923; x_wconf 87' lang='lat' dir='ltr'><strong>est</strong></span> <span class='ocrx_word' id='word_1_405' title='bbox 1306 2900 1339 2924; x_wconf 87' lang='lat' dir='ltr'><strong>A.</strong></span> 
     </span>
    </p>

    <p class='ocr_par' dir='ltr' id='par_1_13' title="bbox 268 2931 1339 3063">
     <span class='ocr_line' id='line_1_54' title="bbox 321 2931 1338 2966; baseline 0.003 -10"><span class='ocrx_word' id='word_1_406' title='bbox 321 2931 347 2966; x_wconf 86' lang='grc' dir='ltr'><strong>ρ)</strong></span> <span class='ocrx_word' id='word_1_407' title='bbox 367 2932 506 2957; x_wconf 88' lang='lat' dir='ltr'><strong>elementa.</strong></span> <span class='ocrx_word' id='word_1_408' title='bbox 519 2945 538 2950; x_wconf 99' lang='lat'>-</span> <span class='ocrx_word' id='word_1_409' title='bbox 549 2938 665 2964; x_wconf 78' lang='lat' dir='ltr'><strong>corpora</strong></span> <span class='ocrx_word' id='word_1_410' title='bbox 684 2933 739 2957; x_wconf 89' lang='lat' dir='ltr'><strong>AB.</strong></span> <span class='ocrx_word' id='word_1_411' title='bbox 752 2946 771 2951; x_wconf 92' lang='lat'>—</span> <span class='ocrx_word' id='word_1_412' title='bbox 784 2933 875 2957; x_wconf 83' lang='lat' dir='ltr'><strong>Statim</strong></span> <span class='ocrx_word' id='word_1_413' title='bbox 894 2932 954 2958; x_wconf 87' lang='lat' dir='ltr'><strong>ideo</strong></span> <span class='ocrx_word' id='word_1_414' title='bbox 973 2941 1027 2958; x_wconf 89' lang='lat' dir='ltr'><strong>om.</strong></span> <span class='ocrx_word' id='word_1_415' title='bbox 1045 2934 1137 2963; x_wconf 87' lang='lat' dir='ltr'><strong>PCab,·</strong></span> <span class='ocrx_word' id='word_1_416' title='bbox 1155 2941 1203 2966; x_wconf 91' lang='lat' dir='ltr'><strong>pro</strong></span> <span class='ocrx_word' id='word_1_417' title='bbox 1226 2934 1338 2959; x_wconf 88' lang='lat' dir='ltr'><strong>eundem</strong></span> 
     </span>
     <span class='ocr_line' id='line_1_55' title="bbox 268 2967 1339 3001; baseline 0.003 -9"><span class='ocrx_word' id='word_1_418' title='bbox 268 2967 376 2992; x_wconf 87' lang='lat' dir='ltr'><strong>modum</strong></span> <span class='ocrx_word' id='word_1_419' title='bbox 390 2967 510 2999; x_wconf 82' lang='lat' dir='ltr'><strong>ponebat</strong></span> <span class='ocrx_word' id='word_1_420' title='bbox 529 2967 718 2999; x_wconf 82' lang='lat' dir='ltr'><strong>productionis</strong></span> <span class='ocrx_word' id='word_1_421' title='bbox 738 2975 894 3000; x_wconf 83' lang='lat' dir='ltr'><strong>corporum,</strong></span> <span class='ocrx_word' id='word_1_422' title='bbox 914 2969 1026 2994; x_wconf 89' lang='lat' dir='ltr'><strong>eandem</strong></span> <span class='ocrx_word' id='word_1_423' title='bbox 1047 2969 1167 3001; x_wconf 84' lang='lat' dir='ltr'><strong>ponebat</strong></span> <span class='ocrx_word' id='word_1_424' title='bbox 1180 2970 1339 3001; x_wconf 87' lang='lat' dir='ltr'><strong>productio-</strong></span> 
     </span>
     <span class='ocr_line' id='line_1_56' title="bbox 268 3002 1339 3038; baseline 0.003 -11"><span class='ocrx_word' id='word_1_425' title='bbox 268 3010 328 3028; x_wconf 86' lang='lat' dir='ltr'><strong>nem</strong></span> <span class='ocrx_word' id='word_1_426' title='bbox 342 3003 378 3034; x_wconf 85' lang='lat' dir='ltr'><strong>A;</strong></span> <span class='ocrx_word' id='word_1_427' title='bbox 398 3010 448 3035; x_wconf 91' lang='lat' dir='ltr'><strong>pro</strong></span> <span class='ocrx_word' id='word_1_428' title='bbox 467 3002 512 3035; x_wconf 88' lang='lat' dir='ltr'><strong>qui</strong></span> <span class='ocrx_word' id='word_1_429' title='bbox 530 3003 652 3035; x_wconf 82' lang='lat' dir='ltr'><strong>pertinet</strong></span> <span class='ocrx_word' id='word_1_430' title='bbox 669 3003 711 3028; x_wconf 87' lang='lat' dir='ltr'><strong>hic</strong></span> <span class='ocrx_word' id='word_1_431' title='bbox 731 3008 758 3028; x_wconf 90' lang='lat' dir='ltr'><strong>et</strong></span> <span class='ocrx_word' id='word_1_432' title='bbox 774 3009 875 3037; x_wconf 88' lang='lat' dir='ltr'><strong>postea,</strong></span> <span class='ocrx_word' id='word_1_433' title='bbox 894 3004 967 3035; x_wconf 89' lang='lat' dir='ltr'><strong>quod</strong></span> <span class='ocrx_word' id='word_1_434' title='bbox 979 3004 1100 3036; x_wconf 86' lang='lat' dir='ltr'><strong>pertinet</strong></span> <span class='ocrx_word' id='word_1_435' title='bbox 1117 3005 1171 3035; x_wconf 91' lang='lat' dir='ltr'><strong>AB,</strong></span> <span class='ocrx_word' id='word_1_436' title='bbox 1190 3005 1262 3038; x_wconf 90' lang='lat' dir='ltr'><strong>quod</strong></span> <span class='ocrx_word' id='word_1_437' title='bbox 1271 3013 1339 3037; x_wconf 90' lang='lat' dir='ltr'><strong>par-</strong></span> 
     </span>
     <span class='ocr_line' id='line_1_57' title="bbox 269 3038 418 3063; baseline -0.007 0"><span class='ocrx_word' id='word_1_438' title='bbox 269 3038 317 3063; x_wconf 88' lang='lat' dir='ltr'><strong>tim</strong></span> <span class='ocrx_word' id='word_1_439' title='bbox 337 3038 377 3062; x_wconf 86' lang='lat' dir='ltr'><strong>ed.</strong></span> <span class='ocrx_word' id='word_1_440' title='bbox 391 3045 418 3063; x_wconf 88' lang='lat' dir='ltr'><strong>a.</strong></span> 
     </span>
    </p>

    <p class='ocr_par' dir='ltr' id='par_1_14' title="bbox 266 3072 1341 3209">
     <span class='ocr_line' id='line_1_58' title="bbox 322 3072 1339 3109; baseline 0.004 -12"><span class='ocrx_word' id='word_1_441' title='bbox 322 3072 349 3107; x_wconf 84' lang='grc' dir='ltr'><strong>σ)</strong></span> <span class='ocrx_word' id='word_1_442' title='bbox 369 3076 399 3098; x_wconf 87' lang='lat' dir='ltr'><strong>ut</strong></span> <span class='ocrx_word' id='word_1_443' title='bbox 411 3073 518 3103; x_wconf 82' lang='lat' dir='ltr'><strong>scilicet,</strong></span> <span class='ocrx_word' id='word_1_444' title='bbox 533 3073 636 3098; x_wconf 84' lang='lat' dir='ltr'><strong>sicut...</strong></span> <span class='ocrx_word' id='word_1_445' title='bbox 649 3074 752 3099; x_wconf 82' lang='lat' dir='ltr'><strong>albedo.</strong></span> <span class='ocrx_word' id='word_1_446' title='bbox 766 3088 786 3093; x_wconf 90' lang='lat'>-</span> <span class='ocrx_word' id='word_1_447' title='bbox 799 3078 829 3100; x_wconf 84' lang='lat' dir='ltr'><strong>ut</strong></span> <span class='ocrx_word' id='word_1_448' title='bbox 842 3074 942 3100; x_wconf 86' lang='lat' dir='ltr'><strong>scilicet</strong></span> <span class='ocrx_word' id='word_1_449' title='bbox 955 3082 1019 3100; x_wconf 83' lang='lat' dir='ltr'><strong>caro</strong></span> <span class='ocrx_word' id='word_1_450' title='bbox 1033 3075 1103 3101; x_wconf 81' lang='lat' dir='ltr'><strong>sicut</strong></span> <span class='ocrx_word' id='word_1_451' title='bbox 1113 3076 1152 3109; x_wconf 89' lang='lat' dir='ltr'><strong>fit</strong></span> <span class='ocrx_word' id='word_1_452' title='bbox 1162 3083 1213 3108; x_wconf 85' lang='lat' dir='ltr'><strong>per</strong></span> <span class='ocrx_word' id='word_1_453' title='bbox 1225 3083 1339 3109; x_wconf 87' lang='lat' dir='ltr'><strong>genera-</strong></span> 
     </span>
     <span class='ocr_line' id='line_1_59' title="bbox 269 3108 1341 3144; baseline 0.003 -11"><span class='ocrx_word' id='word_1_454' title='bbox 269 3109 382 3138; x_wconf 87' lang='lat' dir='ltr'><strong>tionem,</strong></span> <span class='ocrx_word' id='word_1_455' title='bbox 402 3108 442 3133; x_wconf 92' lang='lat' dir='ltr'><strong>ita</strong></span> <span class='ocrx_word' id='word_1_456' title='bbox 459 3109 554 3133; x_wconf 82' lang='lat' dir='ltr'><strong>albedo</strong></span> <span class='ocrx_word' id='word_1_457' title='bbox 568 3115 622 3140; x_wconf 83' lang='lat' dir='ltr'><strong>per</strong></span> <span class='ocrx_word' id='word_1_458' title='bbox 639 3109 826 3135; x_wconf 79' lang='lat' dir='ltr'><strong>alterationem</strong></span> <span class='ocrx_word' id='word_1_459' title='bbox 845 3111 881 3141; x_wconf 86' lang='lat' dir='ltr'><strong>B;</strong></span> <span class='ocrx_word' id='word_1_460' title='bbox 900 3111 969 3136; x_wconf 86' lang='lat' dir='ltr'><strong>sicut</strong></span> <span class='ocrx_word' id='word_1_461' title='bbox 987 3118 1041 3136; x_wconf 91' lang='lat' dir='ltr'><strong>om.</strong></span> <span class='ocrx_word' id='word_1_462' title='bbox 1060 3109 1138 3141; x_wconf 56' lang='lat' dir='ltr'><strong>A,&#39;et</strong></span> <span class='ocrx_word' id='word_1_463' title='bbox 1155 3119 1202 3143; x_wconf 89' lang='lat' dir='ltr'><strong>pro</strong></span> <span class='ocrx_word' id='word_1_464' title='bbox 1222 3112 1260 3136; x_wconf 92' lang='lat' dir='ltr'><strong>ita</strong></span> <span class='ocrx_word' id='word_1_465' title='bbox 1279 3112 1341 3144; x_wconf 89' lang='lat' dir='ltr'><strong>legit</strong></span> 
     </span>
     <span class='ocr_line' id='line_1_60' title="bbox 266 3144 1340 3204; baseline 0.004 -36"><span class='ocrx_word' id='word_1_466' title='bbox 266 3144 313 3204; x_wconf 44' lang='lat' dir='ltr'><strong>sici.</strong></span> <span class='ocrx_word' id='word_1_467' title='bbox 322 3157 342 3163; x_wconf 92' lang='lat'><strong>-—</strong></span> <span class='ocrx_word' id='word_1_468' title='bbox 351 3144 402 3204; x_wconf 54' lang='grc' dir='ltr'><strong>Ρὲο</strong></span> <span class='ocrx_word' id='word_1_469' title='bbox 411 3144 449 3169; x_wconf 83' lang='lat' dir='ltr'><strong>Et</strong></span> <span class='ocrx_word' id='word_1_470' title='bbox 457 3144 602 3169; x_wconf 84' lang='lat' dir='ltr'><strong>secundum</strong></span> <span class='ocrx_word' id='word_1_471' title='bbox 615 3144 664 3170; x_wconf 88' lang='lat' dir='ltr'><strong>hoc</strong></span> <span class='ocrx_word' id='word_1_472' title='bbox 677 3146 827 3179; x_wconf 82' lang='lat' dir='ltr'><strong>generatio,</strong></span> <span class='ocrx_word' id='word_1_473' title='bbox 843 3146 899 3171; x_wconf 86' lang='lat' dir='ltr'><strong>Sed</strong></span> <span class='ocrx_word' id='word_1_474' title='bbox 913 3146 978 3171; x_wconf 88' lang='lat' dir='ltr'><strong>haec</strong></span> <span class='ocrx_word' id='word_1_475' title='bbox 989 3147 1129 3179; x_wconf 86' lang='lat' dir='ltr'><strong>generatio</strong></span> <span class='ocrx_word' id='word_1_476' title='bbox 1142 3147 1196 3177; x_wconf 90' lang='lat' dir='ltr'><strong>Ca;</strong></span> <span class='ocrx_word' id='word_1_477' title='bbox 1204 3155 1252 3180; x_wconf 90' lang='lat' dir='ltr'><strong>pro</strong></span> <span class='ocrx_word' id='word_1_478' title='bbox 1263 3147 1293 3171; x_wconf 88' lang='lat' dir='ltr'><strong>di</strong></span> <span class='ocrx_word' id='word_1_479' title='bbox 1313 3155 1340 3172; x_wconf 90' lang='lat' dir='ltr'><strong>e-</strong></span> 
     </span>
     <span class='ocr_line' id='line_1_61' title="bbox 267 3179 510 3209; baseline 0 -5"><span class='ocrx_word' id='word_1_480' title='bbox 267 3187 296 3205; x_wconf 91' lang='lat' dir='ltr'><strong>re</strong></span> <span class='ocrx_word' id='word_1_481' title='bbox 312 3182 350 3209; x_wconf 89' lang='lat' dir='ltr'><strong>at,</strong></span> <span class='ocrx_word' id='word_1_482' title='bbox 390 3179 399 3203; x_wconf 89' lang='lat' dir='ltr'><strong>i</strong></span> <span class='ocrx_word' id='word_1_483' title='bbox 420 3182 463 3204; x_wconf 87' lang='lat' dir='ltr'><strong>ert</strong></span> <span class='ocrx_word' id='word_1_484' title='bbox 480 3180 510 3204; x_wconf 88' lang='lat' dir='ltr'><strong>B.</strong></span> 
     </span>
    </p>

    <p class='ocr_par' dir='ltr' id='par_1_15' title="bbox 266 3179 1338 3355">
     <span class='ocr_line' id='line_1_62' title="bbox 320 3179 1338 3250; baseline 0.003 -11"><span class='ocrx_word' id='word_1_485' title='bbox 320 3214 347 3250; x_wconf 80' lang='grc' dir='ltr'><strong>τ)</strong></span> <span class='ocrx_word' id='word_1_486' title='bbox 363 3179 454 3247; x_wconf 52' lang='grc' dir='ltr'><strong>μέζω</strong></span> <span class='ocrx_word' id='word_1_487' title='bbox 473 3214 636 3241; x_wconf 85' lang='lat' dir='ltr'><strong>ostendendo</strong></span> <span class='ocrx_word' id='word_1_488' title='bbox 655 3217 796 3249; x_wconf 86' lang='lat' dir='ltr'><strong>quomodo.</strong></span> <span class='ocrx_word' id='word_1_489' title='bbox 809 3217 930 3249; x_wconf 88' lang='lat' dir='ltr'><strong>-primo</strong></span> <span class='ocrx_word' id='word_1_490' title='bbox 949 3217 1103 3242; x_wconf 86' lang='lat' dir='ltr'><strong>addendum</strong></span> <span class='ocrx_word' id='word_1_491' title='bbox 1122 3218 1195 3250; x_wconf 88' lang='lat' dir='ltr'><strong>quod</strong></span> <span class='ocrx_word' id='word_1_492' title='bbox 1211 3219 1241 3243; x_wconf 93' lang='lat' dir='ltr'><strong>B.</strong></span> <span class='ocrx_word' id='word_1_493' title='bbox 1255 3231 1274 3237; x_wconf 91' lang='lat'>—</span> <span class='ocrx_word' id='word_1_494' title='bbox 1286 3218 1338 3242; x_wconf 86' lang='lat' dir='ltr'><strong>Pro</strong></span> 
     </span>
     <span class='ocr_line' id='line_1_63' title="bbox 266 3250 1337 3283; baseline 0.003 -8"><span class='ocrx_word' id='word_1_495' title='bbox 266 3258 358 3276; x_wconf 88' lang='lat' dir='ltr'><strong>eorum</strong></span> <span class='ocrx_word' id='word_1_496' title='bbox 378 3250 456 3281; x_wconf 84' lang='lat' dir='ltr'><strong>enim,</strong></span> <span class='ocrx_word' id='word_1_497' title='bbox 472 3253 499 3275; x_wconf 86' lang='lat' dir='ltr'><strong>et</strong></span> <span class='ocrx_word' id='word_1_498' title='bbox 516 3257 608 3275; x_wconf 86' lang='lat' dir='ltr'><strong>eorum</strong></span> <span class='ocrx_word' id='word_1_499' title='bbox 628 3252 659 3281; x_wconf 89' lang='lat' dir='ltr'><strong>A,</strong></span> <span class='ocrx_word' id='word_1_500' title='bbox 679 3259 771 3277; x_wconf 91' lang='lat' dir='ltr'><strong>eorum</strong></span> <span class='ocrx_word' id='word_1_501' title='bbox 790 3255 879 3277; x_wconf 90' lang='lat' dir='ltr'><strong>autem</strong></span> <span class='ocrx_word' id='word_1_502' title='bbox 894 3253 924 3283; x_wconf 89' lang='lat' dir='ltr'><strong>B,</strong></span> <span class='ocrx_word' id='word_1_503' title='bbox 939 3259 1031 3277; x_wconf 90' lang='lat' dir='ltr'><strong>eorum</strong></span> <span class='ocrx_word' id='word_1_504' title='bbox 1050 3261 1132 3278; x_wconf 86' lang='lat' dir='ltr'><strong>causa</strong></span> <span class='ocrx_word' id='word_1_505' title='bbox 1152 3254 1192 3278; x_wconf 91' lang='lat' dir='ltr'><strong>ed.</strong></span> <span class='ocrx_word' id='word_1_506' title='bbox 1206 3261 1232 3281; x_wconf 84' lang='lat' dir='ltr'><strong>a,</strong></span> <span class='ocrx_word' id='word_1_507' title='bbox 1246 3261 1337 3278; x_wconf 88' lang='lat' dir='ltr'><strong>eorum</strong></span> 
     </span>
     <span class='ocr_line' id='line_1_64' title="bbox 267 3286 1337 3320; baseline 0.003 -10"><span class='ocrx_word' id='word_1_508' title='bbox 267 3289 356 3311; x_wconf 84' lang='lat' dir='ltr'><strong>tamen</strong></span> <span class='ocrx_word' id='word_1_509' title='bbox 369 3286 403 3317; x_wconf 90' lang='lat' dir='ltr'><strong>C;</strong></span> <span class='ocrx_word' id='word_1_510' title='bbox 421 3287 445 3310; x_wconf 92' lang='lat' dir='ltr'><strong>A</strong></span> <span class='ocrx_word' id='word_1_511' title='bbox 459 3286 557 3318; x_wconf 85' lang='lat' dir='ltr'><strong>pergit:</strong></span> <span class='ocrx_word' id='word_1_512' title='bbox 576 3287 623 3319; x_wconf 87' lang='lat' dir='ltr'><strong>qui</strong></span> <span class='ocrx_word' id='word_1_513' title='bbox 635 3288 774 3319; x_wconf 88' lang='lat' dir='ltr'><strong>ponebant</strong></span> <span class='ocrx_word' id='word_1_514' title='bbox 793 3295 875 3312; x_wconf 88' lang='lat' dir='ltr'><strong>unum</strong></span> <span class='ocrx_word' id='word_1_515' title='bbox 885 3288 1050 3320; x_wconf 85' lang='lat' dir='ltr'><strong>principium</strong></span> <span class='ocrx_word' id='word_1_516' title='bbox 1064 3289 1133 3313; x_wconf 89' lang='lat' dir='ltr'><strong>idem</strong></span> <span class='ocrx_word' id='word_1_517' title='bbox 1148 3292 1174 3313; x_wconf 90' lang='lat' dir='ltr'><strong>et</strong></span> <span class='ocrx_word' id='word_1_518' title='bbox 1187 3289 1337 3313; x_wconf 89' lang='lat' dir='ltr'><strong>absolutum</strong></span> 
     </span>
     <span class='ocr_line' id='line_1_65' title="bbox 266 3321 1228 3355; baseline 0.002 -9"><span class='ocrx_word' id='word_1_519' title='bbox 266 3322 375 3347; x_wconf 89' lang='lat' dir='ltr'><strong>modum</strong></span> <span class='ocrx_word' id='word_1_520' title='bbox 390 3321 560 3354; x_wconf 83' lang='lat' dir='ltr'><strong>producendi</strong></span> <span class='ocrx_word' id='word_1_521' title='bbox 564 3329 574 3351; x_wconf 90' lang='lat'><strong>,·</strong></span> <span class='ocrx_word' id='word_1_522' title='bbox 593 3330 641 3355; x_wconf 90' lang='lat' dir='ltr'><strong>pro</strong></span> <span class='ocrx_word' id='word_1_523' title='bbox 661 3331 728 3348; x_wconf 88' lang='lat' dir='ltr'><strong>unus</strong></span> <span class='ocrx_word' id='word_1_524' title='bbox 747 3323 892 3353; x_wconf 88' lang='lat' dir='ltr'><strong>absolutus,</strong></span> <span class='ocrx_word' id='word_1_525' title='bbox 913 3323 982 3348; x_wconf 87' lang='lat' dir='ltr'><strong>idem</strong></span> <span class='ocrx_word' id='word_1_526' title='bbox 1001 3327 1028 3348; x_wconf 87' lang='lat' dir='ltr'><strong>et</strong></span> <span class='ocrx_word' id='word_1_527' title='bbox 1045 3324 1182 3349; x_wconf 84' lang='lat' dir='ltr'><strong>absolutus</strong></span> <span class='ocrx_word' id='word_1_528' title='bbox 1197 3325 1228 3349; x_wconf 92' lang='lat' dir='ltr'><strong>B.</strong></span> 
     </span>
    </p>

    <p class='ocr_par' dir='ltr' id='par_1_16' title="bbox 267 3356 1334 3427">
     <span class='ocr_line' id='line_1_66' title="bbox 319 3356 1334 3391; baseline 0.002 -10"><span class='ocrx_word' id='word_1_529' title='bbox 319 3356 346 3391; x_wconf 86' lang='grc' dir='ltr'><strong>υ)</strong></span> <span class='ocrx_word' id='word_1_530' title='bbox 367 3360 394 3382; x_wconf 85' lang='lat' dir='ltr'><strong>et</strong></span> <span class='ocrx_word' id='word_1_531' title='bbox 406 3357 498 3390; x_wconf 86' lang='lat' dir='ltr'><strong>primo</strong></span> <span class='ocrx_word' id='word_1_532' title='bbox 513 3357 690 3389; x_wconf 85' lang='lat' dir='ltr'><strong>Empedoclis.</strong></span> <span class='ocrx_word' id='word_1_533' title='bbox 703 3373 722 3377; x_wconf 97' lang='lat'>—</span> <span class='ocrx_word' id='word_1_534' title='bbox 735 3361 762 3384; x_wconf 85' lang='lat' dir='ltr'><strong>et</strong></span> <span class='ocrx_word' id='word_1_535' title='bbox 775 3359 868 3390; x_wconf 91' lang='lat' dir='ltr'><strong>primo</strong></span> <span class='ocrx_word' id='word_1_536' title='bbox 887 3362 1028 3391; x_wconf 84' lang='lat' dir='ltr'><strong>comparat</strong></span> <span class='ocrx_word' id='word_1_537' title='bbox 1045 3359 1232 3391; x_wconf 88' lang='lat' dir='ltr'><strong>Empedoclem</strong></span> <span class='ocrx_word' id='word_1_538' title='bbox 1248 3359 1334 3388; x_wconf 87' lang='lat' dir='ltr'><strong>PCab,</strong></span> 
     </span>
     <span class='ocr_line' id='line_1_67' title="bbox 267 3392 1019 3427; baseline 0.001 -10"><span class='ocrx_word' id='word_1_539' title='bbox 267 3393 314 3417; x_wconf 85' lang='lat' dir='ltr'><strong>sed</strong></span> <span class='ocrx_word' id='word_1_540' title='bbox 333 3392 366 3417; x_wconf 88' lang='lat' dir='ltr'><strong>cf.</strong></span> <span class='ocrx_word' id='word_1_541' title='bbox 380 3401 425 3417; x_wconf 91' lang='lat' dir='ltr'><strong>nn.</strong></span> <span class='ocrx_word' id='word_1_542' title='bbox 438 3400 513 3425; x_wconf 89' lang='lat' dir='ltr'><strong>seqq.</strong></span> <span class='ocrx_word' id='word_1_543' title='bbox 527 3393 609 3424; x_wconf 81' lang='lat' dir='ltr'><strong>ponit</strong></span> <span class='ocrx_word' id='word_1_544' title='bbox 627 3393 806 3427; x_wconf 74' lang='lat' dir='ltr'><strong>differentiam</strong></span> <span class='ocrx_word' id='word_1_545' title='bbox 824 3395 1019 3427; x_wconf 76' lang='lat' dir='ltr'><strong>Anaxagorae.</strong></span> 
     </span>
    </p>

    <p class='ocr_par' dir='ltr' id='par_1_17' title="bbox 265 3426 1337 3558">
     <span class='ocr_line' id='line_1_68' title="bbox 320 3426 1337 3462; baseline 0.001 -10"><span class='ocrx_word' id='word_1_546' title='bbox 320 3426 349 3461; x_wconf 81' lang='grc' dir='ltr'><strong>φ)</strong></span> <span class='ocrx_word' id='word_1_547' title='bbox 369 3428 433 3460; x_wconf 87' lang='lat' dir='ltr'><strong>quia</strong></span> <span class='ocrx_word' id='word_1_548' title='bbox 453 3428 625 3460; x_wconf 84' lang='lat' dir='ltr'><strong>Empedocles</strong></span> <span class='ocrx_word' id='word_1_549' title='bbox 639 3430 760 3461; x_wconf 88' lang='lat' dir='ltr'><strong>ponebat</strong></span> <span class='ocrx_word' id='word_1_550' title='bbox 783 3433 900 3462; x_wconf 85' lang='lat' dir='ltr'><strong>quatuor</strong></span> <span class='ocrx_word' id='word_1_551' title='bbox 924 3430 1061 3454; x_wconf 85' lang='lat' dir='ltr'><strong>elementa.</strong></span> <span class='ocrx_word' id='word_1_552' title='bbox 1079 3443 1098 3448; x_wconf 96' lang='lat'><em>-</em></span> <span class='ocrx_word' id='word_1_553' title='bbox 1116 3436 1195 3461; x_wconf 90' lang='lat' dir='ltr'><strong>quam</strong></span> <span class='ocrx_word' id='word_1_554' title='bbox 1212 3429 1337 3461; x_wconf 85' lang='lat' dir='ltr'><strong>posuerit</strong></span> 
     </span>
     <span class='ocr_line' id='line_1_69' title="bbox 267 3463 1336 3497; baseline 0.001 -10"><span class='ocrx_word' id='word_1_555' title='bbox 267 3463 454 3494; x_wconf 86' lang='lat' dir='ltr'><strong>Empedocles,</strong></span> <span class='ocrx_word' id='word_1_556' title='bbox 475 3463 539 3495; x_wconf 88' lang='lat' dir='ltr'><strong>quia</strong></span> <span class='ocrx_word' id='word_1_557' title='bbox 558 3464 697 3495; x_wconf 88' lang='lat' dir='ltr'><strong>ponebant</strong></span> <span class='ocrx_word' id='word_1_558' title='bbox 721 3466 850 3490; x_wconf 88' lang='lat' dir='ltr'><strong>elementa</strong></span> <span class='ocrx_word' id='word_1_559' title='bbox 874 3465 930 3495; x_wconf 89' lang='lat' dir='ltr'><strong>Ca;</strong></span> <span class='ocrx_word' id='word_1_560' title='bbox 955 3464 1018 3497; x_wconf 90' lang='lat' dir='ltr'><strong>quia</strong></span> <span class='ocrx_word' id='word_1_561' title='bbox 1047 3464 1219 3496; x_wconf 87' lang='lat' dir='ltr'><strong>Empedocles</strong></span> <span class='ocrx_word' id='word_1_562' title='bbox 1242 3464 1336 3496; x_wconf 85' lang='lat' dir='ltr'><strong>posuit</strong></span> 
     </span>
     <span class='ocr_line' id='line_1_70' title="bbox 265 3499 1335 3558; baseline 0.001 -36"><span class='ocrx_word' id='word_1_563' title='bbox 265 3501 383 3558; x_wconf 61' lang='lat' dir='ltr'><strong>qugtuor</strong></span> <span class='ocrx_word' id='word_1_564' title='bbox 405 3505 522 3531; x_wconf 73' lang='lat' dir='ltr'><strong>corpora</strong></span> <span class='ocrx_word' id='word_1_565' title='bbox 538 3499 597 3529; x_wconf 92' lang='lat' dir='ltr'><strong>AB;</strong></span> <span class='ocrx_word' id='word_1_566' title='bbox 616 3500 653 3525; x_wconf 85' lang='lat' dir='ltr'><strong>Pb</strong></span> <span class='ocrx_word' id='word_1_567' title='bbox 677 3501 760 3525; x_wconf 86' lang='lat' dir='ltr'><strong>omitt.</strong></span> <span class='ocrx_word' id='word_1_568' title='bbox 779 3500 857 3533; x_wconf 89' lang='lat' dir='ltr'><strong>quia,</strong></span> <span class='ocrx_word' id='word_1_569' title='bbox 883 3500 939 3524; x_wconf 83' lang='lat' dir='ltr'><strong>sine</strong></span> <span class='ocrx_word' id='word_1_570' title='bbox 962 3507 1016 3532; x_wconf 93' lang='lat' dir='ltr'><strong>quo</strong></span> <span class='ocrx_word' id='word_1_571' title='bbox 1041 3504 1169 3524; x_wconf 85' lang='lat' dir='ltr'><strong>structura</strong></span> <span class='ocrx_word' id='word_1_572' title='bbox 1193 3499 1335 3523; x_wconf 81' lang='lat' dir='ltr'><strong>sententiae</strong></span> 
     </span>
     <span class='ocr_line' id='line_1_71' title="bbox 266 3534 359 3558; baseline 0 0"><span class='ocrx_word' id='word_1_573' title='bbox 266 3534 298 3558; x_wconf 90' lang='lat' dir='ltr'><strong>de</strong></span> <span class='ocrx_word' id='word_1_574' title='bbox 318 3534 359 3558; x_wconf 90' lang='lat' dir='ltr'><strong>cit.</strong></span> 
     </span>
    </p>

    <p class='ocr_par' dir='ltr' id='par_1_18' title="bbox 266 3568 1336 3674">
     <span class='ocr_line' id='line_1_72' title="bbox 318 3568 1336 3603; baseline 0 -10"><span class='ocrx_word' id='word_1_575' title='bbox 318 3568 348 3603; x_wconf 82' lang='grc' dir='ltr'><strong>χ)</strong></span> <span class='ocrx_word' id='word_1_576' title='bbox 368 3576 427 3594; x_wconf 85' lang='lat' dir='ltr'><strong>cum</strong></span> <span class='ocrx_word' id='word_1_577' title='bbox 448 3569 643 3595; x_wconf 81' lang='lat' dir='ltr'><strong>mouentibus...</strong></span> <span class='ocrx_word' id='word_1_578' title='bbox 656 3578 708 3596; x_wconf 79' lang='lat' dir='ltr'><strong>sex</strong></span> <span class='ocrx_word' id='word_1_579' title='bbox 725 3577 846 3595; x_wconf 89' lang='lat' dir='ltr'><strong>numero.</strong></span> <span class='ocrx_word' id='word_1_580' title='bbox 864 3584 884 3589; x_wconf 88' lang='lat'><em>-</em></span> <span class='ocrx_word' id='word_1_581' title='bbox 901 3577 962 3595; x_wconf 88' lang='lat' dir='ltr'><strong>cum</strong></span> <span class='ocrx_word' id='word_1_582' title='bbox 982 3569 1153 3599; x_wconf 77' lang='lat' dir='ltr'><strong>mouentibus,</strong></span> <span class='ocrx_word' id='word_1_583' title='bbox 1172 3569 1272 3594; x_wconf 87' lang='lat' dir='ltr'><strong>scilicet</strong></span> <span class='ocrx_word' id='word_1_584' title='bbox 1289 3569 1336 3593; x_wconf 88' lang='lat' dir='ltr'><strong>lite</strong></span> 
     </span>
     <span class='ocr_line' id='line_1_73' title="bbox 266 3604 1334 3637; baseline 0 -9"><span class='ocrx_word' id='word_1_585' title='bbox 266 3606 292 3628; x_wconf 84' lang='lat' dir='ltr'><strong>et</strong></span> <span class='ocrx_word' id='word_1_586' title='bbox 309 3604 437 3634; x_wconf 85' lang='lat' dir='ltr'><strong>amicitia,</strong></span> <span class='ocrx_word' id='word_1_587' title='bbox 448 3605 543 3636; x_wconf 85' lang='lat' dir='ltr'><strong>posuit</strong></span> <span class='ocrx_word' id='word_1_588' title='bbox 560 3612 616 3630; x_wconf 89' lang='lat' dir='ltr'><strong>esse</strong></span> <span class='ocrx_word' id='word_1_589' title='bbox 627 3613 679 3630; x_wconf 87' lang='lat' dir='ltr'><strong>sex</strong></span> <span class='ocrx_word' id='word_1_590' title='bbox 693 3613 803 3631; x_wconf 86' lang='lat' dir='ltr'><strong>numero</strong></span> <span class='ocrx_word' id='word_1_591' title='bbox 817 3606 851 3635; x_wconf 76' lang='lat'><strong>133</strong></span> <span class='ocrx_word' id='word_1_592' title='bbox 870 3613 929 3630; x_wconf 87' lang='lat' dir='ltr'><strong>cum</strong></span> <span class='ocrx_word' id='word_1_593' title='bbox 943 3609 1001 3629; x_wconf 87' lang='lat' dir='ltr'><strong>ante</strong></span> <span class='ocrx_word' id='word_1_594' title='bbox 1016 3605 1062 3629; x_wconf 87' lang='lat' dir='ltr'><strong>lite</strong></span> <span class='ocrx_word' id='word_1_595' title='bbox 1073 3613 1127 3629; x_wconf 88' lang='lat' dir='ltr'><strong>om.</strong></span> <span class='ocrx_word' id='word_1_596' title='bbox 1140 3605 1171 3629; x_wconf 91' lang='lat' dir='ltr'><strong>A.</strong></span> <span class='ocrx_word' id='word_1_597' title='bbox 1183 3618 1202 3622; x_wconf 98' lang='lat'><em>-</em></span> <span class='ocrx_word' id='word_1_598' title='bbox 1214 3605 1334 3637; x_wconf 88' lang='lat' dir='ltr'><strong>Sequens</strong></span> 
     </span>
     <span class='ocr_line' id='line_1_74' title="bbox 266 3639 1334 3674; baseline 0.001 -11"><span class='ocrx_word' id='word_1_599' title='bbox 266 3639 478 3669; x_wconf 87' lang='lat' dir='ltr'><strong>homoteleuton,</strong></span> <span class='ocrx_word' id='word_1_600' title='bbox 498 3640 554 3665; x_wconf 79' lang='lat' dir='ltr'><strong>Sed</strong></span> <span class='ocrx_word' id='word_1_601' title='bbox 564 3642 782 3674; x_wconf 80' lang='lat' dir='ltr'><strong>Anaxagoras...</strong></span> <span class='ocrx_word' id='word_1_602' title='bbox 793 3641 930 3673; x_wconf 87' lang='lat' dir='ltr'><strong>principia</strong></span> <span class='ocrx_word' id='word_1_603' title='bbox 946 3640 1050 3673; x_wconf 82' lang='lat' dir='ltr'><strong>infinita</strong></span> <span class='ocrx_word' id='word_1_604' title='bbox 1063 3648 1116 3665; x_wconf 91' lang='lat' dir='ltr'><strong>om.</strong></span> <span class='ocrx_word' id='word_1_605' title='bbox 1132 3640 1170 3664; x_wconf 90' lang='lat' dir='ltr'><strong>Ca</strong></span> <span class='ocrx_word' id='word_1_606' title='bbox 1175 3647 1185 3670; x_wconf 88' lang='lat'><strong>‚·</strong></span> <span class='ocrx_word' id='word_1_607' title='bbox 1204 3639 1249 3669; x_wconf 86' lang='lat' dir='ltr'><strong>Pb,</strong></span> <span class='ocrx_word' id='word_1_608' title='bbox 1264 3640 1334 3664; x_wconf 85' lang='lat' dir='ltr'><strong>lacu-</strong></span> 
     </span>
    </p>
   </div>
   <div class='ocr_carea' id='block_1_7' title="bbox 408 3693 773 3726">
    <p class='ocr_par' dir='ltr' id='par_1_19' title="bbox 408 3693 773 3726">
     <span class='ocr_line' id='line_1_75' title="bbox 408 3693 773 3726; baseline 0.003 -8"><span class='ocrx_word' id='word_1_609' title='bbox 408 3693 477 3726; x_wconf 87' lang='lat' dir='ltr'><strong>Opp.</strong></span> <span class='ocrx_word' id='word_1_610' title='bbox 497 3694 528 3718; x_wconf 88' lang='lat' dir='ltr'><strong>D.</strong></span> <span class='ocrx_word' id='word_1_611' title='bbox 547 3694 662 3719; x_wconf 60' lang='lat' dir='ltr'><strong>Tuomst:</strong></span> <span class='ocrx_word' id='word_1_612' title='bbox 681 3695 713 3719; x_wconf 94' lang='lat' dir='ltr'><strong>T.</strong></span> <span class='ocrx_word' id='word_1_613' title='bbox 732 3695 773 3719; x_wconf 81' lang='lat'><strong>111.</strong></span> 
     </span>
    </p>
   </div>
   <div class='ocr_carea' id='block_1_8' title="bbox 2386 286 2460 322">
    <p class='ocr_par' dir='ltr' id='par_1_20' title="bbox 2386 286 2460 322">
     <span class='ocr_line' id='line_1_76' title="bbox 2386 286 2460 322; baseline 0.014 -1"><span class='ocrx_word' id='word_1_614' title='bbox 2386 286 2460 322; x_wconf 86' lang='lat'><strong>265</strong></span> 
     </span>
    </p>
   </div>
   <div class='ocr_carea' id='block_1_9' title="bbox 1393 358 2512 1421">
    <p class='ocr_par' dir='ltr' id='par_1_21' title="bbox 1393 358 2465 558">
     <span class='ocr_line' id='line_1_77' title="bbox 1393 358 2465 410; baseline 0.004 -12"><span class='ocrx_word' id='word_1_615' title='bbox 1393 362 1472 409; x_wconf 89' lang='lat' dir='ltr'><strong>lite,</strong></span> <span class='ocrx_word' id='word_1_616' title='bbox 1502 374 1600 410; x_wconf 91' lang='lat' dir='ltr'><strong>quae</strong></span> <span class='ocrx_word' id='word_1_617' title='bbox 1630 358 1820 410; x_wconf 89' lang='lat' dir='ltr'><strong>segregat,</strong></span> <span class='ocrx_word' id='word_1_618' title='bbox 1851 361 1938 399; x_wconf 90' lang='lat' dir='ltr'><strong>dicit</strong></span> <span class='ocrx_word' id='word_1_619' title='bbox 1967 374 2048 399; x_wconf 90' lang='lat' dir='ltr'><strong>esse</strong></span> <span class='ocrx_word' id='word_1_620' title='bbox 2078 375 2143 399; x_wconf 92' lang='lat' dir='ltr'><strong>sex</strong></span> <span class='ocrx_word' id='word_1_621' title='bbox 2171 376 2332 401; x_wconf 90' lang='lat' dir='ltr'><strong>numero</strong></span> <span class='ocrx_word' id='word_1_622' title='bbox 2361 370 2397 401; x_wconf 62' lang='grc' dir='ltr'><strong>χε</strong></span> <span class='ocrx_word' id='word_1_623' title='bbox 2429 372 2465 402; x_wconf 91' lang='lat' dir='ltr'><strong>et</strong></span> 
     </span>
     <span class='ocr_line' id='line_1_78' title="bbox 1395 415 2465 465; baseline 0.003 -13"><span class='ocrx_word' id='word_1_624' title='bbox 1395 415 1445 452; x_wconf 86' lang='lat' dir='ltr'><strong>ita</strong></span> <span class='ocrx_word' id='word_1_625' title='bbox 1471 415 1641 464; x_wconf 91' lang='lat' dir='ltr'><strong>ponebat</strong></span> <span class='ocrx_word' id='word_1_626' title='bbox 1668 415 1854 464; x_wconf 88' lang='lat' dir='ltr'><strong>principia</strong></span> <span class='ocrx_word' id='word_1_627' title='bbox 1886 415 2004 453; x_wconf 89' lang='lat' dir='ltr'><strong>finita.</strong></span> <span class='ocrx_word' id='word_1_628' title='bbox 2041 417 2117 453; x_wconf 87' lang='lat' dir='ltr'><strong>Sed</strong></span> <span class='ocrx_word' id='word_1_629' title='bbox 2145 419 2392 465; x_wconf 87' lang='lat' dir='ltr'><strong>Anaxagoras</strong></span> <span class='ocrx_word' id='word_1_630' title='bbox 2428 426 2465 455; x_wconf 91' lang='lat' dir='ltr'><strong>et</strong></span> 
     </span>
     <span class='ocr_line' id='line_1_79' title="bbox 1394 468 2462 520; baseline 0.004 -16"><span class='ocrx_word' id='word_1_631' title='bbox 1394 468 1636 505; x_wconf 89' lang='lat' dir='ltr'><strong>Democritus</strong></span> <span class='ocrx_word' id='word_1_632' title='bbox 1657 476 1694 505; x_wconf 93' lang='lat' dir='ltr'><strong>et</strong></span> <span class='ocrx_word' id='word_1_633' title='bbox 1713 468 1931 517; x_wconf 91' lang='lat' dir='ltr'><strong>Leucippus</strong></span> <span class='ocrx_word' id='word_1_634' title='bbox 1958 477 2170 518; x_wconf 90' lang='lat' dir='ltr'><strong>posuerunt</strong></span> <span class='ocrx_word' id='word_1_635' title='bbox 2200 470 2383 520; x_wconf 88' lang='lat' dir='ltr'><strong>principia</strong></span> <span class='ocrx_word' id='word_1_636' title='bbox 2408 471 2462 508; x_wconf 92' lang='lat' dir='ltr'><strong>in-</strong></span> 
     </span>
     <span class='ocr_line' id='line_1_80' title="bbox 1394 521 1513 558; baseline -0.008 0"><span class='ocrx_word' id='word_1_637' title='bbox 1394 521 1513 558; x_wconf 91' lang='lat' dir='ltr'><strong>finita.</strong></span> 
     </span>
    </p>

    <p class='ocr_par' dir='ltr' id='par_1_22' title="bbox 1394 573 2512 1421">
     <span class='ocr_line' id='line_1_81' title="bbox 1449 573 2463 625; baseline 0.004 -15"><span class='ocrx_word' id='word_1_638' title='bbox 1449 586 1484 622; x_wconf 92' lang='lat'><strong>7.</strong></span> <span class='ocrx_word' id='word_1_639' title='bbox 1508 575 1688 611; x_wconf 88' lang='lat' dir='ltr'><strong>Secundo</strong></span> <span class='ocrx_word' id='word_1_640' title='bbox 1716 574 1767 610; x_wconf 92' lang='lat' dir='ltr'><strong>ibi</strong></span> <span class='ocrx_word' id='word_1_641' title='bbox 1787 573 1821 610; x_wconf 68' lang='lat'><strong>⁴⁴:</strong></span> <span class='ocrx_word' id='word_1_642' title='bbox 1849 575 1929 611; x_wconf 91' lang='lat' dir='ltr'><strong>Hic</strong></span> <span class='ocrx_word' id='word_1_643' title='bbox 1947 575 2095 623; x_wconf 85' lang='lat' dir='ltr'><strong>quidem</strong></span> <span class='ocrx_word' id='word_1_644' title='bbox 2126 583 2208 623; x_wconf 85' lang='lat' dir='ltr'><strong>etc.,</strong></span> <span class='ocrx_word' id='word_1_645' title='bbox 2228 576 2338 625; x_wconf 90' lang='lat' dir='ltr'><strong>ponit</strong></span> <span class='ocrx_word' id='word_1_646' title='bbox 2357 576 2463 614; x_wconf 86' lang='lat' dir='ltr'><strong>diffe-</strong></span> 
     </span>
     <span class='ocr_line' id='line_1_82' title="bbox 1396 627 2461 679; baseline 0.005 -17"><span class='ocrx_word' id='word_1_647' title='bbox 1396 627 1555 663; x_wconf 88' lang='lat' dir='ltr'><strong>rentiam</strong></span> <span class='ocrx_word' id='word_1_648' title='bbox 1592 629 1842 675; x_wconf 87' lang='lat' dir='ltr'><strong>Anaxagorae</strong></span> <span class='ocrx_word' id='word_1_649' title='bbox 1877 640 1900 664; x_wconf 90' lang='lat' dir='ltr'><strong>a</strong></span> <span class='ocrx_word' id='word_1_650' title='bbox 1926 629 2150 665; x_wconf 89' lang='lat' dir='ltr'><strong>Democrito</strong></span> <span class='ocrx_word' id='word_1_651' title='bbox 2181 636 2218 666; x_wconf 91' lang='lat' dir='ltr'><strong>et</strong></span> <span class='ocrx_word' id='word_1_652' title='bbox 2251 630 2461 679; x_wconf 91' lang='lat' dir='ltr'><strong>Leucippo.</strong></span> 
     </span>
     <span class='ocr_line' id='line_1_83' title="bbox 1396 679 2464 731; baseline 0.006 -17"><span class='ocrx_word' id='word_1_653' title='bbox 1396 679 1469 715; x_wconf 89' lang='lat' dir='ltr'><strong>Hic</strong></span> <span class='ocrx_word' id='word_1_654' title='bbox 1507 679 1635 726; x_wconf 89' lang='lat' dir='ltr'><strong>enim,</strong></span> <span class='ocrx_word' id='word_1_655' title='bbox 1665 680 1806 717; x_wconf 89' lang='lat' dir='ltr'><strong>scilicet</strong></span> <span class='ocrx_word' id='word_1_656' title='bbox 1840 682 2107 729; x_wconf 83' lang='lat' dir='ltr'><strong>Anaxagoras,</strong></span> <span class='ocrx_word' id='word_1_657' title='bbox 2136 682 2265 731; x_wconf 91' lang='lat' dir='ltr'><strong>posuit</strong></span> <span class='ocrx_word' id='word_1_658' title='bbox 2303 695 2464 731; x_wconf 90' lang='lat' dir='ltr'><strong>corpora</strong></span> 
     </span>
     <span class='ocr_line' id='line_1_84' title="bbox 1395 732 2463 785; baseline 0.006 -18"><span class='ocrx_word' id='word_1_659' title='bbox 1395 732 1674 779; x_wconf 85' lang='lat' dir='ltr'><strong>homoeomera,</strong></span> <span class='ocrx_word' id='word_1_660' title='bbox 1695 732 1792 770; x_wconf 89' lang='lat' dir='ltr'><strong>idest</strong></span> <span class='ocrx_word' id='word_1_661' title='bbox 1813 733 1994 778; x_wconf 80' lang='lat' dir='ltr'><strong>similium</strong></span> <span class='ocrx_word' id='word_1_662' title='bbox 2019 735 2198 784; x_wconf 89' lang='lat' dir='ltr'><strong>partium,</strong></span> <span class='ocrx_word' id='word_1_663' title='bbox 2225 748 2308 772; x_wconf 89' lang='lat' dir='ltr'><strong>esse</strong></span> <span class='ocrx_word' id='word_1_664' title='bbox 2325 736 2463 785; x_wconf 90' lang='lat' dir='ltr'><strong>princi·</strong></span> 
     </span>
     <span class='ocr_line' id='line_1_85' title="bbox 1396 783 2464 837; baseline 0.007 -18"><span class='ocrx_word' id='word_1_665' title='bbox 1396 783 1458 832; x_wconf 93' lang='lat' dir='ltr'><strong>pia</strong></span> <span class='ocrx_word' id='word_1_666' title='bbox 1487 785 1718 832; x_wconf 87' lang='lat' dir='ltr'><strong>materialia,</strong></span> <span class='ocrx_word' id='word_1_667' title='bbox 1747 794 1880 834; x_wconf 87' lang='lat' dir='ltr'><strong>utpote</strong></span> <span class='ocrx_word' id='word_1_668' title='bbox 1908 787 2073 825; x_wconf 90' lang='lat' dir='ltr'><strong>infinitas</strong></span> <span class='ocrx_word' id='word_1_669' title='bbox 2114 796 2241 837; x_wconf 90' lang='lat' dir='ltr'><strong>partes</strong></span> <span class='ocrx_word' id='word_1_670' title='bbox 2271 789 2394 826; x_wconf 90' lang='lat' dir='ltr'><strong>carnis</strong></span> <span class='ocrx_word' id='word_1_671' title='bbox 2428 797 2464 826; x_wconf 92' lang='lat' dir='ltr'><strong>et</strong></span> 
     </span>
     <span class='ocr_line' id='line_1_86' title="bbox 1397 836 2463 891; baseline 0.008 -19"><span class='ocrx_word' id='word_1_672' title='bbox 1397 836 1492 873; x_wconf 90' lang='lat' dir='ltr'><strong>ossis</strong></span> <span class='ocrx_word' id='word_1_673' title='bbox 1518 845 1554 873; x_wconf 91' lang='lat' dir='ltr'><strong>et</strong></span> <span class='ocrx_word' id='word_1_674' title='bbox 1569 838 1756 874; x_wconf 90' lang='lat' dir='ltr'><strong>medullae</strong></span> <span class='ocrx_word' id='word_1_675' title='bbox 1777 845 1795 859; x_wconf 79' lang='lat'><strong>⁶¹</strong></span> <span class='ocrx_word' id='word_1_676' title='bbox 1816 847 1851 875; x_wconf 86' lang='lat' dir='ltr'><strong>et</strong></span> <span class='ocrx_word' id='word_1_677' title='bbox 1866 840 2027 877; x_wconf 91' lang='lat' dir='ltr'><strong>aliorum</strong></span> <span class='ocrx_word' id='word_1_678' title='bbox 2048 841 2281 890; x_wconf 91' lang='lat' dir='ltr'><strong>huiusmodi,</strong></span> <span class='ocrx_word' id='word_1_679' title='bbox 2299 855 2463 891; x_wconf 88' lang='lat' dir='ltr'><strong>quorum</strong></span> 
     </span>
     <span class='ocr_line' id='line_1_87' title="bbox 1396 890 2463 949; baseline 0.007 -24"><span class='ocrx_word' id='word_1_680' title='bbox 1396 890 1587 938; x_wconf 86' lang='lat' dir='ltr'><strong>quaelibet</strong></span> <span class='ocrx_word' id='word_1_681' title='bbox 1605 903 1693 949; x_wconf 84' lang='lat' dir='ltr'><strong>pars</strong></span> <span class='ocrx_word' id='word_1_682' title='bbox 1713 899 1769 927; x_wconf 92' lang='lat' dir='ltr'><strong>est</strong></span> <span class='ocrx_word' id='word_1_683' title='bbox 1786 903 2004 941; x_wconf 83' lang='lat' dir='ltr'><strong>synonyma</strong></span> <span class='ocrx_word' id='word_1_684' title='bbox 2019 894 2097 942; x_wconf 88' lang='lat' dir='ltr'><strong>toti,</strong></span> <span class='ocrx_word' id='word_1_685' title='bbox 2115 895 2210 932; x_wconf 91' lang='lat' dir='ltr'><strong>idest</strong></span> <span class='ocrx_word' id='word_1_686' title='bbox 2230 896 2463 933; x_wconf 89' lang='lat' dir='ltr'><strong>conveniens</strong></span> 
     </span>
     <span class='ocr_line' id='line_1_88' title="bbox 1397 944 2462 986; baseline 0.008 -7"><span class='ocrx_word' id='word_1_687' title='bbox 1397 955 1486 980; x_wconf 89' lang='lat' dir='ltr'><strong>cum</strong></span> <span class='ocrx_word' id='word_1_688' title='bbox 1514 950 1594 979; x_wconf 93' lang='lat' dir='ltr'><strong>toto</strong></span> <span class='ocrx_word' id='word_1_689' title='bbox 1623 955 1662 980; x_wconf 79' lang='lat' dir='ltr'><strong>in</strong></span> <span class='ocrx_word' id='word_1_690' title='bbox 1690 944 1847 981; x_wconf 90' lang='lat' dir='ltr'><strong>nomine</strong></span> <span class='ocrx_word' id='word_1_691' title='bbox 1881 954 1917 982; x_wconf 93' lang='lat' dir='ltr'><strong>et</strong></span> <span class='ocrx_word' id='word_1_692' title='bbox 1946 947 2108 985; x_wconf 90' lang='lat' dir='ltr'><strong>ratione:</strong></span> <span class='ocrx_word' id='word_1_693' title='bbox 2137 949 2232 985; x_wconf 90' lang='lat' dir='ltr'><strong>haec</strong></span> <span class='ocrx_word' id='word_1_694' title='bbox 2267 949 2370 986; x_wconf 86' lang='lat' dir='ltr'><strong>enirn</strong></span> <span class='ocrx_word' id='word_1_695' title='bbox 2408 949 2462 986; x_wconf 93' lang='lat' dir='ltr'><strong>di-</strong></span> 
     </span>
     <span class='ocr_line' id='line_1_89' title="bbox 1397 997 2463 1051; baseline 0.008 -19"><span class='ocrx_word' id='word_1_696' title='bbox 1397 1004 1532 1033; x_wconf 91' lang='lat' dir='ltr'><strong>cuntur</strong></span> <span class='ocrx_word' id='word_1_697' title='bbox 1559 997 1838 1044; x_wconf 84' lang='lat' dir='ltr'><strong>homoeomera,</strong></span> <span class='ocrx_word' id='word_1_698' title='bbox 1867 998 1962 1036; x_wconf 87' lang='lat' dir='ltr'><strong>idest</strong></span> <span class='ocrx_word' id='word_1_699' title='bbox 1990 1000 2170 1038; x_wconf 89' lang='lat' dir='ltr'><strong>similium</strong></span> <span class='ocrx_word' id='word_1_700' title='bbox 2204 1002 2382 1051; x_wconf 91' lang='lat' dir='ltr'><strong>partium.</strong></span> <span class='ocrx_word' id='word_1_701' title='bbox 2414 1003 2463 1039; x_wconf 93' lang='lat' dir='ltr'><strong>Et</strong></span> 
     </span>
     <span class='ocr_line' id='line_1_90' title="bbox 1394 1049 2462 1098; baseline 0.007 -13"><span class='ocrx_word' id='word_1_702' title='bbox 1394 1050 1491 1086; x_wconf 91' lang='lat' dir='ltr'><strong>haec</strong></span> <span class='ocrx_word' id='word_1_703' title='bbox 1519 1049 1656 1098; x_wconf 91' lang='lat' dir='ltr'><strong>positio</strong></span> <span class='ocrx_word' id='word_1_704' title='bbox 1686 1050 1805 1097; x_wconf 84' lang='lat' dir='ltr'><strong>magis</strong></span> <span class='ocrx_word' id='word_1_705' title='bbox 1834 1052 2070 1090; x_wconf 84' lang='lat' dir='ltr'><strong>manifestata</strong></span> <span class='ocrx_word' id='word_1_706' title='bbox 2098 1055 2166 1091; x_wconf 87' lang='lat' dir='ltr'><strong>fuit</strong></span> <span class='ocrx_word' id='word_1_707' title='bbox 2188 1055 2236 1092; x_wconf 89' lang='lat' dir='ltr'><strong>ab</strong></span> <span class='ocrx_word' id='word_1_708' title='bbox 2260 1055 2462 1093; x_wconf 89' lang='lat' dir='ltr'><strong>Aristotele</strong></span> 
     </span>
     <span class='ocr_line' id='line_1_91' title="bbox 1394 1102 2460 1158; baseline 0.008 -20"><span class='ocrx_word' id='word_1_709' title='bbox 1394 1102 1432 1139; x_wconf 91' lang='lat' dir='ltr'><strong>in</strong></span> <span class='ocrx_word' id='word_1_710' title='bbox 1453 1103 1467 1139; x_wconf 95' lang='lat' dir='ltr'>I</span> <span class='ocrx_word' id='word_1_711' title='bbox 1486 1103 1636 1151; x_wconf 82' lang='lat' dir='ltr'><strong>Physic.</strong></span> <span class='ocrx_word' id='word_1_712' title='bbox 1652 1109 1687 1123; x_wconf 79' lang='lat'><strong>‘²⁰‘</strong></span> <span class='ocrx_word' id='word_1_713' title='bbox 1702 1102 1723 1124; x_wconf 69' lang='lat'><strong>²⁸</strong></span> <span class='ocrx_word' id='word_1_714' title='bbox 1743 1104 1819 1140; x_wconf 89' lang='lat' dir='ltr'><strong>Sed</strong></span> <span class='ocrx_word' id='word_1_715' title='bbox 1839 1105 2081 1143; x_wconf 90' lang='lat' dir='ltr'><strong>Democritus</strong></span> <span class='ocrx_word' id='word_1_716' title='bbox 2107 1115 2143 1144; x_wconf 90' lang='lat' dir='ltr'><strong>et</strong></span> <span class='ocrx_word' id='word_1_717' title='bbox 2168 1108 2387 1158; x_wconf 88' lang='lat' dir='ltr'><strong>Leucippus</strong></span> <span class='ocrx_word' id='word_1_718' title='bbox 2407 1109 2460 1147; x_wconf 93' lang='lat' dir='ltr'><strong>di-</strong></span> 
     </span>
     <span class='ocr_line' id='line_1_92' title="bbox 1394 1155 2461 1211; baseline 0.008 -20"><span class='ocrx_word' id='word_1_719' title='bbox 1394 1163 1529 1192; x_wconf 90' lang='lat' dir='ltr'><strong>xerunt</strong></span> <span class='ocrx_word' id='word_1_720' title='bbox 1557 1155 1688 1192; x_wconf 91' lang='lat' dir='ltr'><strong>omnia</strong></span> <span class='ocrx_word' id='word_1_721' title='bbox 1717 1168 1879 1205; x_wconf 90' lang='lat' dir='ltr'><strong>corpora</strong></span> <span class='ocrx_word' id='word_1_722' title='bbox 1902 1159 2091 1196; x_wconf 87' lang='lat' dir='ltr'><strong>sensibilia</strong></span> <span class='ocrx_word' id='word_1_723' title='bbox 2114 1162 2296 1210; x_wconf 90' lang='lat' dir='ltr'><strong>componi</strong></span> <span class='ocrx_word' id='word_1_724' title='bbox 2316 1157 2362 1199; x_wconf 82' lang='lat' dir='ltr'><strong>ex</strong></span> <span class='ocrx_word' id='word_1_725' title='bbox 2382 1162 2461 1211; x_wconf 91' lang='lat' dir='ltr'><strong>qui-</strong></span> 
     </span>
     <span class='ocr_line' id='line_1_93' title="bbox 1395 1209 2459 1264; baseline 0.008 -19"><span class='ocrx_word' id='word_1_726' title='bbox 1395 1209 1559 1246; x_wconf 88' lang='lat' dir='ltr'><strong>busdam</strong></span> <span class='ocrx_word' id='word_1_727' title='bbox 1575 1209 1864 1247; x_wconf 90' lang='lat' dir='ltr'><strong>indivisibilibus</strong></span> <span class='ocrx_word' id='word_1_728' title='bbox 1878 1210 1898 1232; x_wconf 66' lang='lat'><strong>*⁵</strong></span> <span class='ocrx_word' id='word_1_729' title='bbox 1918 1213 2152 1260; x_wconf 91' lang='lat' dir='ltr'><strong>corporibus.</strong></span> <span class='ocrx_word' id='word_1_730' title='bbox 2174 1215 2284 1262; x_wconf 89' lang='lat' dir='ltr'><strong>Quae</strong></span> <span class='ocrx_word' id='word_1_731' title='bbox 2305 1215 2459 1264; x_wconf 91' lang='lat' dir='ltr'><strong>quidem</strong></span> 
     </span>
     <span class='ocr_line' id='line_1_94' title="bbox 1394 1262 2512 1315; baseline 0.008 -17"><span class='ocrx_word' id='word_1_732' title='bbox 1394 1263 1591 1311; x_wconf 88' lang='lat' dir='ltr'><strong>ponebant</strong></span> <span class='ocrx_word' id='word_1_733' title='bbox 1618 1262 1766 1299; x_wconf 85' lang='lat' dir='ltr'><strong>infinita</strong></span> <span class='ocrx_word' id='word_1_734' title='bbox 1794 1264 2030 1302; x_wconf 88' lang='lat' dir='ltr'><strong>multitudine</strong></span> <span class='ocrx_word' id='word_1_735' title='bbox 2061 1274 2096 1303; x_wconf 91' lang='lat' dir='ltr'><strong>et</strong></span> <span class='ocrx_word' id='word_1_736' title='bbox 2112 1268 2263 1315; x_wconf 85' lang='lat' dir='ltr'><strong>forma,</strong></span> <span class='ocrx_word' id='word_1_737' title='bbox 2293 1268 2389 1306; x_wconf 87' lang='lat' dir='ltr'><strong>idest</strong></span> <span class='ocrx_word' id='word_1_738' title='bbox 2416 1269 2459 1306; x_wconf 90' lang='lat' dir='ltr'><strong>fi·</strong></span> <span class='ocrx_word' id='word_1_739' title='bbox 2506 1271 2512 1276; x_wconf 89' lang='lat'>&#39;</span> 
     </span>
     <span class='ocr_line' id='line_1_95' title="bbox 1395 1314 2460 1369; baseline 0.008 -18"><span class='ocrx_word' id='word_1_740' title='bbox 1395 1328 1489 1364; x_wconf 90' lang='lat' dir='ltr'><strong>gura</strong></span> <span class='ocrx_word' id='word_1_741' title='bbox 1506 1314 1558 1352; x_wconf 68' lang='grc' dir='ltr'><strong>Ρβε</strong></span> <span class='ocrx_word' id='word_1_742' title='bbox 1585 1328 1678 1352; x_wconf 91' lang='lat' dir='ltr'><strong>nam</strong></span> <span class='ocrx_word' id='word_1_743' title='bbox 1701 1316 1892 1364; x_wconf 89' lang='lat' dir='ltr'><strong>quaedam</strong></span> <span class='ocrx_word' id='word_1_744' title='bbox 1919 1318 2058 1355; x_wconf 91' lang='lat' dir='ltr'><strong>horum</strong></span> <span class='ocrx_word' id='word_1_745' title='bbox 2088 1332 2293 1369; x_wconf 91' lang='lat' dir='ltr'><strong>corporum</strong></span> <span class='ocrx_word' id='word_1_746' title='bbox 2326 1322 2460 1359; x_wconf 90' lang='lat' dir='ltr'><strong>indivi-</strong></span> 
     </span>
     <span class='ocr_line' id='line_1_96' title="bbox 1396 1369 2461 1421; baseline 0.007 -16"><span class='ocrx_word' id='word_1_747' title='bbox 1396 1369 1562 1406; x_wconf 90' lang='lat' dir='ltr'><strong>sibilium</strong></span> <span class='ocrx_word' id='word_1_748' title='bbox 1587 1369 1763 1406; x_wconf 85' lang='lat' dir='ltr'><strong>dicebant</strong></span> <span class='ocrx_word' id='word_1_749' title='bbox 1782 1381 1863 1406; x_wconf 87' lang='lat' dir='ltr'><strong>esse</strong></span> <span class='ocrx_word' id='word_1_750' title='bbox 1885 1370 2089 1419; x_wconf 88' lang='lat' dir='ltr'><strong>circularia,</strong></span> <span class='ocrx_word' id='word_1_751' title='bbox 2111 1374 2302 1421; x_wconf 89' lang='lat' dir='ltr'><strong>quaedam</strong></span> <span class='ocrx_word' id='word_1_752' title='bbox 2332 1383 2461 1412; x_wconf 90' lang='lat' dir='ltr'><strong>autem</strong></span> 
     </span>
    </p>
   </div>
   <div class='ocr_carea' id='block_1_10' title="bbox 1395 1422 2462 1518">
    <p class='ocr_par' dir='ltr' id='par_1_23' title="bbox 1395 1422 2462 1518">
     <span class='ocr_line' id='line_1_97' title="bbox 1397 1422 2460 1473; baseline 0.007 -15"><span class='ocrx_word' id='word_1_753' title='bbox 1397 1422 1592 1471; x_wconf 90' lang='lat' dir='ltr'><strong>quadrata,</strong></span> <span class='ocrx_word' id='word_1_754' title='bbox 1623 1423 1814 1471; x_wconf 90' lang='lat' dir='ltr'><strong>quaedam</strong></span> <span class='ocrx_word' id='word_1_755' title='bbox 1843 1424 2112 1473; x_wconf 86' lang='lat' dir='ltr'><strong>pyramidalia,</strong></span> <span class='ocrx_word' id='word_1_756' title='bbox 2143 1434 2179 1463; x_wconf 91' lang='lat' dir='ltr'><strong>et</strong></span> <span class='ocrx_word' id='word_1_757' title='bbox 2207 1427 2260 1463; x_wconf 93' lang='lat' dir='ltr'><strong>sic</strong></span> <span class='ocrx_word' id='word_1_758' title='bbox 2293 1428 2340 1465; x_wconf 91' lang='lat' dir='ltr'><strong>de</strong></span> <span class='ocrx_word' id='word_1_759' title='bbox 2369 1428 2460 1471; x_wconf 86' lang='lat' dir='ltr'><strong>aliis.</strong></span> 
     </span>
     <span class='ocr_line' id='line_1_98' title="bbox 1395 1476 2462 1518; baseline 0.007 -6"><span class='ocrx_word' id='word_1_760' title='bbox 1395 1476 1597 1513; x_wconf 89' lang='lat' dir='ltr'><strong>Ponebant</strong></span> <span class='ocrx_word' id='word_1_761' title='bbox 1632 1483 1762 1513; x_wconf 89' lang='lat' dir='ltr'><strong>tamen</strong></span> <span class='ocrx_word' id='word_1_762' title='bbox 1800 1476 1931 1513; x_wconf 86' lang='lat' dir='ltr'><strong>omnia</strong></span> <span class='ocrx_word' id='word_1_763' title='bbox 1959 1490 2040 1514; x_wconf 90' lang='lat' dir='ltr'><strong>esse</strong></span> <span class='ocrx_word' id='word_1_764' title='bbox 2077 1479 2323 1518; x_wconf 85' lang='lat' dir='ltr'><strong>indifferentis</strong></span> <span class='ocrx_word' id='word_1_765' title='bbox 2355 1489 2462 1518; x_wconf 92' lang='lat' dir='ltr'><strong>natu-</strong></span> 
     </span>
    </p>
   </div>
   <div class='ocr_carea' id='block_1_11' title="bbox 1395 1529 2499 2381">
    <p class='ocr_par' dir='ltr' id='par_1_24' title="bbox 1395 1529 2499 2057">
     <span class='ocr_line' id='line_1_99' title="bbox 1396 1529 2462 1581; baseline 0.006 -15"><span class='ocrx_word' id='word_1_766' title='bbox 1396 1542 1460 1566; x_wconf 89' lang='lat' dir='ltr'><strong>rae</strong></span> <span class='ocrx_word' id='word_1_767' title='bbox 1490 1534 1520 1555; x_wconf 78' lang='lat'><strong>⁷⁷</strong></span> <span class='ocrx_word' id='word_1_768' title='bbox 1550 1537 1586 1566; x_wconf 93' lang='lat' dir='ltr'><strong>et</strong></span> <span class='ocrx_word' id='word_1_769' title='bbox 1614 1529 1774 1578; x_wconf 90' lang='lat' dir='ltr'><strong>speciei,</strong></span> <span class='ocrx_word' id='word_1_770' title='bbox 1806 1537 1936 1567; x_wconf 90' lang='lat' dir='ltr'><strong>contra</strong></span> <span class='ocrx_word' id='word_1_771' title='bbox 1969 1531 2008 1567; x_wconf 92' lang='lat' dir='ltr'><strong>id</strong></span> <span class='ocrx_word' id='word_1_772' title='bbox 2041 1533 2147 1579; x_wconf 92' lang='lat' dir='ltr'><strong>quod</strong></span> <span class='ocrx_word' id='word_1_773' title='bbox 2174 1535 2343 1581; x_wconf 88' lang='lat' dir='ltr'><strong>ponebat</strong></span> <span class='ocrx_word' id='word_1_774' title='bbox 2360 1537 2462 1572; x_wconf 88' lang='lat' dir='ltr'><strong>Ana-</strong></span> 
     </span>
     <span class='ocr_line' id='line_1_100' title="bbox 1396 1583 2463 1634; baseline 0.006 -15"><span class='ocrx_word' id='word_1_775' title='bbox 1396 1595 1568 1630; x_wconf 85' lang='lat' dir='ltr'><strong>xagoras.</strong></span> <span class='ocrx_word' id='word_1_776' title='bbox 1590 1583 1639 1619; x_wconf 91' lang='lat' dir='ltr'><strong>Et</strong></span> <span class='ocrx_word' id='word_1_777' title='bbox 1653 1590 1794 1630; x_wconf 89' lang='lat' dir='ltr'><strong>tamen,</strong></span> <span class='ocrx_word' id='word_1_778' title='bbox 1817 1596 1905 1622; x_wconf 89' lang='lat' dir='ltr'><strong>curn</strong></span> <span class='ocrx_word' id='word_1_779' title='bbox 1924 1584 1994 1621; x_wconf 90' lang='lat' dir='ltr'><strong>ista</strong></span> <span class='ocrx_word' id='word_1_780' title='bbox 2013 1585 2197 1634; x_wconf 88' lang='lat' dir='ltr'><strong>principia</strong></span> <span class='ocrx_word' id='word_1_781' title='bbox 2217 1587 2289 1624; x_wconf 91' lang='lat' dir='ltr'><strong>sint</strong></span> <span class='ocrx_word' id='word_1_782' title='bbox 2316 1587 2463 1625; x_wconf 85' lang='lat' dir='ltr'><strong>indiffe-</strong></span> 
     </span>
     <span class='ocr_line' id='line_1_101' title="bbox 1397 1636 2499 1688; baseline 0.005 -16"><span class='ocrx_word' id='word_1_783' title='bbox 1397 1636 1511 1673; x_wconf 92' lang='lat' dir='ltr'><strong>rentis</strong></span> <span class='ocrx_word' id='word_1_784' title='bbox 1539 1644 1697 1673; x_wconf 88' lang='lat' dir='ltr'><strong>naturae</strong></span> <span class='ocrx_word' id='word_1_785' title='bbox 1718 1644 1755 1673; x_wconf 93' lang='lat' dir='ltr'><strong>et</strong></span> <span class='ocrx_word' id='word_1_786' title='bbox 1773 1637 1913 1685; x_wconf 92' lang='lat' dir='ltr'><strong>speciei</strong></span> <span class='ocrx_word' id='word_1_787' title='bbox 1927 1637 1958 1684; x_wconf 49' lang='grc' dir='ltr'><strong>ἵ,</strong></span> <span class='ocrx_word' id='word_1_788' title='bbox 1985 1638 2056 1674; x_wconf 91' lang='lat' dir='ltr'><strong>alia</strong></span> <span class='ocrx_word' id='word_1_789' title='bbox 2086 1651 2248 1688; x_wconf 92' lang='lat' dir='ltr'><strong>corpora</strong></span> <span class='ocrx_word' id='word_1_790' title='bbox 2277 1641 2464 1678; x_wconf 86' lang='lat' dir='ltr'><strong>sensibilia</strong></span> <span class='ocrx_word' id='word_1_791' title='bbox 2491 1647 2499 1656; x_wconf 87' lang='lat'>&#39;</span> 
     </span>
     <span class='ocr_line' id='line_1_102' title="bbox 1397 1689 2463 1737; baseline 0.006 -11"><span class='ocrx_word' id='word_1_792' title='bbox 1397 1689 1576 1727; x_wconf 88' lang='lat' dir='ltr'><strong>differunt</strong></span> <span class='ocrx_word' id='word_1_793' title='bbox 1604 1690 1652 1726; x_wconf 94' lang='lat' dir='ltr'><strong>ab</strong></span> <span class='ocrx_word' id='word_1_794' title='bbox 1681 1689 1781 1737; x_wconf 91' lang='lat' dir='ltr'><strong>aliis,</strong></span> <span class='ocrx_word' id='word_1_795' title='bbox 1811 1691 2025 1727; x_wconf 88' lang='lat' dir='ltr'><strong>secundum</strong></span> <span class='ocrx_word' id='word_1_796' title='bbox 2055 1692 2304 1730; x_wconf 85' lang='lat' dir='ltr'><strong>differentiam</strong></span> <span class='ocrx_word' id='word_1_797' title='bbox 2329 1707 2463 1732; x_wconf 90' lang='lat' dir='ltr'><strong>eorum</strong></span> 
     </span>
     <span class='ocr_line' id='line_1_103' title="bbox 1397 1743 2463 1794; baseline 0.006 -15"><span class='ocrx_word' id='word_1_798' title='bbox 1397 1756 1443 1780; x_wconf 88' lang='lat' dir='ltr'><strong>ex</strong></span> <span class='ocrx_word' id='word_1_799' title='bbox 1472 1743 1609 1792; x_wconf 90' lang='lat' dir='ltr'><strong>quibus</strong></span> <span class='ocrx_word' id='word_1_800' title='bbox 1639 1751 1932 1792; x_wconf 89' lang='lat' dir='ltr'><strong>componuntur,</strong></span> <span class='ocrx_word' id='word_1_801' title='bbox 1962 1756 2041 1781; x_wconf 90' lang='lat' dir='ltr'><strong>non</strong></span> <span class='ocrx_word' id='word_1_802' title='bbox 2067 1746 2223 1794; x_wconf 89' lang='lat' dir='ltr'><strong>quidem</strong></span> <span class='ocrx_word' id='word_1_803' title='bbox 2252 1748 2463 1785; x_wconf 90' lang='lat' dir='ltr'><strong>secundum</strong></span> 
     </span>
     <span class='ocr_line' id='line_1_104' title="bbox 1398 1796 2464 1846; baseline 0.006 -13"><span class='ocrx_word' id='word_1_804' title='bbox 1398 1796 1650 1834; x_wconf 86' lang='lat' dir='ltr'><strong>differentiam</strong></span> <span class='ocrx_word' id='word_1_805' title='bbox 1692 1796 1730 1833; x_wconf 92' lang='lat' dir='ltr'><strong>in</strong></span> <span class='ocrx_word' id='word_1_806' title='bbox 1772 1797 1899 1846; x_wconf 90' lang='lat' dir='ltr'><strong>specie</strong></span> <span class='ocrx_word' id='word_1_807' title='bbox 1933 1805 2112 1845; x_wconf 91' lang='lat' dir='ltr'><strong>naturae,</strong></span> <span class='ocrx_word' id='word_1_808' title='bbox 2147 1800 2215 1837; x_wconf 90' lang='lat' dir='ltr'><strong>sed</strong></span> <span class='ocrx_word' id='word_1_809' title='bbox 2253 1801 2464 1838; x_wconf 90' lang='lat' dir='ltr'><strong>secundum</strong></span> 
     </span>
     <span class='ocr_line' id='line_1_105' title="bbox 1398 1847 2464 1902; baseline 0.005 -16"><span class='ocrx_word' id='word_1_810' title='bbox 1398 1850 1651 1887; x_wconf 87' lang='lat' dir='ltr'><strong>differentiam</strong></span> <span class='ocrx_word' id='word_1_811' title='bbox 1680 1847 1709 1871; x_wconf 68' lang='lat'><strong>⁸⁸</strong></span> <span class='ocrx_word' id='word_1_812' title='bbox 1736 1850 1935 1899; x_wconf 90' lang='lat' dir='ltr'><strong>positionis</strong></span> <span class='ocrx_word' id='word_1_813' title='bbox 1969 1859 2004 1888; x_wconf 93' lang='lat' dir='ltr'><strong>et</strong></span> <span class='ocrx_word' id='word_1_814' title='bbox 2032 1852 2195 1899; x_wconf 72' lang='lat' dir='ltr'><strong>ordinis,</strong></span> <span class='ocrx_word' id='word_1_815' title='bbox 2228 1862 2342 1902; x_wconf 88' lang='lat' dir='ltr'><strong>prout</strong></span> <span class='ocrx_word' id='word_1_816' title='bbox 2370 1855 2464 1891; x_wconf 93' lang='lat' dir='ltr'><strong>scili-</strong></span> 
     </span>
     <span class='ocr_line' id='line_1_106' title="bbox 1397 1902 2466 1955; baseline 0.005 -15"><span class='ocrx_word' id='word_1_817' title='bbox 1397 1911 1455 1940; x_wconf 93' lang='lat' dir='ltr'><strong>cet</strong></span> <span class='ocrx_word' id='word_1_818' title='bbox 1483 1902 1743 1940; x_wconf 89' lang='lat' dir='ltr'><strong>diversimode</strong></span> <span class='ocrx_word' id='word_1_819' title='bbox 1773 1903 1998 1941; x_wconf 89' lang='lat' dir='ltr'><strong>ordinantur</strong></span> <span class='ocrx_word' id='word_1_820' title='bbox 2022 1913 2058 1942; x_wconf 91' lang='lat' dir='ltr'><strong>et</strong></span> <span class='ocrx_word' id='word_1_821' title='bbox 2077 1906 2328 1955; x_wconf 88' lang='lat' dir='ltr'><strong>disponuntur</strong></span> <span class='ocrx_word' id='word_1_822' title='bbox 2346 1908 2384 1944; x_wconf 93' lang='lat' dir='ltr'><strong>in</strong></span> <span class='ocrx_word' id='word_1_823' title='bbox 2412 1908 2466 1945; x_wconf 89' lang='lat' dir='ltr'><strong>di-</strong></span> 
     </span>
     <span class='ocr_line' id='line_1_107' title="bbox 1395 1957 2464 2009; baseline 0.005 -16"><span class='ocrx_word' id='word_1_824' title='bbox 1395 1957 1516 1994; x_wconf 87' lang='lat' dir='ltr'><strong>versis</strong></span> <span class='ocrx_word' id='word_1_825' title='bbox 1537 1957 1749 1994; x_wconf 87' lang='lat' dir='ltr'><strong>seeundum</strong></span> <span class='ocrx_word' id='word_1_826' title='bbox 1777 1957 1882 2006; x_wconf 91' lang='lat' dir='ltr'><strong>prius</strong></span> <span class='ocrx_word' id='word_1_827' title='bbox 1903 1965 1939 1994; x_wconf 92' lang='lat' dir='ltr'><strong>et</strong></span> <span class='ocrx_word' id='word_1_828' title='bbox 1967 1959 2167 2007; x_wconf 88' lang='lat' dir='ltr'><strong>posterius,</strong></span> <span class='ocrx_word' id='word_1_829' title='bbox 2185 1967 2272 1997; x_wconf 90' lang='lat' dir='ltr'><strong>ante</strong></span> <span class='ocrx_word' id='word_1_830' title='bbox 2297 1968 2333 1997; x_wconf 93' lang='lat' dir='ltr'><strong>et</strong></span> <span class='ocrx_word' id='word_1_831' title='bbox 2352 1969 2464 2009; x_wconf 90' lang='lat' dir='ltr'><strong>retro,</strong></span> 
     </span>
     <span class='ocr_line' id='line_1_108' title="bbox 1396 2010 2464 2057; baseline 0.005 -11"><span class='ocrx_word' id='word_1_832' title='bbox 1396 2022 1548 2047; x_wconf 90' lang='lat' dir='ltr'><strong>sursum</strong></span> <span class='ocrx_word' id='word_1_833' title='bbox 1578 2018 1614 2047; x_wconf 92' lang='lat' dir='ltr'><strong>et</strong></span> <span class='ocrx_word' id='word_1_834' title='bbox 1643 2010 1837 2057; x_wconf 87' lang='lat' dir='ltr'><strong>deorsum,</strong></span> <span class='ocrx_word' id='word_1_835' title='bbox 1869 2011 2109 2049; x_wconf 86' lang='lat' dir='ltr'><strong>dextrorsum</strong></span> <span class='ocrx_word' id='word_1_836' title='bbox 2139 2020 2176 2049; x_wconf 91' lang='lat' dir='ltr'><strong>et</strong></span> <span class='ocrx_word' id='word_1_837' title='bbox 2195 2013 2464 2051; x_wconf 88' lang='lat' dir='ltr'><strong>sinistrorsum.</strong></span> 
     </span>
    </p>

    <p class='ocr_par' dir='ltr' id='par_1_25' title="bbox 1395 2063 2468 2381">
     <span class='ocr_line' id='line_1_109' title="bbox 1452 2063 2468 2116; baseline 0.005 -16"><span class='ocrx_word' id='word_1_838' title='bbox 1452 2065 1487 2101; x_wconf 88' lang='lat'><strong>8.</strong></span> <span class='ocrx_word' id='word_1_839' title='bbox 1523 2063 1655 2100; x_wconf 91' lang='lat' dir='ltr'><strong>Tertio</strong></span> <span class='ocrx_word' id='word_1_840' title='bbox 1691 2063 1743 2100; x_wconf 90' lang='lat' dir='ltr'><strong>ibi</strong></span> <span class='ocrx_word' id='word_1_841' title='bbox 1775 2070 1819 2100; x_wconf 69' lang='lat'><strong>⁸³:</strong></span> <span class='ocrx_word' id='word_1_842' title='bbox 1854 2065 2053 2102; x_wconf 88' lang='lat' dir='ltr'><strong>Contrarie</strong></span> <span class='ocrx_word' id='word_1_843' title='bbox 2084 2072 2209 2103; x_wconf 85' lang='lat' dir='ltr'><strong>autem</strong></span> <span class='ocrx_word' id='word_1_844' title='bbox 2243 2074 2330 2114; x_wconf 89' lang='lat' dir='ltr'><strong>etc.,</strong></span> <span class='ocrx_word' id='word_1_845' title='bbox 2359 2068 2468 2116; x_wconf 89' lang='lat' dir='ltr'><strong>ponit</strong></span> 
     </span>
     <span class='ocr_line' id='line_1_110' title="bbox 1396 2117 2468 2168; baseline 0.005 -15"><span class='ocrx_word' id='word_1_846' title='bbox 1396 2117 1650 2154; x_wconf 86' lang='lat' dir='ltr'><strong>differentiam</strong></span> <span class='ocrx_word' id='word_1_847' title='bbox 1674 2118 1925 2166; x_wconf 89' lang='lat' dir='ltr'><strong>Anaxagorae</strong></span> <span class='ocrx_word' id='word_1_848' title='bbox 1954 2119 2002 2155; x_wconf 92' lang='lat' dir='ltr'><strong>ab</strong></span> <span class='ocrx_word' id='word_1_849' title='bbox 2023 2119 2272 2168; x_wconf 89' lang='lat' dir='ltr'><strong>Empedocle.</strong></span> <span class='ocrx_word' id='word_1_850' title='bbox 2303 2122 2352 2157; x_wconf 87' lang='lat' dir='ltr'><strong>Et</strong></span> <span class='ocrx_word' id='word_1_851' title='bbox 2380 2121 2468 2158; x_wconf 91' lang='lat' dir='ltr'><strong>dicit</strong></span> 
     </span>
     <span class='ocr_line' id='line_1_111' title="bbox 1395 2170 2466 2222; baseline 0.005 -16"><span class='ocrx_word' id='word_1_852' title='bbox 1395 2171 1501 2219; x_wconf 92' lang='lat' dir='ltr'><strong>quod</strong></span> <span class='ocrx_word' id='word_1_853' title='bbox 1521 2170 1708 2207; x_wconf 89' lang='lat' dir='ltr'><strong>contrarie</strong></span> <span class='ocrx_word' id='word_1_854' title='bbox 1727 2170 1906 2208; x_wconf 88' lang='lat' dir='ltr'><strong>videntur</strong></span> <span class='ocrx_word' id='word_1_855' title='bbox 1926 2171 2064 2209; x_wconf 89' lang='lat' dir='ltr'><strong>dicere.</strong></span> <span class='ocrx_word' id='word_1_856' title='bbox 2086 2173 2343 2222; x_wconf 90' lang='lat' dir='ltr'><strong>Empedocles</strong></span> <span class='ocrx_word' id='word_1_857' title='bbox 2364 2174 2466 2211; x_wconf 90' lang='lat' dir='ltr'><strong>enim</strong></span> 
     </span>
     <span class='ocr_line' id='line_1_112' title="bbox 1396 2223 2467 2276; baseline 0.004 -16"><span class='ocrx_word' id='word_1_858' title='bbox 1396 2223 1487 2261; x_wconf 87' lang='lat' dir='ltr'><strong>dixit</strong></span> <span class='ocrx_word' id='word_1_859' title='bbox 1515 2223 1621 2272; x_wconf 93' lang='lat' dir='ltr'><strong>quod</strong></span> <span class='ocrx_word' id='word_1_860' title='bbox 1649 2223 1764 2271; x_wconf 85' lang='lat' dir='ltr'><strong>ignis,</strong></span> <span class='ocrx_word' id='word_1_861' title='bbox 1786 2231 1896 2271; x_wconf 91' lang='lat' dir='ltr'><strong>terra,</strong></span> <span class='ocrx_word' id='word_1_862' title='bbox 1918 2237 1984 2262; x_wconf 89' lang='lat' dir='ltr'><strong>aer</strong></span> <span class='ocrx_word' id='word_1_863' title='bbox 2013 2233 2049 2262; x_wconf 90' lang='lat' dir='ltr'><strong>et</strong></span> <span class='ocrx_word' id='word_1_864' title='bbox 2067 2238 2167 2274; x_wconf 92' lang='lat' dir='ltr'><strong>aqua</strong></span> <span class='ocrx_word' id='word_1_865' title='bbox 2186 2235 2273 2263; x_wconf 90' lang='lat' dir='ltr'><strong>sunt</strong></span> <span class='ocrx_word' id='word_1_866' title='bbox 2305 2235 2467 2276; x_wconf 92' lang='lat' dir='ltr'><strong>quatuor</strong></span> 
     </span>
     <span class='ocr_line' id='line_1_113' title="bbox 1395 2277 2465 2330; baseline 0.005 -17"><span class='ocrx_word' id='word_1_867' title='bbox 1395 2277 1596 2325; x_wconf 88' lang='lat' dir='ltr'><strong>elementa,</strong></span> <span class='ocrx_word' id='word_1_868' title='bbox 1622 2284 1659 2314; x_wconf 89' lang='lat' dir='ltr'><strong>et</strong></span> <span class='ocrx_word' id='word_1_869' title='bbox 1680 2277 1787 2326; x_wconf 92' lang='lat' dir='ltr'><strong>quod</strong></span> <span class='ocrx_word' id='word_1_870' title='bbox 1815 2285 1900 2314; x_wconf 90' lang='lat' dir='ltr'><strong>sunt</strong></span> <span class='ocrx_word' id='word_1_871' title='bbox 1929 2278 2049 2326; x_wconf 89' lang='lat' dir='ltr'><strong>magis</strong></span> <span class='ocrx_word' id='word_1_872' title='bbox 2078 2279 2263 2328; x_wconf 89' lang='lat' dir='ltr'><strong>simplicia</strong></span> <span class='ocrx_word' id='word_1_873' title='bbox 2292 2280 2320 2306; x_wconf 61' lang='grc' dir='ltr'><strong>ξς</strong></span> <span class='ocrx_word' id='word_1_874' title='bbox 2348 2293 2465 2330; x_wconf 90' lang='lat' dir='ltr'><strong>quam</strong></span> 
     </span>
     <span class='ocr_line' id='line_1_114' title="bbox 1396 2331 2467 2381; baseline 0.005 -15"><span class='ocrx_word' id='word_1_875' title='bbox 1396 2342 1485 2367; x_wconf 93' lang='lat' dir='ltr'><strong>caro</strong></span> <span class='ocrx_word' id='word_1_876' title='bbox 1519 2338 1634 2367; x_wconf 89' lang='lat' dir='ltr'><strong>etos</strong></span> <span class='ocrx_word' id='word_1_877' title='bbox 1668 2338 1704 2367; x_wconf 92' lang='lat' dir='ltr'><strong>et</strong></span> <span class='ocrx_word' id='word_1_878' title='bbox 1740 2331 1828 2368; x_wconf 89' lang='lat' dir='ltr'><strong>talia</strong></span> <span class='ocrx_word' id='word_1_879' title='bbox 1861 2344 2022 2381; x_wconf 92' lang='lat' dir='ltr'><strong>corpora</strong></span> <span class='ocrx_word' id='word_1_880' title='bbox 2054 2333 2341 2380; x_wconf 87' lang='lat' dir='ltr'><strong>homoeomera,</strong></span> <span class='ocrx_word' id='word_1_881' title='bbox 2370 2334 2467 2371; x_wconf 93' lang='lat' dir='ltr'><strong>idest</strong></span> 
     </span>
    </p>
   </div>
   <div class='ocr_carea' id='block_1_12' title="bbox 1389 2473 2466 3637">
    <p class='ocr_par' dir='ltr' id='par_1_26' title="bbox 1394 2473 2466 2542">
     <span class='ocr_line' id='line_1_115' title="bbox 1395 2473 2466 2507; baseline 0.003 -10"><span class='ocrx_word' id='word_1_882' title='bbox 1395 2480 1455 2497; x_wconf 88' lang='lat' dir='ltr'><strong>nam</strong></span> <span class='ocrx_word' id='word_1_883' title='bbox 1474 2473 1620 2505; x_wconf 84' lang='lat' dir='ltr'><strong>implentes,</strong></span> <span class='ocrx_word' id='word_1_884' title='bbox 1641 2473 1744 2505; x_wconf 84' lang='lat' dir='ltr'><strong>legunt:</strong></span> <span class='ocrx_word' id='word_1_885' title='bbox 1764 2473 1813 2498; x_wconf 86' lang='lat' dir='ltr'><strong>alii</strong></span> <span class='ocrx_word' id='word_1_886' title='bbox 1831 2480 1899 2503; x_wconf 90' lang='lat' dir='ltr'><strong>non,</strong></span> <span class='ocrx_word' id='word_1_887' title='bbox 1918 2473 2019 2499; x_wconf 86' lang='lat' dir='ltr'><strong>scilicet</strong></span> <span class='ocrx_word' id='word_1_888' title='bbox 2035 2474 2229 2507; x_wconf 81' lang='lat' dir='ltr'><strong>Anaxagoras,</strong></span> <span class='ocrx_word' id='word_1_889' title='bbox 2250 2475 2421 2500; x_wconf 87' lang='lat' dir='ltr'><strong>Democritus</strong></span> <span class='ocrx_word' id='word_1_890' title='bbox 2440 2479 2466 2500; x_wconf 87' lang='lat' dir='ltr'><strong>et</strong></span> 
     </span>
     <span class='ocr_line' id='line_1_116' title="bbox 1394 2508 1968 2542; baseline 0.002 -10"><span class='ocrx_word' id='word_1_891' title='bbox 1394 2508 1557 2540; x_wconf 75' lang='lat' dir='ltr'><strong>Leucippus,</strong></span> <span class='ocrx_word' id='word_1_892' title='bbox 1572 2512 1681 2540; x_wconf 88' lang='lat' dir='ltr'><strong>ponunt</strong></span> <span class='ocrx_word' id='word_1_893' title='bbox 1695 2509 1833 2540; x_wconf 86' lang='lat' dir='ltr'><strong>principia</strong></span> <span class='ocrx_word' id='word_1_894' title='bbox 1853 2509 1968 2542; x_wconf 82' lang='lat' dir='ltr'><strong>infinita.</strong></span> 
     </span>
    </p>

    <p class='ocr_par' dir='ltr' id='par_1_27' title="bbox 1392 2542 2465 2754">
     <span class='ocr_line' id='line_1_117' title="bbox 1448 2542 2465 2578; baseline 0.003 -10"><span class='ocrx_word' id='word_1_895' title='bbox 1448 2542 1476 2577; x_wconf 90' lang='grc' dir='ltr'><strong>ψ)</strong></span> <span class='ocrx_word' id='word_1_896' title='bbox 1498 2544 1621 2569; x_wconf 89' lang='lat' dir='ltr'><strong>Secundo</strong></span> <span class='ocrx_word' id='word_1_897' title='bbox 1641 2544 1684 2569; x_wconf 89' lang='lat' dir='ltr'><strong>ibi.</strong></span> <span class='ocrx_word' id='word_1_898' title='bbox 1697 2559 1716 2563; x_wconf 91' lang='lat'>-</span> <span class='ocrx_word' id='word_1_899' title='bbox 1728 2544 1851 2569; x_wconf 83' lang='lat' dir='ltr'><strong>Secundo</strong></span> <span class='ocrx_word' id='word_1_900' title='bbox 1870 2552 1929 2569; x_wconf 85' lang='lat' dir='ltr'><strong>cum</strong></span> <span class='ocrx_word' id='word_1_901' title='bbox 1946 2544 2012 2569; x_wconf 87' lang='lat' dir='ltr'><strong>dicit</strong></span> <span class='ocrx_word' id='word_1_902' title='bbox 2030 2545 2061 2575; x_wconf 93' lang='lat' dir='ltr'><strong>A,</strong></span> <span class='ocrx_word' id='word_1_903' title='bbox 2076 2545 2122 2569; x_wconf 89' lang='lat' dir='ltr'><strong>sed</strong></span> <span class='ocrx_word' id='word_1_904' title='bbox 2137 2553 2208 2569; x_wconf 89' lang='lat' dir='ltr'><strong>num.</strong></span> <span class='ocrx_word' id='word_1_905' title='bbox 2224 2553 2280 2577; x_wconf 89' lang='lat' dir='ltr'><strong>seq.</strong></span> <span class='ocrx_word' id='word_1_906' title='bbox 2296 2546 2357 2578; x_wconf 86' lang='lat' dir='ltr'><strong>legit</strong></span> <span class='ocrx_word' id='word_1_907' title='bbox 2374 2546 2465 2571; x_wconf 85' lang='lat' dir='ltr'><strong>Tertio</strong></span> 
     </span>
     <span class='ocr_line' id='line_1_118' title="bbox 1395 2579 2464 2609; baseline 0.002 -5"><span class='ocrx_word' id='word_1_908' title='bbox 1395 2579 1431 2604; x_wconf 88' lang='lat' dir='ltr'><strong>ibi</strong></span> <span class='ocrx_word' id='word_1_909' title='bbox 1434 2587 1444 2609; x_wconf 90' lang='lat'><strong>,·</strong></span> <span class='ocrx_word' id='word_1_910' title='bbox 1464 2579 1568 2604; x_wconf 83' lang='lat' dir='ltr'><strong>Deinde</strong></span> <span class='ocrx_word' id='word_1_911' title='bbox 1586 2587 1646 2604; x_wconf 88' lang='lat' dir='ltr'><strong>cum</strong></span> <span class='ocrx_word' id='word_1_912' title='bbox 1661 2579 1727 2604; x_wconf 85' lang='lat' dir='ltr'><strong>dicit</strong></span> <span class='ocrx_word' id='word_1_913' title='bbox 1738 2581 1760 2604; x_wconf 90' lang='lat' dir='ltr'>B</span> <span class='ocrx_word' id='word_1_914' title='bbox 1773 2580 1814 2604; x_wconf 86' lang='lat' dir='ltr'><strong>hic</strong></span> <span class='ocrx_word' id='word_1_915' title='bbox 1829 2585 1854 2604; x_wconf 89' lang='lat' dir='ltr'><strong>et</strong></span> <span class='ocrx_word' id='word_1_916' title='bbox 1867 2580 1972 2605; x_wconf 88' lang='lat' dir='ltr'><strong>ibidem.</strong></span> <span class='ocrx_word' id='word_1_917' title='bbox 1985 2594 2004 2598; x_wconf 98' lang='lat'><em>-</em></span> <span class='ocrx_word' id='word_1_918' title='bbox 2017 2580 2067 2604; x_wconf 91' lang='lat' dir='ltr'><strong>Pro</strong></span> <span class='ocrx_word' id='word_1_919' title='bbox 2081 2580 2134 2605; x_wconf 89' lang='lat' dir='ltr'><strong>Hic</strong></span> <span class='ocrx_word' id='word_1_920' title='bbox 2152 2581 2220 2605; x_wconf 88' lang='lat' dir='ltr'><strong>enim</strong></span> <span class='ocrx_word' id='word_1_921' title='bbox 2235 2581 2336 2605; x_wconf 86' lang='lat' dir='ltr'><strong>scilicet</strong></span> <span class='ocrx_word' id='word_1_922' title='bbox 2349 2582 2464 2606; x_wconf 76' lang='lat' dir='ltr'><strong>Anaxa-</strong></span> 
     </span>
     <span class='ocr_line' id='line_1_119' title="bbox 1393 2615 2462 2649; baseline 0.002 -10"><span class='ocrx_word' id='word_1_923' title='bbox 1393 2622 1484 2648; x_wconf 86' lang='lat' dir='ltr'><strong>goras,</strong></span> <span class='ocrx_word' id='word_1_924' title='bbox 1499 2615 1526 2639; x_wconf 89' lang='lat' dir='ltr'><strong>in</strong></span> <span class='ocrx_word' id='word_1_925' title='bbox 1540 2615 1590 2640; x_wconf 87' lang='lat' dir='ltr'><strong>hoc</strong></span> <span class='ocrx_word' id='word_1_926' title='bbox 1603 2615 1704 2640; x_wconf 81' lang='lat' dir='ltr'><strong>scilicet</strong></span> <span class='ocrx_word' id='word_1_927' title='bbox 1717 2616 1788 2648; x_wconf 90' lang='lat' dir='ltr'><strong>quod</strong></span> <span class='ocrx_word' id='word_1_928' title='bbox 1801 2617 1987 2649; x_wconf 77' lang='lat' dir='ltr'><strong>Anaxagoras</strong></span> <span class='ocrx_word' id='word_1_929' title='bbox 1999 2616 2029 2647; x_wconf 88' lang='lat' dir='ltr'><strong>B,</strong></span> <span class='ocrx_word' id='word_1_930' title='bbox 2042 2615 2096 2640; x_wconf 86' lang='lat' dir='ltr'><strong>Hic</strong></span> <span class='ocrx_word' id='word_1_931' title='bbox 2109 2616 2215 2648; x_wconf 90' lang='lat' dir='ltr'><strong>quidem</strong></span> <span class='ocrx_word' id='word_1_932' title='bbox 2230 2616 2298 2640; x_wconf 87' lang='lat' dir='ltr'><strong>enim</strong></span> <span class='ocrx_word' id='word_1_933' title='bbox 2313 2620 2339 2641; x_wconf 90' lang='lat' dir='ltr'><strong>et</strong></span> <span class='ocrx_word' id='word_1_934' title='bbox 2347 2618 2462 2641; x_wconf 87' lang='lat' dir='ltr'><strong>Anaxa-</strong></span> 
     </span>
     <span class='ocr_line' id='line_1_120' title="bbox 1392 2650 2462 2684; baseline 0.002 -9"><span class='ocrx_word' id='word_1_935' title='bbox 1392 2658 1476 2683; x_wconf 88' lang='lat' dir='ltr'><strong>goras</strong></span> <span class='ocrx_word' id='word_1_936' title='bbox 1494 2650 1552 2675; x_wconf 89' lang='lat' dir='ltr'><strong>edd.</strong></span> <span class='ocrx_word' id='word_1_937' title='bbox 1575 2651 1631 2681; x_wconf 86' lang='lat' dir='ltr'><strong>ab,</strong></span> <span class='ocrx_word' id='word_1_938' title='bbox 1651 2651 1707 2676; x_wconf 88' lang='lat' dir='ltr'><strong>Hic</strong></span> <span class='ocrx_word' id='word_1_939' title='bbox 1723 2651 1828 2683; x_wconf 89' lang='lat' dir='ltr'><strong>quidem</strong></span> <span class='ocrx_word' id='word_1_940' title='bbox 1848 2651 1918 2676; x_wconf 90' lang='lat' dir='ltr'><strong>enim</strong></span> <span class='ocrx_word' id='word_1_941' title='bbox 1938 2651 2007 2676; x_wconf 88' lang='lat' dir='ltr'><strong>idest</strong></span> <span class='ocrx_word' id='word_1_942' title='bbox 2024 2652 2209 2684; x_wconf 79' lang='lat' dir='ltr'><strong>Anaxagoras</strong></span> <span class='ocrx_word' id='word_1_943' title='bbox 2229 2652 2249 2676; x_wconf 94' lang='lat' dir='ltr'>C</span> <span class='ocrx_word' id='word_1_944' title='bbox 2256 2670 2263 2682; x_wconf 79' lang='lat'><em>‚</em></span> <span class='ocrx_word' id='word_1_945' title='bbox 2285 2652 2338 2677; x_wconf 89' lang='lat' dir='ltr'><strong>Hic</strong></span> <span class='ocrx_word' id='word_1_946' title='bbox 2356 2652 2462 2684; x_wconf 89' lang='lat' dir='ltr'><strong>quidem</strong></span> 
     </span>
     <span class='ocr_line' id='line_1_121' title="bbox 1393 2686 2464 2719; baseline 0.002 -9"><span class='ocrx_word' id='word_1_947' title='bbox 1393 2686 1492 2711; x_wconf 81' lang='lat' dir='ltr'><strong>scilicet</strong></span> <span class='ocrx_word' id='word_1_948' title='bbox 1509 2687 1696 2719; x_wconf 86' lang='lat' dir='ltr'><strong>Anaxagoras</strong></span> <span class='ocrx_word' id='word_1_949' title='bbox 1715 2687 1744 2712; x_wconf 88' lang='lat' dir='ltr'><strong>P.</strong></span> <span class='ocrx_word' id='word_1_950' title='bbox 1762 2701 1781 2705; x_wconf 96' lang='lat'><em>-</em></span> <span class='ocrx_word' id='word_1_951' title='bbox 1800 2687 1850 2711; x_wconf 89' lang='lat' dir='ltr'><strong>Pro</strong></span> <span class='ocrx_word' id='word_1_952' title='bbox 1869 2687 2054 2711; x_wconf 89' lang='lat' dir='ltr'><strong>homoeomera</strong></span> <span class='ocrx_word' id='word_1_953' title='bbox 2079 2687 2161 2716; x_wconf 86' lang='lat' dir='ltr'><strong>idest,</strong></span> <span class='ocrx_word' id='word_1_954' title='bbox 2185 2687 2370 2712; x_wconf 88' lang='lat' dir='ltr'><strong>homoeomera</strong></span> <span class='ocrx_word' id='word_1_955' title='bbox 2396 2688 2464 2713; x_wconf 85' lang='lat' dir='ltr'><strong>idest</strong></span> 
     </span>
     <span class='ocr_line' id='line_1_122' title="bbox 1393 2722 1693 2754; baseline 0 -8"><span class='ocrx_word' id='word_1_956' title='bbox 1393 2722 1557 2754; x_wconf 88' lang='lat' dir='ltr'><strong>homogenea</strong></span> <span class='ocrx_word' id='word_1_957' title='bbox 1576 2722 1645 2746; x_wconf 86' lang='lat' dir='ltr'><strong>idest</strong></span> <span class='ocrx_word' id='word_1_958' title='bbox 1662 2722 1693 2746; x_wconf 93' lang='lat' dir='ltr'><strong>B.</strong></span> 
     </span>
    </p>

    <p class='ocr_par' dir='ltr' id='par_1_28' title="bbox 1393 2756 2462 2932">
     <span class='ocr_line' id='line_1_123' title="bbox 1446 2756 2461 2791; baseline 0.001 -9"><span class='ocrx_word' id='word_1_959' title='bbox 1446 2756 1478 2791; x_wconf 87' lang='grc' dir='ltr'><strong>ω)</strong></span> <span class='ocrx_word' id='word_1_960' title='bbox 1498 2757 1589 2782; x_wconf 89' lang='lat' dir='ltr'><strong>carnis</strong></span> <span class='ocrx_word' id='word_1_961' title='bbox 1607 2761 1634 2782; x_wconf 88' lang='lat' dir='ltr'><strong>et</strong></span> <span class='ocrx_word' id='word_1_962' title='bbox 1652 2757 1718 2782; x_wconf 86' lang='lat' dir='ltr'><strong>ossis</strong></span> <span class='ocrx_word' id='word_1_963' title='bbox 1737 2760 1763 2782; x_wconf 89' lang='lat' dir='ltr'><strong>et</strong></span> <span class='ocrx_word' id='word_1_964' title='bbox 1782 2757 1921 2782; x_wconf 89' lang='lat' dir='ltr'><strong>medullae.</strong></span> <span class='ocrx_word' id='word_1_965' title='bbox 1935 2771 1950 2776; x_wconf 97' lang='lat'>-</span> <span class='ocrx_word' id='word_1_966' title='bbox 1964 2757 2054 2782; x_wconf 88' lang='lat' dir='ltr'><strong>carnis</strong></span> <span class='ocrx_word' id='word_1_967' title='bbox 2068 2761 2095 2782; x_wconf 91' lang='lat' dir='ltr'><strong>et</strong></span> <span class='ocrx_word' id='word_1_968' title='bbox 2108 2765 2161 2782; x_wconf 92' lang='lat' dir='ltr'><strong>om.</strong></span> <span class='ocrx_word' id='word_1_969' title='bbox 2175 2758 2211 2786; x_wconf 95' lang='lat' dir='ltr'><strong>A,</strong></span> <span class='ocrx_word' id='word_1_970' title='bbox 2231 2757 2264 2782; x_wconf 89' lang='lat' dir='ltr'><strong>cf.</strong></span> <span class='ocrx_word' id='word_1_971' title='bbox 2282 2763 2393 2788; x_wconf 84' lang='lat' dir='ltr'><strong>textum;</strong></span> <span class='ocrx_word' id='word_1_972' title='bbox 2412 2766 2461 2791; x_wconf 86' lang='lat' dir='ltr'><strong>pro</strong></span> 
     </span>
     <span class='ocr_line' id='line_1_124' title="bbox 1393 2793 2462 2823; baseline 0.002 -6"><span class='ocrx_word' id='word_1_973' title='bbox 1393 2796 1421 2818; x_wconf 87' lang='lat' dir='ltr'><strong>et</strong></span> <span class='ocrx_word' id='word_1_974' title='bbox 1445 2793 1589 2822; x_wconf 89' lang='lat' dir='ltr'><strong>medullae,</strong></span> <span class='ocrx_word' id='word_1_975' title='bbox 1615 2793 1792 2817; x_wconf 88' lang='lat' dir='ltr'><strong>medullarum</strong></span> <span class='ocrx_word' id='word_1_976' title='bbox 1812 2793 1897 2818; x_wconf 84' lang='lat' dir='ltr'><strong>PCab.</strong></span> <span class='ocrx_word' id='word_1_977' title='bbox 1915 2806 1934 2811; x_wconf 95' lang='lat'>—</span> <span class='ocrx_word' id='word_1_978' title='bbox 1952 2793 1988 2817; x_wconf 92' lang='lat' dir='ltr'><strong>Ibi</strong></span> <span class='ocrx_word' id='word_1_979' title='bbox 2007 2793 2072 2818; x_wconf 89' lang='lat' dir='ltr'><strong>haec</strong></span> <span class='ocrx_word' id='word_1_980' title='bbox 2094 2793 2163 2817; x_wconf 89' lang='lat' dir='ltr'><strong>enim</strong></span> <span class='ocrx_word' id='word_1_981' title='bbox 2188 2793 2315 2817; x_wconf 87' lang='lat' dir='ltr'><strong>dicuntur</strong></span> <span class='ocrx_word' id='word_1_982' title='bbox 2333 2798 2393 2823; x_wconf 87' lang='lat' dir='ltr'><strong>etc.,</strong></span> <span class='ocrx_word' id='word_1_983' title='bbox 2413 2794 2462 2819; x_wconf 90' lang='lat' dir='ltr'><strong>hoc</strong></span> 
     </span>
     <span class='ocr_line' id='line_1_125' title="bbox 1393 2828 2459 2861; baseline 0 -8"><span class='ocrx_word' id='word_1_984' title='bbox 1393 2828 1463 2853; x_wconf 86' lang='lat' dir='ltr'><strong>enim</strong></span> <span class='ocrx_word' id='word_1_985' title='bbox 1478 2828 1591 2853; x_wconf 83' lang='lat' dir='ltr'><strong>dicimus</strong></span> <span class='ocrx_word' id='word_1_986' title='bbox 1605 2828 1791 2853; x_wconf 89' lang='lat' dir='ltr'><strong>homoeomera</strong></span> <span class='ocrx_word' id='word_1_987' title='bbox 1806 2834 1853 2853; x_wconf 86' lang='lat' dir='ltr'><strong>etc.</strong></span> <span class='ocrx_word' id='word_1_988' title='bbox 1869 2829 1899 2858; x_wconf 91' lang='lat' dir='ltr'><strong>A,</strong></span> <span class='ocrx_word' id='word_1_989' title='bbox 1913 2828 1978 2853; x_wconf 89' lang='lat' dir='ltr'><strong>haec</strong></span> <span class='ocrx_word' id='word_1_990' title='bbox 1990 2831 2079 2853; x_wconf 89' lang='lat' dir='ltr'><strong>autem</strong></span> <span class='ocrx_word' id='word_1_991' title='bbox 2093 2829 2220 2852; x_wconf 86' lang='lat' dir='ltr'><strong>dicuntur</strong></span> <span class='ocrx_word' id='word_1_992' title='bbox 2233 2828 2396 2861; x_wconf 84' lang='lat' dir='ltr'><strong>homogenea</strong></span> <span class='ocrx_word' id='word_1_993' title='bbox 2411 2834 2459 2854; x_wconf 88' lang='lat' dir='ltr'><strong>etc.</strong></span> 
     </span>
     <span class='ocr_line' id='line_1_126' title="bbox 1393 2863 2461 2896; baseline 0 -8"><span class='ocrx_word' id='word_1_994' title='bbox 1393 2864 1422 2894; x_wconf 91' lang='lat' dir='ltr'><strong>B,</strong></span> <span class='ocrx_word' id='word_1_995' title='bbox 1437 2864 1502 2888; x_wconf 91' lang='lat' dir='ltr'><strong>haec</strong></span> <span class='ocrx_word' id='word_1_996' title='bbox 1516 2863 1586 2888; x_wconf 85' lang='lat' dir='ltr'><strong>enim</strong></span> <span class='ocrx_word' id='word_1_997' title='bbox 1601 2863 1701 2888; x_wconf 88' lang='lat' dir='ltr'><strong>dicitur</strong></span> <span class='ocrx_word' id='word_1_998' title='bbox 1713 2864 1843 2889; x_wconf 88' lang='lat' dir='ltr'><strong>omimera</strong></span> <span class='ocrx_word' id='word_1_999' title='bbox 1857 2871 1924 2896; x_wconf 90' lang='lat' dir='ltr'><strong>quae</strong></span> <span class='ocrx_word' id='word_1_1000' title='bbox 1937 2866 2000 2888; x_wconf 86' lang='lat' dir='ltr'><strong>sunt</strong></span> <span class='ocrx_word' id='word_1_1001' title='bbox 2014 2863 2083 2888; x_wconf 82' lang='lat' dir='ltr'><strong>idest</strong></span> <span class='ocrx_word' id='word_1_1002' title='bbox 2096 2863 2222 2888; x_wconf 84' lang='lat' dir='ltr'><strong>similium</strong></span> <span class='ocrx_word' id='word_1_1003' title='bbox 2236 2864 2359 2894; x_wconf 86' lang='lat' dir='ltr'><strong>partium</strong></span> <span class='ocrx_word' id='word_1_1004' title='bbox 2374 2864 2413 2888; x_wconf 91' lang='lat' dir='ltr'><strong>ed.</strong></span> <span class='ocrx_word' id='word_1_1005' title='bbox 2428 2871 2461 2894; x_wconf 78' lang='lat' dir='ltr'><strong>a,-</strong></span> 
     </span>
     <span class='ocr_line' id='line_1_127' title="bbox 1393 2899 1668 2932; baseline 0 -9"><span class='ocrx_word' id='word_1_1006' title='bbox 1393 2899 1414 2924; x_wconf 92' lang='lat' dir='ltr'>C</span> <span class='ocrx_word' id='word_1_1007' title='bbox 1433 2899 1572 2932; x_wconf 88' lang='lat' dir='ltr'><strong>supprimit</strong></span> <span class='ocrx_word' id='word_1_1008' title='bbox 1591 2899 1668 2924; x_wconf 82' lang='lat' dir='ltr'><strong>idest.</strong></span> 
     </span>
    </p>

    <p class='ocr_par' dir='ltr' id='par_1_29' title="bbox 1393 2933 2459 3035">
     <span class='ocr_line' id='line_1_128' title="bbox 1447 2933 2457 2967; baseline 0 -8"><span class='ocrx_word' id='word_1_1009' title='bbox 1447 2935 1492 2967; x_wconf 88' lang='grc' dir='ltr'><strong>αα)</strong></span> <span class='ocrx_word' id='word_1_1010' title='bbox 1513 2934 1578 2959; x_wconf 82' lang='lat' dir='ltr'><strong>haec</strong></span> <span class='ocrx_word' id='word_1_1011' title='bbox 1591 2934 1724 2966; x_wconf 83' lang='lat' dir='ltr'><strong>positio...</strong></span> <span class='ocrx_word' id='word_1_1012' title='bbox 1739 2935 1766 2959; x_wconf 89' lang='lat' dir='ltr'><strong>in</strong></span> <span class='ocrx_word' id='word_1_1013' title='bbox 1782 2934 1799 2959; x_wconf 90' lang='lat' dir='ltr'><em>I</em></span> <span class='ocrx_word' id='word_1_1014' title='bbox 1808 2934 1915 2967; x_wconf 78' lang='lat' dir='ltr'><strong>Physic.</strong></span> <span class='ocrx_word' id='word_1_1015' title='bbox 1929 2948 1948 2952; x_wconf 98' lang='lat'><em>-</em></span> <span class='ocrx_word' id='word_1_1016' title='bbox 1960 2934 2024 2958; x_wconf 86' lang='lat' dir='ltr'><strong>haec</strong></span> <span class='ocrx_word' id='word_1_1017' title='bbox 2042 2933 2132 2965; x_wconf 87' lang='lat' dir='ltr'><strong>opinio</strong></span> <span class='ocrx_word' id='word_1_1018' title='bbox 2151 2936 2190 2958; x_wconf 83' lang='lat' dir='ltr'><strong>est</strong></span> <span class='ocrx_word' id='word_1_1019' title='bbox 2208 2933 2295 2966; x_wconf 86' lang='lat' dir='ltr'><strong>magis</strong></span> <span class='ocrx_word' id='word_1_1020' title='bbox 2314 2933 2457 2966; x_wconf 87' lang='lat' dir='ltr'><strong>manifesta</strong></span> 
     </span>
     <span class='ocr_line' id='line_1_129' title="bbox 1393 2968 2459 3004; baseline -0.001 -9"><span class='ocrx_word' id='word_1_1021' title='bbox 1393 2970 1419 2995; x_wconf 94' lang='lat' dir='ltr'><strong>in</strong></span> <span class='ocrx_word' id='word_1_1022' title='bbox 1441 2970 1458 2995; x_wconf 85' lang='grc' dir='ltr'><em>Ι</em></span> <span class='ocrx_word' id='word_1_1023' title='bbox 1472 2970 1580 3003; x_wconf 76' lang='lat' dir='ltr'><strong>Physic.</strong></span> <span class='ocrx_word' id='word_1_1024' title='bbox 1598 2971 1634 3001; x_wconf 85' lang='lat' dir='ltr'><strong>B;</strong></span> <span class='ocrx_word' id='word_1_1025' title='bbox 1655 2970 1798 3004; x_wconf 75' lang='lat' dir='ltr'><strong>manifesta</strong></span> <span class='ocrx_word' id='word_1_1026' title='bbox 1816 2973 1856 2994; x_wconf 89' lang='lat' dir='ltr'><strong>est</strong></span> <span class='ocrx_word' id='word_1_1027' title='bbox 1875 2969 1951 2994; x_wconf 87' lang='lat' dir='ltr'><strong>etiam</strong></span> <span class='ocrx_word' id='word_1_1028' title='bbox 1970 2970 2001 2994; x_wconf 90' lang='lat' dir='ltr'><strong>A.</strong></span> <span class='ocrx_word' id='word_1_1029' title='bbox 2019 2983 2038 2988; x_wconf 88' lang='lat'><em>-</em></span> <span class='ocrx_word' id='word_1_1030' title='bbox 2057 2969 2108 2993; x_wconf 89' lang='lat' dir='ltr'><strong>Pro</strong></span> <span class='ocrx_word' id='word_1_1031' title='bbox 2131 2968 2221 2993; x_wconf 89' lang='lat' dir='ltr'><strong>omnia</strong></span> <span class='ocrx_word' id='word_1_1032' title='bbox 2245 2976 2360 3000; x_wconf 88' lang='lat' dir='ltr'><strong>corpora</strong></span> <span class='ocrx_word' id='word_1_1033' title='bbox 2377 2969 2459 2994; x_wconf 84' lang='lat' dir='ltr'><strong>sensi-</strong></span> 
     </span>
     <span class='ocr_line' id='line_1_130' title="bbox 1393 3004 2214 3035; baseline -0.004 -5"><span class='ocrx_word' id='word_1_1034' title='bbox 1393 3005 1465 3035; x_wconf 85' lang='lat' dir='ltr'><strong>bilia,</strong></span> <span class='ocrx_word' id='word_1_1035' title='bbox 1484 3005 1575 3030; x_wconf 89' lang='lat' dir='ltr'><strong>omnia</strong></span> <span class='ocrx_word' id='word_1_1036' title='bbox 1593 3005 1648 3029; x_wconf 88' lang='lat' dir='ltr'><strong>alia</strong></span> <span class='ocrx_word' id='word_1_1037' title='bbox 1666 3005 1802 3030; x_wconf 82' lang='lat' dir='ltr'><strong>sensibilia</strong></span> <span class='ocrx_word' id='word_1_1038' title='bbox 1819 3006 1851 3035; x_wconf 92' lang='lat' dir='ltr'><strong>A,</strong></span> <span class='ocrx_word' id='word_1_1039' title='bbox 1870 3005 1960 3029; x_wconf 89' lang='lat' dir='ltr'><strong>omnia</strong></span> <span class='ocrx_word' id='word_1_1040' title='bbox 1977 3004 2033 3028; x_wconf 90' lang='lat' dir='ltr'><strong>alia</strong></span> <span class='ocrx_word' id='word_1_1041' title='bbox 2051 3011 2167 3035; x_wconf 88' lang='lat' dir='ltr'><strong>corpora</strong></span> <span class='ocrx_word' id='word_1_1042' title='bbox 2184 3004 2214 3027; x_wconf 92' lang='lat' dir='ltr'><strong>B.</strong></span> 
     </span>
    </p>

    <p class='ocr_par' dir='ltr' id='par_1_30' title="bbox 1392 3037 2458 3207">
     <span class='ocr_line' id='line_1_131' title="bbox 1447 3037 2458 3075; baseline -0.002 -10"><span class='ocrx_word' id='word_1_1043' title='bbox 1447 3039 1488 3075; x_wconf 85' lang='grc' dir='ltr'><strong>ββ)</strong></span> <span class='ocrx_word' id='word_1_1044' title='bbox 1502 3042 1612 3074; x_wconf 85' lang='lat' dir='ltr'><strong>forma,</strong></span> <span class='ocrx_word' id='word_1_1045' title='bbox 1633 3041 1701 3065; x_wconf 87' lang='lat' dir='ltr'><strong>idest</strong></span> <span class='ocrx_word' id='word_1_1046' title='bbox 1711 3041 1818 3073; x_wconf 89' lang='lat' dir='ltr'><strong>figura.</strong></span> <span class='ocrx_word' id='word_1_1047' title='bbox 1830 3054 1848 3058; x_wconf 98' lang='lat'><em>-</em></span> <span class='ocrx_word' id='word_1_1048' title='bbox 1858 3040 1952 3073; x_wconf 90' lang='lat' dir='ltr'><strong>sorma</strong></span> <span class='ocrx_word' id='word_1_1049' title='bbox 1970 3042 1997 3064; x_wconf 86' lang='lat' dir='ltr'><strong>et</strong></span> <span class='ocrx_word' id='word_1_1050' title='bbox 2008 3039 2105 3071; x_wconf 87' lang='lat' dir='ltr'><strong>figura</strong></span> <span class='ocrx_word' id='word_1_1051' title='bbox 2124 3039 2207 3067; x_wconf 88' lang='lat' dir='ltr'><strong>PCab,</strong></span> <span class='ocrx_word' id='word_1_1052' title='bbox 2228 3038 2259 3063; x_wconf 87' lang='lat' dir='ltr'><strong>cf.</strong></span> <span class='ocrx_word' id='word_1_1053' title='bbox 2279 3043 2385 3064; x_wconf 90' lang='lat' dir='ltr'><strong>textum.</strong></span> <span class='ocrx_word' id='word_1_1054' title='bbox 2398 3053 2418 3058; x_wconf 91' lang='lat'>—</span> <span class='ocrx_word' id='word_1_1055' title='bbox 2434 3037 2458 3063; x_wconf 93' lang='lat' dir='ltr'>B</span> 
     </span>
     <span class='ocr_line' id='line_1_132' title="bbox 1392 3074 2458 3109; baseline -0.004 -8"><span class='ocrx_word' id='word_1_1056' title='bbox 1392 3077 1492 3109; x_wconf 81' lang='lat' dir='ltr'><strong>pergit:</strong></span> <span class='ocrx_word' id='word_1_1057' title='bbox 1513 3083 1575 3100; x_wconf 90' lang='lat' dir='ltr'><strong>nam</strong></span> <span class='ocrx_word' id='word_1_1058' title='bbox 1598 3076 1729 3108; x_wconf 83' lang='lat' dir='ltr'><strong>quaedam</strong></span> <span class='ocrx_word' id='word_1_1059' title='bbox 1749 3083 1839 3100; x_wconf 89' lang='lat' dir='ltr'><strong>eorum</strong></span> <span class='ocrx_word' id='word_1_1060' title='bbox 1859 3075 1995 3106; x_wconf 85' lang='lat' dir='ltr'><strong>ponebant</strong></span> <span class='ocrx_word' id='word_1_1061' title='bbox 2018 3074 2162 3099; x_wconf 84' lang='lat' dir='ltr'><strong>circularia</strong></span> <span class='ocrx_word' id='word_1_1062' title='bbox 2180 3077 2207 3098; x_wconf 85' lang='lat' dir='ltr'><strong>et</strong></span> <span class='ocrx_word' id='word_1_1063' title='bbox 2224 3074 2355 3106; x_wconf 84' lang='lat' dir='ltr'><strong>quaedam</strong></span> <span class='ocrx_word' id='word_1_1064' title='bbox 2370 3081 2458 3107; x_wconf 84' lang='lat' dir='ltr'><strong>pyra-</strong></span> 
     </span>
     <span class='ocr_line' id='line_1_133' title="bbox 1393 3109 2458 3143; baseline -0.003 -7"><span class='ocrx_word' id='word_1_1065' title='bbox 1393 3112 1517 3142; x_wconf 88' lang='lat' dir='ltr'><strong>midalia‚·</strong></span> <span class='ocrx_word' id='word_1_1066' title='bbox 1542 3112 1618 3136; x_wconf 88' lang='lat' dir='ltr'><strong>etiam</strong></span> <span class='ocrx_word' id='word_1_1067' title='bbox 1637 3112 1661 3135; x_wconf 94' lang='lat' dir='ltr'><strong>A</strong></span> <span class='ocrx_word' id='word_1_1068' title='bbox 1685 3119 1739 3135; x_wconf 89' lang='lat' dir='ltr'><strong>om.</strong></span> <span class='ocrx_word' id='word_1_1069' title='bbox 1758 3111 1889 3143; x_wconf 86' lang='lat' dir='ltr'><strong>quaedam</strong></span> <span class='ocrx_word' id='word_1_1070' title='bbox 1913 3113 2001 3134; x_wconf 87' lang='lat' dir='ltr'><strong>autem</strong></span> <span class='ocrx_word' id='word_1_1071' title='bbox 2025 3109 2176 3141; x_wconf 63' lang='lat' dir='ltr'><strong>quadratas</strong></span> <span class='ocrx_word' id='word_1_1072' title='bbox 2201 3109 2240 3133; x_wconf 90' lang='lat' dir='ltr'><strong>Ca</strong></span> <span class='ocrx_word' id='word_1_1073' title='bbox 2258 3117 2273 3133; x_wconf 92' lang='lat' dir='ltr'><strong>e</strong></span> <span class='ocrx_word' id='word_1_1074' title='bbox 2292 3114 2380 3134; x_wconf 89' lang='lat' dir='ltr'><strong>contra</strong></span> <span class='ocrx_word' id='word_1_1075' title='bbox 2403 3117 2458 3134; x_wconf 89' lang='lat' dir='ltr'><strong>om.</strong></span> 
     </span>
     <span class='ocr_line' id='line_1_134' title="bbox 1392 3144 2458 3180; baseline -0.003 -8"><span class='ocrx_word' id='word_1_1076' title='bbox 1392 3148 1524 3180; x_wconf 88' lang='lat' dir='ltr'><strong>quaedam</strong></span> <span class='ocrx_word' id='word_1_1077' title='bbox 1538 3146 1735 3180; x_wconf 83' lang='lat' dir='ltr'><strong>pyramidalia.</strong></span> <span class='ocrx_word' id='word_1_1078' title='bbox 1754 3146 1881 3170; x_wconf 86' lang='lat' dir='ltr'><strong>Addimus</strong></span> <span class='ocrx_word' id='word_1_1079' title='bbox 1901 3153 1932 3169; x_wconf 84' lang='lat' dir='ltr'><strong>ex</strong></span> <span class='ocrx_word' id='word_1_1080' title='bbox 1945 3145 1968 3168; x_wconf 92' lang='lat' dir='ltr'><strong>A</strong></span> <span class='ocrx_word' id='word_1_1081' title='bbox 1987 3144 2090 3174; x_wconf 88' lang='lat' dir='ltr'><strong>horum,</strong></span> <span class='ocrx_word' id='word_1_1082' title='bbox 2105 3144 2176 3177; x_wconf 86' lang='lat' dir='ltr'><strong>quod</strong></span> <span class='ocrx_word' id='word_1_1083' title='bbox 2189 3144 2264 3169; x_wconf 89' lang='lat' dir='ltr'><strong>PCab</strong></span> <span class='ocrx_word' id='word_1_1084' title='bbox 2277 3144 2410 3176; x_wconf 86' lang='lat' dir='ltr'><strong>omittunt;</strong></span> <span class='ocrx_word' id='word_1_1085' title='bbox 2431 3145 2458 3169; x_wconf 88' lang='lat' dir='ltr'><strong>in</strong></span> 
     </span>
     <span class='ocr_line' id='line_1_135' title="bbox 1392 3181 1780 3207; baseline -0.005 0"><span class='ocrx_word' id='word_1_1086' title='bbox 1392 3183 1484 3207; x_wconf 89' lang='lat' dir='ltr'><strong>ceteris</strong></span> <span class='ocrx_word' id='word_1_1087' title='bbox 1504 3183 1609 3206; x_wconf 84' lang='lat' dir='ltr'><strong>Pianam</strong></span> <span class='ocrx_word' id='word_1_1088' title='bbox 1629 3181 1780 3206; x_wconf 88' lang='lat' dir='ltr'><strong>retinemus.</strong></span> 
     </span>
    </p>

    <p class='ocr_par' dir='ltr' id='par_1_31' title="bbox 1391 3214 2459 3427">
     <span class='ocr_line' id='line_1_136' title="bbox 1479 3214 2459 3251; baseline -0.002 -9"><span class='ocrx_word' id='word_1_1089' title='bbox 1479 3217 1489 3251; x_wconf 95' lang='lat'><em>)</em></span> <span class='ocrx_word' id='word_1_1090' title='bbox 1516 3217 1606 3242; x_wconf 89' lang='lat' dir='ltr'><strong>omnia</strong></span> <span class='ocrx_word' id='word_1_1091' title='bbox 1630 3223 1685 3241; x_wconf 86' lang='lat' dir='ltr'><strong>esse</strong></span> <span class='ocrx_word' id='word_1_1092' title='bbox 1708 3215 1884 3249; x_wconf 74' lang='lat' dir='ltr'><strong>indifferentis</strong></span> <span class='ocrx_word' id='word_1_1093' title='bbox 1907 3218 2030 3239; x_wconf 87' lang='lat' dir='ltr'><strong>naturae.</strong></span> <span class='ocrx_word' id='word_1_1094' title='bbox 2047 3228 2067 3233; x_wconf 93' lang='lat'>—</span> <span class='ocrx_word' id='word_1_1095' title='bbox 2085 3214 2175 3239; x_wconf 91' lang='lat' dir='ltr'><strong>omnia</strong></span> <span class='ocrx_word' id='word_1_1096' title='bbox 2199 3222 2254 3239; x_wconf 87' lang='lat' dir='ltr'><strong>esse</strong></span> <span class='ocrx_word' id='word_1_1097' title='bbox 2278 3214 2459 3248; x_wconf 81' lang='lat' dir='ltr'><strong>indifferentia</strong></span> 
     </span>
     <span class='ocr_line' id='line_1_137' title="bbox 1393 3249 2459 3286; baseline -0.002 -9"><span class='ocrx_word' id='word_1_1098' title='bbox 1393 3251 1446 3286; x_wconf 90' lang='lat' dir='ltr'><strong>(vel</strong></span> <span class='ocrx_word' id='word_1_1099' title='bbox 1466 3253 1492 3277; x_wconf 88' lang='lat' dir='ltr'><strong>in</strong></span> <span class='ocrx_word' id='word_1_1100' title='bbox 1512 3251 1675 3285; x_wconf 78' lang='lat' dir='ltr'><strong>differentia)</strong></span> <span class='ocrx_word' id='word_1_1101' title='bbox 1696 3255 1809 3276; x_wconf 88' lang='lat' dir='ltr'><strong>naturae</strong></span> <span class='ocrx_word' id='word_1_1102' title='bbox 1822 3251 1853 3280; x_wconf 91' lang='lat' dir='ltr'><strong>A,</strong></span> <span class='ocrx_word' id='word_1_1103' title='bbox 1866 3250 1956 3275; x_wconf 88' lang='lat' dir='ltr'><strong>omnia</strong></span> <span class='ocrx_word' id='word_1_1104' title='bbox 1975 3257 2030 3274; x_wconf 87' lang='lat' dir='ltr'><strong>esse</strong></span> <span class='ocrx_word' id='word_1_1105' title='bbox 2048 3250 2140 3274; x_wconf 90' lang='lat' dir='ltr'><strong>eadem</strong></span> <span class='ocrx_word' id='word_1_1106' title='bbox 2156 3249 2331 3283; x_wconf 72' lang='lat' dir='ltr'><strong>indifferentis</strong></span> <span class='ocrx_word' id='word_1_1107' title='bbox 2344 3254 2459 3277; x_wconf 86' lang='lat' dir='ltr'><strong>naturae</strong></span> 
     </span>
     <span class='ocr_line' id='line_1_138' title="bbox 1393 3283 2458 3322; baseline -0.003 -9"><span class='ocrx_word' id='word_1_1108' title='bbox 1393 3287 1457 3322; x_wconf 88' lang='lat' dir='ltr'><strong>(om.</strong></span> <span class='ocrx_word' id='word_1_1109' title='bbox 1476 3291 1503 3312; x_wconf 85' lang='lat' dir='ltr'><strong>et</strong></span> <span class='ocrx_word' id='word_1_1110' title='bbox 1520 3287 1648 3319; x_wconf 89' lang='lat' dir='ltr'><strong>speciei...</strong></span> <span class='ocrx_word' id='word_1_1111' title='bbox 1662 3286 1838 3319; x_wconf 79' lang='lat' dir='ltr'><strong>indifferentis</strong></span> <span class='ocrx_word' id='word_1_1112' title='bbox 1863 3289 1977 3310; x_wconf 88' lang='lat' dir='ltr'><strong>naturae</strong></span> <span class='ocrx_word' id='word_1_1113' title='bbox 2002 3283 2113 3319; x_wconf 88' lang='lat' dir='ltr'><strong>homot.)</strong></span> <span class='ocrx_word' id='word_1_1114' title='bbox 2133 3285 2169 3314; x_wconf 90' lang='lat' dir='ltr'><strong>B,</strong></span> <span class='ocrx_word' id='word_1_1115' title='bbox 2188 3292 2244 3310; x_wconf 86' lang='lat' dir='ltr'><strong>esse</strong></span> <span class='ocrx_word' id='word_1_1116' title='bbox 2262 3285 2458 3319; x_wconf 79' lang='lat' dir='ltr'><strong>indifferentius</strong></span> 
     </span>
     <span class='ocr_line' id='line_1_139' title="bbox 1392 3320 2457 3354; baseline -0.004 -6"><span class='ocrx_word' id='word_1_1117' title='bbox 1392 3327 1508 3348; x_wconf 90' lang='lat' dir='ltr'><strong>naturae</strong></span> <span class='ocrx_word' id='word_1_1118' title='bbox 1523 3323 1563 3347; x_wconf 89' lang='lat' dir='ltr'><strong>ed.</strong></span> <span class='ocrx_word' id='word_1_1119' title='bbox 1578 3329 1603 3351; x_wconf 90' lang='lat' dir='ltr'><strong>a,</strong></span> <span class='ocrx_word' id='word_1_1120' title='bbox 1620 3329 1675 3346; x_wconf 90' lang='lat' dir='ltr'><strong>esse</strong></span> <span class='ocrx_word' id='word_1_1121' title='bbox 1689 3321 1715 3345; x_wconf 89' lang='lat' dir='ltr'><strong>in</strong></span> <span class='ocrx_word' id='word_1_1122' title='bbox 1732 3321 1889 3354; x_wconf 76' lang='lat' dir='ltr'><strong>differentiis</strong></span> <span class='ocrx_word' id='word_1_1123' title='bbox 1908 3323 2021 3345; x_wconf 85' lang='lat' dir='ltr'><strong>naturae</strong></span> <span class='ocrx_word' id='word_1_1124' title='bbox 2036 3320 2055 3344; x_wconf 87' lang='lat' dir='ltr'>P</span> <span class='ocrx_word' id='word_1_1125' title='bbox 2070 3325 2095 3344; x_wconf 91' lang='lat' dir='ltr'><strong>et</strong></span> <span class='ocrx_word' id='word_1_1126' title='bbox 2114 3320 2149 3351; x_wconf 85' lang='lat' dir='ltr'><strong>C;</strong></span> <span class='ocrx_word' id='word_1_1127' title='bbox 2169 3320 2279 3353; x_wconf 87' lang='lat' dir='ltr'><strong>legimus</strong></span> <span class='ocrx_word' id='word_1_1128' title='bbox 2299 3329 2359 3345; x_wconf 88' lang='lat' dir='ltr'><strong>curn</strong></span> <span class='ocrx_word' id='word_1_1129' title='bbox 2374 3321 2396 3350; x_wconf 89' lang='lat' dir='ltr'><strong>b,</strong></span> <span class='ocrx_word' id='word_1_1130' title='bbox 2413 3321 2457 3345; x_wconf 86' lang='lat' dir='ltr'><strong>ad-</strong></span> 
     </span>
     <span class='ocr_line' id='line_1_140' title="bbox 1392 3355 2457 3389; baseline -0.002 -6"><span class='ocrx_word' id='word_1_1131' title='bbox 1392 3359 1445 3383; x_wconf 85' lang='lat' dir='ltr'><strong>dito</strong></span> <span class='ocrx_word' id='word_1_1132' title='bbox 1464 3358 1554 3382; x_wconf 88' lang='lat' dir='ltr'><strong>omnia</strong></span> <span class='ocrx_word' id='word_1_1133' title='bbox 1573 3365 1603 3381; x_wconf 89' lang='lat' dir='ltr'><strong>ex</strong></span> <span class='ocrx_word' id='word_1_1134' title='bbox 1621 3357 1675 3381; x_wconf 92' lang='lat' dir='ltr'><strong>AB.</strong></span> <span class='ocrx_word' id='word_1_1135' title='bbox 1693 3356 1800 3380; x_wconf 88' lang='lat' dir='ltr'><strong>Inferius</strong></span> <span class='ocrx_word' id='word_1_1136' title='bbox 1820 3363 1867 3388; x_wconf 92' lang='lat' dir='ltr'><strong>pro</strong></span> <span class='ocrx_word' id='word_1_1137' title='bbox 1887 3355 2076 3389; x_wconf 74' lang='lat' dir='ltr'><strong>indifferentis,</strong></span> <span class='ocrx_word' id='word_1_1138' title='bbox 2097 3356 2137 3380; x_wconf 90' lang='lat' dir='ltr'><strong>ed.</strong></span> <span class='ocrx_word' id='word_1_1139' title='bbox 2157 3363 2174 3380; x_wconf 92' lang='lat' dir='ltr'><strong>a</strong></span> <span class='ocrx_word' id='word_1_1140' title='bbox 2199 3356 2316 3381; x_wconf 86' lang='lat' dir='ltr'><strong>similiter</strong></span> <span class='ocrx_word' id='word_1_1141' title='bbox 2336 3356 2399 3388; x_wconf 89' lang='lat' dir='ltr'><strong>legit</strong></span> <span class='ocrx_word' id='word_1_1142' title='bbox 2417 3356 2457 3381; x_wconf 87' lang='lat' dir='ltr'><strong>in-</strong></span> 
     </span>
     <span class='ocr_line' id='line_1_141' title="bbox 1391 3391 1882 3427; baseline -0.006 -9"><span class='ocrx_word' id='word_1_1143' title='bbox 1391 3393 1564 3427; x_wconf 80' lang='lat' dir='ltr'><strong>differentius,</strong></span> <span class='ocrx_word' id='word_1_1144' title='bbox 1584 3392 1650 3416; x_wconf 88' lang='lat' dir='ltr'><strong>PAC</strong></span> <span class='ocrx_word' id='word_1_1145' title='bbox 1669 3391 1695 3415; x_wconf 87' lang='lat' dir='ltr'><strong>in</strong></span> <span class='ocrx_word' id='word_1_1146' title='bbox 1716 3391 1882 3425; x_wconf 73' lang='lat' dir='ltr'><strong>differentiis.</strong></span> 
     </span>
    </p>

    <p class='ocr_par' dir='ltr' id='par_1_32' title="bbox 1391 3425 2458 3530">
     <span class='ocr_line' id='line_1_142' title="bbox 1444 3425 2458 3462; baseline -0.001 -10"><span class='ocrx_word' id='word_1_1147' title='bbox 1444 3427 1484 3462; x_wconf 81' lang='grc' dir='ltr'><strong>δδ)</strong></span> <span class='ocrx_word' id='word_1_1148' title='bbox 1505 3428 1531 3452; x_wconf 88' lang='lat' dir='ltr'><strong>in</strong></span> <span class='ocrx_word' id='word_1_1149' title='bbox 1550 3427 1636 3459; x_wconf 82' lang='lat' dir='ltr'><strong>specie</strong></span> <span class='ocrx_word' id='word_1_1150' title='bbox 1655 3429 1777 3456; x_wconf 87' lang='lat' dir='ltr'><strong>naturae,</strong></span> <span class='ocrx_word' id='word_1_1151' title='bbox 1796 3427 1844 3451; x_wconf 84' lang='lat' dir='ltr'><strong>sed</strong></span> <span class='ocrx_word' id='word_1_1152' title='bbox 1862 3426 2005 3451; x_wconf 85' lang='lat' dir='ltr'><strong>secundum</strong></span> <span class='ocrx_word' id='word_1_1153' title='bbox 2030 3425 2218 3459; x_wconf 72' lang='lat' dir='ltr'><strong>differentiam.</strong></span> <span class='ocrx_word' id='word_1_1154' title='bbox 2232 3441 2251 3445; x_wconf 90' lang='lat'>-</span> <span class='ocrx_word' id='word_1_1155' title='bbox 2264 3427 2321 3451; x_wconf 91' lang='lat' dir='ltr'><strong>Hoc</strong></span> <span class='ocrx_word' id='word_1_1156' title='bbox 2339 3425 2458 3452; x_wconf 88' lang='lat' dir='ltr'><strong>homote-</strong></span> 
     </span>
     <span class='ocr_line' id='line_1_143' title="bbox 1391 3461 2456 3494; baseline -0.002 -5"><span class='ocrx_word' id='word_1_1157' title='bbox 1391 3465 1478 3489; x_wconf 88' lang='lat' dir='ltr'><strong>leuton</strong></span> <span class='ocrx_word' id='word_1_1158' title='bbox 1493 3470 1546 3487; x_wconf 88' lang='lat' dir='ltr'><strong>om.</strong></span> <span class='ocrx_word' id='word_1_1159' title='bbox 1559 3463 1590 3491; x_wconf 91' lang='lat' dir='ltr'><strong>A,</strong></span> <span class='ocrx_word' id='word_1_1160' title='bbox 1604 3462 1741 3486; x_wconf 83' lang='lat' dir='ltr'><strong>destruens</strong></span> <span class='ocrx_word' id='word_1_1161' title='bbox 1760 3469 1882 3493; x_wconf 88' lang='lat' dir='ltr'><strong>sensum;</strong></span> <span class='ocrx_word' id='word_1_1162' title='bbox 1901 3469 1949 3494; x_wconf 90' lang='lat' dir='ltr'><strong>pro</strong></span> <span class='ocrx_word' id='word_1_1163' title='bbox 1968 3462 1994 3486; x_wconf 89' lang='lat' dir='ltr'><strong>in</strong></span> <span class='ocrx_word' id='word_1_1164' title='bbox 2012 3461 2098 3493; x_wconf 83' lang='lat' dir='ltr'><strong>specie</strong></span> <span class='ocrx_word' id='word_1_1165' title='bbox 2117 3465 2237 3492; x_wconf 85' lang='lat' dir='ltr'><strong>naturae,</strong></span> <span class='ocrx_word' id='word_1_1166' title='bbox 2257 3462 2352 3494; x_wconf 85' lang='lat' dir='ltr'><strong>speciei</strong></span> <span class='ocrx_word' id='word_1_1167' title='bbox 2370 3466 2397 3487; x_wconf 84' lang='lat' dir='ltr'><strong>et</strong></span> <span class='ocrx_word' id='word_1_1168' title='bbox 2409 3470 2456 3487; x_wconf 89' lang='lat' dir='ltr'><strong>na-</strong></span> 
     </span>
     <span class='ocr_line' id='line_1_144' title="bbox 1391 3497 2054 3530; baseline -0.005 -6"><span class='ocrx_word' id='word_1_1169' title='bbox 1391 3503 1468 3524; x_wconf 87' lang='lat' dir='ltr'><strong>turae</strong></span> <span class='ocrx_word' id='word_1_1170' title='bbox 1487 3499 1520 3528; x_wconf 89' lang='lat' dir='ltr'><strong>C;</strong></span> <span class='ocrx_word' id='word_1_1171' title='bbox 1539 3505 1586 3529; x_wconf 93' lang='lat' dir='ltr'><strong>pro</strong></span> <span class='ocrx_word' id='word_1_1172' title='bbox 1605 3497 1791 3530; x_wconf 76' lang='lat' dir='ltr'><strong>differentiam,</strong></span> <span class='ocrx_word' id='word_1_1173' title='bbox 1812 3497 1977 3530; x_wconf 83' lang='lat' dir='ltr'><strong>differentias</strong></span> <span class='ocrx_word' id='word_1_1174' title='bbox 1995 3497 2054 3522; x_wconf 87' lang='lat' dir='ltr'><strong>edd.</strong></span> 
     </span>
    </p>

    <p class='ocr_par' dir='ltr' id='par_1_33' title="bbox 1389 3531 2456 3594">
     <span class='ocr_line' id='line_1_145' title="bbox 1442 3531 2456 3567; baseline 0 -9"><span class='ocrx_word' id='word_1_1175' title='bbox 1442 3533 1477 3567; x_wconf 83' lang='grc' dir='ltr'><strong>εε)</strong></span> <span class='ocrx_word' id='word_1_1176' title='bbox 1502 3532 1590 3557; x_wconf 87' lang='lat' dir='ltr'><strong>Tertio</strong></span> <span class='ocrx_word' id='word_1_1177' title='bbox 1604 3533 1647 3557; x_wconf 87' lang='lat' dir='ltr'><strong>ibi.</strong></span> <span class='ocrx_word' id='word_1_1178' title='bbox 1661 3546 1679 3551; x_wconf 95' lang='lat'>—</span> <span class='ocrx_word' id='word_1_1179' title='bbox 1691 3532 1730 3557; x_wconf 88' lang='lat' dir='ltr'><strong>Cf.</strong></span> <span class='ocrx_word' id='word_1_1180' title='bbox 1744 3537 1797 3558; x_wconf 87' lang='lat' dir='ltr'><strong>not.</strong></span> <span class='ocrx_word' id='word_1_1181' title='bbox 1810 3531 1836 3566; x_wconf 86' lang='grc' dir='ltr'><strong>ψ.</strong></span> <span class='ocrx_word' id='word_1_1182' title='bbox 1849 3546 1868 3550; x_wconf 99' lang='grc'>-</span> <span class='ocrx_word' id='word_1_1183' title='bbox 1882 3533 1945 3557; x_wconf 91' lang='lat' dir='ltr'><strong>Post</strong></span> <span class='ocrx_word' id='word_1_1184' title='bbox 1963 3540 2043 3557; x_wconf 87' lang='lat' dir='ltr'><strong>unam</strong></span> <span class='ocrx_word' id='word_1_1185' title='bbox 2056 3531 2100 3557; x_wconf 89' lang='lat' dir='ltr'><strong>lin.</strong></span> <span class='ocrx_word' id='word_1_1186' title='bbox 2115 3540 2162 3564; x_wconf 84' lang='lat' dir='ltr'><strong>pro</strong></span> <span class='ocrx_word' id='word_1_1187' title='bbox 2176 3533 2320 3563; x_wconf 87' lang='lat' dir='ltr'><strong>contrarie,</strong></span> <span class='ocrx_word' id='word_1_1188' title='bbox 2336 3533 2381 3558; x_wconf 87' lang='lat' dir='ltr'><strong>isti</strong></span> <span class='ocrx_word' id='word_1_1189' title='bbox 2394 3541 2456 3559; x_wconf 88' lang='lat' dir='ltr'><strong>con-</strong></span> 
     </span>
     <span class='ocr_line' id='line_1_146' title="bbox 1389 3569 1542 3594; baseline -0.013 0"><span class='ocrx_word' id='word_1_1190' title='bbox 1389 3569 1477 3594; x_wconf 88' lang='lat' dir='ltr'><strong>traria</strong></span> <span class='ocrx_word' id='word_1_1191' title='bbox 1496 3569 1542 3592; x_wconf 86' lang='lat' dir='ltr'><strong>Pb.</strong></span> 
     </span>
    </p>

    <p class='ocr_par' dir='ltr' id='par_1_34' title="bbox 1441 3603 2455 3637">
     <span class='ocr_line' id='line_1_147' title="bbox 1441 3603 2455 3637; baseline 0.001 -10"><span class='ocrx_word' id='word_1_1192' title='bbox 1441 3603 1482 3637; x_wconf 86' lang='grc' dir='ltr'><strong>ζζ)</strong></span> <span class='ocrx_word' id='word_1_1193' title='bbox 1501 3606 1564 3628; x_wconf 84' lang='lat' dir='ltr'><strong>sunt</strong></span> <span class='ocrx_word' id='word_1_1194' title='bbox 1582 3606 1728 3635; x_wconf 90' lang='lat' dir='ltr'><strong>quatuor...</strong></span> <span class='ocrx_word' id='word_1_1195' title='bbox 1741 3603 1880 3635; x_wconf 83' lang='lat' dir='ltr'><strong>simplicia.</strong></span> <span class='ocrx_word' id='word_1_1196' title='bbox 1897 3616 1917 3621; x_wconf 85' lang='lat'>-</span> <span class='ocrx_word' id='word_1_1197' title='bbox 1935 3606 1998 3628; x_wconf 88' lang='lat' dir='ltr'><strong>sunt</strong></span> <span class='ocrx_word' id='word_1_1198' title='bbox 2017 3603 2103 3636; x_wconf 87' lang='lat' dir='ltr'><strong>magis</strong></span> <span class='ocrx_word' id='word_1_1199' title='bbox 2121 3603 2253 3635; x_wconf 87' lang='lat' dir='ltr'><strong>simplicia</strong></span> <span class='ocrx_word' id='word_1_1200' title='bbox 2272 3603 2339 3634; x_wconf 74' lang='lat' dir='ltr'><strong>edd„</strong></span> <span class='ocrx_word' id='word_1_1201' title='bbox 2358 3603 2405 3628; x_wconf 87' lang='lat' dir='ltr'><strong>sed</strong></span> <span class='ocrx_word' id='word_1_1202' title='bbox 2424 3603 2455 3628; x_wconf 89' lang='lat' dir='ltr'><strong>cf.</strong></span> 
     </span>
    </p>
   </div>
   <div class='ocr_carea' id='block_1_13' title="bbox 1387 3638 2147 3671">
    <p class='ocr_par' dir='ltr' id='par_1_35' title="bbox 1387 3638 2147 3671">
     <span class='ocr_line' id='line_1_148' title="bbox 1387 3638 2147 3671; baseline -0.003 -6"><span class='ocrx_word' id='word_1_1203' title='bbox 1387 3645 1494 3665; x_wconf 86' lang='lat' dir='ltr'><strong>textum.</strong></span> <span class='ocrx_word' id='word_1_1204' title='bbox 1507 3652 1526 3658; x_wconf 88' lang='lat'><strong>·-</strong></span> <span class='ocrx_word' id='word_1_1205' title='bbox 1539 3639 1590 3663; x_wconf 88' lang='lat' dir='ltr'><strong>Pro</strong></span> <span class='ocrx_word' id='word_1_1206' title='bbox 1609 3638 1807 3668; x_wconf 88' lang='lat' dir='ltr'><strong>homoeomera,</strong></span> <span class='ocrx_word' id='word_1_1207' title='bbox 1826 3646 1918 3663; x_wconf 85' lang='lat' dir='ltr'><strong>rursus</strong></span> <span class='ocrx_word' id='word_1_1208' title='bbox 1937 3638 2099 3671; x_wconf 84' lang='lat' dir='ltr'><strong>homogenea</strong></span> <span class='ocrx_word' id='word_1_1209' title='bbox 2118 3639 2147 3663; x_wconf 89' lang='lat' dir='ltr'><strong>B.</strong></span> 
     </span>
    </p>
   </div>
   <div class='ocr_carea' id='block_1_14' title="bbox 2245 3691 2277 3723">
    <p class='ocr_par' dir='ltr' id='par_1_36' title="bbox 2245 3691 2277 3723">
     <span class='ocr_line' id='line_1_149' title="bbox 2245 3691 2277 3723; baseline 0 0"><span class='ocrx_word' id='word_1_1210' title='bbox 2245 3691 2277 3723; x_wconf 77' lang='lat'><strong>34</strong></span> 
     </span>
    </p>
   </div>
   <div class='ocr_carea' id='block_1_15' title="bbox 2487 1143 2704 1226">
    <p class='ocr_par' dir='ltr' id='par_1_37' title="bbox 2487 1143 2704 1226">
     <span class='ocr_line' id='line_1_150' title="bbox 2489 1143 2704 1172; baseline 0.019 -7"><span class='ocrx_word' id='word_1_1211' title='bbox 2489 1144 2500 1155; x_wconf 81' lang='lat'><strong>⁴⁵</strong></span> <span class='ocrx_word' id='word_1_1212' title='bbox 2520 1143 2576 1172; x_wconf 87' lang='lat' dir='ltr'><strong>Cap.</strong></span> <span class='ocrx_word' id='word_1_1213' title='bbox 2592 1151 2630 1172; x_wconf 80' lang='lat' dir='ltr'><strong>xv,</strong></span> <span class='ocrx_word' id='word_1_1214' title='bbox 2652 1153 2674 1168; x_wconf 95' lang='lat' dir='ltr'><strong>n.</strong></span> <span class='ocrx_word' id='word_1_1215' title='bbox 2697 1154 2704 1169; x_wconf 87' lang='grc' dir='ltr'>ι</span> 
     </span>
     <span class='ocr_line' id='line_1_151' title="bbox 2488 1171 2704 1198; baseline 0.014 -5"><span class='ocrx_word' id='word_1_1216' title='bbox 2488 1176 2549 1198; x_wconf 81' lang='lat' dir='ltr'><strong>sqq-;</strong></span> <span class='ocrx_word' id='word_1_1217' title='bbox 2560 1171 2585 1193; x_wconf 87' lang='lat' dir='ltr'><strong>S.</strong></span> <span class='ocrx_word' id='word_1_1218' title='bbox 2595 1171 2640 1195; x_wconf 86' lang='lat' dir='ltr'><strong>Th.</strong></span> <span class='ocrx_word' id='word_1_1219' title='bbox 2652 1174 2704 1196; x_wconf 84' lang='lat' dir='ltr'><strong>lect.</strong></span> 
     </span>
     <span class='ocr_line' id='line_1_152' title="bbox 2487 1203 2580 1226; baseline 0.022 -8"><span class='ocrx_word' id='word_1_1220' title='bbox 2487 1203 2529 1218; x_wconf 83' lang='lat' dir='ltr'><strong>vm</strong></span> <span class='ocrx_word' id='word_1_1221' title='bbox 2544 1203 2580 1226; x_wconf 86' lang='lat' dir='ltr'><strong>sq.</strong></span> 
     </span>
    </p>
   </div>
   <div class='ocr_carea' id='block_1_16' title="bbox 2489 1229 2689 1253">
    <p class='ocr_par' dir='ltr' id='par_1_38' title="bbox 2489 1229 2689 1253">
     <span class='ocr_line' id='line_1_153' title="bbox 2489 1229 2689 1253; baseline 0.02 -4"><span class='ocrx_word' id='word_1_1222' title='bbox 2489 1230 2497 1238; x_wconf 89' lang='lat'>&#39;</span> <span class='ocrx_word' id='word_1_1223' title='bbox 2512 1229 2689 1253; x_wconf 76' lang='lat' dir='ltr'><strong>insensibilibus</strong></span> 
     </span>
    </p>
   </div>
   <div class='ocr_carea' id='block_1_17' title="bbox 2515 1647 2704 1675">
    <p class='ocr_par' dir='ltr' id='par_1_39' title="bbox 2515 1647 2704 1675">
     <span class='ocr_line' id='line_1_154' title="bbox 2515 1647 2704 1675; baseline 0.016 -8"><span class='ocrx_word' id='word_1_1224' title='bbox 2515 1648 2538 1668; x_wconf 84' lang='lat' dir='ltr'><strong>et</strong></span> <span class='ocrx_word' id='word_1_1225' title='bbox 2550 1647 2639 1675; x_wconf 80' lang='lat' dir='ltr'><strong>speciei</strong></span> <span class='ocrx_word' id='word_1_1226' title='bbox 2656 1654 2704 1670; x_wconf 88' lang='lat' dir='ltr'><strong>om.</strong></span> 
     </span>
    </p>
   </div>
  </div>
 </body>
</html>
