2690 4062
1064 217 1174 255 CAP.
1205 219 1273 267 lv,
1304 219 1456 256 LECT.
1486 220 1538 257 1v

278 289 391 334 πυρός.
421 289 692 335 Ὀμολογουμένη
718 288 757 322 δὲ
780 292 839 322 καὶ
859 292 904 333 τῇ
928 291 1082 329 αἰσθήσει
1100 295 1120 330 ἡ
1139 296 1201 327 τοῦ
1219 307 1281 327 πυ-

277 334 330 388 ρός
355 333 501 380 γένεσις·
528 333 682 378 μάλιστα
706 334 766 377 μὲν
791 335 854 380 γαρ
881 336 944 379 πῦρ
971 337 992 371 ἢ
1013 336 1110 384 φλόξ,
1138 337 1227 376 αὕτη
1247 334 1276 370 δ’

278 380 351 410 εστὶ
367 378 497 415 καπνὸς
513 376 705 420 καιόμενος,
724 379 739 410 ὁ
757 372 796 409 δὲ
812 381 942 416 καπνὸς
960 379 995 420 ἐξ
1014 381 1108 423 ἀέρος
1126 383 1184 414 καὶ
1201 383 1277 428 γῆς.

206 422 262 455 Ἐν
287 417 325 454 δὲ
351 425 422 459 τοῖς
448 420 566 465 ἑφεξῆς
591 422 651 453 οὐκ
670 416 850 466 ἐνδέχεται
867 421 1050 467 φθαρέντος
1076 426 1108 456 ἐν
1130 425 1280 470 ἑκατέρῳ

278 465 423 510 θατέρου
449 467 515 498 τῶν
536 467 715 509 στοιχείων
733 464 890 511 γενέσθαι
908 467 1099 510 μετάβασιν
1117 469 1163 507 εἰς
1182 465 1280 501 οὐδὲν

279 511 345 543 τῶν
367 508 535 553 σωμάτων
553 505 613 541 δια
633 510 674 542 τό
691 508 868 542 λείπεσθαι
889 509 922 541 ἑν
943 511 1063 555 ἀμφοῖν
1081 511 1102 549 ἦ
1122 513 1242 545 ταῦτα
1260 511 1280 550 ἦ

278 552 468 588 τάναντία·
495 552 530 594 ἐξ
555 549 742 596 οὐδετέρων
762 548 800 586 δὲ
817 554 960 599 ἐγχωρεῖ
977 555 1151 600 γίγνεσθαι
1169 558 1280 600 σῶμα,

279 599 348 630 οἷον
366 598 395 629 εἰ
412 598 476 630 τοῦ
495 599 554 641 μὲν
582 599 682 642 πυρὸς
704 597 841 642 φθαρείη
861 599 903 629 τὸ
921 598 1033 642 ξηρόν,
1053 601 1116 631 τοῦ
1133 595 1160 630 δ’
1186 601 1282 643 ἀέρος

278 643 320 675 τὸ
346 641 464 688 ὑγρόν·
489 644 649 675 λείπεται
679 643 744 685 γοίρ
775 642 807 674 ἑν
839 642 961 685 ἀμφοῖν
990 644 1030 675 τό
1057 642 1193 687 θερμόν·
1221 645 1280 676 {dv

277 685 307 717 δ’
329 685 365 726 ἐξ
391 684 554 730 ἑκατέρου
579 688 621 718 ‘ro'
639 685 672 717 θε
695 685 770 730 μάν,
788 687 948 718 λείπεται
973 686 1162 729 τάναντία,
1181 687 1281 732 ξηρὸν

277 731 336 762 καὶ
361 729 472 775 ὑγρόν.
506 731 646 773 Ὁμοίως
693 733 708 762 ἐ
731 732 790 762 καὶ
809 731 842 762 ἐν
865 734 936 768 τοῖς
959 730 1092 768 ἄλλοις·
1119 732 1153 763 ἑν
1172 731 1282 764 ἅπασι

277 775 342 820 γάρ
361 779 433 812 τοῖς
455 772 573 818 ἑφεξῆς
595 772 778 819 ἐνυπάρχει
795 775 837 807 τὸ
856 774 914 817 μὲν
935 775 1049 808 ταύτὸ
1071 776 1112 807 τό
1138 770 1166 806 δ’
1188 776 1284 807 ἐναν-

279 820 365 853 τίον,
401 817 491 850 “Ὠσθ’
522 817 595 860 ἅμα
623 814 727 855 δῆλον
761 817 815 851 ὅτι
847 819 895 850 τοὶ
924 821 985 863 μὲν
1014 818 1049 860 ἐξ
1079 820 1152 857 &vde
1177 820 1221 857 εἰς
1248 820 1281 851 ἓν

279 862 541 906 μεταβαίνοντα
559 863 629 900 ἑνὸς
648 862 833 906 φθαρέντος
846 864 997 920 χίνεται,
1018 864 1065 895 τοὶ
1081 858 1109 894 δ’
1132 863 1169 895 ἐκ
1189 860 1280 895 δυοῖν

278 906 324 944 εἰς
348 906 382 937 ἓν
415 905 592 938 πλειόνων.
627 906 706 939 Ὅτι
734 908 795 950 μὲν
820 918 877 939 ουν
906 906 1050 939 ἅπαντα
1080 908 1116 940 ἐκ.
1150 909 1281 945 παντὸς

278 952 426 995 γίνεται,
452 952 510 982 καὶ
535 952 616 982 τίνα
641 950 769 992 τρόπον
795 952 840 989 εἰς
866 950 999 988 ἄλληλα
1024 951 1215 996 μετάβασις
1232 954 1283 998 γί-

278 1005 418 1040 γνεται,
444 995 590 1039 εἴρηται.

278 1147 287 1168 Χ,
317 1146 414 1168 ,—
436 1154 440 1161 ,
469 1133 623 1169 ostquam
644 1124 787 1159 Philoso
813 1125 876 1158 hus
906 1126 1077 1170 inquisivit
1103 1137 1280 1159 numerum

293 1147 317 1230 1
332 1150 455 1235 5291,
469 1168 709 1207 elementorum
719 1180 778 1213 per
787 1137 936 1202 formalia
947 1170 1107 1214 principia
1120 1171 1280 1213 ipsorum,

272 1232 298 1242 ω
325 1208 385 1249 »ξεί
412 1215 455 1257 1‘,
469 1212 523 1245 hic
536 1212 730 1246 determinat
742 1213 782 1246 de
792 1214 1003 1257 generatione
1020 1222 1052 1246 et
1068 1214 1280 1257 corruptione

291 1263 294 1264 ’
326 1252 344 1277 ²
370 1233 453 1299 ἐξ)
470 1256 672 1297 adinvicem,
697 1265 730 1290 et
753 1257 979 1290 universaliter
1002 1265 1070 1290 tam
1085 1257 1126 1290 de
1147 1269 1281 1300 genera-

470 1301 561 1333 tione
584 1300 785 1344 simplicium
808 1313 908 1345 quarn
927 1302 1117 1334 mixtorum.
1138 1301 1180 1334 Et
1198 1302 1282 1334 circa

213 1342 280 1377 hoc
295 1342 363 1382 duo
375 1342 466 1377 facit:
483 1345 592 1388 primo
606 1344 750 1378 ostendit
762 1344 802 1378 de
815 1346 1025 1388 generatione
1043 1344 1282 1378 elementorum

213 1386 399 1422 adinvicem
427 1396 460 1420 et
490 1389 754 1432 compositorum
784 1400 824 1421 ex
852 1388 1040 1429 elementis;
1065 1389 1212 1422 secundo
1242 1388 1282 1422 de

214 1432 322 1467 eausis
348 1433 570 1475 generationis
599 1441 632 1465 et
655 1433 892 1476 corruptionis,
915 1432 977 1465 ibi:
1006 1432 1092 1475 Quia
1117 1444 1186 1467 vero
1212 1439 1284 1466 sunt

232 1475 363 1514 uaedam
381 1476 570 1519 generabilia
584 1475 600 1493 *
615 1484 676 1509 etc.
700 1476 796 1510 Circa
815 1477 960 1520 primum
977 1475 1045 1510 duo
1061 1476 1150 1510 facit:
1173 1478 1282 1522 primo

212 1487 410 1556 determinat
432 1519 472 1553 de
495 1521 706 1563 generatione
734 1519 975 1553 elementorum
1004 1520 1203 1561 adinvicem3
1234 1532 1283 1554 se-

214 1563 326 1600 cundo
341 1563 382 1597 de
401 1564 612 1607 generatione
629 1564 892 1607 compositorum
908 1576 948 1598 ex
964 1564 1145 1605 elementis,
1161 1565 1223 1598 ibi:
1235 1565 1284 1598 De

212 1607 362 1645 ‹lomemis
382 1614 486 1641 autem
509 1619 545 1641 ex
588 1607 678 1641 uibus
693 1607 709 1624 *
725 1616 785 1641 etc.
811 1608 908 1642 Circa
931 1609 1076 1652 primum
1101 1608 1168 1642 duo
1192 1610 1281 1642 sacit:

214 1652 323 1696 primo
346 1650 541 1689 determinat
579 1663 597 1685 e
613 1653 885 1694 transmutatione
908 1661 1025 1686 mutua
1043 1652 1283 1686 elementorum

212 1693 398 1730 secundum
421 1696 616 1739 opinionem
639 1696 828 1740 propriam3
862 1696 1186 1741 secundoreprobat
1209 1698 1282 1741 opi-

213 1739 332 1779 niones
362 1738 503 1773 aliorum
516 1763 525 1780 ,
556 1739 621 1773 ibi:
659 1739 816 1782 Quoniam
841 1747 942 1774 autem
968 1741 1042 1785 quia
1073 1747 1283 1775 transmutan-

213 1782 297 1825 Μ*
313 1791 375 1816 e-tc.
401 1783 498 1821 Circa
520 1784 666 1828 primum
689 1783 757 1817 duo
781 1783 873 1818 facit:
902 1785 1011 1828 primo
1035 1784 1179 1818 ostendit
1202 1797 1284 1830 quo-

213 1826 317 1861 modo
339 1826 503 1860 elementa
533 1839 572 1861 ex
605 1828 748 1861 invicem
771 1838 990 1872 generantur3
1022 1829 1168 1863 secundo
1193 1829 1284 1874 quod

213 1870 336 1911 habent
365 1882 466 1904 unam
489 1872 659 1905 materiam
682 1873 921 1916 susceptivam,
944 1874 1138 1906 existentem
1168 1874 1202 1906 in
1226 1885 1284 1918 po-

213 1915 326 1956 tentia,
341 1926 412 1949 non
427 1924 514 1955 actu,
531 1915 592 1949 ibi:
618 1915 674 1950 Sed
690 1923 790 1950 tamen
804 1916 902 1950 adhuc
916 1916 932 1934 *¹
948 1925 1008 1950 etc.
1027 1917 1123 1951 Circa
1139 1919 1284 1961 primum

214 1958 283 1995 duo
305 1957 403 1992 facit:
436 1960 546 2003 primo
574 1961 670 2004 ponit
695 1960 785 2005 quod
808 1960 948 2001 intendit
960 1973 970 2002 ;
1000 1961 1148 1995 secundo
1172 1973 1284 2005 prose-

214 2004 326 2049 quitur
348 2003 524 2043 intentum,
547 2002 610 2037 ibi:
638 2003 794 2046 Quoniam
809 2005 928 2049 quidem
943 2005 1037 2049 igitur
1052 2006 1155 2039 omnia
1166 2008 1183 2027 *
1195 2015 1256 2039 etc.

178 2066 184 2072 ·
214 2083 217 2086 Α
268 2047 360 2084 Dicit
383 2058 463 2091 ergo
480 2048 600 2091 primo,
617 2047 708 2092 quod
725 2049 802 2093 quia
817 2048 1071 2082 determinatum
1087 2058 1136 2083 est
1151 2049 1206 2083 hic
1219 2052 1237 2072 *
1253 2059 1285 2084 et

213 2091 249 2125 in
263 2091 360 2125 tertio
375 2091 459 2125 libro
479 2091 513 2125 de
531 2091 622 2126 Caelo
638 2099 665 2126 et
679 2092 811 2133 Mundo,
836 2092 926 2137 quod
950 2104 1089 2137 corpora
1111 2094 1284 2138 simplicia,

213 2134 338 2169 scilicet
356 2135 527 2176 elementa,
543 2135 728 2169 adinvicem
743 2146 951 2180 generantur,
965 2146 997 2170 et
1013 2149 1089 2170 cum
1105 2137 1169 2171 hoc
1186 2139 1284 2171 etiam

213 2179 256 2213 ad
277 2191 412 2213 sensum
435 2179 585 2213 videmus
602 2180 693 2224 quod
717 2181 787 2224 ipsa
811 2190 888 2214 sunt
911 2181 1095 2214 adinvicem
1110 2191 1282 2225 generata:

214 2224 292 2268 quia
306 2224 369 2257 nisi
386 2225 430 2257 ita
449 2233 544 2265 esset,
559 2235 628 2257 non
645 2233 730 2257 esset
746 2224 892 2258 alteratio
912 2226 996 2258 inter
1012 2237 1060 2266 ea,
1077 2237 1154 2258 cum
1173 2234 1283 2259 tamen

212 2267 384 2302 videamus
409 2267 500 2312 quod
531 2268 677 2302 alteratio
701 2268 885 2302 secundum
909 2270 1078 2313 passiones
1102 2278 1206 2302 tactus
1235 2279 1285 2303 est

213 2312 298 2345 inter
314 2323 362 2353 ea,
379 2320 412 2345 et
427 2313 517 2356 ipsae
533 2313 704 2356 passiones
719 2314 805 2346 inter
821 2324 855 2346 se
874 2313 1160 2357 praedominantes
1177 2322 1282 2347 trans-

213 2364 344 2390 mutant
359 2355 575 2389 substantiam
598 2368 716 2390 eorum
739 2357 940 2391 adinvicem:
965 2358 1124 2401 quoniam
1147 2359 1283 2402 inquam

213 2400 258 2433 ita
274 2409 333 2441 est,
346 2399 523 2434 dicendum
539 2409 589 2434 est
603 2412 693 2434 nunc
706 2402 779 2445 quis
795 2400 916 2434 modus
929 2400 1112 2434 adinvicem
1124 2410 1284 2435 transmu-

213 2444 368 2485 tationis3
393 2453 426 2478 et
449 2444 626 2478 dicendum
642 2453 691 2478 est
714 2454 826 2478 utrum
842 2446 884 2478 sit
899 2445 1055 2489 possibile
1072 2445 1162 2490 quod
1179 2446 1283 2491 quod-

213 2487 292 2522 libet
320 2487 521 2522 elementum
556 2501 596 2522 ex
630 2488 778 2533 quolibet
809 2489 973 2522 elemento
1004 2499 1199 2534 generetur,
1230 2491 1283 2524 vel

214 2535 305 2577 quod
323 2541 451 2566 tantum
475 2544 581 2566 unum
604 2542 779 2577 generetur
802 2545 841 2567 ex
865 2545 944 2574 uno,
969 2534 996 2566 si
1019 2534 1222 2578 impossibile
1241 2535 1283 2568 sit

213 2578 361 2621 generari
385 2588 424 2609 ex
447 2577 522 2610 alio.

270 2630 301 2654 2.
325 2621 456 2654 Deinde
473 2632 549 2654 cum
565 2620 658 2654 dicit:

687 2621 842 2664 Quoniam
857 2622 976 2666 quidem
995 2622 1089 2666 igitur
1111 2631 1183 2663 etc.,
1207 2634 1282 2666 pro-

214 2666 362 2710 sequitur
377 2666 550 2698 intentum.
575 2665 617 2698 Et
633 2666 717 2698 circa
732 2665 797 2698 hoc
813 2665 881 2699 duo
898 2665 989 2699 facit:
1014 2667 1122 2710 primo
1139 2666 1282 2700 ostendit

213 2709 461 2754 generationem
484 2708 724 2742 elementorum
748 2710 782 2742 in
802 2711 990 2750 communi;
1014 2710 1161 2743 secundo
1177 2711 1282 2755 magis

213 2754 249 2787 in
265 2753 408 2798 speciali,
433 2752 639 2786 ostendendo
664 2753 880 2786 differentiam
903 2755 988 2787 inter
1004 2766 1042 2787 ea
1065 2763 1226 2798 quantum
1242 2754 1283 2788 ad

214 2809 332 2831 eorum
354 2798 674 2837 transmutationem,
698 2797 759 2830 ibi:
783 2798 852 2831 Iam
875 2804 976 2831 autem
996 2798 1158 2832 secundum
1173 2810 1283 2832 unum-

213 2842 349 2887 quodque
363 2841 380 2858 *
396 2850 456 2875 etc.
481 2842 594 2875 Primo
619 2841 763 2874 ostendit
794 2841 885 2886 quod
915 2841 1076 2875 elementa
1099 2842 1282 2876 adinvicem

213 2894 484 2926 transmutantur,
508 2885 564 2919 tali
595 2886 732 2919 ratione.
757 2886 935 2919 Generatio
966 2895 1015 2919 est
1045 2898 1085 2919 ex
1113 2887 1282 2920 contrariis

214 2938 248 2964 et
270 2931 304 2963 in
328 2930 507 2970 contraria3
532 2931 644 2963 omnia
675 2930 837 2963 elementa
867 2929 988 2963 habent
1021 2932 1282 2964 contrarietatem

214 2973 420 3015 adinvicem,
448 2975 525 3018 quia
559 2986 676 3007 eorum
705 2973 904 3007 differentiae
933 2983 1010 3007 sunt
1045 2976 1223 3008 contrariae
1247 2983 1284 3008 ut

215 3027 386 3052 ostensum
402 3026 467 3051 est:
488 3029 567 3062 ergo
584 3017 745 3052 elementa
759 3018 943 3052 adinvicem
981 3027 1165 3052 enerantur.
1180 3019 1284 3052 Maio-

214 3073 285 3096 rem
307 3063 572 3106 propositionem
595 3062 782 3095 manifestat
803 3062 946 3095 inducen
971 3063 1042 3095 oin
1057 3063 1108 3095 sin
1132 3062 1194 3095 ulis
1218 3062 1283 3096 ele-

214 3107 353 3146 mentis,
379 3106 490 3140 dicens
518 3106 609 3151 quod
633 3106 795 3157 quaedam
820 3106 982 3139 elementa
1005 3118 1107 3140 secun
1131 3118 1189 3139 um
1212 3119 1282 3140 am-

214 3149 272 3184 bas
296 3149 493 3184 differentias
518 3159 775 3191 contrariantur,
800 3151 884 3184 sicut
907 3151 992 3194 ignis
1017 3159 1049 3183 et
1072 3162 1173 3195 aqua;
1197 3151 1282 3194 ignis

215 3195 304 3227 enim
323 3203 372 3228 est
397 3194 520 3227 calidus
544 3203 577 3227 et
600 3195 717 3235 siccus,
741 3206 826 3238 aqua
848 3206 928 3227 vero
952 3194 1068 3238 frigida
1084 3203 1116 3227 et
1131 3194 1281 3228 humida:

215 3238 358 3271 calidum
382 3247 492 3271 autem
524 3247 556 3271 et
586 3237 742 3281 frigidum
765 3247 842 3271 sunt
866 3239 1049 3278 contraria,
1078 3247 1111 3271 et
1134 3238 1282 3271 similiter

214 3281 391 3315 humidum
415 3291 447 3314 et
470 3283 605 3315 siccum.
632 3281 807 3322 Quaedam
831 3291 941 3315 autem
965 3283 1202 3315 contrariantur
1225 3293 1279 3315 so-

215 3325 286 3359 lum
315 3325 498 3358 secundum
529 3325 663 3359 alteram
695 3325 905 3369 qualitatem,
936 3326 1021 3358 sicut
1043 3337 1098 3358 aer
1121 3334 1160 3361 et¹
1176 3337 1281 3370 aqua:

216 3371 293 3415 quia
316 3381 371 3403 aer
394 3378 442 3402 est
466 3369 608 3411 calidus,
632 3378 665 3402 et
688 3381 772 3413 aqua
796 3378 845 3402 est
866 3369 1005 3412 frigida,
1036 3369 1094 3402 sed
1116 3370 1151 3402 in
1173 3369 1282 3402 humi-

2266 253 2268 255 ·
2306 238 2402 263 XXXV

1402 308 1484 338 quae
1508 299 1639 341 quidem
1663 306 1751 331 erant
1780 300 1871 340 igniS.
1890 301 1908 320 *
1932 301 2086 332 Confessa
2113 310 2220 334 autem
2243 312 2273 335 et
2296 305 2402 335 sensui

1402 342 1482 381 ignis
1496 343 1674 382 generatio:
1691 344 1828 374 maxime
1844 345 1929 374 enim
1945 345 2024 385 ignis
2040 346 2186 378 flamma:
2203 348 2279 379 haec
2295 355 2402 379 autem

1404 392 1450 416 est
1464 386 1574 417 fumus
1597 388 1720 426 ardens,
1745 387 1853 418 fumus
1877 395 1984 419 autem
2008 399 2045 419 ex
2060 400 2129 420 aere
2145 397 2175 421 et
2198 398 2287 422 terra.

1335 428 1353 446 '²‘
1370 429 1405 459 In
1421 429 1470 459 his
1486 437 1605 469 autem,
1616 441 1698 472 quae
1714 442 1769 471 per
1785 433 2057 472 consequentiam,
2071 444 2136 464 non
2154 435 2317 475 contingit,
2334 446 2402 467 cor·
2431 444 2440 452 ·

1403 480 1498 513 rupto
1515 474 1548 504 in
1564 481 1700 516 utroque
1718 475 1826 513 altero,
1844 476 2075 507 elementorum
2090 477 2157 508 fieri
2171 481 2403 511 transmutatio-

1403 526 1478 546 nem
1493 518 1526 547 in
1541 528 1644 549 unum
1659 527 1846 559 corporum:
1864 520 1940 560 quia
1954 521 2176 561 relinquuntur
2197 522 2231 552 in
2246 524 2402 554 ambobus

1403 567 1458 590 aut
1481 562 1591 592 eadem
1611 569 1665 593 aut
1680 563 1850 593 contraria:
1875 573 1911 594 ex
1934 572 2047 595 neutro
2063 572 2170 595 autem
2187 567 2339 607 contingit
2354 578 2404 607 ge-

1403 604 1503 634 nerari
1519 614 1653 645 corpus;
1669 607 1755 637 verbi
1778 607 1875 646 gratia
1890 608 1916 637 si
1934 608 2015 648 ignis
2038 609 2167 649 quidem
2185 618 2404 650 corrumpetur

1403 646 1540 685 siccum,
1565 649 1642 679 aeris
1666 657 1774 680 autem
1803 651 1992 690 humidum,
2015 653 2210 693 relinquetur
2233 654 2266 684 in
2294 655 2403 685 ambo-

1404 691 1462 720 bus
1479 692 1632 731 calidum3
1648 693 1674 723 si
1689 700 1797 724 autern
1813 705 1849 725 ex
1865 702 2002 736 utroque
2021 697 2169 736 calidum,
2186 698 2404 738 relinquentur

1405 735 1568 773 contraria,
1582 737 1701 767 siccum
1714 745 1744 768 et
1756 738 1936 770 humidum.
1947 740 2095 771 Similiter
2111 748 2218 772 autem
2234 749 2264 772 et
2279 743 2311 772 in
2324 742 2402 773 aliis:

1404 777 1436 807 in
1463 779 1612 809 omnibus
1637 781 1722 811 enim
1745 781 1805 820 his,
1827 792 1908 822 quae
1931 793 1987 823 per
2008 785 2277 825 consequentiam,
2302 786 2403 817 existit

1405 821 1466 851 hoc
1483 822 1614 862 quidem
1637 824 1735 863 idem,
1758 825 1820 856 hoc
1844 833 1951 857 autem
1974 828 2176 860 contrarium.
2202 829 2404 870 Quapropter

1404 865 1501 896 simul
1531 867 1755 907 manifestum,
1788 870 1941 909 quoniam
1972 881 2054 911 quae
2085 882 2122 902 ex
2149 882 2215 903 uno
2243 873 2277 903 in
2301 883 2403 904 unum

1404 916 1586 949 transeunt,
1619 921 1686 941 uno
1711 920 1860 952 corrupto
1890 922 2094 953 generantur:
2125 926 2207 957 quae
2236 923 2344 947 autern
2367 928 2404 948 ex

1405 953 1531 984 duobus
1554 954 1588 985 in
1615 965 1729 994 unum,
1753 957 1907 996 pluribus.
1932 958 1950 977 *
1975 959 2138 996 Quoniam
2167 960 2298 1001 quidem
2329 971 2403 1001 ergo
2430 967 2441 978 ⁸

1405 998 1514 1027 omnia
1537 1008 1575 1028 ex
1603 999 1693 1029 omni
1716 1008 1920 1039 generentur,
1944 1009 1974 1033 et
2001 1004 2168 1043 quomodo
2202 1004 2236 1034 in
2267 1005 2404 1036 invicem

1405 1042 1626 1073 transmutatio
1649 1051 1825 1083 generatur,
1849 1044 1970 1076 dictum
1993 1053 2048 1077 est.

1337 1126 1436 1159 ditate
1461 1129 1672 1162 conveniunt.
1699 1129 1811 1162 Simile
1835 1139 1884 1163 est
1907 1130 1947 1164 de
1963 1139 2046 1164 terra
2062 1141 2094 1165 et
2109 1133 2195 1176 igne,
2216 1142 2249 1166 et
2264 1133 2303 1167 de
2320 1143 2404 1168 terra

1336 1178 1369 1203 et
1385 1182 1478 1215 aqua.
1498 1171 1552 1204 Sic
1568 1184 1647 1216 ergo
1665 1173 1830 1209 concludit
1847 1174 1937 1218 quod
1954 1176 2178 1210 universaliter
2193 1177 2402 1211 manifestum

1337 1222 1395 1254 est,
1420 1214 1510 1258 quod
1535 1216 1705 1293 quodlibet
1727 1217 1927 1252 elementum
1951 1231 1990 1252 ex
2013 1220 2160 1264 quolibet
2182 1230 2365 1264 generatur.

1394 1269 1423 1301 3.
1447 1259 1535 1292 Dein
1559 1271 1577 1292 e
1602 1271 1677 1293 cum
1702 1260 1796 1294 dicit:
1820 1262 1889 1296 Iam
1911 1270 2011 1296 autem
2034 1265 2195 1298 secundum
2213 1266 2403 1309 unumquod—

1335 1313 1392 1346 que
1415 1311 1476 1335 etc.
1491 1327 1500 1343 ‚
1532 1303 1726 1338 determinat
1757 1305 1796 1338 de
1816 1308 2030 1349 generatione
2063 1309 2212 1351 ipsorum
2240 1310 2344 1352 magis
2369 1310 2403 1342 in

1337 1345 1480 1389 speciali.
1505 1347 1547 1380 Et
1563 1348 1647 1381 circa
1663 1348 1728 1382 hoc
1745 1349 1812 1382 duo
1828 1349 1919 1383 facit:
1945 1352 2053 1394 primo
2071 1352 2213 1386 ostendit
2231 1353 2402 1397 quomodo

1337 1401 1444 1422 unum
1467 1390 1667 1425 elementum
1692 1402 1864 1436 generetur
1888 1406 1927 1427 ex
1950 1406 2038 1435 uno;
2064 1396 2208 1429 secundo
2232 1396 2402 1440 quomodo

1338 1445 1443 1466 unum
1473 1444 1647 1478 generetur
1677 1448 1717 1469 ex
1748 1437 1878 1470 duobus
1891 1464 1900 1478 ,
1931 1438 1996 1471 ibi:
2030 1438 2062 1472 Si
2088 1446 2187 1473 autem
2213 1441 2403 1474 uniuscuius-

1337 1479 1425 1522 que*
1441 1486 1501 1511 etc.
1528 1479 1623 1512 Circa
1647 1481 1792 1523 primum
1816 1480 1883 1514 duo
1907 1481 1996 1515 facit:
2021 1483 2129 1526 primo
2154 1484 2297 1517 ostendit
2320 1496 2402 1528 quae
2429 1495 2440 1506 ⁸

1338 1530 1415 1554 sunt
1439 1533 1522 1566 quae
1546 1522 1681 1557 faciliter
1705 1533 1737 1557 et
1761 1525 1826 1557 cito
1850 1525 2033 1559 adinvicem
2057 1535 2331 1569 transmutantur;
2355 1540 2403 1561 se-

1338 1565 1448 1598 cundo
1472 1578 1555 1610 quae
1579 1576 1657 1600 sunt
1680 1580 1763 1612 quae
1787 1568 1910 1602 tardius
1933 1578 1966 1602 et
1985 1569 2167 1611 difficulter,
2186 1571 2249 1604 ibi:
2273 1573 2323 1606 Ex
2338 1574 2404 1616 igne

1338 1616 1438 1643 autem
1461 1621 1576 1655 aquam
1590 1610 1606 1628 *
1622 1620 1682 1644 etc.

1393 1654 1484 1687 Dicit
1507 1666 1586 1698 ergo
1610 1656 1730 1699 primo,
1771 1655 1839 1689 uod
1862 1656 1938 1689 licet
1961 1658 2072 1690 omnia
2096 1658 2255 1692 elementa
2283 1660 2316 1693 in
2339 1659 2404 1692 hoc

1339 1699 1537 1731 conveniant
1560 1699 1651 1743 quod
1675 1667 1845 1744 quofflibet
1868 1712 1908 1733 ex
1931 1701 2078 1744 quolibet
2100 1712 2289 1746 generatur,
2314 1703 2404 1736 diffe-

1338 1750 1415 1775 runt
1437 1743 1472 1775 in
1495 1742 1571 1783 hoc,
1589 1743 1679 1787 quod
1699 1743 1859 1788 quaedam
1883 1745 2032 1788 ipsorum
2055 1745 2181 1779 facilius
2205 1756 2237 1779 et
2261 1748 2354 1780 citius
2372 1756 2404 1781 et

1361 1785 1500 1819 uaedam
1523 1786 1646 1820 tardius
1671 1796 1703 1820 et
1727 1787 1889 1821 difficilius
1925 1789 2107 1822 adinvicem
2137 1799 2403 1824 transmutantur.

1339 1798 1581 1875 &uaecumque
1602 1832 1691 1864 enim
1707 1831 1828 1865 habent
1845 1832 2024 1877 symbolum,
2038 1833 2121 1867 idest
2142 1836 2404 1868 convenientiam

1338 1874 1373 1907 in
1396 1873 1505 1919 aliqua
1529 1874 1693 1919 qualitate,
1713 1876 1808 1909 citius
1832 1885 1865 1909 et
1887 1876 2013 1910 facilius
2036 1886 2293 1911 transmutantur
2316 1879 2405 1912 adin-

1338 1918 1463 1958 vicem,
1487 1918 1542 1951 illa
1557 1929 1636 1952 vero
1660 1931 1743 1963 quae
1766 1920 1801 1953 in
1824 1920 1914 1953 nulla
1938 1920 2092 1965 qualitate
2116 1924 2326 1963 conveniunt,
2343 1931 2404 1956 tar-

1339 1961 1412 1996 dius
1429 1971 1461 1995 et
1477 1961 1651 1996 difficilius.
1677 1964 1718 1997 Et
1741 1965 1823 1997 ratio
1846 1964 1945 1998 huius
1969 1974 2027 2005 est,
2053 1966 2129 2010 quia
2160 1977 2236 1999 cum
2260 1978 2297 1999 ea
2321 1978 2404 2011 quae

1339 2005 1460 2039 habent
1483 2006 1674 2050 symbolum
1697 2017 1965 2049 transmutantur,
1988 2020 2057 2042 non
2081 2018 2129 2042 est
2151 2021 2284 2043 necesse
2303 2019 2404 2044 trans-

1339 2051 1458 2085 mutari
1481 2051 1545 2083 nisi
1569 2059 1697 2084 tantum
1721 2051 1855 2085 alteram
1879 2052 2086 2097 qualitatem,
2111 2053 2243 2098 quando
2266 2066 2345 2087 vero
2367 2066 2404 2087 ea

1339 2106 1423 2138 quae
1446 2103 1705 2128 transmutantur
1728 2095 1911 2129 adinvicem
1935 2097 1969 2130 in
1992 2097 2083 2130 nulla
2107 2098 2260 2142 qualitate
2285 2110 2404 2131 conve—

1338 2139 1444 2178 niunt,
1469 2147 1642 2183 utramque
1667 2139 1856 2183 qualitatem
1880 2152 2012 2174 necesse
2037 2150 2086 2174 est
2108 2143 2330 2175 transmutari:
2355 2141 2402 2175 fa-

1339 2181 1432 2215 cilius
1457 2191 1567 2215 autem
1591 2191 1640 2215 est
1662 2195 1767 2216 unum
1798 2185 1982 2217 trasmutari
2007 2196 2106 2229 quam
2130 2185 2232 2229 plura.
2258 2186 2403 2219 Ulterius

1338 2235 1448 2259 autem
1471 2226 1698 2270 exemplificat,
1717 2227 1828 2261 dicens
1852 2227 1942 2272 quod
1965 2240 2004 2261 ex
2027 2230 2102 2272 igne
2126 2238 2235 2273 potest
2256 2229 2327 2263 fieri
2349 2241 2403 2263 aer

1338 2269 1449 2302 solum
1472 2270 1575 2303 altero
1599 2280 1830 2312 transmutato,
1855 2272 1978 2305 scilicet
2001 2274 2111 2313 sicco3
2134 2274 2219 2317 ignis
2243 2275 2331 2306 enim
2355 2283 2403 2307 est

1338 2314 1462 2347 calidus
1486 2323 1519 2347 et
1534 2315 1651 2355 siccus,
1676 2327 1730 2348 aer
1753 2324 1863 2348 autem
1888 2316 2010 2349 calidus
2030 2326 2062 2349 et
2085 2317 2255 2350 humidus:
2280 2319 2307 2350 si
2324 2329 2402 2361 ergo

1338 2359 1463 2391 siccum
1486 2358 1571 2402 ignis
1585 2370 1643 2402 per
1656 2359 1842 2392 dominium
1858 2359 1986 2393 humidi
2003 2370 2241 2405 corrumpatur,
2257 2370 2404 2394 remanet

1338 2401 1480 2435 calidum
1504 2411 1536 2435 et
1552 2402 1738 2443 humidum,
1763 2412 1796 2436 et
1819 2404 1865 2436 sic
1889 2405 1949 2437 erit
1972 2416 2035 2437 aer.
2061 2405 2145 2438 Item
2161 2406 2259 2438 etiam
2276 2418 2315 2438 ex
2330 2417 2403 2438 aere

1337 2447 1458 2490 poterit
1481 2445 1552 2479 fieri
1576 2458 1594 2479 a
1619 2458 1671 2487 ua,
1689 2447 1716 2480 si
1732 2459 1791 2491 per
1815 2447 2000 2481 dominium
2023 2448 2132 2492 frigidi
2156 2449 2301 2482 caliditas
2321 2450 2403 2483 aeris

1338 2499 1577 2534 corrumpatur.
1632 2490 1730 2524 odem
1754 2491 1856 2524 modo
1888 2503 1928 2524 ex
1956 2503 2040 2536 aqua
2064 2501 2168 2533 terra,
2202 2502 2234 2526 et
2257 2505 2297 2526 ex
2320 2502 2404 2526 terra

1337 2534 1438 2578 ignis:
1463 2534 1584 2567 habent
1602 2535 1691 2567 enim
1715 2534 1812 2568 ambo
1837 2537 2100 2569 convenientiam
2120 2537 2288 2570 ambobus.
2309 2542 2404 2581 Aqua

1337 2579 1426 2611 enim
1450 2587 1499 2611 est
1522 2578 1639 2622 frigida
1662 2587 1695 2612 et
1718 2578 1870 2619 humida,
1893 2588 1977 2613 terra
1999 2591 2078 2613 vero
2103 2580 2218 2625 frigida
2242 2590 2274 2614 et
2297 2582 2403 2622 sicca3

1337 2631 1369 2655 et
1392 2622 1467 2655 ideo
1491 2622 1642 2657 dominata
1658 2623 1778 2656 humido
1798 2633 1832 2664 α,
1848 2623 1932 2657 idest
1955 2624 1982 2657 si
2010 2624 2184 2658 humidum
2208 2637 2310 2669 aquae
2335 2637 2404 2658 cor-

1337 2675 1509 2710 rumpatur
1525 2678 1583 2710 per
1600 2666 1786 2700 dominium
1810 2668 1898 2708 sicci,
1921 2668 2128 2711 generabitur
2146 2677 2230 2702 terra
2249 2681 2288 2702 ex
2305 2681 2402 2713 aqua:

1336 2711 1465 2755 passive
1489 2712 1578 2744 enim
1601 2711 1721 2754 legitur
1748 2711 1782 2755 ly
1805 2712 1966 2746 dominato.
1992 2713 2075 2745 Item
2106 2724 2185 2746 vero
2216 2714 2292 2757 quia
2319 2714 2403 2756 ignis

1337 2758 1387 2788 est
1410 2754 1533 2788 calidus
1557 2763 1590 2788 et
1613 2755 1730 2796 siccus,
1754 2764 1838 2788 terra
1860 2767 1939 2789 vero
1963 2755 2079 2799 frigida
2103 2765 2135 2789 et
2158 2757 2258 2796 sicca,
2283 2758 2309 2789 si
2334 2768 2404 2790 cor-

1336 2807 1510 2843 rumpatur
1531 2798 1691 2842 frigiditas
1715 2808 1829 2839 terrae‚
1853 2799 2059 2843 generabitur
2082 2801 2166 2843 ignis
2187 2812 2225 2832 ex
2244 2809 2337 2833 terra.
2362 2801 2404 2834 Et

1337 2841 1412 2876 ideo
1433 2841 1600 2876 concludit
1623 2842 1834 2876 manifestum
1850 2855 1920 2876 esse
1938 2843 2039 2887 quod,
2061 2855 2137 2876 curn
2156 2844 2325 2888 quodlibet
2348 2856 2402 2887 ge-

1337 2895 1469 2919 neretur
1493 2899 1532 2919 ex
1563 2887 1711 2931 quolibet
1742 2896 1778 2920 ut
1813 2896 1983 2920 ostensum
2011 2896 2081 2928 est,
2114 2887 2203 2932 quod
2236 2889 2402 2931 generatio

1337 2930 1538 2974 simplicium
1563 2942 1740 2975 corporum
1764 2932 1825 2964 erit
1849 2931 2031 2971 circularis,
2059 2941 2092 2964 et
2120 2931 2303 2975 praedictus
2327 2943 2401 2964 mo-

1338 2974 1399 3008 dus
1423 2975 1705 3007 transmutationis
1737 2984 1787 3008 est
1810 2974 1934 3016 facilis,
1965 2975 2041 3019 quia
2064 2975 2184 3008 habent
2213 2975 2402 3019 symbolum

1337 3019 1371 3052 in
1395 3018 1493 3051 altera
1517 3018 1683 3062 qualitate.

1393 3062 1570 3096 Dubitatur
1593 3071 1704 3095 autem
1727 3061 1766 3095 de
1790 3062 1854 3095 hoc
1879 3061 1969 3106 quod
1992 3062 2046 3095 hic
2070 3062 2147 3095 dicit
2166 3062 2400 3106 Philosophus.

1337 3107 1428 3140 Dicit
1451 3107 1539 3139 enim
1564 3106 1664 3150 quod,
1683 3117 1759 3138 curn
1779 3105 1939 3138 elementa
1985 3117 2045 3139 uae
2069 3106 2189 3139 habent
2212 3106 2401 3150 symbolum

1337 3159 1618 3190 transmutantur,
1650 3158 1796 3182 remanet
1818 3161 1882 3182 una
1907 3118 2045 3193 quzilitas
2060 3175 2068 3190 ,
2097 3151 2182 3183 sicut
2206 3150 2338 3194 quando
2362 3162 2402 3183 ex

1337 3206 1409 3227 aere
1433 3194 1469 3226 fit
1493 3205 1598 3237 aqua,
1626 3202 1772 3226 remanet
1802 3193 2000 3226 humiditas:
2033 3203 2066 3227 et
2088 3195 2134 3226 sic
2157 3193 2286 3227 videtur
2310 3194 2400 3238 quod

1338 3246 1494 3281 corrupto
1519 3237 1667 3270 subiecto
1690 3246 1856 3270 remaneat
1879 3237 2039 3277 accidens,
2064 3237 2153 3282 quod
2177 3247 2226 3270 est
2248 3238 2401 3282 impossi-

1338 3281 1411 3314 bile.
1444 3281 1496 3314 Ad
1526 3280 1616 3324 quod
1640 3280 1826 3320 dicendum,
1851 3280 1940 3324 quod
1964 3280 2045 3314 illud
2075 3281 2223 3315 accidens
2255 3283 2323 3315 sive
2346 3282 2402 3315 illa

1361 3325 1476 3358 ualitas
1500 3336 1569 3358 non
1592 3333 1738 3358 remanet
1761 3324 1875 3357 eadem
1899 3335 2048 3366 numero,
2072 3325 2130 3359 sed
2149 3325 2263 3359 eadem
2281 3327 2399 3369 specie.

1338 3337 1404 3402 §ed
1428 3368 1535 3402 adhuc
1557 3368 1687 3402 videtur
1710 3367 1846 3402 dubium
1870 3380 2035 3402 remanere
2049 3394 2058 3410 ,
2083 3370 2158 3414 quia
2182 3381 2250 3403 non
2273 3369 2403 3403 videtur

271 3554 298 3589 α)
319 3554 457 3579 dominata
477 3553 595 3579 humido.
608 3567 627 3573 -
641 3553 796 3578 dominante
814 3552 924 3578 humido
939 3553 1009 3582 Cab5
1027 3552 1088 3577 item
1107 3552 1172 3577 infra
1185 3553 1215 3586 ly
1228 3552 1383 3578 dominante
1389 3561 1398 3583 ,·
1417 3553 1519 3578 codices
1534 3553 1611 3578 etiam
1629 3554 1711 3579 nostri
1725 3554 1851 3579 versionis
1870 3552 2036 3588 κρατηθέντος
2054 3562 2100 3587 per
2115 3555 2269 3580 dominante
2283 3555 2401 3580 reddunt.

2428 312 2440 323 ⁴·
2453 311 2522 333 Text.
2538 312 2573 334 28.

2455 443 2523 465 Text.
2537 449 2573 471 29.

2456 967 2524 989 Text.
2538 974 2575 996 30.

2455 1495 2526 1516 Num.
2541 1501 2562 1523 5.

2430 1623 2439 1632 ·
2454 1622 2526 1644 Num.
2542 1629 2592 1650 seq.
