2782 4134
452 357 475 373 a.
587 339 764 380 ostquam
784 332 1041 380 Philosophus
1057 333 1322 371 determinavit
1341 334 1388 372 de

408 382 412 395 ¹
450 395 470 426 ζ’
492 382 498 387 ⁸
540 386 570 432 ἓν
587 397 746 434 corpore
768 385 928 431 caelesti,
949 385 1054 434 quod
1074 394 1252 424 movetur
1272 388 1389 424 circu-

530 441 534 447 “
747 438 808 475 hic
828 438 1055 475 determinat
1075 440 1122 476 de
1151 448 1260 487 terra,
1292 441 1390 477 circa

383 517 406 523 ι,
465 485 473 494 '
528 489 566 521 ’δι’
586 504 703 540 quam
725 491 873 527 caelum
894 499 1072 528 movetur
1090 493 1120 529 ’ἦ
1142 493 1234 530 Non
1260 501 1389 530 autern

176 549 192 565 ‘²
318 544 476 582 intendit
490 545 550 582 hic
567 543 819 587 determinare
835 543 882 580 de
902 551 1031 583 terra·
1051 546 1264 583 secundum
1283 547 1390 594 quod

320 605 375 635 est
411 610 536 634 unum
564 604 727 646 quatuor
755 598 1052 642 elementorum;
1082 600 1150 636 sed
1178 600 1389 636 secundum

319 651 425 699 quod
462 658 519 687 est
552 657 725 687 centrum
755 649 924 686 caelestis
957 658 1100 697 motus,
1136 651 1230 688 sicut
1264 652 1310 688 de
1346 664 1390 688 ea

318 710 478 741 tractant
505 703 696 750 astrologi.
727 702 857 740 Primo
898 715 986 753 ergo
1022 703 1110 740 dicit
1138 705 1185 741 de
1223 717 1300 752 quo
1336 713 1391 742 est

318 756 497 802 intentio;
518 756 688 793 secundo
709 755 950 804 prosequitur
968 757 1220 806 propositum,
1241 758 1310 794 ibi:
1331 759 1391 795 De

311 810 499 858 positione
526 809 676 857 quidem
705 809 724 829 *
755 816 824 846 etc.

89 890 93 893 .
371 862 472 899 Dicit
488 874 576 910 ergo
597 862 721 910 primo
738 861 855 910 quod,
874 875 962 899 cum
983 863 1126 900 dictum
1142 864 1187 900 sit
1207 864 1253 901 de
1270 865 1388 910 caelo,

44 952 54 961 ,
77 921 149 944 '⁶⁴⁶
163 927 212 944 0¹¹1-
226 927 248 943 ¹³·
317 914 541 964 relinquitur
560 914 685 951 dicere
719 915 766 952 de
786 922 895 953 terra.
921 917 980 952 De
1001 929 1077 964 qua
1105 917 1172 954 tria
1190 918 1210 938 ³²
1235 917 1322 954 dicit
1350 930 1390 954 se

52 1006 56 1012 ,
75 977 216 1001 'decumus
229 985 252 1000 Α·
319 968 658 1007 determinaturum
680 969 720 1005 *z
742 968 867 1018 primo
889 969 937 1006 de
957 969 1029 1006 situ
1054 969 1146 1018 eius,
1166 970 1232 1007 ubi
1252 971 1391 1008 scilicet

48 1031 288 1070 ·’“;ὐιω,ωιιισειιιιι.
318 1022 364 1059 sit
381 1021 522 1071 posita;
543 1021 712 1058 secundo
734 1022 781 1059 de
803 1022 929 1070 quiete
950 1022 1044 1070 eius,
1065 1031 1194 1060 utrum
1215 1024 1355 1061 scilicet
1371 1026 1390 1046 *⁴

56 1071 66 1119 J
317 1075 364 1112 sit
378 1074 426 1112 de
440 1087 601 1112 numero
622 1087 758 1112 eorum
773 1087 872 1124 quae
888 1076 1094 1125 quiescunt,
1111 1078 1173 1114 vel
1189 1090 1286 1126 quae
1307 1090 1390 1114 mo-

63 1138 194 1188 ''3⁶“
205 1145 253 1161 om
275 1145 289 1160 ι»
316 1135 470 1174 ventur3
500 1128 609 1165 tertio
640 1128 687 1165 de
711 1128 833 1176 figura
862 1129 960 1176 eius,
990 1137 1118 1167 utrum
1146 1130 1286 1167 scilicet
1308 1132 1327 1152 ’²‘
1346 1132 1391 1168 sit

66 1180 72 1198 ³
185 1171 237 1188 ‘⁸⁶
250 1171 288 1188 ⁴‘
317 1181 538 1236 sphaericae
566 1181 722 1229 figurae,
743 1182 805 1219 vel
835 1182 1110 1243 cuiuscumque
1137 1183 1300 1220 alterius.

70 1279 71 1282 Ἴ
245 1254 259 1256 -
287 1250 300 1253 *⁷
370 1238 374 1239 ⁷
372 1231 579 1272 2.Deinde
609 1247 696 1271 cum
718 1234 820 1272 dicit:
841 1236 902 1272 De
921 1236 1105 1283 positione
1127 1237 1275 1285 quidem
1306 1245 1389 1285 etc.,

239 1302 254 1318 ν
267 1299 289 1318 et
318 1288 516 1347 exequitur
529 1287 782 1336 propositum.
795 1289 844 1325 Et
858 1288 982 1337 primo
997 1289 1270 1338 prosequitur*
1282 1302 1391 1338 prae-

78 1346 82 1355 ²
319 1341 417 1379 dicta
435 1341 506 1378 tria
525 1341 738 1378 secundum
758 1341 981 1390 opinionem
1010 1342 1191 1388 aliorum;
1219 1343 1390 1380 secundo

318 1395 532 1432 secundum
547 1394 759 1441 veritatem,
776 1394 844 1431 ibi:
859 1395 945 1432 Nos
959 1401 1085 1432 autem
1101 1396 1302 1433 dicamus*
1318 1405 1386 1434 etc.

319 1448 431 1485 Circa
449 1447 619 1497 primurn
647 1449 725 1485 duo
750 1447 853 1484 facit:
882 1448 1009 1496 primo
1029 1448 1138 1497 ponit
1166 1449 1277 1486 falsas
1307 1450 1387 1498 opi-

317 1501 453 1539 niones
469 1501 489 1522 '¹‘
510 1501 754 1550 quorundam
783 1500 882 1538 circa
915 1508 1073 1547 terram;
1103 1503 1274 1540 secundo
1299 1503 1388 1540 assi-

317 1562 407 1604 gnat
434 1554 545 1591 falsas
565 1553 730 1591 rationes
749 1553 911 1590 aliorum
927 1552 945 1582 β
965 1554 1063 1592 circa
1082 1567 1215 1592 veram
1233 1556 1388 1605 positio-

317 1620 407 1645 nem
422 1608 471 1645 de
486 1606 612 1655 quiete
633 1614 765 1653 terrae,
782 1606 852 1644 ibi:
872 1608 1078 1645 Haesitare
1093 1609 1170 1655 (vel
1184 1610 1387 1656 Dubitare)

316 1661 466 1710 quidem
483 1660 603 1710 igitur
617 1660 637 1681 *¹
653 1667 723 1697 etc.
741 1659 852 1697 Circa
865 1661 1034 1709 primum
1050 1661 1119 1698 tria
1138 1662 1240 1699 facit:
1260 1663 1386 1711 primo

315 1714 425 1764 ponit
453 1713 654 1762 opiniones
686 1713 849 1750 aliorum
884 1713 983 1751 circa
1011 1714 1126 1752 situm
1155 1723 1298 1762 terrae;
1328 1729 1386 1754 se-

317 1768 443 1805 cundo
473 1766 572 1804 circa
600 1766 767 1815 quietem
791 1774 828 1803 et
847 1775 1007 1815 motum,
1023 1768 1094 1805 ibi:
1123 1769 1302 1806 Similiter
1319 1782 1387 1807 au-

315 1826 389 1858 tem
408 1826 446 1857 et
461 1820 507 1857 de
525 1820 721 1857 mansione
735 1821 755 1842 *
774 1827 862 1867 etc.;
884 1820 993 1858 tertio
1019 1829 1202 1870 quantum
1221 1823 1271 1860 ad
1291 1823 1386 1871 figu-

316 1886 412 1921 ram,
433 1873 501 1910 ibi:
531 1873 710 1910 Similiter
728 1879 853 1911 autem
874 1880 911 1910 et
926 1875 973 1911 de
988 1876 1128 1924 figura
1145 1877 1164 1897 *
1186 1883 1254 1913 etc.
1277 1877 1387 1914 Circa

314 1927 484 1978 primum
511 1926 580 1964 tria
599 1927 703 1964 facit:
732 1926 858 1976 primo
877 1927 986 1977 ponit
1005 1928 1206 1977 opiniones
1227 1929 1387 1967 aliorum

316 1980 415 2018 circa
443 1980 555 2017 situm
575 1987 714 2027 terrae;
735 1980 906 2018 secundo
926 1981 1035 2030 ponit
1054 1982 1219 2020 rationes
1240 1995 1386 2031 eorum,

314 2033 387 2072 ibi:
415 2034 508 2072 Non
537 2034 589 2071 ad
615 2034 837 2082 apparentia
857 2034 878 2055 ’¹²
907 2042 994 2081 etc.;
1023 2035 1134 2072 tertio
1163 2037 1286 2085 solvit,
1315 2037 1385 2074 ibi:

318 2089 519 2136 Tanquam
549 2087 713 2124 medium
734 2088 754 2108 '¹³
784 2094 852 2124 etc.

79 495 92 507 ⁸
105 495 141 518 Cf.
152 495 203 517 lect.
215 501 230 522 1,
242 501 265 517 n.
274 501 290 517 1.

78 814 90 826 ”
101 813 173 837 Num.
188 820 239 842 seq.

315 2205 451 2231 omnes
468 2193 687 2268 philosophi
701 2193 845 2230 habent
860 2194 1024 2231 eandem
1039 2195 1275 2254 opinionem.
1293 2197 1387 2244 Qui-

70 2250 98 2295 }.:
126 2266 129 2270 ι
157 2259 206 2276 om·
216 2253 286 2276 codd
315 2259 480 2296 cumque
509 2246 611 2283 enim
629 2247 878 2295 *posuerunt
905 2254 1028 2284 totum
1057 2248 1281 2286 universum
1304 2263 1386 2287 esse

72 2310 80 2319 ··
125 2285 187 2339 ,⁴⁹¹
313 2300 518 2347 infinitum,
534 2312 614 2337 non
627 2307 835 2349 potuerunt
849 2300 1040 2349 assignare
1059 2308 1182 2339 terrae
1211 2303 1386 2340 determi-

145 2396 195 2413 a
203 2366 286 2414 ‘25⁰3
313 2361 446 2413 natum
478 2354 498 2375 ’¹‘
525 2353 658 2400 situm,
689 2365 735 2390 eo
766 2353 871 2402 quod
898 2353 937 2391 in
966 2354 1113 2391 infinito
1143 2368 1222 2393 non
1242 2364 1298 2393 est
1325 2369 1387 2394 ac-

125 2406 221 2440 onitin.
313 2419 439 2456 cipere
459 2406 632 2444 medium
653 2414 690 2443 et
709 2414 888 2444 extrema.
915 2407 992 2444 Sed
1010 2409 1139 2456 plures
1159 2421 1293 2446 eorum
1321 2410 1386 2459 qui

311 2467 524 2510 posuerunt
550 2467 674 2497 totum
693 2460 884 2498 mundum
915 2473 998 2497 esse
1026 2461 1190 2509 finitum,
1212 2462 1387 2500 dixerunt

311 2521 452 2551 terram
472 2525 555 2550 esse
575 2513 740 2562 positam
759 2513 799 2551 in
819 2514 948 2551 medio
965 2515 1110 2562 mundi,
1132 2515 1228 2552 sicut
1247 2517 1386 2553 Anaxi-

312 2567 485 2614 mander,
501 2569 760 2615 Anaxagoras,
782 2567 1039 2616 Democritus,
1062 2569 1320 2618 Empedocles
1349 2578 1386 2607 et

312 2620 433 2657 Plato.
464 2620 542 2657 Sed
575 2620 730 2669 quidam
757 2620 977 2670 philosophi
1009 2621 1074 2670 qui
1110 2622 1284 2660 dicuntur
1311 2624 1384 2672 Py-

68 2719 70 2722 ,
312 2673 506 2722 thagorici,
532 2673 571 2710 in
589 2673 759 2722 partibus
785 2673 912 2711 Italiae
937 2683 1233 2735 commorantes,
1256 2689 1274 2713 e
1296 2689 1385 2714 con-

75 2738 285 2775 semen-sou.
313 2733 370 2764 tra
399 2727 419 2748 *
447 2726 622 2764 dixerunt
658 2728 764 2775 quod
792 2727 887 2775 ignis
923 2728 1070 2776 positus
1099 2736 1156 2766 est
1187 2729 1226 2766 in
1254 2730 1382 2767 medio

79 2789 82 2791 ’
314 2779 464 2817 mundi:
494 2788 593 2817 terra
612 2787 753 2828 autem,
775 2780 825 2818 ad
844 2780 1006 2818 modum
1033 2781 1147 2819 unius
1176 2783 1382 2831 stellarum,

62 2843 98 2882 j.
110 2839 233 2861 mmm
255 2844 284 2865 ι’,
313 2841 492 2871 movetur

127 2875 130 2878 Δ
158 2863 227 2886 codd
233 2870 284 2886 m
521 2833 541 2854 *
571 2833 798 2870 circulariter
836 2834 934 2871 circa
962 2835 1134 2872 medium
1172 2837 1317 2884 mundi,
1349 2845 1385 2874 et

313 2899 383 2923 suo
403 2894 513 2924 rnotu
540 2886 627 2924 facit
646 2895 801 2924 noctem
821 2894 857 2924 et
878 2887 991 2936 diem,
1018 2888 1229 2926 secundum
1260 2890 1382 2927 diver-

313 2952 396 2977 sam
425 2940 689 2977 habitudinem
718 2940 775 2977 sui
804 2940 853 2978 ad
881 2942 1014 2979 solem.
1039 2943 1241 2980 Ponebant
1268 2943 1383 2981 etiam

367 3071 394 3103 α)
413 3071 486 3096 circa
505 3078 617 3103 quam...
632 3071 666 3096 de
684 3074 768 3096 terra.
781 3072 850 3096 -Ita
868 3072 958 3103 codd.;
979 3077 1068 3097 tamen
1087 3081 1135 3106 pro
1153 3073 1226 3099 circa
1244 3081 1331 3106 quam,
1347 3074 1386 3098 ad

312 3114 392 3140 quam
404 3106 557 3139 BDGIpEF,
571 3107 609 3131 ad
626 3114 706 3139 quam
721 3107 794 3132 circa
806 3114 886 3139 quam
901 3108 934 3138 (ῖς
950 3108 983 3133 de
996 3111 1071 3133 terra
1085 3116 1139 3134 orn.
1149 3110 1181 3133 A.
1196 3109 1215 3133 P
1230 3116 1284 3134 om.
1299 3114 1384 3134 totum

311 3142 362 3167 hoc
381 3141 587 3167 homoteleuton.

367 3175 392 3210 β)
411 3177 536 3202 aliorum.
550 3191 569 3196 -
582 3178 619 3202 Ita
630 3178 667 3209 Α;
681 3185 773 3202 eorum
788 3177 830 3209 DI,
845 3178 951 3203 illorum
967 3178 987 3202 P
1003 3183 1028 3203 et
1043 3179 1129 3204 ceteri.
1143 3193 1163 3197 -
1175 3180 1226 3204 Pro
1239 3179 1384 3205 Haesitare

301 3213 354 3238 'vel
367 3213 492 3238 dubitare
510 3213 615 3245 quidem
631 3213 727 3246 igitur,
749 3214 819 3245 quod
841 3213 938 3245 (addito
958 3214 1076 3246 quidem)
1098 3222 1158 3238 curn
1177 3215 1199 3239 A
1220 3215 1340 3246 legimus,
1362 3215 1381 3239 P

312 3248 457 3273 Haesitare
471 3251 498 3272 et
512 3248 636 3273 dubitare
648 3249 734 3277 eninm
748 3248 820 3280 quod
835 3248 911 3272 etiarn
926 3249 1003 3273 ceteri
1018 3249 1119 3274 codices
1134 3249 1238 3280 habent,
1249 3250 1297 3274 nisi
1311 3250 1382 3282 quod

312 3291 361 3316 pro
375 3284 417 3308 vel
430 3283 554 3308 dubitare
568 3289 689 3316 corrupte
702 3284 792 3315 legunt
806 3283 966 3312 indubitare,
983 3284 1174 3314 indubitarum,
1191 3285 1382 3310 indubitanter.

313 3319 353 3344 Cf.
367 3319 416 3344 loc.
431 3319 487 3350 cit„
505 3319 551 3343 ubi
570 3319 590 3343 P
610 3323 635 3343 et
653 3325 746 3343 omnes
765 3318 867 3342 codices
886 3318 1035 3343 versionem
1054 3318 1175 3344 inchoant
1193 3320 1258 3344 sicut
1276 3328 1325 3344 nos
1343 3320 1382 3344 in-

313 3354 451 3379 choamus.

366 3389 392 3422 γ)
408 3389 524 3414 medium
540 3389 641 3418 mundi,
656 3391 682 3413 et
693 3395 741 3413 suo
761 3391 859 3413 motu..
863 3395 969 3420 .quam
989 3388 1201 3414 vocabant.-1ta
1213 3389 1249 3418 Α;
1265 3390 1380 3414 medium

313 3424 416 3448 mundi.
442 3424 479 3448 Et
497 3424 636 3455 ponebant
657 3423 793 3456 quandam
817 3423 897 3448 aliam
923 3426 1024 3448 terram
1050 3424 1198 3455 oppositam
1225 3424 1270 3449 isti
1293 3428 1382 3449 terrae

312 3459 457 3484 secundum
475 3459 565 3488 situm,
585 3466 664 3491 quam
685 3459 816 3483 vocabant
830 3458 877 3487 sF;
897 3458 974 3482 ceteri
988 3466 1041 3483 om.
1056 3459 1180 3483 homotel.
1194 3463 1220 3484 et
1231 3467 1313 3484 suo...
1328 3467 1380 3484 me-

313 3495 387 3519 dium
409 3494 512 3519 mundi.
537 3494 661 3518 Mendum
687 3494 790 3526 corrigit
807 3493 827 3517 Ρ
847 3494 957 3526 legendo
981 3494 1097 3518 medium
1122 3494 1224 3518 mundi.
1250 3494 1381 3519 Similiter

309 3530 447 3562 ponebant
464 3528 547 3554 atiani
566 3532 666 3554 terram
687 3529 835 3561 oppositam
855 3528 900 3553 isti
919 3532 1015 3558 terrae,
1035 3536 1114 3560 quam
1129 3529 1267 3560 ponebant
1279 3529 1381 3554 moveri

312 3565 381 3590 sicut
400 3565 494 3594 istam,
514 3572 593 3596 quam
613 3564 758 3593 vocabant;
778 3564 818 3588 cui
838 3564 939 3588 lectioni
965 3564 1057 3588 merito
1082 3564 1224 3596 praefertur
1248 3565 1323 3589 lectio
1342 3565 1379 3594 A,

313 3608 381 3633 quae
395 3605 422 3625 et
433 3600 590 3625 conformior
605 3604 644 3624 est
656 3599 743 3628 textui,
763 3605 788 3624 et
805 3603 931 3624 structura
950 3599 1042 3623 clarior
1055 3599 1189 3628 invenitur,
1209 3604 1285 3632 atque
1299 3599 1379 3624 omis-

456 3653 524 3686 Opp.
540 3653 571 3677 D.
591 3653 704 3677 Tnomi:
723 3652 755 3677 Τ.
775 3652 815 3676 III.

1147 255 1259 292 CAP.
1290 256 1398 303 XIII,
1432 256 1583 293 LECT.
1614 257 1687 293 XX

370 2141 406 2178 3.
425 2140 526 2178 Dicit
554 2152 643 2188 ergo
680 2140 807 2189 primo
836 2140 942 2188 quod
975 2140 1023 2178 de
1057 2141 1129 2178 situ
1157 2150 1278 2180 terrae
1308 2156 1393 2188 non,

2440 273 2510 300 201

1447 342 1483 371 et
1502 335 1615 372 aliam
1643 342 1795 382 terram,
1818 335 1986 372 similiter
2010 336 2237 373 circulariter
2257 346 2403 376 motam
2419 339 2516 377 circa

1446 388 1619 425 medium
1653 388 1808 435 mundi,
1840 401 1957 437 quam
1989 390 2181 426 vocabant
2209 395 2223 416 ⁷
2252 392 2513 438 antichthona,

1447 454 1493 477 eo
1516 441 1620 490 quod
1641 449 1697 478 est
1713 442 1969 490 contraposita
1983 442 2072 479 huic
2091 450 2233 489 terrae;
2264 456 2361 491 quae
2386 453 2515 482 tamen

1446 507 1468 530 a
1487 494 1598 531 nobis
1627 495 1749 532 videri
1772 507 1851 532 non
1874 503 2014 544 potest,
2039 503 2196 545 propter
2223 497 2298 533 hoc
2324 500 2428 546 quod
2457 511 2514 535 se-

1446 547 1572 594 quitur
1590 548 1629 584 in
1662 560 1732 584 suo
1762 556 1870 585 motu
1888 555 2028 586 terram
2048 549 2176 596 istam,
2202 549 2240 585 in
2262 562 2336 598 qua
2359 563 2430 587 nos
2449 552 2513 588 ha-

1447 600 1629 647 bitamus,
1659 601 1709 637 ita
1737 601 1842 650 quod
1871 614 2023 651 semper
2043 603 2062 624 ³¹²
2082 609 2206 639 totum
2227 615 2365 652 corpus
2393 612 2513 641 terrae

1445 652 1696 702 interponitur
1719 654 1815 691 inter
1835 655 1940 692 visus
1960 662 2110 692 nostros
2131 663 2167 692 et
2186 656 2342 693 alteram
2361 664 2512 694 terram.

1445 726 1469 732 -
1481 707 1529 742 Et
1548 706 1634 742 licet
1651 707 1747 743 haec
1764 709 1783 728 Ψ
1798 708 2039 756 Pythagorici
2060 709 2227 746 dicerent
2243 710 2286 730 ’³⁶³¹‘
2301 710 2550 747 seeundum·

1446 771 1634 807 apparens
1658 772 1815 796 suorum
1834 773 2068 809 sermonum,
2093 762 2349 809 intelligebant
2372 771 2512 811 tamen,

1447 811 1705 860 metaphorice
1722 813 1957 861 loquentes‚'
1949 827 2076 862 ignem
2095 827 2178 852 esse
2198 815 2236 852 in
2256 816 2404 863 medio,
2426 817 2514 865 quia

1447 865 1550 901 calor
1578 865 1756 901 naturalis
1785 878 1830 902 ex
1859 868 1937 903 sole
1967 875 2003 904 et
2031 868 2110 905 aliis
2139 861 2252 905 stellis
2279 878 2512 918 procreatus,

1446 930 1567 966 usque
1584 918 1633 955 ad
1646 918 1818 955 medium
1835 920 1968 956 mundi
1982 921 2168 969 pertingit,
2181 922 2312 959 omnia
2326 923 2513 971 quodam-

1447 971 1566 1008 modo
1584 978 1874 1020 contemperans
1891 980 1926 1009 et
1942 986 2185 1012 conservans.
2203 976 2365 1012 Terram
2385 984 2512 1013 autem

1447 1024 1623 1061 dicebant
1658 1037 1740 1061 esse
1770 1026 1937 1072 stellam,
1976 1027 2066 1074 quia
2095 1029 2114 1049 '³⁵
2144 1036 2199 1065 est
2228 1041 2341 1066 causa
2369 1029 2442 1066 diei
2478 1037 2514 1067 et

1446 1077 1567 1114 noctis
1595 1090 1664 1126 per
1696 1090 1806 1114 suam
1835 1078 2096 1117 habitudinem
2120 1083 2168 1118 ad
2188 1082 2320 1119 solem.
2351 1084 2513 1120 Terram

1447 1138 1575 1167 autem
1604 1130 1717 1167 aliam
1752 1132 1944 1169 vocabant
1971 1133 2121 1170 lunam:
2154 1135 2216 1171 vel
2249 1135 2338 1184 quia
2367 1136 2514 1173 obsistit

1446 1183 1557 1220 solari
1576 1183 1709 1220 lumini
1729 1181 1753 1230 δ,
1775 1183 1870 1221 sicut
1885 1193 1920 1222 et
1934 1193 2043 1233 terra,
2060 1194 2101 1223 ut
2114 1187 2152 1223 in
2173 1187 2372 1236 eclipsibus
2391 1197 2511 1238 patet3

1445 1237 1508 1274 vel
1528 1236 1617 1296 quia
1638 1244 1693 1273 est
1711 1237 1896 1274 terminus
1916 1239 2133 1276 caelestium
2154 1253 2360 1290 corporum
2378 1255 2513 1279 versus

1445 1302 1528 1337 nos,
1550 1290 1646 1326 sicut
1665 1297 1702 1326 et
1720 1297 1818 1327 terra
1838 1299 1892 1328 est
1911 1292 2094 1330 terminus
2116 1294 2403 1332 elementorum.

1498 1354 1536 1390 4.
1557 1343 1707 1380 Deinde
1737 1356 1823 1380 cum
1853 1344 1956 1382 dicit:
1985 1347 2076 1383 Non
2105 1347 2157 1383 ad
2178 1349 2399 1396 apparentia
2429 1355 2510 1396 etc.,

1445 1395 1552 1455 ponit
1581 1396 1743 1433 rationes
1771 1397 1791 1417 ’¹‘
1815 1410 1961 1436 eorum.
1993 1400 2042 1436 Et
2070 1400 2167 1436 circa
2195 1401 2269 1437 hoc
2298 1401 2374 1438 duo
2405 1401 2510 1438 facit:

1444 1449 1570 1498 primo
1589 1450 1697 1498 ponit
1716 1450 1933 1498 qualitatem
1954 1452 2139 1489 rationis*
2161 1465 2312 1499 eorum;
2343 1455 2511 1492 secundo

1443 1502 1552 1551 ponit
1561 1502 1662 1551 ipsas
1673 1503 1850 1551 rationes,
1866 1504 1935 1541 ibi:
1951 1505 2296 1543 Honorabilissimo
2307 1508 2431 1544 enim*
2442 1516 2510 1545 etc.

1500 1556 1610 1592 Circa
1637 1555 1805 1605 primum
1825 1558 1902 1594 duo
1922 1558 2028 1595 facit:
2049 1559 2173 1607 primo
2202 1560 2310 1608 ponit
2339 1561 2512 1609 qualibus

1444 1609 1652 1646 rationibus
1685 1610 1925 1658 Pythagorici
1953 1612 2166 1649 utebantur.
2197 1613 2246 1649 Et
2284 1613 2370 1650 dicit
2406 1615 2512 1661 quod

1444 1662 1719 1711 Pythagorici*
1734 1675 1814 1700 non
1834 1665 2067 1712 quaerebant
2085 1666 2159 1702 hoc
2179 1666 2297 1703 modo
2317 1672 2328 1687 ‘
2347 1667 2512 1704 rationes

1444 1724 1480 1753 et
1508 1728 1661 1763 causas,
1692 1723 1733 1752 ut
1761 1717 1993 1765 applicarent
2021 1730 2085 1755 eas
2113 1719 2162 1755 ad
2192 1731 2236 1756 ea
2271 1732 2368 1768 quae
2399 1733 2512 1757 sensu

1443 1777 1642 1818 apparent;
1659 1769 1727 1806 sed
1740 1770 1759 1790 *
1771 1782 1792 1806 e
1809 1783 1997 1808 converso
2010 1784 2054 1808 ea
2070 1784 2169 1820 quae
2186 1785 2299 1810 sensu
2315 1782 2510 1822 apparent,

1444 1823 1681 1860 conabantur
1700 1823 1895 1871 reducere,
1918 1832 1953 1861 et
1980 1837 2050 1873 per
2068 1825 2262 1873 quandam
2290 1827 2513 1864 violentiam

1441 1877 1627 1913 attrahere
1657 1876 1706 1913 ad
1735 1877 1921 1925 quasdam
1960 1878 2125 1915 rationes
2155 1886 2191 1915 et
2219 1879 2421 1928 opiniones
2459 1880 2513 1917 in-

1440 1929 1648 1978 telligibiles
1671 1930 1701 1976 *,
1728 1942 1823 1978 quas
1848 1930 1918 1979 ipsi
1946 1931 2268 1980 praecogitabant.
2296 1934 2413 1980 Quod
2433 1933 2513 1982 qui-

1442 1983 1531 2020 dem
1553 1983 1786 2020 conveniens
1807 1991 1862 2020 est
1890 1984 1928 2021 in
1955 1985 2013 2021 his
2033 1997 2131 2034 quae
2160 1986 2208 2022 ab
2227 1986 2384 2023 homine
2403 1987 2512 2035 fiunt,

1430 2049 1607 2086 quorum
1639 2036 1869 2086 principium
1904 2046 1959 2074 est
1996 2038 2204 2076 intellectus
2233 2040 2446 2077 humanus:
2475 2040 2513 2077 in

1440 2090 1498 2127 his
1527 2098 1656 2127 autem
1686 2103 1785 2139 quae
1811 2098 1889 2127 arte
1910 2091 2040 2128 divina
2068 2100 2155 2129 sunt
2178 2093 2286 2140 facta,
2313 2101 2464 2142 oportet
2492 2106 2512 2130 e

1442 2155 1630 2181 converso
1661 2155 1706 2180 ex
1734 2143 1824 2193 ipsis
1862 2144 2042 2193 operibus
2070 2158 2168 2194 quae
2197 2146 2391 2192 videntur,
2423 2159 2512 2183 con-

1441 2197 1606 2233 siderare
1627 2209 1788 2245 operum
1819 2197 1982 2234 rationes
2003 2198 2034 2235 ξε
2055 2198 2150 2236 sicut
2178 2199 2308 2236 artifex
2337 2212 2382 2236 ex
2406 2201 2426 2219 ⁴*
2455 2213 2513 2236 ra-

1441 2249 1607 2287 tionibus
1629 2251 1648 2271 *
1676 2251 1966 2299 praeconceptis
1995 2252 2175 2289 assimilat
2204 2252 2364 2290 domum
2393 2265 2511 2300 quam

1440 2303 1544 2350 facit,
1573 2304 1641 2341 sed
1670 2303 1902 2352 quicumque
1941 2304 2035 2341 alius
2063 2305 2211 2342 videret
2240 2305 2398 2343 domum
2432 2306 2510 2343 iam

1440 2357 1595 2404 factam,
1624 2369 1669 2394 ex
1696 2356 1780 2406 ipso
1810 2370 1926 2406 opere
1954 2357 2037 2394 viso
2069 2358 2326 2396 consideraret
2345 2360 2364 2380 ’⁸
2386 2359 2511 2408 operis

1441 2410 1617 2447 rationes.

1495 2463 1674 2500 Secundo
1704 2463 1772 2500 ibi:
1801 2463 1937 2500 Multis
1964 2470 2090 2501 autem
2120 2465 2244 2513 utique
2273 2473 2354 2512 etc.,
2386 2473 2510 2503 osten-

1440 2516 1493 2554 dit
1512 2516 1617 2565 quod
1638 2516 1782 2553 eisdem
1813 2516 2020 2554 rationibus
2040 2518 2393 2566 Pythagoricorum,
2414 2520 2510 2556 mul-

1439 2577 1499 2607 tos
1526 2571 1547 2591 *
1575 2569 1668 2606 alios
1699 2569 1879 2619 possibile
1909 2578 1963 2607 est
2001 2571 2161 2608 moveri.
2199 2573 2248 2608 Et
2285 2572 2372 2609 dicit
2406 2573 2510 2621 quod

1439 2623 1565 2660 multis
1603 2623 1682 2660 aliis
1722 2630 1872 2673 praeter
1908 2624 2180 2672 Pythagoricos
2216 2625 2337 2662 videri
2372 2626 2511 2685 poterit

1439 2676 1546 2724 quod
1566 2689 1644 2713 non
1665 2684 1840 2726 oporteat
1865 2677 2073 2714 mediam··
2096 2678 2291 2726 regionem
2308 2679 2510 2753 *assignare

1439 2738 1576 2776 terrae;
1599 2729 1692 2767 dum
1711 2730 2004 2768 conS1derant1d
2019 2731 2123 2779 quod
2145 2733 2327 2780 oportet*
2343 2732 2508 2779 credere,

1439 2796 1518 2820 non
1537 2795 1582 2820 ex
1601 2783 1659 2820 his
1679 2795 1776 2832 quae
1797 2791 1991 2832 apparent,
2009 2785 2076 2821 sed
2096 2785 2216 2832 magis
2237 2797 2282 2822 ex
2301 2785 2508 2833 intelligibi-

1439 2837 1536 2873 libus
1557 2836 1933 2883 rationibus.-Quod
1949 2837 2105 2886 quidem
2118 2839 2225 2874 *non
2246 2838 2334 2875 dicit
2348 2839 2544 2886 quasi*ss

1438 2890 1553 2937 aliqui
1581 2897 1731 2938 praeter
1764 2890 2036 2938 Pythagoricos
2070 2891 2144 2927 hoc
2177 2899 2387 2939 posuerunt
2421 2899 2507 2928 ante

1438 2943 1700 2989 Aristotelem;
1726 2943 1792 2980 sed
1822 2943 1911 2991 quia
1939 2943 2119 2992 possibile
2149 2951 2227 2980 erat
2255 2943 2348 2980 alios
2377 2956 2422 2980 ex
2450 2944 2507 2980 his

1439 3074 1519 3098 sionis
1540 3075 1649 3098 aliorum
1669 3074 1787 3098 codicum
1805 3074 1930 3097 rationem
1950 3073 2051 3097 indicat.
2065 3087 2083 3091 -
2096 3072 2245 3097 immediate
2264 3080 2312 3105 pro
2324 3073 2506 3104 antichthona,

1438 3109 1639 3134 antichthonum
1660 3109 1733 3133 solus
1752 3109 1789 3138 A;
1815 3109 1861 3132 sed
1885 3109 1943 3132 lect.
1963 3115 2019 3140 seq.
2039 3116 2065 3132 n.
2082 3115 2108 3138 2,
2128 3113 2183 3132 tum
2204 3108 2224 3131 P
2244 3112 2299 3132 tum
2319 3116 2410 3133 omnes
2430 3110 2506 3134 codd.

1439 3144 1535 3169 habent
1552 3144 1763 3169 antichthonum.

1491 3178 1516 3213 δ)
1538 3180 1578 3204 vel
1597 3179 1659 3212 quia
1678 3179 1784 3203 obsistit
1806 3178 1889 3203 solari
1913 3178 2015 3202 lumini.
2029 3192 2050 3197 -
2062 3178 2102 3202 vel
2119 3177 2182 3209 quia
2201 3178 2305 3202 obsistit
2323 3186 2375 3202 om.
2388 3179 2425 3207 A.
2445 3187 2505 3204 mox

1438 3219 1531 3243 autem,
1551 3220 1611 3246 post
1631 3221 1722 3239 versus
1741 3221 1796 3242 nos,
1816 3213 1981 3245 prosequitur
2000 3213 2040 3237 vel
2058 3213 2121 3245 quia
2134 3213 2238 3237 obsistit
2255 3213 2384 3238 solarium
2398 3215 2467 3239 sicut
2478 3218 2505 3239 et

1437 3253 1512 3274 terra
1530 3256 1598 3281 quae
1615 3252 1655 3274 est
1674 3254 1722 3273 etc.
1741 3249 1792 3272 Pro
1810 3248 1906 3277 solari,
1926 3249 1990 3272 luna
2009 3248 2046 3278 G,
2065 3248 2157 3272 lunari
2174 3253 2222 3272 cet.
2237 3256 2290 3273 exc.
2303 3249 2333 3273 A.

1491 3284 1513 3318 ε)
1533 3285 1582 3309 hoc
1601 3284 1688 3309 modo.
1702 3297 1722 3301 -
1743 3284 1778 3307 Ita
1796 3284 1833 3313 A;
1852 3283 2018 3307 solummodo
2038 3283 2069 3312 Ρ,
2089 3283 2233 3308 secundum
2253 3284 2368 3308 debitum
2395 3285 2502 3309 modum

1437 3320 1484 3349 sF,
1504 3320 1552 3344 sed
1571 3319 1678 3343 modum
1699 3323 1746 3343 cet.
1766 3326 1819 3342 exc.
1834 3318 1868 3347 E;
1883 3319 1927 3350 qui
1941 3326 1966 3349 p.
1978 3326 2012 3342 m.
2028 3318 2105 3342 habet
2123 3326 2183 3348 ras„
2197 3326 2218 3343 s.
2234 3326 2270 3343 m.
2284 3326 2371 3344 sermo
2390 3323 2502 3344 natura-

1435 3355 1497 3379 liter
1512 3353 1564 3387 (?).
1584 3354 1672 3378 Lectio
1691 3354 1710 3377 P
1730 3353 1794 3377 forte
1814 3358 1854 3377 est
1873 3354 1996 3377 correctio
2016 3361 2063 3385 pro
2081 3353 2128 3378 sed
2147 3354 2264 3379 modum.

1489 3388 1514 3422 ζ)
1535 3392 1641 3420 oportet
1654 3396 1668 3413 e
1685 3395 1843 3413 converso...
1859 3395 1967 3419 operum
1984 3389 2110 3413 rationes.
2123 3403 2141 3406 -
2156 3389 2190 3413 Ita
2208 3390 2231 3413 A
2237 3397 2244 3419 ;
2260 3390 2279 3413 P
2294 3393 2400 3421 oportet
2413 3397 2427 3414 e
2439 3397 2501 3415 con-

1436 3431 1511 3448 verso
1531 3424 1602 3456 quod
1621 3424 1672 3455 ipsi
1690 3430 1727 3447 ex
1745 3423 1944 3454 operationibus
1968 3431 2035 3455 quae
2057 3424 2182 3448 videntur
2199 3425 2367 3449 considerent
2391 3432 2501 3457 operum

1436 3459 1567 3488 rationes;
1587 3459 1675 3482 BDEF
1695 3461 1799 3490 oportet
1817 3466 1831 3483 e
1848 3466 1975 3483 converso
1993 3459 2065 3491 quod
2084 3459 2135 3490 ipsi
2154 3459 2207 3491 (ex
2225 3460 2289 3491 ipsis
2309 3461 2358 3492 sF)
2378 3461 2501 3492 operibus

1435 3501 1502 3527 quae
1517 3494 1642 3518 videntur
1654 3494 1827 3518 considerant
1841 3494 2053 3525 (considerentur
2067 3494 2113 3525 sF)
2124 3499 2180 3523 etc.,
2192 3495 2222 3519 CI
2233 3498 2338 3526 oportet
2347 3503 2361 3520 e
2373 3503 2500 3521 converso

1434 3529 1506 3561 quod
1524 3529 1575 3560 ipsi
1594 3529 1642 3560 (ex
1661 3529 1724 3560 ipsis
1739 3528 1773 3561 sl)
1793 3529 1915 3560 operibus
1929 3536 1996 3561 quae
2009 3529 2133 3554 videntur
2146 3530 2352 3555 considerantur
2371 3531 2500 3563 (conside-

1435 3567 1529 3588 rentur
1541 3563 1576 3595 sl)
1592 3569 1648 3592 etc.,
1663 3564 1687 3588 G
1701 3567 1808 3595 oportet
1821 3571 1835 3588 e
1846 3572 1973 3589 converso
1992 3565 2063 3597 quod
2081 3566 2278 3597 operationibus
2291 3566 2324 3598 (s.
2339 3574 2375 3591 m.
2388 3573 2426 3591 ex
2439 3573 2499 3598 ope·

1435 3598 1593 3633 rationibus)
1608 3606 1676 3631 quae
1691 3599 1816 3624 videntur
1835 3600 2006 3625 considerant
2024 3606 2071 3625 etc.

2287 3653 2319 3678 26

2541 613 2552 623 ⁴
2562 619 2608 640 per
2622 620 2642 635 Ρ.

2567 714 2624 736 haec
2639 721 2686 737 om.
2701 723 2714 737 r
2733 721 2755 739 et

2541 741 2610 761 codd.
2621 748 2670 763 exc.
2677 749 2698 764 Α.

2554 767 2687 790 'dixerunt
2701 776 2754 797 rac,

2542 793 2645 815 dixerint
2652 799 2695 816 cet.
2704 802 2754 818 exc.

2541 826 2563 841 A.

2542 1036 2549 1045 ¹¹
2564 1041 2625 1063 quae
2638 1042 2660 1057 Α.

2539 1408 2550 1419 ⁸
2567 1408 2683 1430 rationem
2698 1416 2720 1431 P.

2541 1462 2690 1488 'positionis
2704 1469 2717 1483 P
2731 1466 2754 1484 et

2541 1488 2610 1509 codd.
2621 1494 2670 1510 exc.
2681 1495 2704 1510 Α.

2540 1516 2548 1524 “
2565 1514 2636 1536 Num.
2651 1521 2700 1543 seq.

2541 1678 2549 1686 '¹
2564 1676 2611 1704 ipsi
2623 1683 2646 1698 n.

2642 1714 2652 1729 ε

2541 1782 2638 1811 'potius
2647 1781 2700 1804 add
2712 1788 2752 1804 co-

2541 1808 2611 1829 dices.

2542 1941 2550 1949 ·
2570 1940 2754 1963 inaestimabiles

2541 1973 2554 1988 ι’
2563 1971 2583 1988 et
2594 1968 2663 1989 codd.
2674 1974 2722 1989 exc.
2730 1975 2751 1990 Α.

2542 2004 2552 2008 -
2563 1994 2702 2021 cogitabant
2714 2001 2737 2016 Α.

2538 2236 2548 2247 “
2563 2236 2586 2257 in
2601 2243 2622 2258 ι-·.
2637 2205 2651 2234 ζ

2539 2264 2548 2272 ·
2563 2264 2672 2291 operibus
2685 2271 2706 2286 ε.

2539 2366 2547 2374 ·
2564 2366 2701 2388 considerat
2710 2374 2750 2389 co-

2539 2391 2609 2413 dices.

2538 2582 2549 2592 *
2563 2582 2681 2604 multoties
2695 2590 2707 2605 Ρ
2726 2588 2750 2606 et

2539 2609 2608 2631 codd.
2622 2616 2672 2631 exc.
2686 2617 2708 2632 Α.

2538 2686 2626 2708 medii
2628 2694 2650 2714 Λ;
2657 2687 2686 2709 cf.
2693 2691 2748 2710 text.

2538 2744 2546 2753 '
2562 2747 2674 2770 oporteat
2686 2752 2707 2766 r.

2536 2844 2644 2871 'quidem
2652 2851 2699 2866 om.
2709 2852 2748 2867 An.

2572 2871 2634 2898 quod
2642 2878 2656 2892 P
2671 2875 2692 2892 et
2708 2878 2748 2893 c-o

2536 2897 2599 2919 dices
2614 2904 2663 2919 exc.
2677 2904 2699 2920 Α.
