2782 4134
118 590 127 599 '¹
142 588 200 617 quid

117 698 127 707 ·
142 696 206 717 Lect.
222 695 326 723 praeced.

214 529 236 554 Υ,

212 595 233 610 Α.

116 729 139 744 n.
149 729 162 744 2
177 728 212 750 sq.

215 749 229 774 δ

113 1326 124 1337 ·“
137 1325 180 1346 hoc
194 1325 227 1346 rb.

111 1535 288 1562 consequenter
295 1539 322 1555 Pe

110 1561 156 1582 ab.

111 1644 120 1653 ¹
135 1650 150 1665 a
164 1643 216 1665 add.
230 1650 252 1665 Α.

133 2436 204 2458 Num.
219 2442 266 2464 seq.

108 2542 190 2581 ‘Cap
205 2548 250 2568 vn,
268 2547 292 2562 n.
307 2547 318 2562 2

108 2575 172 2596 sqq-3
181 2568 205 2590 S.
212 2558 256 2590 Th’.
267 2568 319 2589 lect.

108 2602 147 2623 ιιι,
163 2601 185 2616 n.
199 2602 215 2622 4
229 2600 280 2622 sqq.

143 2743 157 2751 ,ι

205 2485 218 2510 Θ

205 2711 214 2726 Ι,

355 287 430 339 308

352 372 508 415 propter
527 364 690 401 rationes
718 363 957 412 praemissas.
988 363 1097 400 Unde
1119 361 1206 398 dicit
1226 361 1329 410 quod
1349 373 1414 396 ne-

354 431 428 466 que
456 418 680 467 ponendum
709 424 764 453 est
790 423 942 475 puncta,
973 428 1070 464 quae
1099 422 1227 451 carent
1254 413 1412 450 omnino

354 470 632 519 magnitudine,
664 481 745 506 esse
775 469 943 517 corporis
971 467 1186 514 materiam,
1217 478 1315 515 quae
1344 466 1413 503 sci-

353 524 439 561 licet
457 523 525 561 sit⁷
545 523 755 560 subiectum
775 521 982 569 augmenti3
1005 533 1130 569 neque
1152 519 1264 556 etiam
1283 515 1412 566 lineas,

355 589 452 626 quae
481 576 691 613 secundum
712 575 852 623 aliquid
868 574 888 595 ‘¹‘
917 580 1043 610 carent
1063 572 1334 632 magnitudine.
1365 573 1415 609 Et

354 630 427 666 hoc
445 637 601 678 propter
627 628 774 665 easdem
794 638 939 672 causaS,
960 626 1056 663 idest
1074 633 1251 699 propter&
1249 625 1413 663 rationes

355 682 525 731 superius
544 681 806 739 *assignatast
837 679 926 727 quia
945 691 1100 715 necesse
1122 676 1251 716 esset⁸
1269 686 1410 727 puncta

355 743 390 771 et
417 735 533 771 lineas
562 733 761 782 separatim
788 743 857 781 per
879 744 920 768 se
949 731 1118 780 existere,
1147 739 1211 768 aut
1228 732 1267 768 in
1286 732 1411 791 aliquo

354 799 512 836 corpore
528 798 624 831 esse;
647 793 682 822 et
696 785 748 821 sic
763 792 1009 832 sequerentur
1027 786 1163 823 eadem
1183 797 1280 834 quae
1295 785 1410 833 prius.

407 852 441 876 2.
473 839 649 876 Secundo
678 838 728 874 ibi
754 843 780 873 ἐ
809 837 911 874 Illud
944 843 1069 875 autem
1104 845 1191 885 etc.,
1221 838 1413 886 improbat

352 893 426 929 hoc
444 904 513 940 per
534 891 656 940 ipsam
683 890 912 938 positionem
932 891 1230 939 Platonicorum,
1261 890 1325 939 qui
1343 903 1412 939 po-

352 945 493 982 nebant
520 944 625 991 quod
658 943 924 980 mathematica
954 951 1059 980 erant
1090 943 1297 981 substantia
1330 956 1412 980 cor-

350 1009 489 1046 porum
517 996 755 1033 naturalium.
786 997 835 1032 Et
854 996 942 1045 quia
969 1004 1110 1045 puncta
1131 1004 1166 1033 et
1185 996 1305 1033 lineae
1325 1003 1411 1033 sunt

351 1049 498 1086 termini
528 1049 831 1095 dimensionum,
862 1049 957 1086 sicut
984 1050 1106 1086 forma
1143 1056 1198 1086 est
1226 1049 1410 1086 terminus

350 1102 540 1149 materiae,
551 1102 747 1150 ponebant
761 1102 867 1149 quod
881 1102 973 1139 illud
989 1102 1093 1151 quod
1107 1114 1176 1150 per
1190 1102 1411 1139 huiusmodi

349 1155 585 1202 terminatur,
617 1161 715 1191 esset
742 1154 900 1191 materia
928 1167 1153 1204 corporum:
1183 1155 1253 1203 ipsi
1282 1163 1410 1192 autem

349 1207 497 1245 termini
535 1207 655 1255 magis
691 1220 731 1244 se
759 1208 901 1244 habent
927 1208 967 1244 in
996 1208 1139 1245 ratione
1174 1208 1332 1245 formae.
1362 1209 1411 1245 Et

348 1262 423 1298 hoc
452 1268 506 1297 est
534 1260 638 1308 quod
667 1260 765 1308 dicit,
787 1260 892 1309 quod
920 1261 1021 1307 illud,
1052 1261 1191 1298 scilicet
1219 1261 1408 1298 dimensio

349 1315 410 1351 vel
438 1313 679 1361 magnitudo,
715 1313 820 1350 cuius
848 1314 941 1351 haec
968 1313 1003 1360 ³⁸,
1034 1314 1174 1351 scilicet
1205 1322 1347 1362 puncta
1375 1322 1411 1351 et

347 1367 481 1413 lineae,
506 1373 593 1403 sunt
618 1365 761 1414 ultima,
792 1373 872 1403 erat
898 1367 1057 1404 materia
1085 1367 1298 1404 secundum
1326 1367 1410 1404 Pla-

348 1419 505 1457 tonieos.

404 1474 438 1510 3.
472 1471 601 1509 Tertio
636 1471 708 1508 ibi:
743 1483 857 1520 quam
891 1483 1085 1521 nunquam
1120 1481 1211 1520 etc.,
1247 1473 1410 1511 ostendit

350 1524 635 1562 communiter*
649 1525 754 1573 quod
773 1524 863 1562 nihil
886 1526 1024 1562 horum
1045 1533 1170 1574 potest
1190 1538 1271 1563 esse
1292 1534 1409 1563 mate-

349 1579 403 1616 ria
427 1590 643 1627 corporum.
674 1577 775 1624 Qu'ia
803 1578 953 1624 scilicet,
974 1578 1187 1616 secundum
1217 1591 1299 1626 eos,
1329 1591 1409 1616 ma-

348 1632 550 1668 thematica
578 1638 664 1667 sunt
692 1638 864 1679 separata
883 1643 906 1668 a
925 1631 1055 1668 formis
1083 1632 1316 1669 naturalibus
1337 1640 1372 1669 et
1389 1632 1410 1654 '¹‘

348 1684 588 1734 passionibus
617 1684 875 1731 sensibilibus,
906 1684 1001 1721 sicut
1028 1685 1239 1722 secundum
1267 1685 1408 1722 intelle-

350 1745 472 1784 ctum,
502 1737 551 1773 ita
580 1744 616 1773 et
649 1737 861 1774 secundum
895 1749 998 1784 esse3
1033 1738 1100 1775 sed
1134 1738 1293 1775 materia
1330 1751 1409 1775 non

348 1798 472 1840 potest
491 1789 655 1838 separari
670 1803 692 1826 a
711 1790 842 1826 formis
862 1790 1094 1827 naturalibus
1115 1798 1151 1827 et
1168 1791 1408 1839 passionibus

348 1843 586 1881 sensibilibus
614 1842 644 1888 ζ;
674 1855 763 1890 ergo
791 1843 1024 1891 impossibile
1054 1851 1109 1880 est
1136 1843 1242 1891 quod
1267 1844 1409 1892 aliquid

347 1896 701 1933 mathematicorum
715 1896 762 1933 sit
775 1896 931 1933 materia
947 1909 1152 1945 corporum
1168 1897 1407 1935 naturalium.

401 1949 530 1986 Primo
560 1961 648 1996 ergo
676 1949 857 1997 proponit
888 1949 1061 1986 medium
1080 1955 1094 1973 ‘⁷
1123 1961 1213 1986 suae
1243 1950 1407 1998 rationis,

350 2002 494 2039 dicens:
524 2013 650 2050 quam,
671 2002 810 2038 scilicet
837 2002 1049 2050 materiam,
1074 2014 1199 2051 neque
1227 2003 1408 2051 possibile

349 2062 404 2091 est
432 2067 514 2091 esse
552 2054 631 2091 sine
662 2055 859 2103 passione,
888 2055 984 2092 idest
1016 2055 1181 2104 passibili
1219 2056 1407 2104 qualitate,

347 2120 471 2156 neque
500 2107 578 2144 sine
607 2108 750 2155 forma,
779 2109 841 2144 vel
869 2110 1044 2156 morphe,
1075 2109 1179 2157 quod
1207 2108 1311 2146 idem
1332 2117 1407 2147 est:

347 2160 427 2197 sine
456 2160 593 2210 quibus
621 2167 770 2209 tamen,
798 2161 1016 2211 {secundum
1054 2161 1287 2209 Platonicos,
1323 2170 1410 2200 sunt

347 2213 626 2250 mathematica.

399 2277 435 2313 4.
458 2266 636 2303 Secundo
656 2266 724 2303 ibi:
749 2267 961 2303 Generatur
988 2267 1135 2315 quidem
1165 2275 1247 2314 etc.,
1271 2268 1409 2316 probat

347 2319 450 2368 quod
478 2326 745 2368 supposuerat:
776 2326 811 2356 et
846 2319 972 2368 primo
1011 2320 1115 2368 quod
1143 2320 1302 2357 materia
1329 2333 1409 2358 non

345 2372 464 2420 possit
483 2384 564 2408 esse
593 2372 673 2409 sine
701 2372 841 2419 forma;
871 2373 1041 2410 secundo
1061 2373 1165 2422 quod
1184 2386 1263 2410 non
1290 2374 1409 2422 possit

348 2437 429 2462 esse
449 2425 527 2462 sine
542 2425 731 2473 passione,
748 2425 817 2462 ibi:
843 2426 1030 2467 Quoniam
1050 2432 1176 2464 autem
1196 2426 1282 2464 est*
1302 2434 1406 2464 etc.-

346 2477 446 2515 Dicit
474 2490 562 2526 ergo
581 2478 707 2527 primo
728 2478 843 2527 quod,
866 2478 961 2516 sicut
981 2478 1095 2516 etiam
1116 2479 1155 2516 in
1174 2479 1253 2516 aliis
1273 2479 1375 2517 libris
1395 2478 1408 2501 ⁰

347 2531 638 2568 determinatum
665 2539 729 2578 est,
750 2538 842 2580 puta
869 2531 907 2568 in
936 2533 950 2568 I
970 2533 1119 2580 Physic.
1139 2532 1170 2580 ²¹²,
1193 2532 1409 2581 simpliciter

346 2591 544 2632 generatur
566 2585 723 2621 alterurn
745 2596 788 2621 ex
809 2585 937 2621 altero.
961 2585 1020 2622 Fit
1040 2585 1141 2622 enim
1160 2586 1407 2634 unumquod-

346 2649 420 2685 que
441 2649 486 2673 ex
505 2637 687 2684 subiecto,
708 2638 812 2686 quod
837 2645 892 2675 est
911 2637 1080 2675 materia.
1112 2638 1274 2687 Oportet
1292 2638 1406 2676 etiarn

346 2690 450 2739 quod
486 2690 525 2727 id
562 2691 666 2739 quod
693 2698 913 2738 generatur,
943 2698 1142 2738 generetur
1166 2698 1173 2711 ¹
1201 2692 1249 2728 ab
1279 2692 1404 2741 aliquo

396 2849 422 2882 γ)
442 2856 509 2881 quae
527 2848 624 2873 scilicet
642 2849 686 2873 sit.
698 2862 717 2868 -
731 2856 798 2881 quae
816 2849 915 2874 scilicet
932 2849 987 2874 sint
1001 2849 1086 2879 PCab,
1101 2850 1239 2875 referendo
1253 2851 1285 2875 ad
1295 2854 1407 2882 puncta.

396 2883 420 2917 ὂ)
441 2891 543 2909 necesse
561 2887 636 2909 esset.
654 2898 671 2902 -
691 2891 793 2909 neccsse
811 2887 851 2909 est
869 2884 954 2910 PCab.
972 2898 991 2905 -
1010 2885 1059 2909 Pro
1073 2889 1177 2917 puncta
1196 2889 1222 2911 et
1234 2886 1325 2916 lineas,
1336 2894 1408 2918 pun-

343 2922 399 2944 ctos
412 2922 459 2943 aut
478 2919 560 2944 lineas
573 2919 604 2944 A.
617 2932 635 2939 —-
650 2919 699 2943 Pro
712 2919 803 2944 eadem
818 2926 886 2952 quae
893 2919 980 2952 prius,
995 2920 1086 2945 eadem
1102 2928 1169 2954 quae
1181 2922 1303 2953 superius
1317 2925 1407 2947 secuta

343 2957 405 2979 sunt
424 2954 507 2978 PCab.

397 2990 418 3021 ε)
435 2989 556 3014 Secundo
571 2989 615 3014 ibi.
628 3002 646 3008 ·-
660 2989 765 3014 Deinde
783 2997 842 3014 cum
859 2989 930 3018 dicit,
945 2994 970 3014 et
985 2990 1048 3015 infra
1061 2998 1108 3023 pro
1122 2990 1211 3016 Tertio
1225 2991 1267 3021 ibi,
1285 2992 1406 3017 Secundo

344 3024 379 3049 ibi
398 3024 481 3049 PCab.
503 3025 624 3049 Lectione
642 3025 759 3057 praeced.
774 3033 799 3049 n.
816 3032 843 3054 2,
864 3025 889 3049 in
904 3025 1029 3050 divisione
1047 3030 1141 3056 textus,
1161 3034 1182 3051 s.
1192 3026 1242 3051 Th.
1258 3026 1317 3051 dicit
1336 3028 1406 3059 quod

344 3060 494 3084 Aristoteles
513 3060 604 3092 probat
623 3060 785 3092 propositum
809 3060 956 3093 dupliciter,
979 3068 1074 3093 nempe
1094 3066 1119 3086 et
1137 3069 1167 3086 ex
1186 3067 1258 3094 parte
1276 3063 1406 3092 materiae,

345 3102 391 3119 seu
411 3094 515 3119 subiecti
541 3096 685 3127 augmenti,
709 3100 734 3119 et
752 3095 851 3120 ratione
876 3100 979 3128 accepta
998 3104 1027 3120 ex
1047 3101 1137 3121 natura
1160 3097 1240 3129 ipsius
1267 3098 1405 3129 augmenti.

345 3129 507 3154 Manifestum
526 3134 566 3154 est
584 3135 670 3154 autem
689 3131 759 3163 quod
779 3131 828 3155 hoc
847 3131 989 3155 secundum
1009 3130 1037 3155 fit
1055 3131 1080 3156 in
1100 3132 1191 3156 ultimo
1209 3140 1319 3157 numero
1333 3140 1406 3165 prae-

345 3165 424 3189 sentis
443 3165 568 3190 lectionis.
593 3165 679 3190 Prima
697 3171 783 3190 autem
809 3173 869 3198 pars
888 3166 913 3190 in
933 3166 997 3191 duas
1017 3166 1148 3196 dividitur,
1173 3168 1315 3192 secundum
1335 3169 1406 3200 quod

345 3200 450 3224 materia
468 3200 589 3232 accipitur
607 3201 647 3224 vel
667 3201 734 3225 iuxta
752 3201 900 3234 opinionem
924 3202 1005 3234 ipsius
1024 3202 1185 3232 Aristotelis,
1204 3203 1245 3227 vel
1265 3203 1331 3227 iuxta
1350 3203 1406 3236 opi-

345 3235 449 3259 nionem
467 3235 664 3260 Platonicorum.
684 3235 799 3260 Primum
815 3236 962 3261 membrum
975 3236 1051 3261 huius
1065 3237 1248 3262 subdivisionis
1264 3238 1406 3263 absolvitur

345 3269 370 3294 in
389 3270 506 3302 praeced.
526 3270 647 3295 lectione:
667 3271 775 3296 alterum
795 3271 820 3295 in
840 3272 955 3304 quinque
979 3272 1108 3304 prioribus
1131 3274 1246 3298 numeris
1265 3272 1342 3298 huius
1361 3281 1406 3298 xm

346 3305 469 3330 lectionis.
494 3305 561 3330 Cum
580 3313 641 3338 ergo
661 3306 685 3330 in
704 3306 788 3338 primo
807 3315 879 3331 num.
898 3307 1041 3340 praesentis
1066 3307 1182 3333 lectionis
1209 3309 1306 3333 dicatur
1326 3309 1405 3341 quod.

346 3340 505 3364 considerata
519 3341 595 3364 etiarn
608 3341 712 3365 materia
731 3342 873 3366 secundum
892 3342 1040 3374 opinionem
1059 3343 1260 3374 Platonicorum,
1274 3343 1406 3376 tripliciter

345 3374 488 3399 ostenditur
506 3376 575 3407 quod
595 3375 655 3400 nihil
675 3383 764 3400 carens
784 3384 950 3409 quocumque
965 3378 1043 3402 modo
1058 3378 1233 3410 magnitudine
1247 3383 1333 3419 potest
1347 3386 1406 3403 esse

347 3409 489 3434 subiectum
509 3411 646 3442 augmenti,
661 3416 730 3442 patet
749 3411 859 3443 primam
878 3412 1055 3444 probationem
1075 3413 1199 3438 contineri
1218 3414 1243 3438 in
1262 3414 1319 3454 ipso
1333 3421 1405 3439 num.

347 3443 444 3475 primo,
465 3445 603 3469 secundam
622 3445 647 3469 in
667 3446 793 3477 secundo,
811 3447 912 3471 tertiam
937 3455 1000 3472 vero
1019 3448 1045 3472 in
1064 3449 1155 3473 ceteris
1179 3449 1294 3473 numeris
1319 3456 1405 3481 usque

347 3478 379 3502 ad
398 3486 469 3503 num.
488 3478 503 3502 6
523 3480 657 3504 exclusive.
676 3481 735 3504 Ideo
754 3465 929 3506 existimamus
955 3483 1093 3514 legendum
1115 3491 1173 3508 esse
1194 3484 1315 3509 Secundo
1335 3484 1396 3509 ibi..

351 3512 439 3537 Tertio
459 3514 501 3538 ibi.
521 3515 599 3538 Secus
619 3515 700 3544 enim,
720 3516 750 3540 ad
770 3516 899 3541 habendas
919 3522 971 3542 tres
995 3518 1173 3550 probationes,
1194 3520 1302 3543 alterum
1322 3527 1404 3543 mem-

346 3547 423 3572 brum
442 3548 539 3580 primae
559 3549 688 3574 divisionis
708 3550 776 3581 (lect.
790 3559 874 3583 praec.
894 3560 919 3576 n.
934 3552 959 3583 2)
979 3558 1109 3584 oporteret
1134 3554 1227 3578 includi
1247 3554 1271 3578 in
1290 3554 1339 3578 sul
1343 3554 1403 3578 divi-

347 3582 420 3607 sione
439 3583 513 3615 primi
532 3584 648 3614 membri,
669 3585 739 3616 quod
759 3590 797 3609 est
815 3587 921 3611 omnino
940 3587 1134 3612 inconveniens:
1154 3589 1246 3613 divisio
1264 3589 1333 3613 enim
1351 3588 1404 3614 fieri

348 3617 423 3642 debet
442 3626 487 3650 per
506 3619 622 3643 membra
637 3627 703 3651 quae
717 3627 745 3644 se
765 3620 872 3645 invicem
887 3622 1066 3646 excludunt.—
1079 3623 1129 3647 Pro
1138 3623 1307 3655 positionem,
1323 3624 1404 3649 ratio-

856 285 927 320 DE
957 283 1343 321 GENERATIONE
1372 281 1443 318 ET
1474 279 1858 318 CORRUPTIONE
1888 282 1982 319 LIB.
2013 283 2027 318 I

1469 367 1602 407 agente
1633 367 1716 397 ente
1745 360 1783 397 in
1812 368 1899 397 actu
1927 367 1991 397 aut
2016 361 2281 410 homogeneos,
2306 362 2403 400 idest
2430 365 2535 413 quod

1469 412 1515 449 sit
1529 413 1661 450 saltem
1674 413 1787 450 unius
1806 413 1965 461 generis,
1987 420 2051 450 aut
2068 414 2295 473 homoideos,
2315 415 2412 453 idest
2431 418 2534 466 quod

1469 465 1516 502 sit
1555 466 1670 503 unius
1712 466 1857 503 formae
1893 467 1956 504 vel
1998 466 2137 515 speciei
2176 469 2242 526 (et
2282 469 2536 518 exemplificat

1469 518 1575 566 quod
1609 518 1702 567 ignis
1736 527 1940 578 generatur
1976 520 2023 556 ab
2062 519 2149 567 igne
2186 520 2282 557 sicut
2318 521 2367 558 ab
2400 531 2534 570 agente

1467 571 1579 608 unius
1607 572 1765 620 speciei,
1806 580 1842 609 et
1875 572 1970 609 sicut
2002 573 2123 609 homo
2160 580 2361 620 generatur
2387 575 2436 611 ab
2464 575 2535 613 ho-

1468 625 1605 672 mine):
1635 633 1699 662 aut
1736 632 1886 674 oportet
1914 625 2019 674 quod
2053 626 2186 662 saltem
2215 626 2263 662 ab
2292 626 2419 676 aliquo
2448 635 2534 666 actu

1469 678 1659 726 existente,
1680 678 1761 715 sive
1780 679 1829 715 ab
1849 678 1997 715 actione
2017 678 2174 715 alicuius
2194 686 2280 716 actu
2309 680 2496 718 existentis
2507 688 2532 729 κ,

1468 731 1609 780 aliquid
1628 738 1840 779 generetur,
1863 731 1976 768 etiam
1995 731 2025 768 si
2045 743 2230 779 generans
2249 744 2328 770 non
2347 733 2392 770 sit
2411 734 2533 772 simile

1467 792 1646 832 generato
1675 784 1714 821 in
1741 796 1879 832 genere
1908 797 1976 821 seu
2005 784 2148 833 specie,
2179 785 2275 822 sicut
2303 785 2442 823 durum
2470 799 2533 836 ge-

1467 845 1621 874 neratur
1640 849 1662 874 a
1680 849 1760 873 non
1789 837 1898 885 duro,
1918 844 2010 886 puta
2039 850 2126 874 cum
2154 838 2212 874 lac
2239 838 2437 876 induratur
2463 853 2537 890 per-

1457 890 1593 938 ignem
1608 889 1639 926 ²¹⁸.

1521 942 1714 990 Contingit
1741 949 1870 978 autem
1898 943 2004 991 quod
2022 942 2177 992 aliquod
2205 944 2347 982 factum
2375 957 2455 982 non
2474 957 2538 985 as-.

1466 995 1650 1031 similatur
1686 994 1724 1031 in
1763 995 1887 1031 forma
1915 995 2064 1043 agenti,
2093 1008 2172 1033 uno
2201 997 2359 1044 quidem
2387 997 2530 1046 modo,

1466 1048 1554 1096 quia
1573 1047 1663 1084 illud
1682 1048 1824 1084 facturn
1853 1059 1933 1083 non
1951 1047 2078 1096 primo
2107 1056 2143 1085 et
2159 1061 2230 1097 per
2257 1062 2297 1086 se
2326 1051 2533 1099 respondet

1465 1100 1626 1147 facienti,
1648 1100 1717 1137 sed
1743 1112 1813 1148 per
1831 1099 2020 1147 accidens,
2041 1100 2122 1138 sive
2149 1114 2219 1150 per
2235 1103 2437 1150 posterius.
2458 1106 2534 1142 Per

1465 1153 1641 1190 accidens
1675 1152 1852 1201 quidem,
1883 1152 1978 1189 sicut
2005 1153 2175 1191 musicus
2207 1162 2335 1203 sanat,
2370 1168 2450 1193 non
2477 1157 2532 1194 in-

1465 1214 1650 1256 quantum
1685 1213 1740 1242 est
1775 1205 1964 1253 musicus,
1994 1206 2061 1243 sed
2098 1205 2326 1255 inquantum
2364 1216 2420 1246 est
2451 1221 2532 1246 me-

1466 1259 1591 1297 dicus:
1621 1258 1787 1296 sanitatis
1817 1258 1918 1295 enim
1946 1258 2151 1296 similitudo
2176 1257 2189 1280 ³
2217 1272 2296 1298 non
2316 1269 2372 1298 est
2390 1261 2428 1299 in
2448 1274 2532 1299 mu-

1465 1313 1542 1350 sico
1580 1313 1804 1361 inquantum
1839 1318 1896 1348 est
1921 1310 1942 1333 '¹'
1976 1312 2162 1360 musicus,
2200 1312 2267 1350 sed
2304 1313 2532 1363 inquantum

1465 1373 1522 1402 est
1540 1365 1724 1413 medicus,
1740 1364 1805 1414 qui
1823 1376 1892 1413 per
1910 1365 2076 1402 formam
2096 1364 2262 1403 sanitatis
2280 1378 2398 1415 quam
2416 1368 2534 1405 habet

1465 1418 1503 1455 in
1532 1418 1670 1465 anima,
1691 1418 1779 1455 facit
1806 1417 2005 1454 sanitatem
2032 1418 2071 1454 in
2101 1430 2273 1467 corpore.
2303 1420 2378 1457 Per
2405 1428 2531 1470 poste-

1465 1471 1541 1508 rius
1569 1479 1718 1518 autem,
1753 1470 1847 1508 sicut
1875 1483 1963 1507 cum
2002 1470 2160 1520 qualitas
2189 1471 2324 1509 effecta
2353 1480 2409 1510 est
2440 1473 2531 1511 effe-

1466 1532 1546 1561 ctus
1576 1536 1815 1572 consequens
1849 1523 2016 1572 aliquam
2050 1524 2260 1572 primarum
2289 1525 2530 1574 qualitatum3

1465 1577 1560 1614 sicut
1587 1577 1726 1614 sanitas
1755 1584 1931 1613 causatur
1960 1588 2004 1613 ex
2032 1576 2158 1625 aliqua
2185 1577 2376 1616 medicina
2395 1578 2530 1629 calida,

1463 1643 1533 1690 per
1561 1631 1728 1667 calorem
1752 1641 1869 1677 quem
1898 1629 1985 1666 facit
2011 1628 2050 1666 in
2079 1642 2258 1679 corpore,
2288 1631 2464 1680 quamvis
2491 1632 2531 1670 in

1464 1684 1546 1732 ipsa
1574 1682 1764 1720 medicina
1792 1695 1871 1719 non
1890 1682 1936 1719 sit
1954 1682 2079 1719 forma
2098 1683 2318 1721 sanitatis.—

1463 1749 1532 1786 per
1550 1737 1624 1773 hoc
1644 1736 1750 1784 quod
1778 1747 1893 1783 agens
1922 1735 1996 1783 agit
2018 1735 2360 1775 instrumentaliter.
2390 1739 2530 1776 Instru-

1464 1797 1637 1827 mentum
1659 1788 1761 1825 enirn
1783 1800 1863 1826 non
1886 1788 1960 1836 agit
1986 1788 2026 1824 in
2043 1787 2065 1810 ³¹²
2091 1788 2227 1826 virtute
2246 1790 2424 1839 propriae
2453 1791 2528 1829 for-

1464 1843 1562 1890 mae,
1588 1842 1655 1879 sed
1674 1841 1900 1890 inquantum
1928 1848 2108 1878 movetur
2125 1854 2148 1878 a
2166 1842 2363 1891 principali
2382 1851 2528 1892 agente,

1464 1895 1570 1944 quod
1597 1907 1667 1943 per
1694 1906 1804 1931 suam
1836 1894 2002 1931 formam
2030 1893 2116 1942 agit.
2145 1895 2258 1932 Unde
2287 1895 2445 1934 effectus
2472 1909 2530 1934 as-

1463 1948 1647 1986 similatur
1674 1947 1712 1984 in
1739 1947 1873 1993 forma,
1894 1959 1972 1984 non
1992 1947 2149 1995 quidem
2176 1947 2440 1996 instrumento,
2461 1949 2530 1988 sed

1463 2000 1659 2051 principali
1679 1999 1820 2048 agenti;
1846 1999 1942 2037 sicut
1961 2000 2101 2037 domus
2121 2012 2220 2048 quae
2240 2001 2283 2038 fit
2301 2001 2340 2038 in
2359 2002 2529 2051 materia,

1464 2054 1690 2092 assimilatur
1707 2059 1727 2080 Ι*
1756 2053 1889 2090 domui
1917 2065 2016 2100 quae
2037 2060 2092 2090 est
2110 2053 2150 2090 in
2169 2061 2297 2091 mente
2325 2054 2530 2093 aedifican-

1462 2108 1520 2156 tis,
1541 2120 1620 2144 non
1648 2113 1777 2144 autem
1802 2105 1924 2143 securi
1953 2114 2016 2143 aut
2034 2106 2174 2153 asciae3
2205 2114 2240 2144 et
2267 2108 2388 2145 homo
2416 2120 2531 2157 gene-

1463 2168 1565 2198 ratus
1598 2159 1822 2197 assimilatur
1858 2158 1897 2196 in
1925 2159 2052 2208 specie
2087 2159 2185 2209 patri
2211 2160 2422 2220 generanti,
2450 2173 2531 2200 non

1463 2221 1592 2251 autem
1613 2212 1760 2250 semini.
1778 2211 1961 2260 -Tertio‚
1978 2212 2134 2261 quando
2149 2213 2308 2251 materia
2326 2213 2532 2263 patientis*

1464 2279 1543 2304 non
1572 2273 1628 2303 est
1654 2265 1945 2315 proportionata
1982 2266 2030 2303 ad
2068 2265 2328 2315 recipiendum
2363 2267 2530 2305 formam

1463 2319 1625 2368 agentis,
1655 2325 1812 2368 propter
1847 2317 1944 2355 illius
1982 2318 2263 2367 excellentiam,
2299 2319 2366 2358 sed
2400 2320 2532 2371 recipit

1463 2372 1604 2422 aliquid
1633 2372 1780 2419 minus;
1809 2371 1903 2408 sicut
1934 2378 2038 2420 patet
2060 2371 2081 2393 '¹‘
2107 2372 2147 2409 in
2175 2371 2402 2411 animalibus
2430 2385 2535 2423 quae.

1462 2433 1690 2474 generantur
1717 2425 1798 2462 sine
1827 2424 1972 2461 semine
2002 2436 2047 2461 ex
2073 2424 2210 2462 virtute
2238 2426 2338 2463 solis.
2365 2427 2416 2464 Et
2441 2427 2530 2465 inde

1463 2486 1520 2516 est
1539 2479 1651 2516 etiam
1665 2477 1685 2500 '¹‘
1704 2477 1811 2527 quod
1825 2477 1982 2514 effectus
2001 2489 2081 2514 non
2099 2477 2327 2516 assimilatur
2345 2478 2384 2516 in
2403 2479 2530 2529 specie

1463 2531 1587 2580 agenti
1615 2538 1775 2578 remoto,
1797 2530 1865 2567 sed
1883 2529 2120 2579 propinquo;
2150 2538 2191 2568 ut
2218 2531 2338 2569 homo
2367 2532 2527 2582 homini,

1463 2597 1541 2622 non
1570 2592 1699 2622 autem
1719 2583 1799 2631 soli,
1821 2583 1997 2632 quamvis
2015 2584 2137 2620 homo
2157 2592 2310 2632 generet
2329 2584 2529 2623 hominem

1463 2645 1500 2675 et
1527 2638 1604 2686 sol,
1633 2645 1674 2674 ut
1703 2636 1838 2674 dicitur
1865 2636 1904 2673 in
1933 2637 1965 2673 11
1993 2636 2143 2685 Physic.
2165 2636 2186 2658 ³¹²

1517 2690 1622 2728 Sicut
1640 2698 1769 2727 autem
1788 2689 2095 2738 unumquodque
2109 2698 2310 2738 generatur
2328 2690 2377 2728 ab
2397 2698 2531 2740 agente
2556 2678 2583 2727 ἒξ

1461 2858 1519 2876 nem
1535 2852 1572 2881 A;
1592 2859 1640 2883 pro
1659 2850 1860 2880 mathematica,
1879 2857 1995 2882 corpora
2019 2849 2208 2876 mathematica
2227 2850 2281 2879 Ca,·
2300 2857 2347 2883 pro
2365 2850 2530 2882 substantia,

1460 2886 1577 2912 subiecta
1596 2886 1641 2916 Pb,
1662 2886 1788 2911 incertum
1807 2886 1838 2910 A.

1502 2921 1539 2954 -ζ)
1558 2921 1627 2946 sicut
1651 2921 1795 2946 secundum
1820 2921 2012 2946 intellectum...
2028 2919 2202 2945 sensibilibus.
2219 2932 2238 2940 —
2255 2921 2313 2945 Hoc
2334 2919 2530 2946 homoteleuton

1460 2964 1514 2981 om.
1526 2958 1562 2986 A;
1583 2964 1630 2989 pro
1650 2957 1689 2982 ita
1707 2959 1740 2986 et,
1756 2959 1783 2981 et
1797 2956 1836 2981 ita
1854 2959 1881 2981 et
1895 2956 1958 2981 Pab.
1969 2969 1988 2974 —
2002 2956 2053 2980 Pro
2073 2956 2144 2988 quod
2161 2956 2265 2988 aliquid
2279 2956 2529 2982 mathematicorum

1459 2992 1502 3021 sit,
1521 2991 1626 3024 aliquid
1644 2991 1892 3017 mathematicorum
1912 2998 1967 3016 esse
1986 2990 2070 3015 Peab.

1513 3027 1541 3059 η)
1558 3027 1653 3052 Primo
1667 3034 1732 3060 ergo
1741 3026 1872 3058 proponit
1886 3026 2011 3051 medium.
2023 3039 2042 3045 —
2056 3025 2113 3050 Hoc
2131 3033 2184 3050 orn.
2200 3026 2246 3056 Ca,
2262 3026 2309 3051 sed
2322 3025 2351 3056 C,
2365 3031 2395 3052 ut
2408 3026 2528 3060 corrigat,

1459 3070 1512 3087 om.
1532 3063 1609 3087 etiam
1627 3069 1693 3087 suae
1712 3062 1827 3087 rationis
1850 3061 1949 3086 dicens.
1966 3075 1986 3080 -
2004 3061 2054 3086 Pro
2072 3068 2151 3094 quam
2171 3061 2271 3087 scilicet
2290 3061 2447 3093 materiam,
2465 3062 2530 3095 quia

1460 3097 1574 3123 materia
1590 3097 1648 3122 edd.
1667 3104 1684 3122 a
1695 3097 1721 3126 b,
1742 3097 1813 3130 quod
1829 3097 1971 3122 materiam
1985 3096 2019 3125 Ρ,
2039 3097 2102 3128 quia
2116 3097 2257 3122 materiam
2273 3096 2306 3127 C;
2320 3097 2448 3129 passione
2461 3097 2530 3124 idest

1459 3140 1513 3157 om.
1534 3132 1624 3160 PCab:
1643 3133 1685 3157 νει
1703 3132 1813 3164 morphe
1831 3131 1904 3164 quod
1926 3131 1994 3156 idem
2014 3135 2054 3156 est
2071 3139 2124 3156 om.
2139 3131 2167 3161 Ρ,
2179 3133 2247 3164 Αειυίιι
2265 3132 2307 3157 ed.
2318 3139 2337 3157 a
2352 3139 2401 3165 pro
2419 3133 2530 3165 morphe

1459 3172 1581 3200 corrupte
1597 3167 1658 3199 legit
1672 3168 1786 3192 materia
1801 3165 1925 3200 (mophea
1938 3167 1970 3196 A,
1985 3167 2112 3200 morphea
2127 3167 2180 3196 cb,·
2198 3167 2224 3192 in
2236 3167 2357 3192 versione
2369 3174 2417 3201 pro
2424 3167 2528 3202 soma.

1460 3210 1519 3228 mor
1537 3203 1586 3228 hea
1605 3203 1661 3227 cod.
1680 3203 1737 3227 Vat.
1754 3202 1849 3235 2071).

1512 3210 1537 3271 ἔ
1558 3237 1632 3262 Dicit
1650 3244 1749 3271 ergo...
1764 3237 1879 3262 lim-is.-
1892 3237 1967 3262 Dicit
1987 3244 2053 3271 ergo
2072 3237 2144 3270 quod
2161 3237 2231 3285 sicut
2249 3237 2275 3262 in
2290 3237 2352 3263 aliis
2370 3237 2438 3263 libro
2457 3237 2529 3271 (alio

1458 3238 1537 3298 libro)
1546 3273 1590 3301 Pb,
1608 3273 1670 3298 aliis
1689 3273 1717 3298 Ii.
1736 3272 1768 3307 C)
1788 3273 1874 3298 Pcab.

1513 3308 1531 3341 ι)
1550 3311 1734 3342 generetur.—
1748 3308 1821 3341 quod
1833 3310 1978 3341 generetur
1991 3309 2021 3337 A,
2037 3308 2159 3333 omittunt
2174 3307 2238 3333 Cab.
2251 3321 2270 3327 -
2288 3311 2349 3333 ente
2364 3308 2390 3333 in
2405 3308 2530 3333 omittunt

1459 3343 1516 3373 PC,
1544 3344 1604 3376 quia
1622 3343 1664 3368 ab
1684 3348 1804 3377 corrupte
1829 3343 1909 3368 enim.
1926 3357 1945 3362 -
1962 3343 2025 3368 Post
2051 3343 2196 3368 secundum
2220 3343 2293 3376 quod
2315 3343 2363 3373 sit,
2388 3343 2412 3368 A
2436 3343 2530 3377 repetit

1458 3379 1561 3404 saltem.

1513 3414 1537 3446 κ)
1557 3414 1647 3450 quod
1647 3414 1768 3439 saltem..
1771 3413 1943 3439 ‚existentia
1962 3428 1980 3433 —
1999 3413 2071 3447 quod
2094 3414 2189 3439 saltem
2214 3414 2247 3439 ab
2271 3413 2362 3446 aliquo
2387 3416 2449 3439 actu
2468 3412 2528 3438 exi-

1458 3449 1552 3474 stentis
1570 3450 1601 3473 A.

1512 3483 1540 3516 λ)
1559 3485 1685 3509 sanitatis
1704 3485 1773 3509 enim
1793 3484 1950 3509 similitudo.
1964 3498 1983 3503 -
2001 3484 2069 3509 enim
2089 3491 2143 3509 om.
2162 3484 2202 3509 ed.
2217 3491 2248 3513 a,
2267 3486 2355 3509 autem
2375 3483 2450 3512 PAb3
2469 3488 2528 3508 ante

1459 3519 1615 3549 similitudo,
1631 3519 1766 3553 effectivae
1784 3520 1853 3544 addit
1867 3521 1897 3550 A,
1913 3524 1938 3544 et
1952 3519 2015 3544 infra
2028 3527 2076 3552 pro
2092 3519 2207 3551 qualitas
2221 3519 2313 3553 effecta
2332 3518 2395 3551 legit
2412 3518 2528 3551 qualitas

1459 3561 1473 3578 e
1494 3554 1587 3579 ectiva.

1466 3554 1498 3588 ff
1514 3590 1542 3623 μ.)
1562 3589 1735 3619 assimilatur,
1753 3602 1772 3608 -
1791 3590 1847 3614 Hoc
1866 3596 1919 3614 om.
1936 3589 2019 3614 Peab.
2033 3603 2052 3608 -
2067 3589 2117 3614 Pro
2135 3588 2317 3622 aedificantis,
2337 3587 2527 3621 aedificatoris,

1460 3629 1485 3649 et
1504 3632 1551 3657 pro
1570 3627 1723 3657 generatus,
1742 3624 1906 3657 generaliter
1924 3625 1956 3649 A.

2335 1685 2536 1734 Secundo,

2556 2387 2769 2417 wammam

2556 2495 2568 2506 ⁸
2582 2494 2655 2517 enan
2669 2482 2755 2518 omfs.

2559 904 2570 915 '
2584 904 2614 926 ab
2628 904 2684 933 igne
2696 910 2719 927 Α.

2655 1268 2674 1294 λ

2557 1332 2570 1344 ’
2583 1334 2621 1354 eet
2633 1338 2682 1355 om.
2696 1333 2763 1356 reah.

2555 1808 2565 1817 ·
2579 1807 2604 1829 iu
2618 1813 2667 1830 om.
2680 1807 2747 1830 mh.

2653 2075 2672 2102 μ.

2778 2174 2782 2191 l

2557 2229 2740 2258 'postcummun
2745 2197 2782 2280 ui
