<?xml version="1.0" encoding="UTF-8"?>
<!DOCTYPE html PUBLIC "-//W3C//DTD XHTML 1.0 Transitional//EN"
    "http://www.w3.org/TR/xhtml1/DTD/xhtml1-transitional.dtd">
<html xmlns="http://www.w3.org/1999/xhtml" xml:lang="en" lang="en">
 <head>
  <title>
</title>
<meta http-equiv="Content-Type" content="text/html;charset=utf-8" />
  <meta name='ocr-system' content='tesseract 3.04.00' />
  <meta name='ocr-capabilities' content='ocr_page ocr_carea ocr_par ocr_line ocrx_word'/>
</head>
<body>
  <div class='ocr_page' id='page_1' title='image "./operaomniaiussui03thom/operaomniaiussui03thom_0366.png"; bbox 0 0 2782 4134; ppageno 0'>
   <div class='ocr_carea' id='block_1_1' title="bbox 357 268 2035 307">
    <p class='ocr_par' dir='ltr' id='par_1_1' title="bbox 357 268 2035 307">
     <span class='ocr_line' id='line_1_1' title="bbox 357 268 2035 307; baseline -0.001 -1"><span class='ocrx_word' id='word_1_1' title='bbox 357 270 431 306; x_wconf 87' lang='lat'><strong>322</strong></span> <span class='ocrx_word' id='word_1_2' title='bbox 861 270 932 307; x_wconf 95' lang='lat' dir='ltr'><strong>DE</strong></span> <span class='ocrx_word' id='word_1_3' title='bbox 962 269 1351 307; x_wconf 90' lang='lat' dir='ltr'><strong>GENERATIONE</strong></span> <span class='ocrx_word' id='word_1_4' title='bbox 1381 269 1452 305; x_wconf 94' lang='lat' dir='ltr'><strong>ET</strong></span> <span class='ocrx_word' id='word_1_5' title='bbox 1482 268 1866 305; x_wconf 91' lang='lat' dir='ltr'>CORRUPTIONE</span> <span class='ocrx_word' id='word_1_6' title='bbox 1896 268 1990 304; x_wconf 91' lang='lat' dir='ltr'>LIB.</span> <span class='ocrx_word' id='word_1_7' title='bbox 2022 269 2035 304; x_wconf 95' lang='lat' dir='ltr'>I</span> 
     </span>
    </p>
   </div>
   <div class='ocr_carea' id='block_1_2' title="bbox 113 347 2687 610">
    <p class='ocr_par' dir='ltr' id='par_1_2' title="bbox 113 347 2687 610">
     <span class='ocr_line' id='line_1_2' title="bbox 354 347 2546 398; baseline 0 -12"><span class='ocrx_word' id='word_1_8' title='bbox 354 348 521 396; x_wconf 88' lang='lat' dir='ltr'><strong>Quando</strong></span> <span class='ocrx_word' id='word_1_9' title='bbox 543 361 631 397; x_wconf 87' lang='lat' dir='ltr'><strong>ergo</strong></span> <span class='ocrx_word' id='word_1_10' title='bbox 652 361 731 386; x_wconf 91' lang='lat' dir='ltr'><strong>non</strong></span> <span class='ocrx_word' id='word_1_11' title='bbox 758 356 883 398; x_wconf 88' lang='lat' dir='ltr'><strong>potest</strong></span> <span class='ocrx_word' id='word_1_12' title='bbox 900 350 976 386; x_wconf 89' lang='lat' dir='ltr'><strong>hoc</strong></span> <span class='ocrx_word' id='word_1_13' title='bbox 1003 349 1166 397; x_wconf 87' lang='lat' dir='ltr'><strong>amplius</strong></span> <span class='ocrx_word' id='word_1_14' title='bbox 1189 349 1307 386; x_wconf 83' lang='lat' dir='ltr'><strong>virtus</strong></span> <span class='ocrx_word' id='word_1_15' title='bbox 1336 359 1420 396; x_wconf 90' lang='lat' dir='ltr'><strong>spe-</strong></span> <span class='ocrx_word' id='word_1_16' title='bbox 1475 347 1540 395; x_wconf 83' lang='lat' dir='ltr'><strong>tis,</strong></span> <span class='ocrx_word' id='word_1_17' title='bbox 1571 355 1607 384; x_wconf 91' lang='lat' dir='ltr'><strong>et</strong></span> <span class='ocrx_word' id='word_1_18' title='bbox 1634 355 1764 385; x_wconf 83' lang='lat' dir='ltr'><strong>tamen</strong></span> <span class='ocrx_word' id='word_1_19' title='bbox 1801 354 2049 385; x_wconf 89' lang='lat' dir='ltr'><strong>conservatur</strong></span> <span class='ocrx_word' id='word_1_20' title='bbox 2086 347 2232 396; x_wconf 88' lang='lat' dir='ltr'><strong>species</strong></span> <span class='ocrx_word' id='word_1_21' title='bbox 2265 347 2304 384; x_wconf 82' lang='lat' dir='ltr'><strong>in</strong></span> <span class='ocrx_word' id='word_1_22' title='bbox 2340 348 2546 396; x_wconf 86' lang='lat' dir='ltr'><strong>quantitate</strong></span> 
     </span>
     <span class='ocr_line' id='line_1_3' title="bbox 353 400 2547 450; baseline 0 -12"><span class='ocrx_word' id='word_1_23' title='bbox 353 401 422 438; x_wconf 93' lang='lat' dir='ltr'><strong>ciei</strong></span> <span class='ocrx_word' id='word_1_24' title='bbox 450 402 585 449; x_wconf 80' lang='lat' dir='ltr'><strong>facere,</strong></span> <span class='ocrx_word' id='word_1_25' title='bbox 605 409 648 439; x_wconf 90' lang='lat' dir='ltr'><strong>ut</strong></span> <span class='ocrx_word' id='word_1_26' title='bbox 675 402 814 439; x_wconf 90' lang='lat' dir='ltr'><strong>scilicet</strong></span> <span class='ocrx_word' id='word_1_27' title='bbox 840 410 989 439; x_wconf 91' lang='lat' dir='ltr'><strong>tantum</strong></span> <span class='ocrx_word' id='word_1_28' title='bbox 1010 409 1205 439; x_wconf 87' lang='lat' dir='ltr'><strong>convertat</strong></span> <span class='ocrx_word' id='word_1_29' title='bbox 1233 401 1281 438; x_wconf 92' lang='lat' dir='ltr'><strong>de</strong></span> <span class='ocrx_word' id='word_1_30' title='bbox 1305 401 1419 437; x_wconf 88' lang='lat' dir='ltr'><strong>nutri·</strong></span> <span class='ocrx_word' id='word_1_31' title='bbox 1475 400 1624 438; x_wconf 89' lang='lat' dir='ltr'><strong>minori.</strong></span> <span class='ocrx_word' id='word_1_32' title='bbox 1650 401 1699 438; x_wconf 91' lang='lat' dir='ltr'><strong>Et</strong></span> <span class='ocrx_word' id='word_1_33' title='bbox 1725 401 1887 438; x_wconf 87' lang='lat' dir='ltr'>finaliter</span> <span class='ocrx_word' id='word_1_34' title='bbox 1915 401 2030 438; x_wconf 90' lang='lat' dir='ltr'><strong>etiam</strong></span> <span class='ocrx_word' id='word_1_35' title='bbox 2050 400 2196 450; x_wconf 90' lang='lat' dir='ltr'><strong>species</strong></span> <span class='ocrx_word' id='word_1_36' title='bbox 2225 408 2362 438; x_wconf 87' lang='lat' dir='ltr'><strong>cessat:</strong></span> <span class='ocrx_word' id='word_1_37' title='bbox 2393 401 2489 439; x_wconf 86' lang='lat' dir='ltr'><strong>sicut</strong></span> <span class='ocrx_word' id='word_1_38' title='bbox 2516 403 2547 440; x_wconf 93' lang='lat' dir='ltr'><strong>si</strong></span> 
     </span>
     <span class='ocr_line' id='line_1_4' title="bbox 353 451 2687 504; baseline 0.001 -12"><span class='ocrx_word' id='word_1_39' title='bbox 353 462 497 503; x_wconf 83' lang='lat' dir='ltr'><strong>mento,</strong></span> <span class='ocrx_word' id='word_1_40' title='bbox 518 456 623 503; x_wconf 91' lang='lat' dir='ltr'><strong>quod</strong></span> <span class='ocrx_word' id='word_1_41' title='bbox 651 455 697 492; x_wconf 91' lang='lat' dir='ltr'><strong>sit</strong></span> <span class='ocrx_word' id='word_1_42' title='bbox 721 455 760 492; x_wconf 91' lang='lat' dir='ltr'><strong>in</strong></span> <span class='ocrx_word' id='word_1_43' title='bbox 777 455 962 504; x_wconf 87' lang='lat' dir='ltr'><strong>potentia,</strong></span> <span class='ocrx_word' id='word_1_44' title='bbox 990 467 1068 492; x_wconf 90' lang='lat' dir='ltr'><strong>non</strong></span> <span class='ocrx_word' id='word_1_45' title='bbox 1097 455 1223 491; x_wconf 92' lang='lat' dir='ltr'><strong>solum</strong></span> <span class='ocrx_word' id='word_1_46' title='bbox 1253 454 1301 491; x_wconf 87' lang='lat' dir='ltr'><strong>ad</strong></span> <span class='ocrx_word' id='word_1_47' title='bbox 1334 466 1418 502; x_wconf 92' lang='lat' dir='ltr'><strong>spe-</strong></span> <span class='ocrx_word' id='word_1_48' title='bbox 1475 466 1574 502; x_wconf 86' lang='lat' dir='ltr'><strong>aqua</strong></span> <span class='ocrx_word' id='word_1_49' title='bbox 1594 454 1716 502; x_wconf 86' lang='lat' dir='ltr'><strong>magis</strong></span> <span class='ocrx_word' id='word_1_50' title='bbox 1736 462 1772 491; x_wconf 93' lang='lat' dir='ltr'><strong>et</strong></span> <span class='ocrx_word' id='word_1_51' title='bbox 1791 454 1912 502; x_wconf 82' lang='lat' dir='ltr'><strong>magis</strong></span> <span class='ocrx_word' id='word_1_52' title='bbox 1931 451 1945 477; x_wconf 62' lang='grc' dir='ltr'><strong><em>ξ</em></strong></span> <span class='ocrx_word' id='word_1_53' title='bbox 1962 454 2055 492; x_wconf 89' lang='lat' dir='ltr'><strong>vino</strong></span> <span class='ocrx_word' id='word_1_54' title='bbox 2085 454 2300 501; x_wconf 87' lang='lat' dir='ltr'>misceatur,</span> <span class='ocrx_word' id='word_1_55' title='bbox 2320 454 2388 491; x_wconf 91' lang='lat' dir='ltr'><strong>fiet</strong></span> <span class='ocrx_word' id='word_1_56' title='bbox 2410 454 2545 493; x_wconf 90' lang='lat' dir='ltr'><strong>vinum</strong></span> <span class='ocrx_word' id='word_1_57' title='bbox 2674 463 2687 494; x_wconf 77' lang='grc' dir='ltr'>ξ</span> 
     </span>
     <span class='ocr_line' id='line_1_5' title="bbox 113 505 2546 556; baseline -0.004 -2"><span class='ocrx_word' id='word_1_58' title='bbox 113 505 257 554; x_wconf 50' lang='grc' dir='ltr'><strong>ζέἓάεὲἷίῗ</strong></span> <span class='ocrx_word' id='word_1_59' title='bbox 271 511 323 531; x_wconf 56' lang='grc' dir='ltr'><strong>*ω’</strong></span> <span class='ocrx_word' id='word_1_60' title='bbox 354 507 451 544; x_wconf 89' lang='lat' dir='ltr'><strong>ciem</strong></span> <span class='ocrx_word' id='word_1_61' title='bbox 480 515 516 545; x_wconf 94' lang='lat' dir='ltr'><strong>et</strong></span> <span class='ocrx_word' id='word_1_62' title='bbox 543 508 563 530; x_wconf 70' lang='lat'><strong>‘¹‘</strong></span> <span class='ocrx_word' id='word_1_63' title='bbox 591 508 640 545; x_wconf 89' lang='lat' dir='ltr'><strong>ad</strong></span> <span class='ocrx_word' id='word_1_64' title='bbox 667 508 854 545; x_wconf 90' lang='lat' dir='ltr'><strong>maiorem</strong></span> <span class='ocrx_word' id='word_1_65' title='bbox 883 507 1147 556; x_wconf 87' lang='lat' dir='ltr'><strong>quantitatem,</strong></span> <span class='ocrx_word' id='word_1_66' title='bbox 1183 507 1251 544; x_wconf 90' lang='lat' dir='ltr'><strong>sed</strong></span> <span class='ocrx_word' id='word_1_67' title='bbox 1278 506 1319 529; x_wconf 66' lang='lat'><strong>³¹⁸*</strong></span> <span class='ocrx_word' id='word_1_68' title='bbox 1346 519 1418 543; x_wconf 88' lang='lat' dir='ltr'><strong>nec</strong></span> <span class='ocrx_word' id='word_1_69' title='bbox 1475 514 1670 555; x_wconf 84' lang='lat' dir='ltr'><strong>aquatum,</strong></span> <span class='ocrx_word' id='word_1_70' title='bbox 1705 515 1742 544; x_wconf 86' lang='lat' dir='ltr'><strong>et</strong></span> <span class='ocrx_word' id='word_1_71' title='bbox 1768 507 1930 545; x_wconf 88' lang='lat' dir='ltr'><strong>finaliter</strong></span> <span class='ocrx_word' id='word_1_72' title='bbox 1959 514 2224 556; x_wconf 88' lang='lat' dir='ltr'><strong>corrumpetur</strong></span> <span class='ocrx_word' id='word_1_73' title='bbox 2250 507 2386 545; x_wconf 89' lang='lat' dir='ltr'><strong>vinum</strong></span> <span class='ocrx_word' id='word_1_74' title='bbox 2415 515 2452 544; x_wconf 91' lang='lat' dir='ltr'><strong>et</strong></span> <span class='ocrx_word' id='word_1_75' title='bbox 2479 508 2546 546; x_wconf 89' lang='lat' dir='ltr'><strong>fiet</strong></span> 
     </span>
     <span class='ocr_line' id='line_1_6' title="bbox 113 558 1774 610; baseline 0 -12"><span class='ocrx_word' id='word_1_76' title='bbox 113 558 188 579; x_wconf 54' lang='lat' dir='ltr'><strong>“m</strong></span> <span class='ocrx_word' id='word_1_77' title='bbox 197 558 324 580; x_wconf 62' lang='lat'><strong>⁰¹¹¹·*“¹³&#39;³·</strong></span> <span class='ocrx_word' id='word_1_78' title='bbox 353 561 466 598; x_wconf 87' lang='lat' dir='ltr'><strong>etiam</strong></span> <span class='ocrx_word' id='word_1_79' title='bbox 496 562 545 599; x_wconf 90' lang='lat' dir='ltr'><strong>ad</strong></span> <span class='ocrx_word' id='word_1_80' title='bbox 573 562 784 610; x_wconf 85' lang='lat' dir='ltr'><strong>aequalem,</strong></span> <span class='ocrx_word' id='word_1_81' title='bbox 806 569 895 598; x_wconf 88' lang='lat' dir='ltr'><strong>tunc</strong></span> <span class='ocrx_word' id='word_1_82' title='bbox 924 561 967 597; x_wconf 89' lang='lat' dir='ltr'><strong>fit</strong></span> <span class='ocrx_word' id='word_1_83' title='bbox 995 560 1204 597; x_wconf 88' lang='lat' dir='ltr'><strong>deminutio</strong></span> <span class='ocrx_word' id='word_1_84' title='bbox 1235 560 1419 608; x_wconf 88' lang='lat' dir='ltr'><strong>quantita·</strong></span> <span class='ocrx_word' id='word_1_85' title='bbox 1474 560 1636 597; x_wconf 87' lang='lat' dir='ltr'><strong>totaliter</strong></span> <span class='ocrx_word' id='word_1_86' title='bbox 1663 573 1774 609; x_wconf 84' lang='lat' dir='ltr'><strong>aqua.</strong></span> 
     </span>
    </p>
   </div>
   <div class='ocr_carea' id='block_1_3' title="bbox 1191 665 1800 671">
    <p class='ocr_par' dir='ltr' id='par_1_3' title="bbox 1191 665 1800 671">
     <span class='ocr_line' id='line_1_7' title="bbox 1191 665 1800 671; baseline 0 0"><span class='ocrx_word' id='word_1_87' title='bbox 1191 665 1800 671; x_wconf 95' lang='lat' dir='ltr'><strong> </strong></span> 
     </span>
    </p>
   </div>
   <div class='ocr_carea' id='block_1_4' title="bbox 406 734 2109 769">
    <p class='ocr_par' dir='ltr' id='par_1_4' title="bbox 406 734 2109 769">
     <span class='ocr_line' id='line_1_8' title="bbox 406 734 2109 769; baseline 0 -9"><span class='ocrx_word' id='word_1_88' title='bbox 406 734 430 768; x_wconf 82' lang='grc' dir='ltr'><strong>ξ)</strong></span> <span class='ocrx_word' id='word_1_89' title='bbox 450 736 536 769; x_wconf 76' lang='lat' dir='ltr'><strong>magis</strong></span> <span class='ocrx_word' id='word_1_90' title='bbox 553 739 580 765; x_wconf 69' lang='lat' dir='ltr'><strong>et</strong></span> <span class='ocrx_word' id='word_1_91' title='bbox 599 735 693 768; x_wconf 68' lang='lat' dir='ltr'><strong>magis·-</strong></span> <span class='ocrx_word' id='word_1_92' title='bbox 711 749 730 754; x_wconf 94' lang='lat'>—</span> <span class='ocrx_word' id='word_1_93' title='bbox 747 741 850 767; x_wconf 82' lang='lat' dir='ltr'><strong>semper</strong></span> <span class='ocrx_word' id='word_1_94' title='bbox 874 734 962 767; x_wconf 82' lang='lat' dir='ltr'><strong>magis</strong></span> <span class='ocrx_word' id='word_1_95' title='bbox 985 741 1018 760; x_wconf 83' lang='lat' dir='ltr'><strong>ac</strong></span> <span class='ocrx_word' id='word_1_96' title='bbox 1046 735 1133 768; x_wconf 78' lang='lat' dir='ltr'><strong>magis</strong></span> <span class='ocrx_word' id='word_1_97' title='bbox 1151 735 1183 759; x_wconf 82' lang='lat' dir='ltr'><strong>A.</strong></span> <span class='ocrx_word' id='word_1_98' title='bbox 1202 735 1274 760; x_wconf 86' lang='lat' dir='ltr'><strong>Idem</strong></span> <span class='ocrx_word' id='word_1_99' title='bbox 1294 740 1353 760; x_wconf 84' lang='lat' dir='ltr'><strong>ante</strong></span> <span class='ocrx_word' id='word_1_100' title='bbox 1364 736 1417 769; x_wconf 80' lang='lat' dir='ltr'><strong>fiet</strong></span> <span class='ocrx_word' id='word_1_101' title='bbox 1436 736 1494 761; x_wconf 82' lang='lat' dir='ltr'><strong>add.</strong></span> <span class='ocrx_word' id='word_1_102' title='bbox 1507 735 1644 769; x_wconf 77' lang='lat' dir='ltr'><strong>finaliter,-</strong></span> <span class='ocrx_word' id='word_1_103' title='bbox 1661 743 1709 768; x_wconf 88' lang='lat' dir='ltr'><strong>pro</strong></span> <span class='ocrx_word' id='word_1_104' title='bbox 1727 738 1863 768; x_wconf 81' lang='lat' dir='ltr'><strong>aquatum,</strong></span> <span class='ocrx_word' id='word_1_105' title='bbox 1883 735 2037 768; x_wconf 79' lang='lat' dir='ltr'><strong>aquaticum</strong></span> <span class='ocrx_word' id='word_1_106' title='bbox 2056 735 2109 760; x_wconf 82' lang='lat' dir='ltr'><strong>Ac.</strong></span> 
     </span>
    </p>
   </div>
   <div class='ocr_carea' id='block_1_5' title="bbox 1019 1933 2782 4134">
    <p class='ocr_par' dir='ltr' id='par_1_5' title="bbox 1019 1933 2782 4134">
     <span class='ocr_line' id='line_1_9' title="bbox 1019 1933 2782 4134; baseline 0 0"><span class='ocrx_word' id='word_1_107' title='bbox 1019 1933 1867 2356; x_wconf 95' lang='lat' dir='ltr'><strong> </strong></span> <span class='ocrx_word' id='word_1_108' title='bbox 2736 2084 2782 4134; x_wconf 95' lang='lat' dir='ltr'><strong> </strong></span> 
     </span>
    </p>
   </div>
  </div>
 </body>
</html>
