2782 4134
333 287 410 332 334
1052 281 1640 321 METEOROLOGICORUM
1668 282 1762 319 LIB.
1794 283 1807 318 I

1084 506 1386 564 LECTIO
1426 507 1770 586 QUARTA

515 678 624 709 TRES
648 675 947 714 QUAESTIONES
970 691 992 697 -
1016 674 1293 705 RESOLVITUR
1315 673 1467 713 PRIMA,
1492 674 1611 712 QUAE
1635 674 1716 705 EST
1740 674 1798 705 DE
1823 674 1987 707 ORDINE
2012 674 2351 706 ELEMENTORUM

335 821 457 855 λοιπὸν
483 817 520 853 δέ
544 816 825 862 διαπορήσαντας
851 816 969 856 εἰπεῖν,
989 815 1058 852 πῶς
1085 815 1259 847 τέτακται
1278 813 1326 845 τά
1341 809 1402 845 δύο

405 867 484 910 πρὸς
511 865 574 902 τήν
599 865 660 895 τοῦ
687 861 822 905 πρώτου
846 859 1005 903 σώματος
1032 858 1135 901 θέσιν,
1153 858 1242 905 λέγω
1264 854 1291 890 δ’
1320 858 1402 903 ἀέρα

406 922 443 941 τε
468 911 526 941 καὶ
551 908 632 948 πῦρ,
745 917 752 923 ·

336 958 394 989 καὶ
419 953 478 986 διά
501 951 562 986 τίν’
585 953 699 984 αἰτίαν
721 951 741 987 ή
761 948 925 994 θερμότης
945 948 1015 982 ἀπό
1033 949 1099 981 τῶν
1120 946 1242 980 ἀνωθεν
1271 947 1401 991 ἄστρων

403 1002 535 1045 γίνεται
560 1001 631 1034 τοῖς
657 997 731 1038 περὶ
756 995 820 1032 τήν
845 995 910 1040 γῆν
935 992 1067 1031 τόποις.

336 1046 411 1089 Περὶ
437 1043 531 1088 ἀέρος
559 1039 615 1072 οὖν
641 1039 795 1078 εἰπόντες
822 1039 969 1083 πρῶτον,
995 1038 1106 1082 ὥσπερ
1126 1034 1332 1078 ὑπεθέμεθα,
1349 1034 1405 1067 λέ-

403 1100 512 1134 γωμεν
540 1084 629 1117 οὕτω
653 1087 710 1116 καὶ
736 1086 810 1129 περὶ
835 1083 968 1116 τούτων
995 1081 1111 1115 πάλιν.
1138 1082 1175 1112 Εἰ
1197 1077 1241 1116 δή
1267 1082 1401 1126 γίνεται

405 1129 490 1176 ὕδωρ
516 1131 550 1172 ἐξ
578 1129 673 1174 ἀέρος
708 1130 766 1161 καὶ
793 1128 856 1171 ἀήρ
890 1127 925 1168 ἐξ
958 1126 1106 1168 ὕδατος,
1133 1121 1192 1158 δια
1216 1128 1294 1157 τίνα
1320 1125 1398 1157 ποτ’

405 1179 519 1210 αἰτίαν
548 1175 584 1207 οὐ
616 1177 823 1207 συνίσταται
853 1172 934 1215 νέφη
964 1171 1060 1204 κατά
1084 1170 1144 1203 τὰν
1171 1170 1238 1202 ἀνω
1273 1171 1400 1210 τόπον;

404 1222 551 1267 προσῆκε
576 1220 641 1265 γάρ
666 1220 812 1262 μᾶλλον,
839 1216 903 1258 ὅσῳ
928 1215 1138 1271 πορρώτερον
1165 1216 1181 1247 ὀ
1208 1214 1314 1253 τόπος
1340 1215 1404 1251 τῆς

403 1268 466 1314 γῆς
490 1268 547 1298 καὶ
573 1264 788 1311 ψυχρότερος,
807 1259 868 1295 διά
891 1261 933 1294 ‘ro'
950 1259 1028 1306 μηθ’
1051 1262 1142 1293 οὑτω
1161 1261 1297 1291 πλεσίον
1316 1256 1402 1291 εἶναι

404 1313 469 1345 τῶν
498 1311 628 1356 ἄστρων
654 1308 780 1352 θερμῶν
805 1309 928 1347 ὄντων,
950 1304 1039 1350 μήτε
1065 1306 1131 1338 τῶν
1159 1303 1228 1336 ἀπὸ
1253 1305 1316 1342 τῆς
1340 1305 1403 1350 γῆς

405 1355 649 1400 ἀνακλωμένων
677 1355 836 1393 ἀκτίνων,
857 1353 891 1383 αἳ
911 1350 1078 1382 κωλύουσι
1095 1351 1238 1386 πλησίον
1261 1350 1323 1387 τῆς
1340 1349 1403 1395 γῆς

403 1400 639 1440 συνίστασθαι,
659 1394 889 1442 διακρίνουσαι
912 1396 960 1438 τῇ
975 1393 1166 1440 θηρμότητι
1192 1394 1256 1431 τοὶς
1276 1393 1402 1426 συστά-

402 1457 486 1484 σεις·
512 1448 668 1492 γίνονται
696 1443 761 1490 γαρ
788 1444 823 1474 αἱ
849 1441 915 1473 τῶν
938 1442 1041 1484 νεφῶν
1069 1438 1254 1482 ἀθροίσεις,
1282 1439 1320 1470 οὖ
1343 1437 1404 1474 λή-

402 1502 516 1537 γουσιν
542 1486 607 1527 ἤδη
633 1484 693 1520 8ιοί
717 1487 759 1519 τὸ
783 1484 959 1531 σχίζεσθαι
985 1485 1029 1522 εἰς
1053 1483 1180 1529 ἀχανὲς
1199 1486 1234 1515 αἰ
1253 1484 1399 1521 ἀκτῖνες.

393 1537 441 1569 ’Ἡ
468 1535 522 1568 οὖν
548 1536 608 1567 οὐκ
632 1533 667 1574 ἐξ
694 1531 850 1568 ἅπαντος
883 1531 945 1562 τοῦ
972 1529 1067 1574 ἀέρος
1093 1524 1179 1573 ὕδωρ
1205 1528 1330 1573 πέφυκε
1354 1529 1405 1574 γί-

403 1580 531 1622 νεσθαι,
554 1578 575 1616 ἦ
601 1579 628 1611 εἰ
655 1579 774 1621 ὁμοίως
802 1574 835 1616 ἐξ
863 1574 1031 1616 ἀπαντος,
1052 1574 1068 1606 ὀ
1087 1575 1161 1618 περὶ
1186 1573 1249 1610 τήν
1274 1574 1338 1620 γῆν
1364 1572 1402 1604 οὐ

403 1626 504 1670 μόνον
538 1623 601 1669 ἀήρ
627 1621 738 1663 ἑστιν,
768 1621 841 1653 ἀλλ’
870 1621 938 1652 οἷον
973 1619 1091 1662 ἀτμίς·
1118 1618 1171 1651 διὸ
1197 1617 1300 1652 πάλιν
1329 1628 1405 1649 συν-

403 1674 549 1703 ίσταται
574 1670 618 1706 εἰς
644 1662 743 1710 ὕδωρ.
769 1665 879 1697 Ἀλλά
898 1663 964 1710 μήν
990 1664 1018 1696 εἱ
1043 1665 1209 1701 τοσοῦτος
1235 1661 1279 1694 ὢν
1301 1663 1317 1694 ὁ
1338 1662 1402 1705 ἀήρ

404 1715 495 1753 ἅπας
522 1713 623 1757 ἀτμίς
654 1713 767 1751 ἐστιν,
794 1705 922 1750 δόξειεν
949 1707 988 1741 ἄν
1013 1709 1101 1741 πολύ
1131 1707 1354 1752 ὑπερβάλλειν
1381 1708 1402 1743 ή

403 1761 465 1792 τοῦ
493 1758 587 1803 ἀέρος
613 1756 706 1802 φύσις
731 1756 789 1787 καὶ
807 1755 826 1791 η’
847 1755 909 1786 τοῦ
931 1750 1072 1794 ὕδατος,
1090 1755 1181 1797 εἴπερ
1208 1751 1256 1784 τά
1273 1764 1311 1784 τε
1329 1747 1404 1784 δια-

403 1804 572 1848 στήματα
597 1803 664 1835 τῶν
691 1801 758 1833 ἀνω
784 1799 895 1841 πλήρη
922 1798 995 1830 ἐστὶ
1024 1797 1183 1842 σώματος
1210 1808 1318 1838 τινος,
1344 1797 1403 1828 καὶ

404 1850 504 1892 πυρὸς
530 1847 589 1893 μὲν
617 1842 788 1879 ἀδύνατον
815 1840 874 1876 διά
891 1843 931 1876 τὸ
956 1842 1209 1887 κατεξηράνθαι
1229 1841 1268 1874 ἂν
1286 1839 1402 1875 τάλλα

404 1894 536 1933 πάντα,
554 1894 714 1924 λείπεται
738 1885 767 1920 δ’
790 1888 885 1931 ἀέρος
909 1889 968 1919 καὶ
994 1889 1056 1920 τοῦ
1079 1888 1153 1931 περὶ
1171 1886 1234 1923 τήν
1252 1887 1316 1932 γῆν
1338 1886 1405 1918 πᾶ-

402 1951 465 1971 σαν
496 1935 640 1973 ὕδατος·
667 1937 687 1972 ή
713 1935 777 1980 γάρ
805 1934 906 1978 ἀτμὶς
939 1928 1066 1970 ὕδατος
1098 1928 1262 1976 διάκρισίς
1294 1931 1400 1963 ἑστιν.

402 1985 477 2027 Περὶ
503 1982 562 2028 μέν
589 1979 644 2014 οὖν
671 1980 804 2012 τούτων
829 1976 1013 2022 ἠπορήσθω
1032 1977 1156 2010 τοῦτον
1175 1976 1234 2008 τὸν
1256 1975 1402 2019 τρόπον·

337 2029 432 2073 ’ἡμεῖς
456 2024 494 2060 δὲ
518 2026 668 2073 λέγωμεν
696 2023 768 2068 άμα
798 2022 878 2067 πρός
905 2034 943 2054 τε
968 2022 1017 2054 τά
1038 2020 1274 2075 λεχθησόμενα
1305 2016 1405 2065 διορί-

402 2074 519 2116 ζοντες
549 2074 606 2103 καὶ
633 2069 712 2115 πρὸς
740 2068 787 2102 τά
809 2069 865 2100 νῦν
891 2066 1066 2111 εἰρημένα·
1094 2065 1135 2099 τὸ
1160 2078 1219 2111 μεν
1244 2065 1309 2111 γάρ
1336 2065 1403 2097 ἀνω

402 2119 460 2149 καὶ
485 2116 582 2162 μέχρι
607 2114 748 2151 σελήνης
782 2111 895 2156 ἕτερον
921 2108 1007 2143 εἶναι
1037 2110 1136 2155 σῶμά
1159 2122 1267 2156 φαμεν
1302 2109 1403 2154 πυρός

403 2174 441 2193 τε
466 2163 524 2194 καὶ
551 2159 659 2205 ἀέρος,
688 2159 725 2190 οὐ
751 2157 816 2202 μήν
845 2155 918 2190 ἀλλ’
948 2157 981 2188 ἐν
1008 2156 1102 2198 αὐτῷ
1128 2167 1166 2201 γε
1192 2155 1233 2188 τὸ
1258 2155 1318 2198 μέν
1343 2165 1405 2186 κα-

402 2205 590 2251 θαρώτερον
615 2202 714 2245 εἶναι,
742 2202 783 2236 τὸ
808 2197 839 2233 δ’
859 2201 967 2238 ἧττον
994 2201 1177 2246 εἰλικρινὲς,
1203 2202 1261 2231 καὶ
1287 2195 1405 2252 διαιρο-

402 2250 461 2295 ροίς
487 2251 588 2296 ἔχειν,
614 2251 671 2281 καὶ
697 2247 852 2291 μάλιστα
878 2246 897 2288 ᾔ
922 2245 1119 2292 καταλήγει
1140 2245 1220 2288 πρὸς
1239 2243 1298 2276 τὸν
1318 2243 1404 2288 άερα

401 2298 458 2327 καὶ
484 2296 564 2339 πρὸς
589 2294 649 2327 τὸν
675 2294 748 2335 περὶ
775 2291 838 2328 τήν
863 2291 927 2336 γῆν
952 2289 1091 2335 κόσμον.

335 2339 522 2386 Φερομένου
547 2335 585 2372 δὲ
611 2339 673 2371 τοῦ
698 2336 834 2381 πρώτου
859 2337 1031 2380 στοιχείου
1059 2334 1169 2376 κύκλῳ
1193 2335 1252 2366 καὶ
1277 2333 1344 2365 τῶν
1371 2332 1403 2364 ὲν

403 2385 497 2427 αὐτῷ
522 2383 703 2427 σωμάτων,
731 2381 773 2414 τὸ
798 2380 960 2426 προσεχὲς
988 2378 1038 2413 ἀεὶ
1066 2381 1129 2413 τοῦ
1153 2379 1251 2412 κάτω
1275 2377 1403 2422 κόσμου

401 2431 460 2462 καὶ
490 2428 648 2474 σώματος
675 2427 719 2469 τῇ
745 2425 874 2462 κινήσει
908 2423 1160 2470 διακρινόμενον
1194 2423 1404 2467 ἐκπυροῦται

402 2476 459 2506 καὶ
484 2478 575 2506 ποιεῖ
599 2473 663 2510 τήν
693 2470 903 2516 θερμότητα.
945 2472 1000 2502 Δεῖ
1023 2466 1061 2502 δὲ
1087 2473 1172 2502 νοεῖν
1205 2467 1313 2505 οὕτως
1344 2468 1403 2498 καὶ

403 2518 556 2551 ἐντεῦθεν
584 2516 807 2561 ἀρξαμένους·
835 2515 876 2548 τὸ
899 2515 965 2562 γάρ
991 2514 1056 2547 ὑπὸ
1081 2513 1146 2551 τήν
1174 2512 1240 2546 ἀνω
1271 2522 1403 2556 περιφο-

402 2564 461 2606 ράν
487 2564 585 2606 σῶμα
612 2563 678 2594 οἶον
706 2560 767 2598 ὕλη
795 2572 845 2598 τις
867 2559 953 2592 οὖσα
977 2561 1036 2591 καὶ
1056 2554 1197 2602 δυνάμει
1214 2556 1318 2600 θερμή
1343 2556 1402 2587 καὶ

402 2607 512 2654 ψυχρά
543 2609 601 2639 καὶ
627 2606 713 2650 ξηροὶ
744 2606 803 2636 καί
835 2605 940 2651 ύγρά,
967 2605 1026 2636 καὶ
1052 2602 1116 2636 ὅσα
1142 2603 1234 2636 ἀλλα
1263 2599 1402 2638 τούτοις

405 2650 581 2685 ἀκολουθεῖ
605 2650 711 2691 πάθη,
734 2651 868 2695 γίνεται
893 2648 1041 2685 τοιαύτη
1066 2649 1125 2680 καὶ
1147 2647 1238 2679 ἔστιν
1265 2644 1331 2678 ὑπὸ
1354 2655 1404 2676 κι-

402 2696 527 2734 νήσεώς
558 2708 596 2727 τε
620 2697 676 2727 καὶ
711 2695 906 2735 ἀκινησίας,
933 2693 972 2731 ἧς
997 2693 1062 2730 τήν
1095 2692 1211 2724 αἰτίαν
1245 2691 1303 2722 καὶ
1337 2689 1400 2726 τήν

406 2741 512 2787 ἀρχὴν
537 2739 715 2785 εἰρήκαμεν
741 2737 916 2783 πρότερον.

329 2787 409 2818 Ἐπὶ
434 2786 493 2829 μὲν
518 2783 575 2818 οὖν
601 2786 662 2818 τοῦ
697 2782 799 2828 μέσου
831 2784 889 2815 καὶ
923 2783 997 2826 περὶ
1027 2781 1069 2814 τό
1102 2780 1203 2825 μέσον
1229 2779 1270 2812 τὸ
1301 2776 1402 2822 βαρύ-

402 2829 513 2864 τατόν
539 2831 612 2862 ἑστι
636 2831 693 2861 καὶ
719 2826 936 2872 ψυχρότατον
965 2825 1247 2870 ἀποκεκριμένον,
1273 2824 1317 2870 γῆ
1342 2824 1401 2854 καὶ

403 2870 508 2920 ὕδωρ·
535 2875 610 2917 περὶ
634 2869 672 2905 δὲ
697 2873 815 2906 ταῦτα
838 2873 896 2904 καὶ
922 2872 969 2906 τά
995 2869 1143 2917 ἐχόμενα
1169 2870 1315 2910 τούτων,
1336 2865 1400 2912 ἀήρ

403 2932 440 2953 τε
465 2921 522 2952 καὶ
549 2920 564 2951 ὃ
590 2914 648 2950 διά
668 2915 846 2954 συνήθειαν
871 2918 1042 2960 καλοῦμεν
1069 2916 1152 2959 πῦρ,
1180 2914 1240 2946 οὑκ
1265 2913 1339 2947 ἔστι
1363 2907 1402 2944 ’δὲ

402 2965 482 3010 πῦρ·
511 2963 682 3008 ύπερβολτὲ
707 2961 772 3008 γάρ
798 2959 920 3005 θερμοῦ
951 2963 1010 2993 καὶ
1037 2960 1104 2992 οἷον
1134 2957 1221 3002 ζέσις
1253 2959 1327 2992 ἐστὶ
1359 2957 1400 2989 τὸ

402 3010 478 3054 πῦρ.
504 3007 612 3040 Ἀλλά
631 3003 683 3039 δεῖ
698 3007 820 3044 νοῆσαι
838 3006 901 3038 τοῦ
917 3005 1101 3052 λεγομένου
1121 3004 1170 3049 ὑφ’
1193 3004 1285 3048 ήμῶν
1306 3003 1344 3036 ἀέ
1367 3013 1400 3042 ος

402 3053 442 3086 τὸ
467 3053 526 3097 μὲν
553 3054 627 3095 περὶ
654 3052 717 3088 τήν
735 3051 799 3098 γῆν
819 3050 887 3082 οἷον
906 3050 1004 3097 ύγρὸν
1028 3050 1087 3082 καὶ
1103 3048 1220 3093 θερμὸν
1240 3045 1326 3081 εἶναι
1342 3013 1402 3082 §toi

402 3099 442 3131 το
469 3098 621 3142 ἀτμίζειν
653 3109 691 3129 τε
723 3098 782 3128 καὶ
814 3093 1035 3139 ἀναθυμίασιν
1070 3094 1157 3139 ἔχειν
1189 3093 1272 3140 γῆς,
1299 3094 1341 3126 τὸ
1366 3088 1396 3124 δ’

401 3142 482 3187 ὑπὲρ
508 3143 614 3175 τοῦτο
635 3141 754 3185 θερμὸν
772 3135 836 3178 ἤδη
863 3142 920 3172 καὶ
938 3140 1055 3183 ξηρόν·
1083 3142 1156 3173 ἔστι
1173 3139 1237 3185 γάρ
1258 3134 1401 3182 ἀτμίδος

401 3187 459 3230 μὲν
510 3186 579 3224 ύσις
601 3186 698 3232 ύγρόν
723 3188 780 3218 καὶ
800 3184 931 3228 θερμᾶν,
953 3183 1207 3230 ἀναθυμιάσεως
1227 3182 1264 3217 δὲ
1281 3182 1314 3215 θε
1338 3183 1399 3228 μὸν

399 3233 458 3264 καὶ
483 3198 597 3274 ἔηρόν,
623 3233 680 3262 καὶ
707 3230 798 3263 ἔστιν
826 3230 925 3274 ἀτμὶς
952 3230 1011 3274 μέν
1036 3225 1178 3275 δυνάμει
1205 3230 1272 3262 οἷον
1299 3228 1316 3260 ὕ
1341 3241 1399 3273 ωρ,

403 3274 622 3320 ἀναθυμίασις
647 3270 684 3307 δὲ
709 3270 849 3319 δυνάμει
875 3275 943 3306 οἷον
970 3275 1049 3319 πῦρ.

402 3372 550 3400 SYNOPS1s.
578 3389 611 3393 —
644 3382 666 3400 1.
687 3374 900 3410 Argumentum
922 3379 949 3401 et
971 3373 1074 3402 divisio
1095 3379 1197 3402 textus.
1225 3374 1295 3402 Post
1316 3382 1398 3410 prae-

335 3410 423 3439 missa
443 3411 571 3448 sequitur
585 3411 679 3448 primo
695 3413 825 3449 quaestio
842 3414 878 3441 de
892 3413 996 3441 ordine
1011 3413 1090 3442 aeris
1104 3419 1132 3441 ee
1146 3413 1225 3452 ignis
1239 3414 1278 3441 ad
1291 3422 1399 3451 corpus

335 3451 466 3479 caeleste.
488 3468 506 3472 -
531 3458 559 3479 2.
581 3452 679 3480 Altera
700 3452 840 3489 quaestio,
862 3462 936 3490 quae
959 3453 1045 3481 etiarn
1064 3453 1156 3481 oritur
1177 3462 1211 3481 ex
1225 3453 1398 3490 praemissis,

335 3490 370 3518 de
392 3499 479 3518 causa
496 3496 620 3528 propter
641 3500 725 3528 quam
747 3493 864 3526 stellae,
887 3502 952 3520 cum
975 3502 1030 3521 non
1052 3493 1109 3521 sint
1130 3493 1256 3527 calidae,
1279 3498 1400 3522 causant

336 3535 430 3558 tamen
450 3530 577 3558 calorem
592 3530 621 3558 in
637 3531 708 3559 locis
721 3540 792 3568 quae
807 3538 873 3559 sunt
891 3532 970 3560 circa
986 3538 1105 3561 terram.
1121 3549 1140 3553 -
1157 3533 1182 3561 3.
1197 3533 1296 3562 Tertia
1310 3542 1400 3570 quae-

335 3569 400 3604 stio,
424 3578 498 3606 quae
520 3569 649 3598 similiter
670 3577 765 3598 ortum
794 3571 880 3599 habet
905 3581 938 3600 ex
964 3571 1143 3608 praemissis,
1163 3572 1238 3601 circa
1265 3579 1398 3601 naturam

335 3609 418 3644 aeris,
433 3608 463 3637 in
484 3618 543 3646 quo
564 3617 737 3646 generantur
765 3611 854 3638 multa
875 3611 911 3639 de
937 3611 1041 3648 quibus
1070 3618 1170 3648 postea
1195 3619 1341 3641 tractatur.
1363 3614 1399 3640 Et

335 3655 378 3677 est
399 3649 545 3686 quaestio:
568 3657 657 3686 quare
686 3650 714 3677 in
741 3650 887 3687 superiori
910 3656 997 3687 parte
1024 3651 1103 3680 aeris
1128 3661 1183 3680 non
1207 3652 1400 3690 inspissantur

1458 821 1475 841 *
1489 821 1663 862 Reliquum
1687 827 1733 852 est
1756 828 1863 852 autem
1878 828 2109 862 perscrutantes
2132 821 2234 852 dicere
2258 821 2427 862 quomodo
2447 820 2529 852 ordi·
2557 825 2567 834 ·
2583 824 2638 853 seq.
2653 829 2706 853 0⁸9·
2720 830 2757 846 ¹¹¹·

1524 873 1597 897 nata
1615 872 1689 896 sunt
1703 866 1769 896 duo
1786 866 1826 896 ad
1840 865 1935 906 primi
1950 866 2092 908 corporis
2107 866 2319 907 positionem:
2336 865 2408 896 dico
2423 872 2530 897 autem

1525 920 1694 951 aeremque
1718 916 1749 940 et
1770 909 1888 950 ignem.

1457 955 1498 985 Et
1515 961 1646 995 propter
1668 964 1767 995 quam
1791 963 1920 984 causam
1943 954 2082 987 caliditas
2106 965 2124 985 a
2146 954 2362 996 superioribus
2385 954 2474 986 astris
2495 953 2531 986 fit

1523 998 1572 1029 his
1596 1008 1678 1039 quae
1701 998 1782 1029 circa
1803 1005 1919 1029 terram
1940 999 2029 1032 locis.

1457 1043 1505 1074 De
1521 1053 1590 1074 aere
1606 1042 1701 1083 igitur
1724 1043 1862 1073 dicentes
1876 1042 1992 1083 primo,
2016 1043 2098 1074 sicut
2120 1043 2363 1084 supposuimus,
2387 1043 2531 1075 dicamus

1525 1087 1568 1118 sic
1592 1094 1623 1118 et
1639 1087 1677 1118 de
1701 1087 1750 1118 his
1773 1087 1900 1118 iterum.
1923 1087 1956 1118 Si
1971 1087 2079 1130 itaque
2102 1086 2138 1118 fit
2161 1098 2244 1129 aqua
2263 1098 2301 1119 ex
2323 1097 2405 1127 aere,
2429 1095 2460 1119 et
2478 1097 2531 1119 aer

1525 1142 1561 1163 ex
1585 1142 1685 1173 aqua,
1709 1138 1839 1172 propter
1866 1141 1965 1173 quam
1988 1131 2119 1173 quidem
2143 1141 2272 1163 causam
2294 1142 2361 1163 non
2385 1138 2532 1164 constant

1524 1177 1625 1208 nubes
1641 1176 1819 1207 secundum
1843 1175 2041 1216 superiorem
2063 1174 2192 1207 locum?
2208 1175 2428 1207 Conveniebat
2443 1176 2530 1207 enim

1524 1221 1636 1262 magis,
1651 1227 1772 1262 quanto
1796 1220 1949 1251 remotior
1971 1230 1990 1251 a
2012 1227 2094 1252 terra
2115 1220 2207 1251 locus
2230 1227 2261 1252 et
2285 1220 2438 1261 frigidior,
2454 1220 2533 1262 quia

1524 1275 1628 1307 neque
1644 1266 1688 1296 sic
1704 1275 1805 1306 prope
1821 1272 1902 1296 astra
1921 1265 2021 1296 calida
2039 1265 2201 1297 existentia
2222 1271 2282 1304 est,
2301 1275 2406 1306 neque
2428 1274 2531 1306 prope

1523 1311 1629 1341 radios
1644 1321 1663 1341 a
1678 1317 1758 1341 terra
1774 1309 1935 1348 refractos,
1951 1309 2008 1351 qui
2022 1309 2192 1351 prohibent
2206 1319 2308 1351 prope
2324 1316 2440 1341 terram
2454 1319 2531 1341 con·

1525 1362 1622 1394 stare,
1646 1354 1856 1396 disgregantes
1884 1354 2040 1385 caliditate
2070 1354 2307 1385 consistentias:
2337 1353 2420 1386 fiunt
2445 1353 2531 1386 enim

1524 1399 1660 1431 nubium
1684 1399 1942 1440 congregationes
1970 1399 2026 1430 ubi
2054 1398 2203 1430 desinunt
2224 1398 2289 1430 iam
2308 1398 2386 1429 radii
2401 1404 2532 1440 propter

1524 1444 1628 1485 spargi
1650 1443 1683 1474 in
1698 1444 1903 1476 immensum.
1921 1446 1987 1475 Aut
2009 1443 2106 1484 igitur
2119 1453 2187 1474 non
2202 1453 2239 1474 ex
2258 1443 2348 1474 omni
2371 1453 2442 1474 aere
2457 1440 2532 1475 nam

1525 1495 1572 1520 est
1594 1499 1677 1530 aqua
1699 1488 1781 1519 fieri:
1807 1495 1862 1519 aut
1885 1488 1911 1519 si
1934 1488 2077 1519 similiter
2100 1498 2137 1519 ex
2159 1487 2261 1528 omni,
2285 1487 2342 1529 qui
2364 1488 2446 1519 circa
2469 1494 2530 1520 ter-

1524 1544 1592 1564 ram
1616 1543 1682 1564 non
1705 1533 1813 1564 solum
1835 1543 1887 1564 aer
1911 1540 1968 1572 est,
1988 1533 2044 1563 sed
2058 1532 2146 1564 velut
2160 1542 2273 1574 vapor,
2291 1539 2422 1574 propter
2440 1532 2532 1574 quod

1524 1578 1640 1609 iterum
1669 1585 1791 1609 constat
1818 1577 1851 1608 in
1875 1587 2003 1618 aquam.
2031 1580 2074 1609 At
2104 1587 2180 1608 vero
2209 1577 2235 1608 si
2258 1583 2364 1608 tantus
2395 1576 2531 1609 existens

1524 1633 1577 1654 aer
1592 1623 1698 1654 omnis
1716 1632 1817 1663 vapor
1832 1628 1889 1660 est,
1905 1621 2061 1653 videbitur
2084 1621 2196 1663 utique
2218 1622 2360 1653 multum
2383 1621 2531 1654 excedere

1524 1678 1606 1710 quae
1637 1667 1715 1698 aeris
1747 1674 1860 1698 natura
1883 1673 1914 1698 et
1941 1676 2023 1708 quae
2055 1673 2173 1708 aquae:
2203 1666 2363 1707 siquidem
2387 1665 2531 1708 superio-

1524 1723 1573 1744 res
1589 1712 1753 1743 distantiae
1768 1712 1880 1752 plenae
1896 1718 1971 1742 sunt
1982 1711 2091 1752 aliquo
2108 1720 2253 1751 corpore,
2270 1717 2301 1742 et
2309 1710 2383 1752 igne
2398 1710 2531 1752 quidem

1523 1757 1732 1798 impossibile,
1748 1756 1823 1798 quia
1839 1755 2068 1787 exsiccarentur
2085 1755 2196 1797 utique
2223 1755 2284 1786 alia
2299 1755 2423 1795 omnia3
2440 1755 2531 1787 relin-

1524 1802 1633 1844 quitur
1659 1808 1767 1832 autem
1796 1810 1876 1839 aere,
1894 1807 1924 1831 et
1947 1800 2037 1841 quod
2061 1799 2141 1831 circa
2163 1807 2279 1830 terram
2302 1806 2404 1831 totam
2430 1807 2530 1841 aqua3

1523 1857 1624 1888 vapor
1649 1846 1735 1876 enirn
1754 1855 1855 1886 aquae
1871 1844 2059 1885 disgregatio
2076 1851 2132 1876 est.
2152 1844 2201 1875 De
2215 1843 2265 1875 his
2284 1844 2416 1885 quidem
2434 1843 2531 1885 igitur

1524 1891 1705 1922 dubitatum
1728 1889 1767 1920 sit
1791 1889 1852 1920 hoc
1870 1889 1981 1920 modo.

1456 2026 1524 2056 Nos
1540 2032 1647 2056 autem
1671 2024 1814 2055 dicamus
1837 2023 1933 2054 simul
1957 2030 1988 2054 et
2011 2023 2050 2054 ad
2072 2022 2205 2054 dicenda
2227 2021 2484 2062 determinantes,
2500 2028 2532 2054 et

1525 2070 1565 2100 ad
1588 2079 1674 2101 nunc
1703 2069 1794 2100 dicta.
1824 2069 1923 2107 Quod
1951 2068 2083 2110 quidem
2111 2067 2198 2099 enim
2221 2077 2350 2098 sursum
2373 2073 2404 2098 et
2426 2076 2530 2109 usque

1525 2114 1565 2145 ad
1580 2114 1703 2153 lunam,
1719 2113 1854 2144 dicimus
1877 2123 1945 2144 esse
1961 2122 2077 2154 corpus
2093 2112 2229 2144 alterum
2251 2112 2291 2143 ab
2306 2111 2380 2152 igne
2399 2118 2430 2144 et
2444 2117 2531 2152 aere;

1525 2158 1707 2200 quinimmo
1728 2165 1758 2189 et
1773 2158 1805 2188 in
1822 2157 1893 2199 ipso
1908 2157 1970 2188 hoc
1986 2157 2117 2199 quidem
2128 2156 2240 2198 purius
2256 2166 2334 2195 esse,
2345 2155 2407 2187 hoc
2422 2162 2532 2188 autem

1526 2203 1632 2234 minus
1656 2203 1832 2241 sincerum;
1856 2209 1887 2233 et
1907 2201 2095 2234 differentias
2119 2202 2244 2240 habere,
2261 2207 2292 2232 et
2314 2201 2452 2232 maxime
2467 2210 2533 2243 qua

1526 2247 1639 2279 desinit
1658 2248 1698 2278 ad
1712 2257 1818 2278 aerem
1833 2253 1864 2278 et
1879 2246 1920 2277 ad
1936 2256 2011 2277 eum
2026 2246 2082 2289 qui
2098 2245 2179 2278 circa
2194 2253 2310 2277 terram
2323 2245 2494 2278 mundum.

1458 2337 1540 2368 Lato
1565 2343 1673 2368 autem
1692 2336 1797 2377 primo
1814 2336 1972 2367 elemento
1989 2334 2179 2368 circulariter
2194 2341 2226 2366 et
2244 2334 2432 2376 corporibus
2447 2343 2531 2376 quae

1525 2381 1559 2412 in
1581 2381 1664 2422 ipso,
1681 2381 1771 2422 quod
1794 2380 2015 2422 propinquum
2039 2389 2165 2420 semper
2186 2379 2344 2410 inferioris
2364 2379 2478 2410 mundi
2501 2385 2534 2411 et

1525 2425 1679 2466 corporis,
1695 2432 1787 2456 motu
1811 2425 2024 2466 disgregatum
2047 2424 2239 2462 accenditur,
2260 2431 2290 2455 et
2305 2423 2380 2455 facit
2394 2422 2532 2456 calidita-

1524 2477 1600 2501 tem.
1621 2470 1758 2510 Oportet
1782 2477 1890 2501 autem
1916 2469 2089 2510 intelligere
2112 2468 2156 2500 sic
2181 2475 2213 2499 et
2236 2467 2310 2498 hinc
2334 2467 2531 2509 incipientes.

1525 2514 1624 2552 Quod
1648 2514 1733 2545 enim
1757 2514 1816 2544 sub
1841 2523 1877 2544 ea
1900 2523 1982 2555 quae
2005 2523 2134 2544 sursum
2164 2511 2369 2544 circulatione
2397 2522 2530 2554 corpus,

1524 2559 1612 2590 velut
1634 2558 1765 2589 materia
1787 2558 1946 2599 quaedam
1969 2557 2103 2589 existens
2128 2563 2159 2588 et
2181 2556 2324 2598 potentia
2351 2556 2462 2596 calida,
2477 2556 2530 2588 fri-

1523 2602 1615 2644 gida,
1639 2603 1720 2634 sicca
1743 2609 1774 2634 et
1796 2602 1943 2642 humida,
1969 2609 1999 2634 et
2026 2611 2250 2643 quaecumque
2273 2601 2322 2632 his
2345 2601 2424 2632 aliae
2447 2611 2531 2632 asse-

1524 2654 1668 2689 quuntur
1690 2646 1865 2688 passiones,
1889 2645 1924 2678 fit
1947 2646 2017 2679 talis
2041 2653 2072 2678 et
2095 2653 2141 2677 est
2163 2656 2182 2676 a
2205 2652 2298 2677 motu
2324 2652 2355 2677 et
2379 2645 2530 2677 immobi-

1523 2691 1609 2723 litate
1632 2691 1700 2723 eius
1723 2691 1813 2734 quod
1837 2701 1966 2722 causam
1985 2698 2015 2723 et
2034 2690 2228 2732 principium
2247 2689 2384 2721 diximus
2405 2690 2505 2731 prius.

2080 2753 2098 2762 α

1457 2786 1492 2817 In
1523 2785 1630 2817 medio
1655 2785 1786 2827 quidem
1809 2784 1904 2825 igitur
1932 2791 1962 2816 et
1993 2783 2073 2816 circa
2096 2784 2240 2816 medium
2268 2791 2315 2816 est
2343 2784 2433 2825 quod
2460 2793 2529 2826 gra-

1521 2830 1689 2861 vissimum
1717 2837 1747 2861 et
1774 2829 2015 2870 frigidissimum
2042 2836 2253 2870 segregatum,
2277 2835 2358 2860 terra
2381 2835 2412 2860 et
2434 2838 2532 2871 aqua.

1524 2875 1615 2906 Circa
1638 2875 1715 2905 haec
1738 2881 1847 2905 autem
1874 2881 1904 2905 et
1919 2873 2026 2905 habita
2048 2873 2108 2913 his,
2133 2883 2196 2913 aer,
2213 2882 2375 2915 quemque
2398 2879 2529 2914 propter

1523 2919 1789 2951 consuetudinem
1811 2928 1965 2950 vocamus
1994 2918 2111 2959 ignem.
2139 2918 2215 2950 Non
2244 2917 2331 2948 enim
2360 2924 2407 2949 est
2429 2917 2527 2959 ignis:

1523 2974 1666 2995 excessus
1690 2963 1775 2994 enim
1799 2963 1891 2994 calidi
1915 2970 1945 2994 et
1960 2963 2048 2994 velut
2071 2962 2175 2994 fervor
2198 2969 2245 2994 est
2263 2962 2353 3004 quod
2369 2968 2416 2994 est
2434 2961 2527 3003 ignis.

1522 3009 1584 3040 Sed
1603 3015 1729 3049 oportet
1747 3007 1920 3048 intelligere
1940 3007 2014 3039 dicti
2033 3017 2051 3038 a
2067 3007 2160 3038 nobis
2178 3006 2268 3046 aeris,
2288 3006 2378 3048 quod
2397 3006 2530 3048 quidem

1523 3053 1603 3085 circa
1630 3060 1744 3084 terram
1767 3052 1855 3083 velut
1877 3051 2050 3084 humidum
2075 3058 2106 3083 et
2129 3051 2269 3083 calidum
2291 3060 2375 3090 esse,
2398 3058 2535 3093 propter

1521 3107 1674 3138 vaporem
1702 3105 1733 3128 et
1763 3097 1995 3128 exhalationem
2025 3096 2140 3128 habere
2163 3103 2280 3128 terrae:
2306 3095 2396 3137 quod
2419 3102 2528 3127 autem

1523 3152 1618 3183 super
1645 3142 1718 3180 hoc,
1748 3141 1887 3173 calidum
1910 3141 1975 3172 iam
1999 3148 2029 3172 et
2052 3141 2172 3172 siccum
2196 3148 2252 3172 est.
2275 3140 2412 3182 vaporis
2440 3140 2528 3172 enim

1523 3194 1634 3218 natura
1657 3186 1829 3217 humidum
1853 3193 1883 3218 et
1907 3186 2061 3224 calidum,
2092 3184 2299 3217 exhalationis
2322 3191 2431 3216 autem
2454 3184 2527 3216 cali-

1523 3231 1602 3262 dum
1625 3238 1656 3262 et
1679 3231 1818 3262 siccum:
1843 3238 1874 3262 et
1902 3237 1948 3262 est
1975 3240 2076 3271 vapor
2103 3229 2236 3272 quidem
2266 3229 2410 3271 potentia
2439 3229 2527 3261 velut

1522 3286 1615 3317 aqua,
1641 3275 1795 3307 exhalatio
1819 3282 1927 3306 autem
1950 3274 2093 3316 potentia
2114 3274 2202 3306 velut
2224 3274 2316 3315 ignis.

1454 3373 1543 3401 nubes
1564 3373 1602 3400 ad
1622 3372 1844 3411 generationem
1866 3372 1980 3410 aquae?
2001 3373 2076 3400 Nam
2096 3370 2286 3400 condensatio
2308 3369 2431 3399 nubium
2445 3369 2477 3399 fit
2491 3379 2526 3399 ex

1453 3412 1619 3450 frigiditate:
1640 3411 1772 3449 superior
1792 3418 1890 3441 autem
1910 3421 1978 3449 pars
1992 3411 2065 3440 aeris
2086 3411 2199 3440 viderur
2219 3419 2282 3440 esse
2303 3410 2441 3448 frigidior,
2456 3409 2527 3448 quia

1453 3452 1493 3481 ibi
1514 3453 1647 3481 videntur
1667 3461 1779 3481 cessare
1801 3453 1875 3480 duae
1897 3461 2001 3480 causae
2022 3450 2226 3487 calefactionis,
2246 3449 2449 3488 propinquitas
2470 3449 2526 3479 sci-

1453 3492 1518 3521 licet
1538 3493 1575 3521 ad
1596 3499 1681 3528 astra,
1697 3499 1725 3520 et
1739 3491 1932 3521 reverberatio
1954 3491 2103 3520 radiorum
2118 3491 2187 3520 solis
2208 3500 2226 3520 a
2246 3497 2331 3519 terra.
2348 3507 2367 3513 -
2380 3491 2439 3519 Aut
2453 3498 2524 3527 ergo

1454 3533 1608 3561 dicendum
1631 3533 1712 3570 quod
1733 3541 1809 3569 aqua
1830 3541 1891 3560 non
1910 3531 1947 3560 sit
1965 3538 2032 3560 nata
2046 3530 2108 3560 fieri
2123 3540 2157 3560 ex
2178 3530 2260 3559 omni
2275 3539 2357 3566 aere3
2379 3536 2429 3559 aut
2443 3529 2525 3567 quod

1453 3581 1502 3601 aer
1522 3572 1641 3601 inferior
1662 3572 1698 3601 sit
1718 3571 1805 3600 veluti
1827 3581 1926 3609 vapor,
1942 3571 2074 3608 superior
2095 3577 2192 3599 autem
2218 3570 2254 3599 sit
2275 3579 2365 3607 purus
2385 3578 2449 3606 aer,
2473 3568 2523 3606 qui

1453 3612 1560 3641 idcirco
1582 3611 1683 3649 nequit
1697 3611 1868 3641 condensari
1890 3611 1920 3639 in
1935 3620 2052 3648 aquam.
2067 3611 2109 3639 Ex
2131 3611 2188 3639 hoc
2201 3617 2297 3639 autem
2320 3608 2423 3638 ultimo
2443 3608 2524 3638 vide-

1452 3659 1499 3680 tur
1513 3652 1595 3690 sequi
1616 3651 1833 3687 inconveniens,
1849 3650 1955 3680 scilicet
1977 3651 2058 3688 quod
2078 3656 2182 3679 natura
2198 3649 2271 3679 aeris
2286 3655 2314 3678 et
2334 3657 2427 3687 aquae
2448 3648 2524 3677 mul-
