2782 4134
108 3084 117 3092 '
137 3082 289 3110 Philosophus

107 3115 155 3130 om.
170 3115 207 3130 ΑΒ.

205 3145 222 3162 α

106 3185 117 3196 ’
127 3184 163 3206 cf.
171 3185 221 3206 lect.
231 3190 261 3211 vt,
270 3191 293 3206 n.
302 3191 319 3206 ι.

109 3393 119 3403 '¹
135 3391 268 3420 referamus
283 3397 320 3413 Pa.

109 3504 118 3513 ·
134 3502 192 3531 quid
204 3503 289 3530 ΒμαῩ).

353 296 427 343 348

1069 289 1659 328 METEOROLOGICORUM
1687 290 1781 326 LIB.
1814 291 1827 326 I

1165 496 1466 554 LECTIO
1503 499 1727 554 NONA

1069 651 1268 683 ALIORUM
1292 652 1349 682 DE
1374 652 1566 684 COMETIS
1590 653 1819 684 OPINIONES

347 788 423 832 Περὶ
448 781 485 818 δὲ
503 787 567 819 τῶν
592 785 749 828 κομητῶν
774 786 831 815 καὶ
851 785 913 816 τοῦ
937 783 1149 838 καλουμένου
1166 783 1344 830 γάλακτος
1363 782 1419 815 λε’·
1470 785 1487 804 *
1511 786 1559 816 De
1583 786 1714 817 cometis
1743 794 1850 818 autem
1874 794 1905 818 et
1927 794 2041 818 vocato
2073 788 2152 820 lacte
2183 789 2342 829 dicamus,
2367 790 2546 822 dubitantes

414 843 543 876 γωμεν,
570 825 845 873 διαπορήσαντες
877 828 959 870 πρὸς
992 839 1040 860 τα
1071 828 1168 872 παραὶ
1202 829 1268 861 τῶν
1305 828 1415 860 ἄλλων

415 875 571 919 εἰρημένα
596 874 741 917 πρῶτον.

342 918 576 966 Ἀναξαγόρας
602 918 661 962 μὲν
694 915 750 950 οὖν
785 919 842 949 καὶ
868 916 1076 961 Δημόκριτός
1101 929 1200 962 φασιν
1225 914 1310 949 εἶναι
1336 917 1415 954 τούς

412 964 568 1007 κομήτας
600 963 766 1007 σύμφασιν
802 963 868 993 τῶν
904 961 1092 999 πλανήτων
1127 961 1301 1006 αἷστέρων,
1330 960 1415 994 ὅταν

413 1005 472 1041 διοί
495 1008 537 1040 τὸ
562 1009 703 1044 πλησίον
731 1005 836 1039 ἐλθεῖν
862 1001 986 1047 δόξωσι
1011 1005 1183 1053 θιγγάνειν
1212 1005 1382 1042 ἀλλήλων.

347 1055 417 1086 Τῶν
437 1049 464 1085 δ’
487 1052 668 1085 Ἰταλικῶν
686 1063 774 1089 τινες
792 1053 850 1083 καὶ
871 1050 1087 1096 καλουμένων
1104 1050 1336 1097 Πυθαγορείων
1355 1050 1415 1082 ἕνα

411 1097 565 1143 λέγουσιν
592 1096 699 1128 αὐτόν
724 1093 811 1128 εἶναι
837 1096 903 1128 τῶν
931 1095 1119 1132 πλανήτων
1140 1093 1304 1138 ἀστέρων,
1326 1095 1418 1128 ἀλλοί

411 1139 470 1175 δια
496 1142 624 1174 πολλοῦ
650 1153 688 1173 τε
722 1140 844 1186 χρόνου
870 1139 935 1177 τήν
962 1143 1156 1184 φαντασίαν
1184 1141 1295 1172 αὑτοῦ
1328 1137 1414 1172 εἶναι

411 1190 469 1220 καὶ
496 1186 559 1223 τήν
586 1185 776 1230 ὑπερβολήν
804 1186 858 1217 ἐπὶ
885 1186 1021 1240 μικρόν,
1050 1185 1129 1230 ὅπερ
1155 1185 1332 1231 συμβαίνει
1356 1186 1415 1217 καὶ

412 1235 485 1275 περὶ
520 1231 578 1263 τὸν
614 1232 676 1263 τοῦ
706 1231 828 1275 Ἑρμοῦ
863 1228 1010 1275 ἀστερα·
1036 1225 1096 1262 δια
1126 1230 1191 1277 γοὶρ
1225 1230 1266 1263 τὸ
1299 1230 1414 1275 μικρὸν

412 1276 653 1316 ἐπαναβαίνειν
679 1275 809 1312 πολλαὶς
836 1275 983 1307 ἐκλείπει
1000 1275 1130 1319 φάσεις,
1149 1274 1237 1308 ὥστε
1255 1270 1314 1307 &aaz
1338 1274 1417 1320 χρό-

412 1333 468 1354 νου
493 1323 654 1365 φαίνεται
679 1320 821 1352 πολλοῦ.
1121 1352 1127 1361 ,

343 1367 591 1411 Παραπλησίως
619 1360 657 1397 δὲ
683 1363 819 1402 τούτοις
851 1366 909 1396 καὶ
936 1366 965 1396 οἱ
991 1366 1064 1408 περὶ
1094 1363 1328 1409 Ἱπποκράτην
1355 1364 1415 1396 τόν

412 1413 490 1443 Χῖον
514 1412 573 1442 καὶ
598 1409 658 1442 τόν
681 1408 840 1453 μαθητήν
861 1409 971 1441 αὐτοῦ
989 1407 1155 1453 Αἰσχύλον
1175 1407 1414 1453 ἀπεφήναντο,

411 1455 499 1492 πλήν
526 1454 589 1491 τήν
615 1467 653 1501 γε
677 1453 786 1499 κόμην
812 1451 872 1486 οὐκ
890 1451 924 1494 ἐξ
948 1454 1058 1486 αὐτοῦ
1083 1465 1183 1498 φασιν
1202 1453 1304 1499 ἔχειν,
1326 1454 1416 1486 ἀλλσὶ

411 1499 631 1544 πλανώμενον
656 1493 716 1531 δια
741 1498 800 1531 τόν
827 1497 936 1531 τόπον
963 1499 1071 1531 ἐνίοτε
1095 1497 1304 1543 λαμβάνειν,
1334 1498 1418 1531 ἀνα-

410 1545 581 1589 κλωμένης
609 1544 671 1581 τῆς
696 1542 866 1588 ἡμετέρας
895 1542 997 1586 ὄψεως
1033 1543 1102 1576 ἀπὸ
1136 1544 1199 1581 τῆς
1233 1543 1415 1586 ἑλκομένης

411 1590 600 1637 ὑγρότητος
635 1590 689 1621 ὑπ’
721 1588 830 1621 αὑτοῦ
866 1588 946 1633 πρὸς
979 1588 1039 1621 τόν
1073 1587 1186 1625 ἥλιον·
1213 1583 1272 1621 διοὲ
1303 1585 1340 1621 δὲ
1372 1589 1415 1622 τὸ

412 1633 658 1668 ὑπολείπεσθαι
691 1628 901 1676 βραδύτατα
934 1633 982 1674 τῷ
1039 1632 1141 1677 ρόνῳ,
1167 1628 1227 1665 διοί
1251 1634 1414 1667 πλείστου

409 1679 530 1725 χρόνου
555 1678 733 1724 φαίνεσθαι
766 1679 832 1711 τῶν
867 1678 977 1710 ἄλλων
1014 1690 1167 1720 αστρων,
1198 1679 1240 1716 ὠς
1267 1676 1351 1712 ὅταν
1379 1677 1415 1711 ἐκ

410 1725 545 1757 ταύτοῦ
571 1724 661 1768 φανῇ
694 1721 980 1766 ὑπολελειμμένον
1008 1721 1084 1755 ὅλον
1112 1722 1172 1755 τὸν
1199 1723 1415 1756 &auvos-20¹-

410 1771 508 1801 κλον·
536 1767 780 1800 ύπολείπεσθαι
805 1762 835 1798 δ’
865 1767 973 1799 αὐτὸν
1002 1770 1060 1799 καὶ
1091 1767 1172 1811 πρὸς
1201 1766 1325 1812 ἄρκτον
1355 1771 1415 1801 καὶ

411 1815 492 1858 πρὸς
517 1812 630 1846 νότον.
663 1814 720 1844 Ἐν
747 1812 805 1856 μὲν
832 1809 889 1844 οὖν
916 1813 965 1854 τῷ
983 1811 1117 1856 μεταξύ
1137 1812 1231 1853 τόπῳ
1251 1815 1317 1846 τῶν
1340 1825 1414 1858 τρο-

411 1859 515 1892 πικῶν
543 1859 607 1903 οὖχ
632 1857 738 1890 ἕλκειν
764 1856 806 1889 τὸ
832 1853 918 1899 ὕδωρ
945 1857 1025 1901 πρὸς
1054 1857 1178 1890 ἑαυτὸν
1204 1852 1264 1890 διαὶ
1290 1858 1330 1890 τὸ
1361 1870 1414 1890 κε-

409 1903 557 1936 καῦσθαι
582 1903 648 1935 ὑπὸ
675 1903 737 1940 τῆς
772 1903 834 1933 τοῦ
868 1902 964 1938 ἡλίου
997 1902 1118 1946 φορᾶς·
1145 1902 1225 1947 πρὸς
1250 1897 1288 1935 δέ
1313 1901 1412 1936 νότον

412 1947 495 1981 ὅταν
522 1947 687 1993 φέρηται,
721 1942 899 1990 δαψίλειαν
935 1946 994 1990 μὲν
1028 1947 1116 1991 ἐ’χειν
1150 1948 1213 1985 τῆς
1247 1947 1413 1986 τοιαύτης

409 1988 557 2034 νοτίδος,
578 1993 668 2025 ἀλλοί
692 1987 750 2024 διοί
775 1991 816 2025 τό
841 1991 956 2035 μικρὸν
983 1988 1068 2023 εἶναι
1095 1991 1135 2024 τὸ
1161 1992 1244 2036 ὑπὲρ
1266 1993 1330 2030 τῆς
1350 1993 1413 2039 γῆς

411 2038 533 2082 τμῆμα
557 2039 620 2070 τοῦ
645 2036 790 2077 κύκλου,
818 2037 859 2069 τό
884 2031 921 2068 δὲ
946 2035 1043 2069 κοίτω
1070 2036 1347 2078 πολλαπλάσιον,
1375 2038 1413 2069 οὗ

409 2079 578 2115 δύνασθαι
596 2082 659 2118 τὴν
680 2081 750 2125 ὄψιν
770 2082 836 2113 τῶν
857 2080 1037 2126 ἀνθρώπων
1058 2080 1215 2126 φέρεσθαι
1240 2082 1413 2126 κλωμένην

411 2127 492 2172 πρὸς
517 2128 577 2160 τόν
604 2126 721 2167 ἥλιον,
750 2126 830 2158 οὔτε
857 2127 904 2167 τῷ
931 2126 1017 2167 νότῳ
1043 2126 1310 2169 πλησιάζοντος,
1339 2127 1409 2159 οὔτ’

409 2173 464 2205 ἐπὶ
482 2172 622 2217 θεριναῖς
642 2175 785 2216 τροπαῖς
809 2170 906 2208 ὄντος
928 2172 990 2204 τοῦ
1009 2171 1124 2207 ἡλίου·
1146 2166 1263 2214 διόπερ
1283 2173 1316 2204 ἐν
1335 2171 1414 2205 τού-

409 2229 481 2255 τοις
507 2218 566 2262 μὲν
592 2221 663 2254 τοῖς
691 2215 809 2253 τόποις
835 2210 914 2248 οὐδὲ
935 2214 1087 2262 γίνεσθαι
1110 2215 1266 2261 κομήτην
1286 2214 1411 2250 αὐτόν·

411 2261 496 2294 ὅταν
522 2258 560 2294 δὲ
585 2261 666 2306 πρός
691 2259 813 2304 βορέαν
849 2259 1059 2305 ὑπολειφθεὶς
1086 2260 1198 2307 τύχῃ,
1224 2261 1413 2305 λαμβοίνειν

409 2302 602 2352 κόμηνδιοί
633 2306 674 2338 τὸ
704 2304 856 2352 μεγάλην
890 2302 975 2337 εἶναι
1008 2305 1072 2343 τήν
1107 2305 1316 2351 περιφέρειαν
1349 2306 1413 2343 τήν

411 2350 534 2384 ἄνωθεν
561 2351 623 2384 τοῦ
643 2351 826 2394 ὁρίζοντος,
845 2350 887 2382 τό
906 2346 942 2382 δὲ
966 2350 1062 2384 zoi-cm
1084 2350 1182 2394 μέρος
1200 2352 1263 2383 τοῦ
1287 2350 1412 2383 κύκλου

408 2396 541 2441 μικρόν·
568 2390 689 2441 ῥᾳδίως
715 2395 779 2441 γάρ
805 2395 869 2432 τήν
892 2394 963 2438 ὄψιν
983 2396 1049 2428 τῶν
1070 2395 1250 2438 ἀνθρώπων
1270 2394 1413 2440 ἀφικνεῖ-

410 2440 486 2474 σθαι
512 2440 596 2474 τότε
622 2440 702 2482 πρὸς
728 2440 787 2472 τόν
813 2438 922 2476 ἥλιον.

412 2539 562 2566 Smopsts.
592 2553 626 2558 —
659 2546 683 2565 1.
710 2538 932 2574 Argumentum.
965 2536 1012 2564 De
1040 2535 1159 2563 cometis
1187 2540 1214 2563 et
1239 2534 1332 2563 Iacteb
1353 2534 1411 2562 cir-

342 2579 417 2607 culo.
430 2595 448 2599 -
460 2579 528 2613 Quo
543 2577 645 2606 ordine
660 2577 888 2613 procedendum.
901 2592 922 2596 -
931 2576 1040 2603 Textus
1055 2574 1167 2603 divisio.
1179 2591 1198 2595 -
1210 2582 1237 2603 2.
1253 2573 1413 2612 Opiniones

343 2619 469 2648 aliorum
491 2618 571 2646 circa
591 2622 725 2645 cometas.
747 2617 937 2653 Anaxagoras
952 2621 980 2643 et
1001 2615 1186 2643 Democritus
1208 2614 1341 2642 dixerunt
1362 2623 1412 2642 co-

343 2665 435 2687 metas
449 2667 511 2686 esse
526 2656 774 2693 coapparitionem
789 2656 938 2684 stellarum
953 2654 1127 2690 errantium;
1149 2663 1273 2691 quarum
1289 2654 1412 2691 aliquae,

344 2699 415 2726 dum
436 2697 671 2735 appropinquant
692 2695 870 2731 adinvicem,
892 2695 1026 2723 videntur
1053 2703 1115 2723 esse
1136 2703 1196 2722 una
1219 2694 1315 2729 stella,
1338 2703 1413 2731 quae

344 2745 464 2775 propter
483 2743 671 2774 augmentum
699 2735 815 2764 luminis
837 2741 956 2772 apparet
983 2741 1107 2763 comata.
1129 2750 1147 2755 —
1172 2734 1197 2763 3.
1220 2734 1357 2763 Nonnulli
1379 2743 1413 2762 ex

343 2778 424 2807 ltalia
438 2776 621 2815 Pythagorici
642 2775 751 2813 opinati
773 2782 840 2803 sunt
861 2781 1006 2804 cometam
1027 2783 1089 2803 esse
1110 2783 1199 2802 unam
1215 2774 1251 2802 de
1266 2774 1354 2802 stellis
1369 2783 1413 2802 er-

344 2818 482 2854 rantibus,
495 2826 569 2855 quae
583 2823 681 2845 tamen
695 2815 812 2844 nonnisi
834 2821 901 2852 post
922 2815 1045 2843 multum
1066 2821 1181 2851 tempus
1202 2821 1330 2851 apparet,
1346 2814 1414 2859 quia

345 2858 493 2886 modicum
514 2856 622 2886 recedit
642 2866 660 2885 a
680 2856 750 2884 sole.
766 2872 785 2876 -
798 2865 827 2891 4.
844 2855 971 2890 Quidam
990 2864 1128 2892 sequaces
1149 2854 1334 2891 Hippocratis
1349 2854 1413 2883 Chii

344 2905 371 2926 et
386 2898 447 2926 eius
468 2896 600 2934 discipuli
615 2896 758 2932 Aeschyli,
773 2901 933 2932 posuerunt
948 2901 975 2923 et
990 2894 1043 2932 ipsi
1058 2900 1204 2923 cometam
1219 2903 1281 2923 esse
1302 2894 1413 2923 stellam

345 2944 502 2967 errantem:
525 2946 625 2966 verum
646 2946 708 2965 non
729 2935 869 2971 dixerunt,
892 2935 965 2964 sicut
986 2934 1177 2972 Pythagorici,
1201 2935 1306 2963 habere
1328 2944 1362 2963 ex
1383 2943 1414 2962 se

344 2987 469 3013 comam,
492 2978 543 3006 sed
564 2986 629 3006 earn
651 2986 685 3005 ex
706 2976 772 3004 loco
793 2975 952 3013 aliquando
973 2974 1112 3012 accipere,
1135 2981 1277 3012 quatenus
1298 2974 1414 3003 attrahit

549 3088 580 3102 ·-
611 3076 787 3119 ostquam
816 3068 1073 3117 Philosophus
1101 3068 1121 3090 '¹‘
1150 3068 1415 3105 determinavit

611 3123 658 3160 de
674 3122 788 3160 stellis
814 3122 1036 3160 cadentibus
1053 3129 1088 3159 et
1108 3121 1292 3159 similibus
1307 3128 1335 3168 α,
1353 3121 1414 3158 hic

479 3196 516 3205 x
555 3176 840 3225 determinat
877 3176 924 3214 de
961 3175 1119 3213 cometis
1138 3175 1169 3212 ²¹⁸.
1205 3176 1254 3212 Et
1286 3175 1413 3225 primo

412 3254 434 3259 ψ
491 3222 498 3231 ”
611 3229 699 3267 dicit
719 3229 765 3267 de
786 3242 862 3278 quo
883 3236 939 3266 est
958 3229 1134 3266 intentio:
1157 3228 1286 3266 dicens
1306 3228 1413 3277 quod

348 3295 450 3320 nunc
478 3283 683 3321 dicendum
703 3291 759 3321 est
779 3284 825 3321 de
855 3282 1015 3320 cometis
1044 3290 1081 3319 et
1108 3283 1229 3320 lacteo
1260 3282 1413 3330 circulo,

348 3337 422 3373 hoc
463 3336 595 3374 ordine
625 3344 775 3374 servato
819 3336 918 3374 circa
946 3343 1176 3385 utrumque,
1210 3343 1252 3373 ut
1285 3336 1412 3385 primo

348 3389 553 3426 inferamus
572 3389 592 3411 ’¹‘
611 3390 870 3436 dubitationes,
900 3390 997 3428 idest
1024 3389 1270 3436 obiectiones‚
1292 3389 1342 3427 ad
1371 3402 1415 3426 ea

349 3454 449 3491 quae
478 3442 574 3480 dicta
594 3450 679 3479 sunt
698 3443 746 3480 ab
776 3443 867 3491 aliis,
894 3450 930 3480 et
956 3450 1091 3492 postea
1117 3442 1415 3480 determinemus

350 3496 455 3544 quod
481 3495 501 3517 ’¹‘
529 3495 639 3532 nobis
667 3496 827 3533 videtur.

1539 831 1579 860 ad
1598 831 1680 863 dicta
1703 833 1742 862 ab
1766 831 1835 862 aliis
1858 831 1974 872 primo.

1471 922 1674 960 Anaxagoras
1704 920 1836 961 quidem
1865 920 1961 961 igitur
1991 929 2022 954 et
2045 923 2246 954 Democritus
2275 924 2365 955 aiunt
2393 934 2460 955 esse
2492 934 2544 956 co-

1537 971 1656 995 metam
1680 965 1879 1006 symphasim
1907 966 2080 998 errantium
2108 968 2285 1008 stellarum,
2310 979 2386 1000 cum
2415 976 2547 1010 propter

1539 1019 1640 1049 prope
1663 1009 1770 1040 venire
1793 1016 1946 1050 putentur
1969 1017 2096 1051 tangere
2114 1012 2263 1044 invicem.

1471 1053 1654 1084 Italicorum
1666 1060 1775 1084 autem
1789 1054 1921 1095 quidam
1930 1062 2120 1087 vocatorum
2132 1057 2430 1098 Pythagoricorum,
2441 1068 2545 1089 unum

1538 1098 1647 1129 dicunt
1664 1098 1773 1139 ipsum
1789 1108 1856 1129 esse
1873 1099 2050 1132 errantium
2071 1100 2223 1140 siderum,
2240 1102 2295 1132 sed
2314 1109 2389 1143 post
2403 1103 2546 1134 multum

1539 1149 1667 1183 tempus
1690 1142 1891 1184 phantasiam
1913 1143 2014 1184 ipsius
2038 1154 2116 1184 esse,
2138 1152 2169 1176 et
2191 1155 2356 1177 excessum
2379 1147 2419 1178 ad
2442 1147 2545 1178 modi-

1538 1197 1623 1218 cum.
1649 1187 1747 1225 Quod
1767 1187 1880 1218 accidit
1895 1194 1926 1218 et
1941 1187 2022 1219 circa
2037 1189 2185 1220 Mercurii
2201 1190 2342 1223 stellam:
2367 1191 2443 1232 quia
2459 1191 2546 1222 enim

1538 1231 1704 1262 modicum
1736 1232 1928 1273 digreditur,
1962 1243 2056 1274 saepe
2080 1243 2147 1264 non
2170 1242 2318 1275 apparet,
2346 1235 2390 1267 ita
2413 1242 2450 1267 ut
2471 1242 2548 1277 post

1538 1284 1666 1318 tempus
1689 1283 1839 1318 appareat
1861 1277 2013 1308 multum.

1470 1366 1620 1398 Similiter
1642 1366 1691 1397 his
1716 1374 1746 1398 et
1769 1366 1825 1408 qui
1849 1366 1930 1397 circa
1957 1366 2190 1408 Hippocratem
2213 1368 2334 1400 Chium
2358 1375 2389 1400 et
2408 1369 2545 1411 discipu-

1536 1411 1606 1441 lum
1634 1411 1702 1442 eius
1729 1411 1926 1452 Aeschylum
1955 1412 2216 1444 enuntiaverunt:
2241 1414 2297 1445 sed
2326 1424 2456 1445 comam
2478 1424 2546 1446 nou

1538 1466 1574 1486 ex
1598 1455 1669 1496 ipso
1693 1455 1783 1487 aiunt
1806 1455 1933 1495 habere,
1957 1457 2012 1487 sed
2030 1465 2186 1488 errantem
2209 1465 2340 1500 propter
2361 1458 2474 1490 locum
2492 1457 2545 1490 ali-

1538 1501 1668 1541 quando
1685 1500 1838 1541 accipere,
1854 1500 1987 1532 refracto
2001 1509 2110 1533 nostro
2123 1502 2193 1533 visu
2208 1503 2248 1534 ab
2264 1503 2401 1534 humore
2413 1510 2546 1536 attracto

1538 1545 1576 1575 ab
1592 1545 1663 1585 ipso
1683 1545 1723 1575 ad
1739 1545 1850 1576 solem.
1871 1545 1956 1583 Quia
1976 1553 2084 1577 autem
2099 1547 2262 1579 descendit
2275 1548 2453 1580 tardissime
2469 1555 2547 1580 tem·

1537 1600 1626 1630 pore,
1642 1597 1773 1631 apparet
1786 1597 1860 1631 post
1876 1597 2003 1631 tempus
2020 1591 2197 1631 plurimum
2213 1592 2351 1623 aliorum
2375 1600 2545 1633 astrorum,

1538 1642 1574 1666 ut
1591 1645 1665 1665 cum
1682 1644 1719 1665 ex
1736 1635 1851 1665 eodem
1867 1643 2017 1676 appareat
2031 1636 2240 1668 subdeficiens
2257 1647 2314 1678 per
2329 1645 2437 1669 totum
2448 1648 2547 1670 suum

1538 1679 1710 1711 circulum:
1744 1679 1854 1710 cedere
1885 1686 1993 1710 autem
2025 1680 2134 1721 ipsum
2162 1689 2193 1712 et
2223 1682 2263 1712 ad
2294 1689 2417 1714 arctum
2445 1689 2477 1715 et
2505 1683 2547 1714 ad

1538 1731 1691 1755 austrum.
1726 1724 1918 1755 Intermedio
1953 1724 2086 1766 quidem
2116 1725 2213 1766 igitur
2241 1727 2316 1758 loco
2346 1727 2547 1768 tropicorum

1537 1779 1603 1799 non
1627 1768 1780 1800 attrahere
1803 1778 1922 1809 aquam
1946 1769 1986 1799 ad
2008 1769 2128 1810 ipsum,
2147 1770 2223 1812 quia
2246 1778 2440 1813 consumpta
2462 1779 2510 1804 est
2527 1782 2546 1803 a

1538 1813 1613 1844 solis
1636 1813 1764 1844 latione.
1789 1813 1840 1843 Ad
1866 1820 2010 1844 austrum
2040 1821 2149 1845 autem
2172 1825 2247 1846 cum
2268 1815 2396 1855 feratur,
2417 1817 2546 1858 copiam

1536 1858 1651 1888 habere
1666 1857 1736 1888 talis
1752 1857 1966 1889 humiditatis:
1992 1859 2047 1889 sed
2070 1859 2146 1900 quia
2168 1870 2264 1900 parva
2284 1867 2332 1892 est
2347 1860 2465 1892 decisio
2489 1861 2546 1893 cir-

1537 1902 1599 1934 culi
1623 1912 1705 1944 quae
1731 1909 1778 1933 est
1793 1912 1890 1943 super
1907 1909 2034 1942 terram,
2050 1913 2133 1944 quae
2159 1911 2267 1936 autem
2287 1905 2439 1937 deorsum
2462 1905 2547 1938 mul-

1536 1947 1644 1988 tiplex,
1658 1957 1724 1978 non
1740 1954 1847 1988 potest
1861 1947 1948 1978 visus
1963 1947 2137 1979 hominurn
2153 1948 2270 1980 fractus
2286 1949 2359 1981 ferri
2375 1950 2415 1981 ad
2430 1950 2544 1988 solem,

1538 2002 1643 2033 neque
1666 1991 1945 2033 appropinquante
1968 1993 2093 2033 tropico
2116 1993 2208 2033 loco,
2232 2004 2337 2036 neque
2364 1994 2398 2026 in
2421 1995 2547 2027 aestivis

1537 2036 1737 2068 versionibus
1757 2036 1906 2068 existente
1931 2037 2013 2068 sole:
2038 2044 2169 2079 propter
2183 2039 2272 2080 quod
2288 2039 2322 2070 in
2341 2038 2390 2070 his
2413 2039 2547 2081 quidem

1536 2081 1615 2112 locis
1632 2091 1698 2112 non
1714 2080 1781 2112 fieri
1797 2088 1956 2113 cometam
1971 2081 2089 2122 ipsum.
2110 2083 2250 2121 Quando
2265 2093 2341 2115 vero
2357 2084 2398 2115 ad
2413 2085 2547 2116 boream

1536 2126 1664 2158 relictus
1684 2125 1834 2164 extiterit,
1859 2126 1999 2167 accipere
2023 2135 2166 2159 comam:
2190 2128 2267 2170 quia
2289 2138 2406 2170 magna
2428 2135 2476 2161 est
2490 2139 2546 2172 pe·

1538 2171 1674 2212 ripheria
1697 2181 1780 2212 quae
1808 2171 1944 2212 desuper
1971 2171 2162 2213 horizontis,
2187 2183 2270 2214 quae
2300 2180 2409 2205 autem
2432 2174 2546 2207 subtus

1538 2226 1610 2256 pars
1635 2215 1742 2247 circuli
1771 2223 1885 2256 parva3
1917 2215 2006 2247 facile
2031 2217 2118 2247 enim
2140 2217 2247 2249 visum
2275 2217 2448 2250 hominum
2475 2229 2547 2261 per-

1537 2260 1656 2301 tingere
1680 2267 1756 2291 tunc
1780 2260 1819 2290 ad
1844 2260 1955 2292 solem.

1469 2534 1596 2571 aliquem
1618 2534 1790 2570 humorem,
1813 2544 1847 2563 ex
1869 2544 1929 2572 quo
1950 2535 2037 2564 veluti
2058 2544 2092 2564 ex
2114 2530 2200 2574 igneo
2222 2537 2340 2574 speculo
2361 2537 2478 2567 aiebant
2498 2547 2545 2568 ra-

1470 2574 1551 2602 dium
1572 2574 1711 2602 visualem
1733 2583 1934 2612 repercussum
1948 2575 2110 2613 pertingere
2131 2576 2169 2604 ad
2184 2576 2287 2612 solem,
2303 2583 2331 2605 et
2351 2576 2391 2606 ita
2404 2587 2544 2615 apparere

1469 2623 1585 2643 comam
1607 2614 1683 2643 circa
1703 2614 1824 2643 stellam.
1839 2631 1859 2636 -
1875 2615 1900 2643 5.
1916 2615 1960 2643 De
1973 2621 2106 2652 tempore
2127 2622 2156 2644 et
2175 2616 2242 2645 loco
2263 2617 2454 2654 apparitionis
2477 2618 2545 2647 stel-

1468 2654 1512 2682 lae
1533 2660 1674 2688 comatae,
1689 2655 1850 2683 secundum
1871 2655 1947 2684 hanc
1967 2655 2081 2684 tertiam
2099 2655 2280 2693 opinionem.
2302 2659 2331 2693 a)
2346 2658 2476 2695 Apparet
2494 2667 2544 2688 co—

1470 2700 1547 2722 meta
1568 2701 1634 2731 post
1655 2694 1813 2731 plurimum
1834 2701 1964 2732 tempus,
1987 2702 2119 2732 respectu
2140 2696 2266 2725 aliorum
2288 2704 2451 2734 astrorum,
2473 2698 2543 2736 quia

1469 2734 1632 2763 tardissime
1653 2734 1760 2763 recedit
1774 2744 1791 2763 a
1805 2735 1875 2763 sole.
1891 2751 1909 2756 -
1924 2736 1951 2763 6.
1972 2736 2000 2772 b)
2016 2737 2083 2764 Non
2104 2743 2225 2774 apparet
2245 2737 2275 2765 in
2296 2737 2394 2766 medio
2416 2738 2544 2768 duorum

1469 2774 1663 2811 tropicorum:
1687 2774 1754 2812 quia
1776 2784 1842 2803 cum
1865 2774 1904 2803 ibi
1919 2775 1963 2804 sol
1979 2782 2132 2805 consumat
2146 2776 2358 2814 humiditatem,
2373 2787 2434 2807 non
2449 2785 2546 2816 potest

1470 2815 1551 2842 stella
1571 2815 1713 2843 attrahere
1735 2816 1772 2843 ad
1793 2824 1823 2843 se
1845 2816 2009 2844 humorem.
2033 2817 2104 2844 Item
2126 2825 2188 2845 non
2208 2816 2323 2846 videtur
2336 2827 2354 2846 a
2367 2818 2454 2847 nobis
2475 2828 2543 2848 cum

1470 2861 1511 2882 est
1526 2855 1601 2883 ultra
1615 2854 1758 2891 tropicum
1774 2855 1954 2892 Capricorni,
1970 2862 2089 2893 propter
2103 2856 2225 2885 nimiam
2240 2857 2407 2887 distantiam
2422 2858 2492 2888 solis
2505 2860 2543 2888 ab

1470 2895 1593 2923 humore
1614 2901 1736 2923 attracto
1757 2904 1775 2923 a
1796 2895 1886 2924 stella.
1909 2896 1985 2924 Cum
2000 2905 2069 2925 vero
2091 2897 2172 2926 stella
2192 2897 2300 2926 recedit
2313 2907 2331 2926 a
2345 2898 2407 2927 sole
2427 2907 2543 2928 versum

1470 2941 1581 2971 partem
1597 2934 1862 2972 septentrionalem,
1884 2942 1954 2964 tunc
1975 2942 2003 2964 et
2023 2936 2087 2973 ipsa
2107 2943 2203 2974 potest
2223 2937 2353 2974 accipere
2374 2947 2500 2976 comam,
2515 2945 2544 2968 et

1469 2974 1547 3003 visus
1568 2975 1705 3004 refractus
1726 2981 1822 3012 potest
1844 2976 1880 3004 de
1900 2975 1975 3005 facili
1997 2976 2159 3014 pertingere
2179 2977 2217 3006 ad
2238 2978 2340 3006 solem.

1523 3068 1703 3106 Secundo
1733 3069 1806 3106 ibi:
1836 3069 2099 3120 Anaxagoras
2127 3070 2278 3119 quidem
2307 3071 2425 3122 igitur
2452 3079 2541 3119 etc„

1467 3122 1710 3171 prosequitur
1738 3122 1980 3172 propositum
2009 3123 2145 3161 ordine
2174 3124 2400 3174 praemisse.
2431 3125 2542 3164 Unde

1467 3175 1594 3224 primo
1627 3175 1736 3225 ponit
1764 3176 1967 3225 opiniones
1996 3177 2160 3215 aliorum
2199 3178 2247 3215 de
2277 3178 2454 3225 cometis;
2484 3191 2542 3216 se-

1469 3229 1596 3266 cundo
1626 3229 1853 3267 determinat
1890 3230 1937 3268 de
1972 3231 2026 3268 eis
2061 3231 2276 3269 secundum
2314 3231 2541 3281 opinionem

1469 3295 1592 3330 suam,
1618 3282 1686 3320 ibi:
1721 3284 1910 3326 Quoniam
1930 3290 2056 3322 autem
2076 3285 2122 3322 de
2141 3285 2403 3334 immanifestis
2420 3285 2441 3307 ¹¹⁸
2469 3293 2540 3324 etc.
2568 3293 2579 3304 ⁸

1470 3335 1597 3373 Prima
1627 3336 1807 3374 dividitur
1834 3337 1874 3374 in
1902 3337 2017 3375 duas:
2047 3338 2087 3376 in
2105 3338 2230 3388 prima
2256 3338 2365 3388 ponit
2393 3338 2541 3388 opinio-

1469 3402 1554 3434 nes;
1584 3389 1622 3427 in
1651 3392 1820 3429 secunda
1848 3390 2042 3440 improbat
2061 3404 2138 3439 eas,
2159 3391 2229 3429 ibi:
2263 3392 2445 3430 Omnibus
2473 3404 2541 3430 au-

1469 3449 1542 3480 tem
1570 3443 1590 3465 '¹‘
1619 3451 1688 3481 etc.
1710 3444 1840 3481 Prima
1860 3444 2041 3482 dividitur
2063 3445 2103 3482 in
2121 3453 2209 3494 tres,
2230 3445 2445 3484 seeundum
2465 3453 2541 3484 tres

1471 3496 1672 3546 opiniones
1701 3510 1796 3546 quas
1815 3497 1835 3519 *
1854 3498 1972 3548 ponit.

407 3653 436 3690 α)
455 3657 481 3679 et
499 3654 637 3679 similibus.
649 3668 667 3673 -
681 3657 707 3679 et
720 3654 871 3679 huiusmodi
889 3655 936 3680 Pa.
955 3669 973 3674 —
992 3655 1054 3680 Post
1072 3663 1150 3681 unam
1171 3656 1215 3681 lin.
1230 3665 1278 3689 pro
1297 3657 1376 3687 dicit,
1398 3657 1559 3683 determinat
1578 3658 1608 3688 A,
1624 3658 1742 3683 ostendit
1761 3658 1790 3683 B.

2572 791 2583 801 ⁸
2599 790 2658 818 Cap.
2673 796 2706 813 vi.

2569 3449 2739 3482 'Leetoeeqs

2569 3495 2730 3526 ,Μω-
