2782 4134
83 423 93 434 '⁵
108 425 130 444 et
144 427 191 443 om.
203 427 276 443 benur.

81 579 164 628 §.citt
177 583 288 626 '1328'13f

79 687 90 699 ⁸
105 684 175 705 Num.
189 690 210 710 7.

76 1217 87 1227 ·
101 1218 125 1237 et
138 1222 185 1237 om.
201 1222 221 1238 Ρ.

76 1429 85 1437 ·
93 1427 149 1448 sita.
157 1438 167 1443 —
175 1433 226 1448 esse
234 1432 280 1448 om.

74 1459 162 1481 aucupi.

73 1640 81 1648 ·
92 1640 117 1659 ut
126 1637 280 1665 probabiliter

68 1664 183 1692 probatur
190 1671 203 1685 Ρ
212 1668 232 1685 et
240 1671 280 1686 co-

73 1690 133 1712 dices
145 1696 193 1712 exc.
205 1697 227 1712 Α.

71 1719 90 1727 ··
106 1717 155 1738 Lib.
167 1717 187 1739 1.
203 1723 224 1738 c.
235 1723 278 1743 vn,

71 1750 95 1765 n.
105 1750 128 1771 5;
139 1743 163 1765 S.
173 1743 216 1764 Th.
227 1744 278 1764 lect.

71 1776 117 1791 xlx.

71 1797 82 1807 ⁴*
96 1796 165 1818 Num.
180 1802 254 1823 praec.

72 1907 83 1918 *
97 1906 159 1928 ratio
170 1906 222 1928 add.
237 1913 258 1928 P.

73 2117 84 2128 ⁴
98 2116 166 2138 Num.
181 2122 200 2144 5.

72 2173 196 2201 ’Capwnu
208 2173 278 2196 S.Th.

72 2200 124 2221 lect.
134 2206 171 2221 xvi
187 2206 238 2228 sqq.

72 2227 83 2237 ⁸
91 2226 178 2247 scilicet
183 2227 278 2248 elemen-

73 2254 97 2273 ta
111 2259 158 2274 om.
173 2253 239 2275 codd.

168 2389 182 2405 θ

327 280 395 316 138

318 365 415 394 terra
443 356 689 393 contrariatur
726 355 799 403 igni
836 354 1048 391 secundum
1077 353 1379 390 contrarietatem

319 410 441 459 gravis
462 417 497 447 et
515 409 618 456 levis,
640 416 676 445 et
696 409 715 429 '¹‘
737 408 844 445 calidi
867 416 902 444 et
921 407 1052 455 frigidi,
1074 406 1150 442 aeri
1175 413 1301 442 autem
1322 417 1378 441 se-

319 463 486 500 cundum
516 462 816 499 contrarietatem
841 460 948 497 calidi
969 467 1004 496 et
1022 458 1152 506 frigidi,
1174 457 1322 494 humidi
1343 465 1379 494 et

318 516 406 554 sicci
430 514 453 552 ξε
481 523 516 552 et
538 516 612 552 hoc
639 515 793 563 quidem
823 513 910 550 dicit
931 524 1012 548 esse
1036 511 1189 548 inferius
1219 510 1376 547 manife-

318 569 506 615 standum,
522 568 723 617 praecipue
746 567 784 604 in
813 567 844 602 ΙΙ
869 567 914 602 de
936 565 1184 601 Generatione
1207 565 1237 600 ⁹⁵.
1264 564 1375 601 Unde

317 622 546 671 relinquitur,
563 622 593 658 si
608 629 694 658 sunt
708 621 784 657 duo
801 620 996 664 elementa,
1013 618 1118 665 quod
1142 629 1296 654 necesse
1322 625 1376 654 est

318 688 399 712 esse
420 675 490 712 alia
518 675 606 722 duo,
629 686 672 710 ex
691 674 764 710 hoc
793 671 895 721 quod
914 671 1118 719 probatum
1146 678 1202 707 est
1223 672 1241 692 '³‘
1269 671 1374 719 quod

317 729 347 766 si
366 740 518 765 necesse
538 734 593 764 est
613 739 694 763 esse
708 737 828 762 unum
845 731 1130 771 contrarlorum,
1148 736 1303 761 necesse
1320 732 1375 761 est

317 794 399 819 esse
428 781 596 817 alterum.

369 835 475 871 Plato
509 840 634 869 autem
667 829 843 879 probavit
881 841 926 866 ex
964 829 1138 866 extremis
1177 830 1372 876 elementis

316 888 419 936 quod
446 897 597 923 necesse
627 891 681 920 est
709 895 790 920 esse
819 882 966 929 media,
1004 894 1073 931 per
1104 883 1371 931 proportiones

316 940 544 977 numerales:
565 937 652 985 quia
671 937 765 973 inter
793 935 889 972 duos
918 935 1071 972 cubicos
1100 947 1282 972 numeros
1306 948 1371 972 ne-

315 1005 417 1030 cesse
437 999 492 1028 est
511 1003 591 1027 esse
611 990 707 1027 duos
726 989 820 1026 alios
839 1001 1021 1026 numeros
1041 988 1254 1025 secundum
1279 1001 1368 1026 con-

313 1047 457 1083 tinuam
488 1042 896 1092 proportionalitatem;
926 1042 1020 1079 sicut
1054 1042 1208 1079 cubicus
1237 1042 1371 1079 binarii

314 1107 368 1135 est
395 1097 618 1143 octonarius,
645 1095 798 1132 cubicus
818 1103 945 1132 autem
965 1095 1115 1132 ternarii
1135 1103 1222 1132 sunt
1239 1095 1369 1143 viginti

313 1159 468 1200 septem,
493 1150 587 1186 inter
613 1161 710 1196 quos
739 1148 878 1185 cadunt
905 1148 1033 1185 media
1060 1148 1098 1185 in
1122 1149 1368 1197 proportione

312 1202 565 1250 duodeviginti
585 1210 620 1238 et
636 1203 654 1222 ²⁹·
676 1202 891 1249 duodecim,
913 1214 1010 1250 quae
1026 1201 1154 1238 omnia
1169 1214 1208 1238 se
1229 1202 1370 1239 habent

310 1257 517 1294 secundum
547 1255 829 1303 sesquialteram
856 1255 1158 1303 proportionem.

369 1323 424 1346 10.
437 1308 584 1346 Deinde
596 1320 684 1345 cum
695 1308 798 1345 dicit:
813 1309 889 1345 Isis
899 1314 1022 1345 autem
1035 1308 1273 1345 existentibus
1284 1315 1366 1356 etc.,

307 1364 443 1412 probat
458 1362 627 1411 quintam
647 1361 952 1408 conditionalem,
969 1361 1109 1398 scilicet
1123 1362 1226 1409 quod
1246 1361 1276 1397 si
1296 1361 1369 1398 sint

307 1415 524 1453 huiusmodi
540 1427 711 1464 corpora,
724 1427 877 1452 necesse
894 1422 948 1451 est
960 1416 978 1434 ⁴*
991 1426 1072 1451 esse
1082 1414 1368 1462 generationem

310 1477 344 1506 et
373 1469 662 1518 corruptionem.
684 1468 799 1514 Quod
819 1468 974 1517 quidem
996 1468 1132 1516 probat
1151 1467 1290 1516 duplici
1311 1480 1367 1505 ra-

306 1523 419 1559 tione.
450 1523 622 1569 Quarum
645 1521 768 1570 prima
793 1529 849 1558 est
876 1521 964 1570 quia
985 1520 1170 1558 contraria
1198 1529 1313 1569 agunt
1332 1528 1368 1558 et

306 1576 497 1625 patiuntur
519 1576 566 1612 ab
596 1575 772 1621 invicem,
795 1582 831 1611 et
850 1587 889 1611 se
910 1575 1074 1611 invicem
1104 1582 1364 1623 corrumpunt,

307 1637 347 1666 ut
373 1629 594 1678 probabitur
623 1630 642 1649 Ψ
661 1628 699 1665 in
727 1628 821 1664 libro
855 1629 900 1665 de
936 1628 1184 1665 Generatione
1209 1628 1268 1673 **;
1299 1628 1366 1665 sed

305 1682 494 1731 praedicta
527 1693 687 1730 corpora
715 1689 801 1718 sunt
828 1681 1014 1718 contraria
1038 1681 1086 1718 ad
1115 1681 1296 1728 invicem,
1326 1690 1367 1718 ut

307 1735 447 1772 dictum
464 1737 483 1756 ⁹³
504 1742 574 1781 est;
605 1746 692 1782 ergo
714 1747 753 1771 se
773 1734 939 1771 invicem
968 1741 1227 1783 corrumpunt.
1249 1735 1297 1771 Et
1316 1734 1366 1772 ita

306 1800 458 1825 necesse
473 1796 528 1825 est
548 1800 628 1824 esse
643 1787 924 1835 generationem
947 1795 982 1824 et
996 1787 1292 1836 corruptionem.

364 1854 419 1878 ιι.
442 1842 658 1878 Secundam
687 1841 870 1878 rationem
899 1841 1006 1890 ponit
1039 1841 1107 1878 ibi:
1136 1841 1271 1878 Adhuc
1298 1853 1365 1878 au-

306 1901 378 1932 tem
393 1903 477 1932 etc.:
498 1907 595 1944 quae
613 1896 631 1915 κ
647 1894 727 1931 talis
743 1901 808 1931 est.
830 1895 920 1931 Non
941 1902 996 1931 est
1015 1894 1236 1932 rationabile
1257 1894 1363 1944 quod

307 1948 351 1985 sit
370 1948 521 1997 aliquod
541 1960 677 1997 corpus
701 1947 985 1996 sempiternum,
1016 1947 1120 1985 cuius
1136 1954 1264 1985 motus
1283 1960 1362 1985 non

306 2009 428 2050 potest
448 2013 528 2038 esse
548 2001 815 2050 sempiternus:
839 2000 929 2050 quia
953 2008 1081 2038 motus
1111 2009 1166 2038 est
1194 2001 1364 2050 operatio

308 2054 473 2103 corporis
501 2054 661 2101 mobilis,
692 2062 727 2091 et
755 2054 878 2091 omnis
907 2066 966 2091 res
996 2062 1051 2091 est
1077 2061 1234 2103 propter
1254 2067 1363 2092 suam

307 2108 578 2156 operationem,
607 2115 648 2144 ut
677 2107 816 2144 dictum
838 2115 893 2144 est
911 2108 941 2144 ³¹⁹.
973 2107 1051 2145 Sed
1070 2107 1263 2157 praedicta
1283 2120 1364 2155 cpr·

305 2173 410 2210 pora,
432 2161 567 2198 scilicet
586 2161 771 2198 elementa
786 2162 815 2205 ²⁸,
836 2161 978 2198 habent
998 2168 1126 2198 motus
1147 2169 1280 2208 rectos,
1298 2161 1362 2210 qui

307 2226 383 2251 non
410 2221 568 2263 possunt
587 2226 668 2251 esse
697 2214 926 2263 sempiterni,
947 2221 988 2251 ut
1007 2214 1045 2251 in
1069 2215 1155 2251 VIII
1175 2215 1324 2263 Physic.
1344 2216 1363 2236 ἢ*

305 2268 495 2317 probatur.
517 2268 616 2315 Ergo
637 2268 717 2316 ipsa
737 2280 813 2304 non
837 2275 997 2316 possunt
1017 2279 1098 2304 esse
1119 2268 1361 2317 sempiterna,

306 2321 373 2358 secl
384 2333 536 2358 necesse
548 2328 602 2357 est
612 2321 714 2369 quod
725 2321 797 2358 sint
811 2321 1036 2369 generabilia
1049 2329 1084 2358 et
1095 2321 1361 2370 corruptibilia.

306 2375 354 2411 Et
367 2374 416 2411 ita
430 2379 442 2395 ⁰
457 2385 610 2411 necesse
628 2382 682 2411 est
696 2374 799 2423 quod
816 2374 1008 2422 generatio
1025 2382 1061 2411 et
1076 2375 1266 2424 corruptio
1282 2375 1358 2412 fiat.

364 2439 418 2465 12.
449 2427 594 2464 Deinde
623 2439 710 2465 cum
747 2427 850 2465 dicit:
881 2428 922 2464 Si
947 2433 1071 2465 autem
1101 2435 1192 2476 etc.,
1226 2428 1363 2478 probat

1013 275 1083 312 DE
1115 273 1289 311 CAELO
1319 273 1391 309 ET
1419 271 1614 309 MUNDO
1645 273 1739 309 LIB.
1771 273 1802 308 ΙΙ

1434 351 1540 398 ratio,
1562 351 1667 399 quod
1695 363 1852 388 necesse
1877 358 1932 387 est
1960 362 2041 387 esse
2071 349 2189 387 alium
2208 357 2358 387 motum
2388 350 2506 388 circu-

1433 404 1552 440 larem
1567 411 1718 452 praeter
1730 405 1909 454 primum,
1923 411 1986 441 aut
1999 415 2122 440 unum
2137 410 2202 440 aut
2212 406 2230 422 ³*
2241 404 2380 452 plures.
2394 404 2504 452 Quia,

1434 470 1522 494 cum
1550 457 1696 506 primus
1724 466 1852 495 motus
1881 457 2089 503 circularis,
2119 456 2186 505 qui
2215 464 2270 493 est
2302 469 2505 506 supremae

1432 511 1617 559 sphaerae
1646 511 1876 548 revolventis
1896 518 2018 547 toturn
2049 511 2197 547 caelum
2223 510 2272 546 ab
2301 510 2447 547 oriente
2466 510 2505 547 in

1432 563 1683 611 occidentem,
1700 564 1747 601 sit
1760 564 1972 611 uniformis,
1994 576 2072 600 non
2095 564 2294 600 causaret*
2310 563 2503 604 diversam

1431 617 1721 666 dispositionem
1759 617 1798 654 in
1836 617 2060 666 corporibus
2098 617 2360 662 inferioribus;
2390 624 2426 653 et
2454 616 2504 654 ita

1431 671 1619 708 elementa
1648 683 1855 720 corporum
1877 672 1897 692 *
1916 678 1953 707 et
1971 670 2043 707 alia
2072 682 2235 719 corpora
2263 669 2434 707 similiter
2462 682 2503 707 se

1430 724 1614 760 haberent
1632 724 1682 761 ad
1701 723 1882 770 invicem;
1903 724 2006 761 unde
2026 736 2105 760 non
2135 731 2233 760 esset
2252 723 2445 771 generatio
2466 731 2504 760 et

1429 777 1633 825 corruptio.
1656 778 1705 813 Et
1723 778 1797 814 hoc
1817 777 2119 814 manifestabitur
2137 777 2258 825 magis
2278 777 2316 814 in
2341 788 2503 825 sequen-

1428 830 1538 877 tibus,
1561 830 1701 867 scilicet
1721 830 1759 867 in
1780 831 1811 866 II
1831 831 1878 867 de
1895 831 2146 867 Generatione
2159 832 2190 868 *.
2212 831 2324 868 Unde
2343 842 2498 867 necesse

1428 890 1484 919 est
1512 894 1594 920 esse
1623 883 1740 920 alium
1769 891 1931 930 motum,
1953 883 2018 932 qui
2043 891 2098 921 est
2117 896 2186 933 per
2205 883 2406 933 obliquum
2431 883 2500 920 cir-

1428 936 1568 983 culum,
1595 936 1658 984 qui
1685 936 1839 985 proprie
1866 944 1996 973 causet
2015 937 2035 958 ¹⁸
2055 937 2341 985 generationem
2363 944 2399 974 et
2418 949 2500 974 cor-

1427 988 1643 1037 ruptionem
1671 1001 1742 1037 per
1770 989 2052 1037 elongationem
2091 998 2127 1027 et
2163 990 2499 1040 appropinquatio-

1425 1054 1515 1078 nem
1543 1043 1563 1063 *
1591 1042 1832 1090 planetarum
1860 1042 1908 1080 ad
1936 1055 2029 1090 nos,
2059 1043 2154 1080 sicut
2185 1043 2333 1092 primus
2370 1051 2499 1081 motus

1426 1102 1556 1132 causat
1574 1095 1878 1143 permanentiam
1899 1103 1935 1132 et
1954 1095 2293 1144 sempiternitatem
2309 1097 2347 1134 in
2367 1097 2493 1135 rebus.

1484 1149 1541 1186 13.
1563 1147 1722 1195 Quaerit
1741 1153 1869 1184 autem
1887 1148 2116 1197 Alexander,
2137 1149 2168 1186 si
2197 1157 2368 1187 cessante
2388 1157 2498 1188 motu

1425 1201 1517 1238 caeli
1547 1202 1566 1222 ⁹⁵
1596 1201 1785 1237 elementa
1813 1201 2001 1238 contraria
2026 1210 2278 1250 remanerent,
2307 1210 2435 1240 utrum
2455 1216 2497 1241 se

1423 1255 1589 1292 invicem
1619 1261 1919 1303 corrumperent.
1945 1254 1995 1291 Et
2014 1254 2103 1291 dicit
2126 1256 2232 1303 quod
2255 1255 2319 1303 sic,
2340 1264 2498 1306 propter

1424 1308 1729 1345 contrarietatem
1748 1307 1938 1356 ipsorum:
1964 1319 2043 1344 non
2064 1314 2248 1356 tanquam
2270 1310 2291 1330 ²³
2311 1317 2411 1346 esset
2433 1321 2496 1358 ge·
2524 1321 2534 1331 ·

1423 1361 1568 1398 neratio
1598 1369 1635 1398 et
1654 1360 1845 1409 corruptio
1866 1360 2039 1398 ordinata
2064 1361 2278 1399 secundum
2299 1361 2496 1410 quandam

1424 1414 1776 1464 reciprocationem,
1796 1421 1839 1450 ut
1857 1413 1997 1451 scilicet
2025 1426 2127 1451 nunc
2148 1426 2194 1452 ex
2221 1413 2354 1452 calidis
2382 1427 2496 1464 gene-

1423 1475 1595 1505 rarentur
1604 1468 1625 1489 '¹‘
1635 1467 1779 1516 frigida,
1792 1479 1895 1504 nunc
1910 1479 1930 1504 e
1942 1479 2149 1514 converso;
2166 1468 2235 1506 sed
2249 1468 2495 1517 contingeret,
2522 1477 2535 1490 ·

1422 1521 1518 1558 sicut
1546 1521 1759 1558 Heraclitus
1787 1521 1935 1569 posuit,
1965 1521 2071 1570 quod
2100 1521 2334 1571 quandoque
2363 1521 2496 1560 omnia

1421 1575 1557 1612 fierent
1585 1575 1695 1623 ignis;
1725 1586 1817 1611 narn
1851 1574 2040 1612 ordinatio
2078 1575 2297 1624 reciprocae
2335 1587 2496 1613 conver-

1422 1628 1539 1665 sionis
1554 1627 1720 1665 invicem
1737 1634 1792 1665 est
1811 1627 1924 1665 etiam
1935 1628 1956 1649 ¹¹³
1969 1640 2039 1677 per
2055 1627 2236 1666 virtutem
2257 1629 2362 1666 caeli.
2373 1649 2399 1657 -
2415 1629 2494 1668 Sed

1421 1681 1556 1718 melius
1577 1689 1632 1718 est
1652 1681 1776 1719 dicere
1791 1681 1907 1730 quod,
1925 1689 2096 1719 cessante
2114 1690 2225 1720 motu
2245 1682 2351 1729 caeli,
2367 1682 2494 1721 omnis

1421 1742 1549 1772 motus
1578 1747 1784 1784 corporum
1814 1734 2037 1772 inferiorum
2066 1742 2241 1783 cessaret,
2271 1742 2313 1773 ut
2341 1735 2494 1786 Simpli-

1422 1788 1501 1826 cius
1521 1788 1624 1826 dicit:
1646 1788 1734 1838 quia
1753 1788 1911 1826 virtutes
1933 1788 2158 1826 inferiorum
2178 1801 2387 1838 corporum
2407 1796 2496 1828 sunt

1421 1842 1517 1879 sicut
1545 1841 1758 1879 materiales
1778 1849 1815 1879 et
1833 1841 2139 1880 instrumentales
2167 1849 2343 1892 respectu
2373 1843 2493 1880 caele-

1421 1895 1535 1932 stium
1563 1895 1758 1942 virtutum,
1779 1895 1830 1932 ita
1849 1895 1955 1944 quod
1978 1907 2058 1933 non
2079 1903 2242 1934 movent
2259 1895 2331 1934 nisi
2350 1903 2492 1934 motae.

1481 1960 1538 1996 14·
1560 1948 1710 1987 Deinde
1731 1961 1820 1985 cum
1841 1948 1945 1986 dicit:
1969 1949 2088 1986 Nunc
2105 1955 2231 1987 autem
2246 1954 2391 1987 tantum
2411 1960 2493 1988 ma·

1421 2002 1595 2051 ng’festum
1624 2007 1679 2039 est
1704 2009 1786 2045 etc.,
1814 2001 1994 2050 recolligit
2022 2002 2186 2040 eandem
2216 2002 2404 2040 rationem
2431 2014 2493 2040 or·

1421 2055 1509 2092 dine
1529 2054 1752 2092 resolutorio
1766 2055 1797 2092 *.
1815 2055 1864 2092 Et
1879 2055 1967 2092 dicit
1986 2055 2092 2104 quod
2112 2056 2187 2093 hoc
2211 2067 2313 2093 nunc
2333 2055 2492 2093 manife-

1420 2116 1521 2146 stum
1537 2116 1603 2156 est,
1621 2115 1777 2157 propter
1795 2121 1912 2158 quam
1931 2121 2087 2146 causam
2108 2115 2260 2158 oportet
2279 2121 2362 2147 esse
2382 2110 2492 2159 plum

1421 2174 1583 2211 corpora
1603 2161 1832 2198 circulariter
1851 2169 1972 2199 mota:
1994 2162 2083 2211 quia
2103 2162 2244 2200 scilicet
2262 2174 2419 2200 necesse
2436 2169 2493 2200 est

1420 2227 1503 2252 esse
1527 2215 1830 2263 generationem3
1860 2215 2146 2263 generationem
2175 2222 2305 2253 autem
2334 2226 2492 2254 necesse

1420 2275 1475 2306 est
1491 2280 1585 2314 esse,
1602 2268 1633 2305 si
1649 2275 1704 2305 est
1723 2268 1819 2316 ignis
1838 2276 1875 2306 et
1889 2268 1960 2306 alia
1981 2281 2159 2318 corpora;
2180 2268 2309 2318 ignem
2329 2268 2491 2307 autem'
2517 2275 2529 2288 ⁸

1420 2329 1456 2358 et
1479 2321 1551 2359 alia
1574 2321 1796 2359 huiusmodi
1818 2334 1981 2372 corpora
2009 2334 2166 2360 necesse
2187 2330 2243 2360 est
2270 2334 2366 2371 esse,
2387 2322 2417 2360 si
2445 2321 2492 2360 sit

1418 2383 1534 2420 terra3
1565 2387 1682 2424 quam
1712 2374 1869 2425 quidem
1898 2387 2055 2413 necesse
2084 2382 2140 2413 est
2174 2387 2277 2424 esse,
2307 2375 2398 2425 quia
2425 2386 2490 2414 ne-

1419 2440 1523 2466 cesse
1540 2436 1596 2466 est
1616 2440 1698 2466 esse
1719 2428 1861 2477 aliquid
1880 2429 2112 2478 sempiterne
2131 2428 2332 2478 quiescens
2351 2428 2390 2467 in
2409 2440 2490 2467 me-

305 2487 447 2517 sextam
477 2480 782 2529 conditionalem,
814 2481 952 2518 scilicet
984 2481 1089 2531 quod
1118 2481 1148 2518 si
1177 2481 1223 2519 sit
1250 2494 1362 2530 gene·
1388 2471 1393 2525 Ι
1419 2482 1494 2529 dio,
1521 2481 1551 2519 si
1580 2489 1636 2519 est
1654 2481 1798 2530 aliquid
1827 2482 2055 2520 circulariter
2082 2489 2245 2520 motum.

359 2634 382 2670 ξ)
403 2636 504 2662 humidi
521 2641 547 2662 et
559 2637 660 2663 sicci.-
678 2638 713 2662 sE
733 2638 790 2663 add.
810 2645 860 2663 non
879 2639 1021 2664 secundum
1040 2639 1257 2665 contrarietatem
1275 2640 1359 2664 solam

307 2671 408 2697 humidi
421 2675 446 2697 et
455 2672 547 2698 sicci.-
556 2673 644 2698 Statim
657 2680 711 2699 esse
724 2681 777 2699 om.
791 2674 823 2704 Ρ;
837 2680 862 2699 et
877 2675 919 2699 lin.
931 2682 987 2707 seq.
998 2675 1024 2700 in
1039 2682 1092 2700 om.
1106 2675 1125 2700 P
1140 2680 1165 2700 et
1178 2675 1252 2700 codd.
1265 2683 1317 2701 exc.
1328 2676 1359 2700 A.

1468 2640 1494 2673 ο)
1516 2640 1552 2665 Et
1569 2640 1616 2666 ita.
1628 2654 1647 2660 —·
1660 2640 1736 2674 Ergo
1754 2640 1786 2666 Α.
1798 2653 1818 2660 -
1831 2640 1881 2666 Pro
1892 2641 1961 2674 flat,
1981 2641 2018 2666 sit
2035 2641 2119 2670 codd..
2139 2648 2252 2674 quorum
2272 2640 2349 2666 lectio
2368 2641 2488 2667 convenit

1415 2675 1472 2700 huic
1491 2676 1557 2705 loco.
1577 2676 1621 2701 ubi
1640 2683 1746 2709 semper
1763 2683 1827 2706 esse,
1847 2681 1873 2702 et
1892 2684 2027 2710 nunquam
2039 2676 2106 2709 fleri
2127 2676 2270 2702 adhibetur.

2535 414 2544 423 '
2559 419 2611 435 esse
2625 420 2646 435 Ρ.

2532 572 2541 581 ·
2552 577 2598 593 non
2603 574 2685 600 potest
2689 579 2747 595 cau-

2531 604 2589 620 sare
2611 605 2668 626 snm
2696 606 2746 623 om.

2531 629 2576 647 cet.
2587 631 2637 647 exc.
2646 632 2670 647 A.

2529 677 2540 688 ⁸
2555 683 2681 706 corporum
2695 685 2745 702 om.

2529 710 2552 725 ρ.

2528 837 2742 888 {az-nae*

2528 950 2536 957 '
2552 951 2639 971 cam!
2651 954 2682 971 01.

2526 1050 2721 1098 gfff-qma-

2523 1209 2535 1221 ⁸
2549 1210 2573 1231 σι’
2592 1209 2646 1232 add.
2668 1217 2697 1238 Ρ,
2717 1213 2742 1232 et

2523 1236 2578 1258 add.
2593 1242 2622 1258 er.

2548 1322 2627 1356 ¹⁰⁸⁶!
2641 1327 2679 1344 m.

2519 1637 2605 1660 'ettam
2613 1638 2737 1661 ona-codd.

2517 2063 2528 2075 ““
2543 2062 2580 2086 α’.
2594 2069 2659 2086 uum.
2674 2071 2697 2091 4.

2776 2172 2782 2243 .-...-
2775 2030 2782 2159 ..ιι-*μ
2778 1989 2782 1998 μ
2776 1939 2782 1974 ,-,..
