2782 4134
1068 256 1180 293 CAP.
1209 256 1315 303 VIII,
1345 256 1496 293 LECT.
1525 256 1614 293 XIII

302 333 369 366 τῶν
388 332 518 377 ἄστρων
536 334 595 365 καὶ
619 333 682 371 τῆς
700 331 976 376 ἑκπιμπροιμένης
996 332 1132 377 φλογὸς,
1152 332 1204 364 ἔτι
1225 335 1298 387 περί

303 379 342 409 ⁴2³⁵
366 377 523 421 κομητῶν
547 378 606 409 καὶ
638 378 700 409 τοῦ
720 375 929 420 καλουμένου
955 375 1147 421 γάλακτος·
1175 371 1296 421 σχεδον

302 420 367 466 γάρ
384 421 459 453 ἐστι
483 421 644 453 τοσαῦται
670 420 718 452 τοὶ
737 418 829 457 πάθη
856 420 903 451 τοὶ
926 419 1112 463 φαινόμενα
1137 422 1212 464 περὶ
1238 419 1297 452 τὸν

304 464 412 497 τόπον
439 466 577 498 τοῦτον.

297 562 446 590 SYNorsrs.
470 577 505 583 —
532 570 556 590 1.
570 562 783 598 Argumentum
796 566 825 588 et
837 560 940 588 divisio
957 566 1059 588 textus.
1075 576 1093 582 -
1107 561 1302 588 Resumuntur

238 602 382 638 quaedam
395 601 527 637 superius
548 600 632 629 dicta.
648 601 783 635 Quorum
803 599 930 636 primum
951 605 994 628 est
1017 600 1054 627 de
1075 599 1233 628 elevatione
1248 599 1301 627 sic-

237 649 287 669 cae
308 640 496 669 exhalationis
517 649 535 668 a
547 646 622 668 terra
643 646 672 668 et
685 640 721 667 ab
740 648 806 667 aere
826 638 963 674 inferiori,
985 645 1072 675 atque
1093 639 1167 667 illius
1187 639 1301 667 inflam-

238 679 381 715 matione;
403 689 437 708 ex
451 689 510 716 quo
525 688 612 716 supra
627 678 735 707 dictum
750 684 792 706 est
806 677 867 706 fieri
881 684 1060 707 cometarum
1081 678 1301 714 apparitionem.

236 736 257 741 —
277 727 305 747 2.
325 719 457 747 Alterum
485 725 528 747 est
548 719 584 747 de
605 719 733 746 secundo
762 718 853 746 modo
881 717 1069 755 apparitionis
1097 724 1228 751 cometae
1249 717 1301 752 (cf.

237 759 301 787 lect.
314 766 354 794 ιι,
369 768 398 787 n.
414 760 453 794 6).
476 759 600 795 Oportet
620 757 698 786 enim
720 757 751 785 in
772 757 879 786 circulo
902 757 994 786 lacteo
1015 757 1125 794 aliquid
1147 756 1302 793 intelligere

237 797 330 826 simile
344 798 371 827 ei
385 798 466 836 quod
479 798 510 826 in
524 797 645 826 cometis
659 797 700 832 fit,
715 797 833 834 quando
848 798 952 825 harum
966 796 1108 834 apparitio
1123 803 1165 825 est
1182 806 1234 832 per
1247 797 1303 824 hoc

238 838 319 875 quod
340 837 534 866 exhalationes
559 837 684 865 elevatae
708 837 873 865 adunantur
893 836 968 864 circa
988 836 1115 873 aliquam
1136 836 1256 871 stellam,
1276 841 1304 864 et

239 884 399 914 sequuntur
411 883 526 905 motum
547 875 616 904 eius.
627 893 648 897 -
663 876 689 904 3.
705 875 869 904 Subdivisio
883 882 984 904 textus.
997 891 1015 898 -·
1029 876 1123 904 Causa
1144 875 1304 913 apparitio-

238 917 284 945 nis
304 917 391 946 lactei
409 917 522 945 circuli.
538 916 626 951 Quod
647 915 751 944 accidit
772 915 847 944 circa
859 925 948 944 unam
970 915 1090 950 stellam,
1105 921 1220 952 oportet
1241 914 1303 943 fieri

239 956 314 985 circa
333 962 428 984 totum
449 956 574 984 caelum:
596 964 665 984 nam
686 955 709 983 si
731 962 828 983 motus
847 955 934 984 unius
954 955 1052 983 stellae
1072 954 1189 983 attrahit
1208 961 1236 983 et
1250 954 1303 983 cir-

239 996 386 1024 cumducit
399 995 525 1032 aliquam
539 995 760 1030 exhalationem,
773 994 943 1023 rationabile
957 1001 999 1023 est
1012 996 1092 1032 quod
1107 994 1198 1022 multo
1214 994 1305 1032 magis

238 1036 296 1064 hoc
315 1035 401 1064 faciat
421 1041 518 1063 motus
538 1034 672 1063 omniurn
692 1035 852 1070 stellarum;
874 1041 902 1063 et
922 1034 1075 1071 praecipue
1095 1034 1145 1062 ubi
1165 1040 1305 1070 apparent

237 1074 486 1112 frequentissimae
500 1081 528 1102 et
541 1074 684 1103 maximae
705 1075 811 1103 stellae.
825 1090 846 1095 -
858 1083 887 1110 4.
908 1075 1008 1109 Quare
1021 1074 1050 1102 in
1066 1074 1118 1102 tali
1128 1079 1214 1111 parte
1229 1073 1305 1102 caeli

239 1121 380 1159 appareat
400 1114 505 1144 circuli
518 1114 604 1142 lactei
624 1114 752 1142 claritas.
773 1114 903 1142 Circulus
917 1114 1025 1142 lacteus
1039 1120 1082 1142 est
1099 1113 1193 1142 taliter
1206 1113 1304 1149 dispo-

239 1159 310 1185 sltus
331 1155 491 1183 seeundum
513 1154 608 1190 situm,
624 1160 652 1182 et
666 1160 708 1182 est
722 1153 761 1182 ita
774 1154 877 1190 plenus
898 1153 1009 1191 magnis
1030 1160 1058 1182 et
1078 1152 1193 1190 fulgidis
1207 1152 1303 1188 stellis,

484 1263 487 1265 ·
505 1245 695 1294 eprobatis
715 1245 956 1294 opinionibus
984 1245 1144 1282 aliorum
1164 1244 1212 1282 de
1236 1244 1303 1280 cir-

411 1340 432 1352 <
442 1305 483 1348 ,¹¹1
505 1299 590 1335 culo
606 1299 738 1345 lacteo,
749 1298 811 1335 hic
824 1298 932 1347 ponit
945 1298 1139 1347 propriam
1155 1297 1304 1346 opinio-

328 1347 332 1388 ἔ
360 1359 427 1406 ξπ
444 1350 489 1400 Ἰ»
505 1363 595 1388 110111
614 1351 644 1388 *.
666 1352 716 1388 Et
736 1350 834 1388 circa
857 1351 932 1388 11οο
957 1351 1033 1388 (1110
1055 1350 1157 1387 facit:
1177 1350 1302 1399 primo

312 1426 317 1429 -
360 1413 376 1437 t-
392 1401 437 1432 -2
464 1397 491 1440 ’κ
506 1403 661 1442 resumit
700 1403 892 1452 quaedam
933 1403 1105 1452 superius
1134 1403 1232 1440 dicta
1259 1402 1279 1424 ²¹⁸
1295 1431 1304 1449 ,

242 1469 343 1509 quae
358 1465 446 1496 sunt
458 1457 562 1495 utilia
576 1457 626 1494 ad
638 1457 879 1506 propositum
894 1456 1231 1502 manifestandum;
1248 1468 1304 1492 50-

244 1511 370 1550 eundo
390 1510 604 1549 manifestat
621 1509 871 1558 propositum,
887 1509 955 1546 ibi:
981 1510 1091 1552 Quod
1107 1509 1231 1558 itaque
1247 1520 1303 1545 se-

243 1564 407 1602 cundum
437 1575 553 1600 unum
581 1568 770 1599 astrorum
803 1562 939 1599 accidit
962 1562 984 1584 *
1011 1570 1081 1600 010.

295 1616 471 1655 Resumit
494 1622 622 1652 autem
642 1614 738 1652 duo:
757 1614 882 1663 primo
903 1615 1060 1663 quidem
1078 1615 1100 1638 ‘¹‘
1113 1614 1224 1665 quod
1244 1627 1305 1651 su-

241 1682 312 1721 pra
339 1669 482 1707 dictum
498 1676 554 1705 est
573 1668 620 1705 de
643 1667 831 1717 positione
851 1668 972 1705 siccae
993 1668 1248 1715 exhalationis,
1270 1674 1306 1704 et

243 1722 324 1760 eius
338 1721 653 1763 inflammatione.
666 1721 777 1758 Unde
793 1720 880 1758 dicit
895 1721 999 1769 quod
1013 1721 1095 1759 vult
1110 1733 1304 1758 resumere

243 1775 282 1814 id
309 1775 416 1824 quod
443 1786 558 1823 supra
584 1773 711 1822 posuit
738 1781 920 1821 tanquam
941 1774 962 1796 *
979 1773 1220 1823 principium.
1241 1773 1305 1811 Di-

244 1836 348 1866 ctum
368 1835 424 1865 est
443 1828 545 1864 enim
573 1839 688 1875 supra
702 1826 722 1848 *
736 1826 842 1875 quod
866 1827 1121 1864 communiter
1147 1834 1307 1864 vocatur

243 1894 311 1920 aer
327 1888 451 1918 totum
479 1881 555 1917 hoc
579 1880 684 1928 quod
712 1887 768 1916 est
795 1879 891 1916 intra
918 1887 1055 1917 terram
1085 1888 1120 1917 et
1147 1881 1305 1928 globum

243 1930 434 1980 lunarem3
461 1932 572 1970 huius
601 1940 729 1970 autern
767 1945 947 1982 suprema
978 1945 1086 1983 pars,
1115 1933 1202 1970 licet
1227 1945 1307 1970 non

242 1987 397 2038 proprie
424 1985 544 2035 possit
571 1985 644 2023 dici
671 1985 778 2033 ignis,
799 1985 888 2035 quia
915 1986 1009 2034 ignis
1037 1986 1221 2034 significat
1246 1998 1307 2023 ex-

245 2052 395 2078 cessum
415 2039 453 2077 in
481 2038 665 2076 caliditate
684 2038 715 2085 ²¹²,
736 2038 831 2076 sicut
857 2039 994 2087 glacies
1022 2039 1060 2076 in
1085 2039 1234 2087 frigore,
1255 2047 1308 2076 ta-

245 2106 336 2131 men
364 2093 425 2130 1113
446 2104 535 2141 pars
554 2091 727 2140 superior
745 2091 841 2128 aeris
859 2093 974 2129 habet
1000 2092 1179 2129 virtutem
1197 2092 1306 2140 ignis,

245 2146 335 2196 quia
359 2153 414 2183 est
442 2145 561 2182 calida
590 2151 626 2181 et
653 2144 772 2190 sicca;
802 2144 852 2181 ita
879 2146 997 2192 quod,
1028 2157 1116 2182 cum
1145 2158 1211 2182 aer
1237 2159 1306 2195 per

245 2206 394 2236 motum
433 2199 634 2235 caelestem
671 2197 927 2245 disgregatur,
957 2197 1039 2234 talis
1068 2198 1309 2236 consistentia

246 2251 490 2289 exhalationis
517 2250 731 2299 praedictae
770 2258 985 2298 segregatur
1011 2263 1034 2287 a
1061 2258 1159 2288 terra
1197 2259 1232 2288 et
1260 2253 1308 2288 ab

245 2317 334 2342 aere
357 2303 535 2351 inferiori,
561 2311 597 2340 et
616 2304 785 2340 elevatur
804 2316 967 2352 sursum,
989 2311 1025 2340 et
1044 2316 1089 2341 ex
1116 2305 1190 2341 hoc
1219 2305 1308 2342 dici-

153 2385 159 2396 ,
182 2385 189 2391 -
211 2384 218 2390 ·
245 2370 333 2396 mus
357 2369 540 2406 apparere
560 2357 684 2393 stellas
713 2363 883 2393 cometas
910 2356 940 2393 *.

301 2422 336 2448 2.
354 2410 533 2447 Secundo
553 2409 622 2446 ibi:
647 2409 738 2446 Tale
757 2409 880 2458 itaque
899 2415 1044 2458 oportet
1055 2417 1138 2457 etc.‚
1155 2411 1310 2447 resumit

246 2463 352 2512 quod
372 2463 515 2500 dictum
536 2469 592 2499 est
611 2474 726 2510 supra
753 2462 800 2499 de
819 2474 897 2499 uno
918 2463 1038 2499 modo
1062 2464 1306 2512 apparitionis

246 2523 437 2558 cometae.⁴
461 2516 511 2552 Et
534 2515 619 2552 dicit
638 2514 744 2564 quod
763 2522 911 2564 oportet
938 2515 1142 2564 intelligere
1170 2516 1310 2565 aliquid

245 2569 365 2607 simile
389 2581 472 2606 esse
500 2568 538 2605 in
557 2569 678 2605 lacteo
699 2567 850 2615 circulo,
881 2569 986 2616 quod
1006 2569 1049 2605 fit
1077 2569 1114 2606 in
1140 2569 1307 2616 cometis,

244 2622 400 2672 quando
429 2629 580 2659 cometa
607 2633 690 2658 non
713 2621 824 2658 fuerit
858 2622 983 2670 aliqua
1016 2622 1200 2659 exhalatio
1236 2623 1309 2659 ele-

244 2683 373 2714 vataet
390 2675 505 2723 ignita
522 2686 592 2723 per
618 2686 658 2711 se
687 2674 847 2711 existens
866 2675 1010 2723 absque
1038 2675 1164 2723 aliqua
1191 2676 1308 2724 stella,

245 2728 315 2766 sed
346 2729 389 2766 fit
421 2728 502 2765 eius
534 2727 718 2776 apparitio
752 2728 800 2768 ab
834 2728 959 2775 aliqua
991 2729 1183 2765 stellarum
1216 2729 1306 2765 fixa-

246 2794 332 2819 rum
351 2781 412 2818 vel
438 2780 654 2827 errantium,
679 2780 775 2817 sicut
797 2780 938 2818 dictum
967 2789 1022 2818 est
1035 2781 1065 2818 ²¹².
1097 2781 1196 2828 Quia
1220 2789 1308 2819 tunc

245 2841 430 2884 apparent
457 2841 630 2870 cometae
654 2840 811 2882 propter
837 2834 923 2881 hoc,
949 2835 1054 2883 quod
1078 2836 1170 2871 tales
1197 2835 1307 2872 exha-

245 2888 404 2926 lationes
433 2881 601 2924 elevatae
631 2894 914 2934 consequuntur
933 2895 1083 2924 motum
1112 2888 1304 2924 stellarum

245 2953 344 2990 quae
362 2940 540 2977 videntur
555 2947 745 2986 cometae;
767 2939 862 2976 sicut
876 2940 988 2977 etiam
1004 2941 1125 2977 solem
1141 2940 1309 2988 sequitur

245 2993 328 3031 talis
356 2993 522 3030 adunata
547 2992 743 3039 exhalatio,
765 3005 810 3029 ex
836 3004 922 3040 qua,
943 3001 1098 3042 propter
1113 3005 1306 3042 repercus-

245 3046 394 3084 sionem
422 3046 629 3093 radi0rum,
650 3053 807 3094 apparet
834 3046 934 3094 halo,
957 3059 1045 3083 cum
1069 3059 1135 3083 aer
1154 3046 1202 3083 ad
1231 3047 1306 3083 hoc

245 3100 357 3137 fuerit
385 3099 598 3148 dispositus.

300 3154 334 3190 3.
346 3152 494 3190 Deinde
506 3164 594 3189 cum
606 3151 709 3188 dicit:
725 3151 835 3193 Quod
842 3152 966 3200 itaque
974 3152 1177 3189 secundum
1189 3164 1305 3189 unum

244 3211 434 3243 astrorum
448 3205 583 3242 accidit
596 3212 678 3251 etc.‚
691 3204 903 3241 manifestat
917 3205 1168 3253 propositum,
1181 3213 1305 3242 osten-

246 3259 339 3296 dens
359 3270 455 3307 quae
481 3257 527 3294 sit
552 3269 665 3293 causa
689 3257 932 3305 apparitionis
959 3257 1068 3294 lactei
1092 3257 1230 3294 circuli.
1257 3259 1306 3294 Et

246 3311 344 3348 circa
362 3312 438 3347 hoc
455 3310 525 3346 tria
544 3309 646 3346 facit:
667 3310 790 3358 primo
814 3310 995 3358 proponit
1014 3322 1169 3346 causam
1190 3322 1305 3358 appa-

245 3363 389 3401 ritionis
409 3362 516 3399 lactei
536 3362 679 3408 circuli;
707 3362 876 3399 secundo
897 3362 1039 3399 inducit
1063 3362 1215 3409 signum
1241 3375 1304 3399 00-

246 3429 330 3453 rum
345 3427 443 3464 quae
458 3415 557 3452 dicta
571 3422 669 3462 sunt,
680 3414 747 3451 ibi:
760 3415 920 3464 Signum
934 3420 1058 3451 autem
1069 3414 1088 3436 ’¹‘
1100 3422 1182 3462 etc2;
1197 3415 1304 3451 tertio

246 3468 436 3506 concludit
458 3466 711 3516 propositum,
732 3467 800 3504 ibi:
826 3468 953 3509 Quare
970 3469 1004 3504 si
1025 3467 1172 3515 quidem
1192 3467 1212 3489 ’¹‘
1232 3475 1300 3504 etc.

299 3522 409 3559 Circa
436 3520 602 3570 primum
632 3520 709 3557 duo
738 3520 835 3557 facit.
865 3520 994 3556 Primo
1023 3519 1186 3556 ostendit
1219 3532 1305 3556 cau-

210 3580 219 3585 ‘
246 3587 328 3613 sam
364 3573 607 3623 apparitionis
640 3573 748 3609 lactei
777 3573 900 3610 circuli
928 3572 958 3609 ³¹⁶.
994 3573 1042 3609 Et
1077 3572 1164 3610 dicit
1201 3573 1304 3621 quod

388 3643 457 3676 Opp.
476 3643 507 3667 D.
522 3643 636 3667 Tnouas
655 3642 686 3666 T.
706 3642 746 3666 111.

2340 261 2410 297 361

1421 344 1513 372 rum,
1538 341 1568 365 et
1591 334 1690 374 ignita
1712 334 1863 373 flamma,
1887 336 1989 367 adhuc
2019 343 2126 367 autem
2157 338 2196 367 de
2226 339 2357 369 cometis
2387 346 2418 370 et

1420 385 1534 409 vocato
1564 378 1654 409 lacte.
1673 379 1750 409 Fere
1775 379 1860 409 enim
1883 387 1957 411 sunt
1979 387 2028 411 tot
2049 381 2210 420 passiones
2234 390 2418 423 apparentes

1421 422 1501 453 circa
1523 422 1609 453 hunc
1631 422 1751 454 locum.

1355 561 1435 597 quod
1456 561 1486 589 in
1507 561 1571 598 ipso
1592 569 1620 590 et
1640 570 1683 591 est
1703 561 1803 592 efficax
1830 564 1919 593 virtus
1940 566 1977 593 ad
1998 565 2181 594 attrahendas
2206 566 2416 602 exhalationes,

1356 607 1383 644 et
1404 610 1465 628 non
1486 608 1528 645 est
1549 601 1578 629 in
1599 611 1634 630 eo
1656 612 1743 631 causa
1762 604 1918 632 vehemens
1939 614 2014 642 quae
2034 604 2172 642 impediat
2187 615 2286 634 earum
2307 607 2417 634 aduna-

1355 646 1478 684 tionem,
1490 647 1562 668 sicut
1582 642 1684 670 accidit
1698 644 1751 670 sub
1766 643 1873 672 circulo
1892 644 2013 673 zodiaci.
2029 645 2177 673 Exhalatio
2193 645 2278 683 igitur
2292 646 2418 674 adunata

1356 679 1409 723 sub
1430 679 1480 706 tali
1501 686 1581 715 parte
1602 681 1681 716 caeli,
1700 682 1766 710 facit
1786 683 1825 710 ibi
1846 683 1935 712 videri
1955 684 2076 713 lacteam
2098 684 2264 713 claritatem.
2278 701 2297 705 —
2315 685 2340 712 5.
2355 685 2417 713 Μ3-

1356 718 1505 762 nifestatur
1518 720 1598 755 quod
1612 720 1720 749 dictum
1735 729 1785 757 est,
1801 732 1853 759 per
1866 723 1990 760 signum.
2005 725 2037 751 In
2051 724 2115 760 ipso
2129 725 2221 753 lacteo
2232 724 2338 752 circulo
2353 724 2418 760 plus

1357 757 1392 784 de
1413 757 1522 785 lumine
1544 759 1629 787 habet
1642 769 1717 788 unus
1738 762 1932 791 semicirculus
1946 772 2035 800 quam
2049 763 2131 799 alius,
2147 764 2215 801 quia
2227 763 2258 792 in
2275 773 2337 792 uno
2351 770 2419 792 sunt

1356 797 1452 833 plures
1474 797 1570 825 stellae
1585 805 1612 825 et
1633 799 1724 836 magis
1741 801 1903 838 frequentes
1924 811 2012 839 quam
2033 803 2063 831 in
2083 803 2152 831 alio.
2168 805 2246 841 Ergo
2266 803 2418 832 verisimile

1340 842 1400 864 ·est
1421 835 1634 865 multitudinem
1649 839 1793 867 stellarum
1809 849 1869 868 esse
1884 851 2000 870 causam
2014 842 2097 871 lactei
2110 843 2252 871 candoris.
2267 858 2286 863 -
2302 843 2329 870 6.
2345 842 2418 870 Stel-

1357 876 1401 903 lae
1422 875 1573 904 existentes
1594 877 1623 904 in
1637 877 1743 906 circulo
1758 879 1849 907 lacteo
1866 887 2006 909 vocantur
2019 882 2199 919 sporadicae,
2215 882 2283 919 quia
2298 881 2338 910 sic
2352 887 2419 909 sunt

1358 914 1559 944 disseminatae
1580 925 1632 952 per
1645 916 1721 944 illam
1743 925 1854 953 partem
1875 920 1954 955 caeli,
1974 922 2054 956 quod
2074 930 2136 949 non
2155 921 2294 958 contingit
2311 930 2360 949 eas
2381 921 2419 949 ad

1357 954 1574 983 similitudinem
1595 955 1714 984 3110111115
1735 957 1842 993 figurae
1862 959 2007 987 reducere.
2022 976 2041 980 —
2056 969 2083 996 7.
2103 961 2264 989 Conclusio.
2278 962 2321 988 Ex
2336 959 2418 987 dictis

1357 1000 1419 1022 tum
1441 994 1471 1021 in
1486 995 1539 1022 hac
1553 994 1676 1023 lectione
1690 1002 1751 1023 turn
1773 996 1803 1024 in
1817 996 1850 1024 iis
1864 997 1893 1024 in
1908 998 2012 1034 quibus
2026 999 2246 1027 determinatum
2261 1005 2304 1027 est
2318 999 2354 1026 de
2368 1008 2418 1026 co-

1359 1033 1451 1069 metis,
1462 1043 1618 1071 possumus
1631 1035 1764 1072 colligere
1776 1037 1855 1072 quod
1870 1036 1959 1065 lactea
1973 1038 2084 1066 claritas
2097 1038 2169 1066 nihil
2182 1038 2260 1066 aliud
2280 1038 2316 1066 sit
2329 1047 2418 1074 quam

1358 1082 1452 1109 coma,
1467 1083 1528 1102 non
1542 1073 1627 1102 unius
1642 1075 1748 1110 stellae,
1759 1076 1810 1103 sed
1821 1076 1970 1104 cuiusdam
1985 1078 2100 1106 maximi
2114 1078 2225 1112 circuli;
2240 1087 2314 1115 quae
2327 1086 2418 1113 appa-

1358 1119 1401 1141 ret
1420 1113 1451 1141 in
1465 1113 1545 1142 caelo
1566 1120 1684 1150 propter
1698 1114 1886 1143 elevationem
1906 1122 1934 1143 et
1954 1117 2159 1145 adunationem
2179 1116 2367 1146 exhalationis
2380 1116 2418 1144 ad

1358 1152 1436 1180 illam
1456 1159 1568 1190 partem
1590 1153 1670 1182 caeli.
1691 1169 1709 1174 -
1733 1154 1760 1182 8.
1782 1155 1988 1191 Recapitulatio
2014 1156 2146 1184 omnium
2173 1157 2417 1194 praecedentium.

1358 1244 1449 1281 illud
1468 1244 1572 1293 quod
1601 1245 1735 1282 accidit
1754 1245 1792 1283 in
1816 1247 2050 1295 apparitione
2069 1249 2281 1286 secundum
2298 1262 2417 1287 unam

1359 1297 1516 1344 stellam,
1537 1305 1686 1347 oportet
1714 1299 1884 1348 accipere
1904 1312 1986 1337 esse
2015 1301 2154 1338 factum
2179 1302 2275 1339 circa
2294 1309 2418 1339 totum

1360 1350 1507 1387 caelum
1537 1358 1574 1387 et
1592 1350 1690 1388 circa
1716 1359 1839 1389 totum
1858 1361 2008 1390 motum
2027 1353 2161 1402 ipsius:
2190 1355 2279 1403 quia
2307 1355 2418 1392 ratio-

1359 1403 1483 1440 nabile
1513 1411 1568 1440 est
1595 1404 1719 1452 quod,
1750 1405 1779 1441 si
1808 1413 1934 1442 motus
1972 1407 2081 1443 unius
2109 1408 2235 1444 stellae
2270 1408 2419 1445 attrahit

1359 1463 1395 1492 et
1415 1455 1661 1493 circumducit
1679 1457 1843 1505 aliquam
1864 1458 2152 1506 exhalationem,
2174 1461 2278 1509 quod
2298 1462 2417 1497 multo

1358 1508 1478 1556 magis
1496 1509 1572 1545 1100
1589 1510 1709 1558 possit
1727 1511 1850 1547 facere
1865 1519 1992 1548 motus
2012 1512 2184 1549 omnium
2204 1514 2417 1559 stellarum;

1360 1569 1396 1597 et
1422 1561 1625 1610 praecipue
1652 1562 1691 1599 in
1718 1563 1804 1600 Ioco
1830 1563 1893 1601 illo
1923 1564 2026 1611 caeli,
2055 1565 2120 1602 ubi
2139 1573 2322 1614 apparent
2349 1567 2426 1603 fre-¹

1359 1614 1628 1663 quentissimae
1657 1617 1784 1652 stellae
1814 1624 1850 1652 et
1875 1617 2061 1665 plurimae
2087 1625 2123 1654 et
2150 1618 2351 1655 maximae.

1411 1678 1449 1714 4.
1481 1667 1658 1705 Secundo
1700 1668 1776 1705 ibi:
1816 1669 1890 1711 Qui
1928 1671 2075 1718 quidem
2117 1671 2233 1720 igitur
2274 1672 2419 1708 anima-

1359 1719 1451 1757 lium
1467 1728 1549 1767 etc.‚
1571 1721 1734 1758 ostendit
1762 1734 1917 1759 causam
1946 1735 2062 1772 quare
2090 1723 2128 1760 in
2147 1724 2218 1760 hae
2242 1723 2418 1761 determi-

1359 1781 1447 1810 nata
1465 1781 1571 1822 parte
1597 1774 1689 1811 caeli
1719 1774 1878 1811 circuli*
1891 1776 1999 1812 lactei
2019 1776 2163 1813 claritas
2183 1784 2350 1825 apparet.
2371 1778 2421 1814 Et

1361 1825 1449 1863 dicit
1476 1826 1580 1875 quod
1601 1827 1760 1864 circulus
1784 1828 2017 1874 animalium,
2041 1829 2105 1877 qui
2135 1829 2267 1866 dicitur
2294 1830 2420 1867 zodia-

1362 1891 1439 1926 cus,
1457 1879 1627 1917 dissolvit
1642 1881 1912 1918 adunationem
1931 1882 2146 1930 praedictae
2162 1882 2418 1930 exhalationis,

1359 1939 1514 1981 propter
1528 1933 1603 1969 hoc
1618 1934 1723 1980 quod
1741 1946 1810 1982 per
1824 1934 2024 1971 zodiacum
2041 1943 2218 1972 movetur
2232 1936 2288 1972 sol
2303 1943 2339 1972 et
2358 1936 2418 1972 alii

1360 1987 1545 2034 planetae.
1567 1986 1616 2022 Et
1638 1987 1734 2022 11300
1763 1994 1818 2023 051
1842 1987 1954 2024 etiam
1984 1999 2098 2024 causa
2116 1995 2271 2036 propter
2290 2001 2419 2036 quam,

1360 2046 1402 2075 ut
1420 2038 1440 2060 '¹‘
1458 2038 1677 2087 plurimum,
1699 2047 1870 2076 cometae
1890 2052 1970 2077 non
1989 2049 2172 2089 apparent
2191 2041 2229 2078 in
2249 2041 2419 2088 zodiaco,
2448 2053 2458 2063 ·

1362 2091 1429 2129 sed
1445 2099 1548 2128 extra
1558 2092 1735 2140 tropicos,
1747 2100 1788 2129 ut
1799 2092 1940 2129 dictum
1958 2101 2013 2129 est
2022 2093 2052 2130 ³¹².
2065 2094 2114 2130 Et
2127 2094 2222 2130 haec
2238 2101 2292 2130 est
2308 2094 2419 2131 etiarn
2447 2103 2458 2113 ⁹

1363 2157 1477 2181 causa
1491 2152 1647 2192 propter
1661 2157 1777 2193 quarn
1792 2145 1812 2167 ’¹‘
1828 2146 1925 2182 circa
1944 2147 2064 2183 solem
2086 2154 2121 2182 et
2139 2147 2269 2183 lunam
2284 2159 2363 2184 non
2378 2148 2420 2184 fit
2448 2155 2456 2163 ·

1363 2209 1493 2234 coma:
1514 2197 1601 2245 quia
1619 2197 1796 2234 videlicet
1821 2210 1891 2246 per
1910 2206 2058 2235 motum
2078 2199 2167 2235 solis
2187 2207 2223 2236 et
2241 2201 2352 2236 lunae
2372 2200 2420 2236 ei-

1362 2250 1434 2286 tius
1450 2250 1681 2297 disgregatur
1696 2250 1880 2287 exhalatio
1893 2253 2024 2299 (quam
2050 2251 2211 2288 diximus
2228 2265 2310 2289 esse
2335 2265 2420 2289 cau-

1363 2315 1445 2339 sam
1466 2303 1709 2351 apparitionis
1738 2311 1907 2340 cometae
1929 2312 1964 2340 et
1992 2304 2099 2341 lactei
2129 2304 2280 2352 circuli),
2303 2318 2419 2354 quam

1362 2363 1404 2393 ut
1421 2356 1540 2404 possit
1554 2356 1711 2393 adunari
1731 2356 1780 2393 ad
1796 2357 2030 2394 causandum
2045 2357 2299 2406 apparitiones
2313 2371 2420 2407 prae-

1364 2408 1492 2446 dictas.
1515 2409 1592 2446 Sed
1610 2409 1678 2445 iste
1707 2409 1867 2446 circulus
1887 2409 1924 2446 in
1953 2422 2030 2458 quo
2051 2418 2207 2458 apparet
2234 2411 2344 2447 nobis
2362 2411 2418 2448 vi-

1364 2462 1539 2498 dentibus
1558 2462 1677 2499 lactea
1697 2462 1853 2508 claritas,
1875 2470 1910 2499 et
1928 2462 1948 2484 ’¹‘
1968 2470 2023 2499 est
2040 2475 2140 2499 unus
2165 2464 2419 2500 maximorum
2449 2476 2457 2484 ·

1364 2515 1604 2562 circulorum,
1625 2514 1714 2562 quia
1743 2515 1875 2552 dividit
1902 2516 2104 2564 sphaeram
2130 2528 2200 2564 per
2227 2517 2418 2562 medium;

1364 2575 1400 2604 et
1429 2575 1484 2604 est
1511 2567 1564 2604 sic
1583 2567 1783 2616 dispositus
1812 2569 2023 2605 secundum
2043 2569 2168 2616 situm,
2189 2577 2230 2606 ut
2259 2581 2303 2605 ex
2321 2578 2420 2606 utra-

1362 2633 1437 2669 que
1464 2628 1570 2670 parte
1599 2621 1761 2657 multum
1791 2621 1946 2658 excedat
1972 2629 2178 2670 utrumque
2210 2623 2419 2670 tropicum,

1362 2673 1501 2711 scilicet
1536 2673 1741 2710 hiemalem
1771 2682 1807 2710 et
1834 2674 2033 2721 aestivum,
2059 2675 2143 2711 licet
2179 2675 2423 2712 intersecetur

1363 2740 1385 2764 a
1412 2726 1581 2764 zodiaco.
1612 2727 1660 2763 Et
1689 2727 1802 2764 etiam
1838 2728 1898 2763 hic
1926 2728 2030 2764 locus
2063 2727 2166 2764 istius
2204 2728 2329 2765 circuli
2367 2736 2423 2765 est

1361 2781 1497 2829 plenus
1517 2779 1663 2827 magnis
1693 2780 1803 2816 stellis
1822 2780 1981 2828 fulgidis,
2004 2787 2039 2816 et
2058 2793 2155 2829 quae
2179 2789 2332 2829 propter
2351 2782 2421 2817 fre-

1363 2833 1558 2881 quentiam
1587 2840 1624 2869 et
1655 2833 1934 2881 spissitudinem
1971 2841 2158 2870 vocantur
2183 2834 2419 2881 sporadicae,

1362 2886 1458 2923 idest
1486 2885 1690 2922 seminatae
1719 2885 1758 2922 in
1787 2886 1891 2922 caelo
1921 2887 2045 2933 (quod
2083 2886 2193 2922 etiam
2222 2886 2419 2922 manifeste

1363 2939 1481 2975 oculis
1505 2938 1626 2975 videri
1643 2941 1803 2987 potest);
1833 2938 1882 2974 ita
1902 2940 2004 2986 quod
2023 2946 2179 2986 propter
2202 2938 2419 2975 huiusmodi

1363 3004 1516 3028 causam
1538 3003 1689 3039 semper
1712 2991 1750 3027 in
1769 2991 1829 3027 tali
1848 2999 1953 3039 parte
1981 2991 2071 3027 caeli
2094 2991 2280 3027 adunetur
2307 2992 2418 3027 exha-

1361 3045 1467 3091 latio;
1489 3044 1577 3092 quia
1595 3044 1770 3081 videlicet
1788 3044 1826 3080 in
1846 3045 1917 3080 hac
1935 3051 2040 3091 parte
2061 3044 2153 3080 caeli
2172 3043 2192 3065 '¹‘
2211 3051 2266 3080 est
2286 3044 2419 3080 efficax

1360 3097 1478 3134 virtus
1506 3097 1698 3133 stellarum
1718 3096 1766 3133 ad
1785 3095 2046 3132 attrahendam
2073 3097 2361 3143 exhalationem,
2383 3104 2419 3133 et

1361 3163 1440 3187 non
1470 3158 1525 3186 est
1544 3162 1657 3186 031153
1675 3150 1884 3186 vehemens
1905 3161 2000 3197 quae
2021 3149 2200 3197 impediat
2224 3149 2303 3186 eius
2324 3149 2415 3186 adu-

1361 3203 1567 3248 nationem,
1589 3202 1683 3238 sicut
1710 3201 1845 3238 accidit
1872 3202 1942 3237 sub
1976 3201 2132 3238 zodiaco
2162 3201 2313 3239 circulo.
2344 3203 2418 3238 Ista

1359 3256 1469 3303 igitur
1485 3254 1669 3291 exhalatio
1686 3254 1850 3291 adunata
1865 3254 1934 3290 sub
1950 3254 2011 3290 tali
2025 3262 2130 3302 parte
2147 3254 2250 3301 caeli,
2268 3255 2353 3291 facit
2366 3255 2417 3291 ibi

1358 3307 1478 3345 videri
1498 3309 1657 3344 lacteam
1678 3307 1893 3354 claritatem,
1913 3307 2007 3343 sicut
2027 3314 2062 3343 et
2080 3307 2099 3328 ’¹‘
2124 3307 2307 3344 exhalatio
2329 3320 2417 3344 con—

1360 3373 1522 3409 sequens
1546 3360 1711 3408 aliquam
1735 3360 1896 3405 stellam,
1922 3359 2009 3396 facit
2032 3359 2082 3396 ibi
2106 3359 2226 3396 videri
2250 3372 2415 3398 comam.

1418 3414 1449 3450 5.
1471 3412 1618 3449 Deinde
1640 3424 1726 3448 cum
1748 3412 1852 3449 dicit:
1874 3412 2033 3462 Signum
2053 3418 2177 3449 autem
2198 3420 2280 3460 etc.‚
2298 3414 2417 3450 mani-

1360 3466 1468 3502 festat
1491 3465 1595 3514 quod
1620 3465 1760 3502 dictum
1786 3473 1850 3512 est,
1875 3478 1944 3514 per
1967 3465 2131 3513 signum:
2157 3465 2285 3503 dicens
2314 3467 2417 3515 quod

1360 3518 1510 3566 signum
1538 3517 1820 3566 praedictorum
1842 3526 1908 3566 est,
1943 3519 2047 3567 quod
2075 3518 2112 3555 in
2141 3518 2224 3567 ipso
2248 3519 2268 3541 '¹‘
2296 3520 2416 3556 lacteo

1363 3572 1501 3608 circulo
1530 3583 1629 3608 unus
1654 3570 1732 3607 eius
1761 3571 2016 3608 semicirculus
2037 3572 2223 3620 duplatur,
2245 3579 2280 3608 et
2305 3573 2419 3609 habet

2206 3640 2241 3672 46

2448 1785 2456 1792 ·
2472 1783 2556 1804 circuli
2565 1790 2612 1805 om.
2622 1790 2658 1805 ΑΒ.

2474 2054 2499 2073 ut
2514 2058 2562 2073 om.
2575 2058 2612 2073 ΑΒ.

2473 2102 2540 2123 Lect.
2556 2108 2588 2129 xl,
2603 2109 2626 2124 n.
2637 2109 2660 2131 9.

2473 2161 2547 2182 quare
2560 2161 2597 2176 AB.

2475 2476 2499 2495 et
2513 2480 2560 2496 om.
2575 2480 2614 2495 ra.

2446 3054 2456 3064 ⁸
2471 3053 2535 3074 caeli
2548 3059 2595 3075 om.
2610 3060 2632 3075 Α.

2445 3319 2453 3327 ·
2469 3320 2492 3339 el
2506 3324 2553 3340 om.
2568 3324 2590 3339 A.

2446 3526 2454 3533 ·
2466 3523 2593 3551 praedicto
2618 3529 2656 3544 ra.
