<?xml version="1.0" encoding="UTF-8"?>
<!DOCTYPE html PUBLIC "-//W3C//DTD XHTML 1.0 Transitional//EN"
    "http://www.w3.org/TR/xhtml1/DTD/xhtml1-transitional.dtd">
<html xmlns="http://www.w3.org/1999/xhtml" xml:lang="en" lang="en">
 <head>
  <title>
</title>
<meta http-equiv="Content-Type" content="text/html;charset=utf-8" />
  <meta name='ocr-system' content='tesseract 3.04.00' />
  <meta name='ocr-capabilities' content='ocr_page ocr_carea ocr_par ocr_line ocrx_word'/>
</head>
<body>
  <div class='ocr_page' id='page_1' title='image "./operaomniaiussui03thom/operaomniaiussui03thom_0413.png"; bbox 0 0 2782 4134; ppageno 0'>
   <div class='ocr_carea' id='block_1_1' title="bbox 0 2 178 4134">
    <p class='ocr_par' dir='ltr' id='par_1_1' title="bbox 0 2 178 4134">
     <span class='ocr_line' id='line_1_1' title="bbox 0 2 178 4134; baseline 0 0"><span class='ocrx_word' id='word_1_1' title='bbox 0 2 178 4134; x_wconf 95' lang='lat' dir='ltr'> </span> 
     </span>
    </p>
   </div>
   <div class='ocr_carea' id='block_1_2' title="bbox 1075 272 1590 319">
    <p class='ocr_par' dir='ltr' id='par_1_2' title="bbox 1075 272 1590 319">
     <span class='ocr_line' id='line_1_2' title="bbox 1075 272 1590 319; baseline 0.004 -11"><span class='ocrx_word' id='word_1_2' title='bbox 1075 272 1186 309; x_wconf 88' lang='lat' dir='ltr'>CAP.</span> <span class='ocrx_word' id='word_1_3' title='bbox 1217 272 1305 319; x_wconf 88' lang='lat' dir='ltr'>XII,</span> <span class='ocrx_word' id='word_1_4' title='bbox 1336 272 1488 310; x_wconf 93' lang='lat' dir='ltr'>LECT.</span> <span class='ocrx_word' id='word_1_5' title='bbox 1518 273 1590 310; x_wconf 90' lang='lat' dir='ltr'>XV</span> 
     </span>
    </p>
   </div>
   <div class='ocr_carea' id='block_1_3' title="bbox 171 341 1308 3236">
    <p class='ocr_par' dir='ltr' id='par_1_3' title="bbox 303 341 1306 481">
     <span class='ocr_line' id='line_1_3' title="bbox 303 341 1304 393; baseline 0.002 -15"><span class='ocrx_word' id='word_1_6' title='bbox 303 345 479 391; x_wconf 76' lang='grc' dir='ltr'>σχήμασιν</span> <span class='ocrx_word' id='word_1_7' title='bbox 511 346 550 378; x_wconf 81' lang='grc' dir='ltr'>οὐ</span> <span class='ocrx_word' id='word_1_8' title='bbox 581 345 796 393; x_wconf 79' lang='grc' dir='ltr'>στρογγύλη,</span> <span class='ocrx_word' id='word_1_9' title='bbox 822 341 882 378; x_wconf 71' lang='grc' dir='ltr'>διά</span> <span class='ocrx_word' id='word_1_10' title='bbox 905 347 947 379; x_wconf 78' lang='grc' dir='ltr'>τὰ</span> <span class='ocrx_word' id='word_1_11' title='bbox 972 347 1018 391; x_wconf 78' lang='grc' dir='ltr'>μή</span> <span class='ocrx_word' id='word_1_12' title='bbox 1045 348 1151 380; x_wconf 71' lang='grc' dir='ltr'>πολὺν</span> <span class='ocrx_word' id='word_1_13' title='bbox 1185 347 1304 393; x_wconf 86' lang='grc' dir='ltr'>χρόνον</span> 
     </span>
     <span class='ocr_line' id='line_1_4' title="bbox 304 389 1306 436; baseline 0.002 -15"><span class='ocrx_word' id='word_1_14' title='bbox 304 389 456 436; x_wconf 89' lang='grc' dir='ltr'>γίνεσθαι</span> <span class='ocrx_word' id='word_1_15' title='bbox 482 390 546 427; x_wconf 74' lang='grc' dir='ltr'>τήν</span> <span class='ocrx_word' id='word_1_16' title='bbox 571 391 674 435; x_wconf 77' lang='grc' dir='ltr'>φοράν</span> <span class='ocrx_word' id='word_1_17' title='bbox 701 391 825 431; x_wconf 71' lang='grc' dir='ltr'>αὐτῆς,</span> <span class='ocrx_word' id='word_1_18' title='bbox 849 392 890 428; x_wconf 79' lang='grc' dir='ltr'>ὠς</span> <span class='ocrx_word' id='word_1_19' title='bbox 916 392 1058 428; x_wconf 83' lang='grc' dir='ltr'>πλησίον</span> <span class='ocrx_word' id='word_1_20' title='bbox 1085 393 1147 430; x_wconf 85' lang='grc' dir='ltr'>τῆς</span> <span class='ocrx_word' id='word_1_21' title='bbox 1174 392 1306 434; x_wconf 77' lang='grc' dir='ltr'>πήξεως</span> 
     </span>
     <span class='ocr_line' id='line_1_5' title="bbox 303 434 1282 481; baseline 0.003 -15"><span class='ocrx_word' id='word_1_22' title='bbox 303 434 486 481; x_wconf 80' lang='grc' dir='ltr'>γενομένης</span> <span class='ocrx_word' id='word_1_23' title='bbox 511 435 574 473; x_wconf 72' lang='grc' dir='ltr'>τῆς</span> <span class='ocrx_word' id='word_1_24' title='bbox 598 436 675 481; x_wconf 76' lang='grc' dir='ltr'>γῆς,</span> <span class='ocrx_word' id='word_1_25' title='bbox 702 435 776 469; x_wconf 72' lang='grc' dir='ltr'>ἀλλ’</span> <span class='ocrx_word' id='word_1_26' title='bbox 801 435 864 480; x_wconf 78' lang='grc' dir='ltr'>οὐχ</span> <span class='ocrx_word' id='word_1_27' title='bbox 888 434 998 478; x_wconf 75' lang='grc' dir='ltr'>ὥσπερ</span> <span class='ocrx_word' id='word_1_28' title='bbox 1024 434 1143 469; x_wconf 79' lang='grc' dir='ltr'>ἐκεῖνοί</span> <span class='ocrx_word' id='word_1_29' title='bbox 1168 448 1282 481; x_wconf 83' lang='grc' dir='ltr'>φασιν.</span> 
     </span>
    </p>

    <p class='ocr_par' dir='ltr' id='par_1_4' title="bbox 232 479 1308 525">
     <span class='ocr_line' id='line_1_6' title="bbox 232 479 1308 525; baseline 0.002 -14"><span class='ocrx_word' id='word_1_30' title='bbox 232 479 340 511; x_wconf 80' lang='grc' dir='ltr'>Ἀλλά</span> <span class='ocrx_word' id='word_1_31' title='bbox 363 479 430 523; x_wconf 72' lang='grc' dir='ltr'>μὴν</span> <span class='ocrx_word' id='word_1_32' title='bbox 457 479 645 525; x_wconf 79' lang='grc' dir='ltr'>ἀναγκαῖον</span> <span class='ocrx_word' id='word_1_33' title='bbox 672 479 738 512; x_wconf 70' lang='grc' dir='ltr'>ὑπὸ</span> <span class='ocrx_word' id='word_1_34' title='bbox 763 480 826 512; x_wconf 81' lang='grc' dir='ltr'>τοῦ</span> <span class='ocrx_word' id='word_1_35' title='bbox 851 479 987 523; x_wconf 84' lang='grc' dir='ltr'>μάλιστ’</span> <span class='ocrx_word' id='word_1_36' title='bbox 1018 481 1130 513; x_wconf 78' lang='grc' dir='ltr'><strong>αἰτίου</strong></span> <span class='ocrx_word' id='word_1_37' title='bbox 1156 482 1218 519; x_wconf 81' lang='grc' dir='ltr'>τῆς</span> <span class='ocrx_word' id='word_1_38' title='bbox 1241 480 1308 518; x_wconf 69' lang='grc' dir='ltr'>πή-</span> 
     </span>
    </p>

    <p class='ocr_par' dir='ltr' id='par_1_5' title="bbox 303 522 1305 616">
     <span class='ocr_line' id='line_1_7' title="bbox 303 522 1305 571; baseline 0.004 -17"><span class='ocrx_word' id='word_1_39' title='bbox 303 523 385 565; x_wconf 77' lang='grc' dir='ltr'>ξεως</span> <span class='ocrx_word' id='word_1_40' title='bbox 410 522 564 570; x_wconf 86' lang='grc' dir='ltr'>μεγάλας</span> <span class='ocrx_word' id='word_1_41' title='bbox 589 522 741 569; x_wconf 78' lang='grc' dir='ltr'>γίνεσθαι</span> <span class='ocrx_word' id='word_1_42' title='bbox 765 523 943 568; x_wconf 76' lang='grc' dir='ltr'>χαλάζας·</span> <span class='ocrx_word' id='word_1_43' title='bbox 969 527 1181 571; x_wconf 78' lang='grc' dir='ltr'>κρύσταλλος</span> <span class='ocrx_word' id='word_1_44' title='bbox 1198 526 1263 571; x_wconf 79' lang='grc' dir='ltr'>γάρ</span> <span class='ocrx_word' id='word_1_45' title='bbox 1285 526 1305 562; x_wconf 76' lang='grc' dir='ltr'>’ἡ</span> 
     </span>
     <span class='ocr_line' id='line_1_8' title="bbox 303 563 1305 616; baseline 0 -16"><span class='ocrx_word' id='word_1_46' title='bbox 303 567 460 613; x_wconf 85' lang='grc' dir='ltr'>χάλαζα,</span> <span class='ocrx_word' id='word_1_47' title='bbox 485 569 544 599; x_wconf 79' lang='grc' dir='ltr'>καὶ</span> <span class='ocrx_word' id='word_1_48' title='bbox 569 568 676 600; x_wconf 77' lang='grc' dir='ltr'>τοῦτο</span> <span class='ocrx_word' id='word_1_49' title='bbox 702 569 808 600; x_wconf 86' lang='grc' dir='ltr'>παντὶ</span> <span class='ocrx_word' id='word_1_50' title='bbox 834 563 957 603; x_wconf 79' lang='grc' dir='ltr'>δῆλον·</span> <span class='ocrx_word' id='word_1_51' title='bbox 993 569 1143 616; x_wconf 88' lang='grc' dir='ltr'>μεγάλαι</span> <span class='ocrx_word' id='word_1_52' title='bbox 1168 565 1197 601; x_wconf 80' lang='grc' dir='ltr'>δ’</span> <span class='ocrx_word' id='word_1_53' title='bbox 1224 570 1305 601; x_wconf 80' lang='grc' dir='ltr'>εισὶν</span> 
     </span>
    </p>

    <p class='ocr_par' dir='ltr' id='par_1_6' title="bbox 237 609 1307 1023">
     <span class='ocr_line' id='line_1_9' title="bbox 304 609 1306 658; baseline 0.001 -15"><span class='ocrx_word' id='word_1_54' title='bbox 304 614 340 643; x_wconf 81' lang='grc' dir='ltr'>αἱ</span> <span class='ocrx_word' id='word_1_55' title='bbox 365 615 436 648; x_wconf 80' lang='grc' dir='ltr'>τοῖς</span> <span class='ocrx_word' id='word_1_56' title='bbox 461 611 618 656; x_wconf 78' lang='grc' dir='ltr'>σχήμασι</span> <span class='ocrx_word' id='word_1_57' title='bbox 642 611 689 656; x_wconf 76' lang='grc' dir='ltr'>μή</span> <span class='ocrx_word' id='word_1_58' title='bbox 715 611 938 658; x_wconf 78' lang='grc' dir='ltr'>στρογγύλαι.</span> <span class='ocrx_word' id='word_1_59' title='bbox 970 615 1081 647; x_wconf 84' lang='grc' dir='ltr'>Τοῦτο</span> <span class='ocrx_word' id='word_1_60' title='bbox 1106 609 1144 646; x_wconf 77' lang='grc' dir='ltr'>δὲ</span> <span class='ocrx_word' id='word_1_61' title='bbox 1169 618 1306 657; x_wconf 83' lang='grc' dir='ltr'>σημεῖον</span> 
     </span>
     <span class='ocr_line' id='line_1_10' title="bbox 304 656 1306 704; baseline -0.001 -15"><span class='ocrx_word' id='word_1_62' title='bbox 304 656 366 689; x_wconf 84' lang='grc' dir='ltr'>τοῦ</span> <span class='ocrx_word' id='word_1_63' title='bbox 399 657 558 701; x_wconf 80' lang='grc' dir='ltr'>παγῆναι</span> <span class='ocrx_word' id='word_1_64' title='bbox 587 657 730 693; x_wconf 83' lang='grc' dir='ltr'>πλησίον</span> <span class='ocrx_word' id='word_1_65' title='bbox 762 659 826 694; x_wconf 83' lang='grc' dir='ltr'>τῆς</span> <span class='ocrx_word' id='word_1_66' title='bbox 858 657 940 702; x_wconf 79' lang='grc' dir='ltr'>γῆς·</span> <span class='ocrx_word' id='word_1_67' title='bbox 970 661 1004 690; x_wconf 82' lang='grc' dir='ltr'>αἱ</span> <span class='ocrx_word' id='word_1_68' title='bbox 1029 659 1095 704; x_wconf 80' lang='grc' dir='ltr'>γάρ</span> <span class='ocrx_word' id='word_1_69' title='bbox 1127 657 1306 702; x_wconf 81' lang='grc' dir='ltr'>φερόμεναι</span> 
     </span>
     <span class='ocr_line' id='line_1_11' title="bbox 304 695 1305 746; baseline 0.001 -14"><span class='ocrx_word' id='word_1_70' title='bbox 304 699 470 744; x_wconf 87' lang='grc' dir='ltr'>πόρρωθεν</span> <span class='ocrx_word' id='word_1_71' title='bbox 503 695 564 732; x_wconf 79' lang='grc' dir='ltr'>διά</span> <span class='ocrx_word' id='word_1_72' title='bbox 595 700 636 733; x_wconf 75' lang='grc' dir='ltr'>τό</span> <span class='ocrx_word' id='word_1_73' title='bbox 668 699 826 744; x_wconf 85' lang='grc' dir='ltr'>φέρεσθαι</span> <span class='ocrx_word' id='word_1_74' title='bbox 860 703 994 746; x_wconf 76' lang='grc' dir='ltr'>μακράν</span> <span class='ocrx_word' id='word_1_75' title='bbox 1025 701 1305 746; x_wconf 84' lang='grc' dir='ltr'>περιθραυόμεναι</span> 
     </span>
     <span class='ocr_line' id='line_1_12' title="bbox 326 743 1305 799; baseline 0.001 -23"><span class='ocrx_word' id='word_1_76' title='bbox 326 746 459 776; x_wconf 88' lang='grc' dir='ltr'>ίνονται</span> <span class='ocrx_word' id='word_1_77' title='bbox 491 743 534 776; x_wconf 87' lang='grc' dir='ltr'>τό</span> <span class='ocrx_word' id='word_1_78' title='bbox 563 756 601 777; x_wconf 89' lang='grc' dir='ltr'>τε</span> <span class='ocrx_word' id='word_1_79' title='bbox 632 745 753 799; x_wconf 76' lang='grc' dir='ltr'>σχῆμα</span> <span class='ocrx_word' id='word_1_80' title='bbox 785 750 966 790; x_wconf 79' lang='grc' dir='ltr'>περιφερεῖς</span> <span class='ocrx_word' id='word_1_81' title='bbox 1001 748 1060 778; x_wconf 82' lang='grc' dir='ltr'>καὶ</span> <span class='ocrx_word' id='word_1_82' title='bbox 1092 747 1134 779; x_wconf 79' lang='grc' dir='ltr'>τὸ</span> <span class='ocrx_word' id='word_1_83' title='bbox 1165 746 1305 792; x_wconf 83' lang='grc' dir='ltr'>μέγεθος</span> 
     </span>
     <span class='ocr_line' id='line_1_13' title="bbox 303 787 1306 831; baseline 0.001 -10"><span class='ocrx_word' id='word_1_84' title='bbox 303 788 486 826; x_wconf 81' lang='grc' dir='ltr'>ελάττους.</span> <span class='ocrx_word' id='word_1_85' title='bbox 516 787 595 820; x_wconf 58' lang='lat' dir='ltr'>‘&#39;Oa-t</span> <span class='ocrx_word' id='word_1_86' title='bbox 619 800 679 831; x_wconf 86' lang='grc' dir='ltr'>μεν</span> <span class='ocrx_word' id='word_1_87' title='bbox 713 788 771 821; x_wconf 73' lang='grc' dir='ltr'>οὖν</span> <span class='ocrx_word' id='word_1_88' title='bbox 798 790 836 821; x_wconf 79' lang='grc' dir='ltr'>οὗ</span> <span class='ocrx_word' id='word_1_89' title='bbox 862 791 910 830; x_wconf 81' lang='grc' dir='ltr'>τῷ</span> <span class='ocrx_word' id='word_1_90' title='bbox 938 789 1148 823; x_wconf 81' lang='grc' dir='ltr'>ἀπωθεῖσθαι</span> <span class='ocrx_word' id='word_1_91' title='bbox 1173 791 1217 827; x_wconf 83' lang='grc' dir='ltr'>εἰς</span> <span class='ocrx_word' id='word_1_92' title='bbox 1245 789 1306 823; x_wconf 74' lang='grc' dir='ltr'>τὸν</span> 
     </span>
     <span class='ocr_line' id='line_1_14' title="bbox 305 830 1282 879; baseline 0 -13"><span class='ocrx_word' id='word_1_93' title='bbox 305 833 374 866; x_wconf 74' lang='grc' dir='ltr'>ἅνω</span> <span class='ocrx_word' id='word_1_94' title='bbox 399 831 508 865; x_wconf 83' lang='grc' dir='ltr'>τόπον</span> <span class='ocrx_word' id='word_1_95' title='bbox 533 833 593 866; x_wconf 73' lang='grc' dir='ltr'>τὸν</span> <span class='ocrx_word' id='word_1_96' title='bbox 618 832 741 879; x_wconf 79' lang='grc' dir='ltr'>ψυχρόν</span> <span class='ocrx_word' id='word_1_97' title='bbox 766 835 787 871; x_wconf 79' lang='grc' dir='ltr'>ἡ</span> <span class='ocrx_word' id='word_1_98' title='bbox 815 832 915 874; x_wconf 78' lang='grc' dir='ltr'>πῆξις</span> <span class='ocrx_word' id='word_1_99' title='bbox 940 835 1129 879; x_wconf 78' lang='grc' dir='ltr'>συμβαίνει,</span> <span class='ocrx_word' id='word_1_100' title='bbox 1157 830 1282 872; x_wconf 71' lang='grc' dir='ltr'>δῆλον·</span> 
     </span>
     <span class='ocr_line' id='line_1_15' title="bbox 237 873 1307 924; baseline 0.001 -14"><span class='ocrx_word' id='word_1_101' title='bbox 237 878 310 911; x_wconf 76' lang='grc' dir='ltr'>ἀλλ’</span> <span class='ocrx_word' id='word_1_102' title='bbox 331 873 452 914; x_wconf 72' lang='grc' dir='ltr'>ἐπειδὴ</span> <span class='ocrx_word' id='word_1_103' title='bbox 471 878 596 922; x_wconf 82' lang='grc' dir='ltr'>ὁρῶμεν</span> <span class='ocrx_word' id='word_1_104' title='bbox 624 877 678 911; x_wconf 80' lang='grc' dir='ltr'>ὅτι</span> <span class='ocrx_word' id='word_1_105' title='bbox 702 880 837 924; x_wconf 85' lang='grc' dir='ltr'>γίνεται</span> <span class='ocrx_word' id='word_1_106' title='bbox 863 878 1143 924; x_wconf 85' lang='grc' dir='ltr'>άντιπερίστασις</span> <span class='ocrx_word' id='word_1_107' title='bbox 1168 879 1217 921; x_wconf 74' lang='grc' dir='ltr'>τῷ</span> <span class='ocrx_word' id='word_1_108' title='bbox 1238 878 1307 924; x_wconf 83' lang='grc' dir='ltr'>θερ-</span> 
     </span>
     <span class='ocr_line' id='line_1_16' title="bbox 302 920 1305 975; baseline 0 -21"><span class='ocrx_word' id='word_1_109' title='bbox 302 922 352 966; x_wconf 67' lang='grc' dir='ltr'>μῷ</span> <span class='ocrx_word' id='word_1_110' title='bbox 376 923 436 954; x_wconf 80' lang='grc' dir='ltr'>καὶ</span> <span class='ocrx_word' id='word_1_111' title='bbox 460 922 509 963; x_wconf 76' lang='grc' dir='ltr'>τῷ</span> <span class='ocrx_word' id='word_1_112' title='bbox 535 921 646 975; x_wconf 66' lang='grc' dir='ltr'>ψυχρῷ</span> <span class='ocrx_word' id='word_1_113' title='bbox 675 922 836 961; x_wconf 77' lang='grc' dir='ltr'>ἀλλήλοις</span> <span class='ocrx_word' id='word_1_114' title='bbox 863 920 939 966; x_wconf 80' lang='grc' dir='ltr'>(διὸ</span> <span class='ocrx_word' id='word_1_115' title='bbox 966 924 998 956; x_wconf 82' lang='grc' dir='ltr'>ἔν</span> <span class='ocrx_word' id='word_1_116' title='bbox 1024 938 1061 958; x_wconf 89' lang='grc' dir='ltr'>τε</span> <span class='ocrx_word' id='word_1_117' title='bbox 1087 928 1164 962; x_wconf 83' lang='grc' dir='ltr'>ταῖς</span> <span class='ocrx_word' id='word_1_118' title='bbox 1188 923 1305 962; x_wconf 86' lang='grc' dir='ltr'>ἀλέαις</span> 
     </span>
     <span class='ocr_line' id='line_1_17' title="bbox 300 965 1304 1023; baseline 0.002 -25"><span class='ocrx_word' id='word_1_119' title='bbox 300 966 413 1020; x_wconf 78' lang='grc' dir='ltr'>ψυχρά</span> <span class='ocrx_word' id='word_1_120' title='bbox 433 965 482 998; x_wconf 81' lang='grc' dir='ltr'>τοὶ</span> <span class='ocrx_word' id='word_1_121' title='bbox 503 978 602 998; x_wconf 82' lang='grc' dir='ltr'>κατω</span> <span class='ocrx_word' id='word_1_122' title='bbox 620 967 684 1005; x_wconf 77' lang='grc' dir='ltr'>τῆς</span> <span class='ocrx_word' id='word_1_123' title='bbox 699 967 763 1013; x_wconf 79' lang='grc' dir='ltr'>γῆς</span> <span class='ocrx_word' id='word_1_124' title='bbox 787 970 846 1000; x_wconf 79' lang='grc' dir='ltr'>καὶ</span> <span class='ocrx_word' id='word_1_125' title='bbox 866 966 1004 1001; x_wconf 76' lang='grc' dir='ltr'>ἀλεεινά</span> <span class='ocrx_word' id='word_1_126' title='bbox 1021 970 1053 1002; x_wconf 78' lang='grc' dir='ltr'>ἐν</span> <span class='ocrx_word' id='word_1_127' title='bbox 1072 973 1143 1007; x_wconf 81' lang='grc' dir='ltr'>τοῖς</span> <span class='ocrx_word' id='word_1_128' title='bbox 1163 968 1304 1023; x_wconf 88' lang='grc' dir='ltr'>πάγοις)</span> 
     </span>
    </p>

    <p class='ocr_par' dir='ltr' id='par_1_7' title="bbox 262 1005 1305 1233">
     <span class='ocr_line' id='line_1_18' title="bbox 262 1005 1304 1060; baseline 0.002 -16"><span class='ocrx_word' id='word_1_129' title='bbox 262 1045 267 1049; x_wconf 71' lang='grc'>,</span> <span class='ocrx_word' id='word_1_130' title='bbox 301 1021 410 1045; x_wconf 81' lang='grc' dir='ltr'>τουτο</span> <span class='ocrx_word' id='word_1_131' title='bbox 434 1005 488 1042; x_wconf 80' lang='grc' dir='ltr'>δεῖ</span> <span class='ocrx_word' id='word_1_132' title='bbox 510 1011 655 1054; x_wconf 81' lang='grc' dir='ltr'>νομίζειν</span> <span class='ocrx_word' id='word_1_133' title='bbox 685 1013 743 1043; x_wconf 83' lang='grc' dir='ltr'>καὶ</span> <span class='ocrx_word' id='word_1_134' title='bbox 774 1012 806 1044; x_wconf 86' lang='grc' dir='ltr'>ἑν</span> <span class='ocrx_word' id='word_1_135' title='bbox 833 1014 880 1054; x_wconf 80' lang='grc' dir='ltr'>τῷ</span> <span class='ocrx_word' id='word_1_136' title='bbox 915 1013 982 1046; x_wconf 87' lang='grc' dir='ltr'>α”νω</span> <span class='ocrx_word' id='word_1_137' title='bbox 1012 1013 1163 1060; x_wconf 84' lang='grc' dir='ltr'>γίνεσθαι</span> <span class='ocrx_word' id='word_1_138' title='bbox 1188 1025 1304 1054; x_wconf 80' lang='grc' dir='ltr'>τόπῳ,</span> 
     </span>
     <span class='ocr_line' id='line_1_19' title="bbox 300 1054 1305 1103; baseline 0.002 -16"><span class='ocrx_word' id='word_1_139' title='bbox 300 1054 382 1088; x_wconf 72' lang='grc' dir='ltr'>ὥστ’</span> <span class='ocrx_word' id='word_1_140' title='bbox 411 1055 446 1087; x_wconf 83' lang='grc' dir='ltr'>ἑν</span> <span class='ocrx_word' id='word_1_141' title='bbox 471 1059 548 1092; x_wconf 73' lang='grc' dir='ltr'>ταῖς</span> <span class='ocrx_word' id='word_1_142' title='bbox 575 1054 823 1101; x_wconf 82' lang='grc' dir='ltr'>ἀλεεινοτέραις</span> <span class='ocrx_word' id='word_1_143' title='bbox 847 1056 946 1101; x_wconf 78' lang='grc' dir='ltr'>ὥραις</span> <span class='ocrx_word' id='word_1_144' title='bbox 965 1057 1305 1103; x_wconf 79' lang='grc' dir='ltr'>ἀντιπεριιστάμενον</span> 
     </span>
     <span class='ocr_line' id='line_1_20' title="bbox 300 1096 1304 1146; baseline 0.003 -15"><span class='ocrx_word' id='word_1_145' title='bbox 300 1100 378 1132; x_wconf 77' lang='grc' dir='ltr'>εἴσω</span> <span class='ocrx_word' id='word_1_146' title='bbox 404 1099 446 1132; x_wconf 78' lang='grc' dir='ltr'><strong><em>τό</em></strong></span> <span class='ocrx_word' id='word_1_147' title='bbox 470 1097 594 1144; x_wconf 77' lang='grc' dir='ltr'>ψυχρὸν</span> <span class='ocrx_word' id='word_1_148' title='bbox 620 1096 680 1132; x_wconf 68' lang='grc' dir='ltr'>’διά</span> <span class='ocrx_word' id='word_1_149' title='bbox 704 1101 768 1138; x_wconf 76' lang='grc' dir='ltr'>τήν</span> <span class='ocrx_word' id='word_1_150' title='bbox 793 1100 903 1143; x_wconf 74' lang='grc' dir='ltr'>κύκλῳ</span> <span class='ocrx_word' id='word_1_151' title='bbox 935 1101 1134 1146; x_wconf 81' lang='grc' dir='ltr'>θερμότητα</span> <span class='ocrx_word' id='word_1_152' title='bbox 1161 1102 1220 1134; x_wconf 80' lang='grc' dir='ltr'>ὁτὲ</span> <span class='ocrx_word' id='word_1_153' title='bbox 1245 1102 1304 1146; x_wconf 79' lang='grc' dir='ltr'>μὲν</span> 
     </span>
     <span class='ocr_line' id='line_1_21' title="bbox 301 1139 1303 1192; baseline 0 -15"><span class='ocrx_word' id='word_1_154' title='bbox 301 1143 395 1188; x_wconf 73' lang='grc' dir='ltr'>ταχυ</span> <span class='ocrx_word' id='word_1_155' title='bbox 421 1139 508 1188; x_wconf 76' lang='grc' dir='ltr'>ὕδωρ</span> <span class='ocrx_word' id='word_1_156' title='bbox 535 1143 572 1176; x_wconf 83' lang='grc' dir='ltr'>ἐκ.</span> <span class='ocrx_word' id='word_1_157' title='bbox 598 1146 660 1176; x_wconf 82' lang='grc' dir='ltr'>τοῦ</span> <span class='ocrx_word' id='word_1_158' title='bbox 691 1144 806 1190; x_wconf 84' lang='grc' dir='ltr'>νέφους</span> <span class='ocrx_word' id='word_1_159' title='bbox 836 1150 945 1187; x_wconf 82' lang='grc' dir='ltr'>ποιεῖ,</span> <span class='ocrx_word' id='word_1_160' title='bbox 978 1148 1038 1179; x_wconf 79' lang='grc' dir='ltr'>6τέ</span> <span class='ocrx_word' id='word_1_161' title='bbox 1061 1142 1099 1179; x_wconf 72' lang='grc' dir='ltr'>δὲ</span> <span class='ocrx_word' id='word_1_162' title='bbox 1123 1147 1303 1192; x_wconf 82' lang='grc' dir='ltr'>χάλαζαν·</span> 
     </span>
     <span class='ocr_line' id='line_1_22' title="bbox 300 1183 1303 1233; baseline 0.002 -13"><span class='ocrx_word' id='word_1_163' title='bbox 300 1183 355 1221; x_wconf 77' lang='grc' dir='ltr'>διὸ</span> <span class='ocrx_word' id='word_1_164' title='bbox 377 1190 502 1231; x_wconf 48' lang='lat' dir='ltr'>nalal</span> <span class='ocrx_word' id='word_1_165' title='bbox 520 1185 674 1232; x_wconf 75' lang='grc' dir='ltr'>ψακάδες</span> <span class='ocrx_word' id='word_1_166' title='bbox 701 1190 788 1222; x_wconf 74' lang='grc' dir='ltr'>πολύ</span> <span class='ocrx_word' id='word_1_167' title='bbox 818 1191 951 1233; x_wconf 82' lang='grc' dir='ltr'>μείζους</span> <span class='ocrx_word' id='word_1_168' title='bbox 976 1190 1008 1224; x_wconf 86' lang='grc' dir='ltr'>ἑν</span> <span class='ocrx_word' id='word_1_169' title='bbox 1033 1195 1111 1229; x_wconf 81' lang='grc' dir='ltr'>ταῖς</span> <span class='ocrx_word' id='word_1_170' title='bbox 1138 1192 1303 1228; x_wconf 75' lang='grc' dir='ltr'>ἀλεειναῖς</span> 
     </span>
    </p>

    <p class='ocr_par' dir='ltr' id='par_1_8' title="bbox 203 1231 1306 1369">
     <span class='ocr_line' id='line_1_23' title="bbox 203 1231 1306 1279; baseline 0.003 -15"><span class='ocrx_word' id='word_1_171' title='bbox 203 1258 206 1259; x_wconf 26' lang='lat'><em>⁷</em></span> <span class='ocrx_word' id='word_1_172' title='bbox 244 1231 456 1279; x_wconf 56' lang='grc' dir='ltr'>-ΝγίνόνῙι-αι</span> <span class='ocrx_word' id='word_1_173' title='bbox 478 1233 620 1278; x_wconf 77' lang='grc' dir='ltr'>ἡμέραις</span> <span class='ocrx_word' id='word_1_174' title='bbox 638 1232 659 1271; x_wconf 78' lang='grc' dir='ltr'><em>ἢ</em></span> <span class='ocrx_word' id='word_1_175' title='bbox 678 1234 711 1265; x_wconf 83' lang='grc' dir='ltr'>ἑν</span> <span class='ocrx_word' id='word_1_176' title='bbox 729 1235 776 1276; x_wconf 81' lang='grc' dir='ltr'>τῷ</span> <span class='ocrx_word' id='word_1_177' title='bbox 799 1236 952 1279; x_wconf 80' lang='grc' dir='ltr'>χειμῶνι,</span> <span class='ocrx_word' id='word_1_178' title='bbox 970 1238 1028 1267; x_wconf 76' lang='grc' dir='ltr'>καὶ</span> <span class='ocrx_word' id='word_1_179' title='bbox 1050 1232 1166 1268; x_wconf 83' lang='grc' dir='ltr'>ὕδατα</span> <span class='ocrx_word' id='word_1_180' title='bbox 1181 1235 1306 1278; x_wconf 83' lang='grc' dir='ltr'>λαβρό-</span> 
     </span>
     <span class='ocr_line' id='line_1_24' title="bbox 258 1275 1303 1325; baseline 0.003 -16"><span class='ocrx_word' id='word_1_181' title='bbox 258 1275 260 1277; x_wconf 72' lang='grc'><strong>’</strong></span> <span class='ocrx_word' id='word_1_182' title='bbox 298 1288 401 1322; x_wconf 71' lang='grc' dir='ltr'>τερα·</span> <span class='ocrx_word' id='word_1_183' title='bbox 427 1277 623 1323; x_wconf 81' lang='grc' dir='ltr'>λαβρότερα</span> <span class='ocrx_word' id='word_1_184' title='bbox 653 1279 712 1322; x_wconf 81' lang='grc' dir='ltr'>μὲν</span> <span class='ocrx_word' id='word_1_185' title='bbox 738 1279 803 1325; x_wconf 78' lang='grc' dir='ltr'>γάρ</span> <span class='ocrx_word' id='word_1_186' title='bbox 827 1281 962 1325; x_wconf 88' lang='grc' dir='ltr'>γίνεται</span> <span class='ocrx_word' id='word_1_187' title='bbox 988 1279 1073 1313; x_wconf 78' lang='grc' dir='ltr'>ὅταν</span> <span class='ocrx_word' id='word_1_188' title='bbox 1108 1279 1303 1324; x_wconf 77' lang='grc' dir='ltr'>ἀθρώτερα,</span> 
     </span>
     <span class='ocr_line' id='line_1_25' title="bbox 302 1318 1303 1369; baseline 0.002 -15"><span class='ocrx_word' id='word_1_189' title='bbox 302 1320 479 1367; x_wconf 74' lang='grc' dir='ltr'>ἀθρῶτερα</span> <span class='ocrx_word' id='word_1_190' title='bbox 503 1319 542 1355; x_wconf 78' lang='grc' dir='ltr'>δὲ</span> <span class='ocrx_word' id='word_1_191' title='bbox 566 1318 626 1355; x_wconf 76' lang='grc' dir='ltr'>διά</span> <span class='ocrx_word' id='word_1_192' title='bbox 650 1322 692 1355; x_wconf 79' lang='grc' dir='ltr'>τὸ</span> <span class='ocrx_word' id='word_1_193' title='bbox 717 1323 826 1369; x_wconf 86' lang='grc' dir='ltr'>τάχος</span> <span class='ocrx_word' id='word_1_194' title='bbox 853 1325 915 1361; x_wconf 87' lang='grc' dir='ltr'>τῆς</span> <span class='ocrx_word' id='word_1_195' title='bbox 943 1324 1153 1362; x_wconf 76' lang='grc' dir='ltr'>πυκνώσεως.</span> <span class='ocrx_word' id='word_1_196' title='bbox 1192 1325 1303 1358; x_wconf 82' lang='grc' dir='ltr'>Τοῦτο</span> 
     </span>
    </p>

    <p class='ocr_par' dir='ltr' id='par_1_9' title="bbox 235 1361 1302 1423">
     <span class='ocr_line' id='line_1_26' title="bbox 235 1361 1302 1423; baseline 0.001 -24"><span class='ocrx_word' id='word_1_197' title='bbox 235 1402 247 1408; x_wconf 83' lang='lat'>.</span> <span class='ocrx_word' id='word_1_198' title='bbox 298 1361 337 1399; x_wconf 70' lang='grc' dir='ltr'>δὲ</span> <span class='ocrx_word' id='word_1_199' title='bbox 353 1368 488 1413; x_wconf 88' lang='grc' dir='ltr'>γίνεται</span> <span class='ocrx_word' id='word_1_200' title='bbox 506 1367 597 1406; x_wconf 46' lang='grc' dir='ltr'>αὐτὸ,</span> <span class='ocrx_word' id='word_1_201' title='bbox 613 1367 817 1400; x_wconf 82' lang='grc' dir='ltr'>τούναντίον</span> <span class='ocrx_word' id='word_1_202' title='bbox 835 1366 856 1405; x_wconf 77' lang='grc' dir='ltr'><strong>ἦ</strong></span> <span class='ocrx_word' id='word_1_203' title='bbox 874 1369 916 1407; x_wconf 83' lang='grc' dir='ltr'>ὠς</span> <span class='ocrx_word' id='word_1_204' title='bbox 937 1368 1175 1423; x_wconf 81' lang='grc' dir='ltr'>Ἀναξαγόρας</span> <span class='ocrx_word' id='word_1_205' title='bbox 1191 1368 1302 1415; x_wconf 85' lang='grc' dir='ltr'>λέγει·</span> 
     </span>
    </p>

    <p class='ocr_par' dir='ltr' id='par_1_10' title="bbox 255 1410 1300 1467">
     <span class='ocr_line' id='line_1_27' title="bbox 255 1410 1300 1467; baseline 0.002 -23"><span class='ocrx_word' id='word_1_206' title='bbox 255 1410 258 1414; x_wconf 65' lang='grc'>’</span> <span class='ocrx_word' id='word_1_207' title='bbox 300 1411 318 1444; x_wconf 75' lang='grc' dir='ltr'><strong><em>ὃ</em></strong></span> <span class='ocrx_word' id='word_1_208' title='bbox 341 1410 402 1455; x_wconf 78' lang='grc' dir='ltr'>μὲν</span> <span class='ocrx_word' id='word_1_209' title='bbox 427 1411 493 1457; x_wconf 73' lang='grc' dir='ltr'>γάρ</span> <span class='ocrx_word' id='word_1_210' title='bbox 519 1411 603 1445; x_wconf 79' lang='grc' dir='ltr'>ὅταν</span> <span class='ocrx_word' id='word_1_211' title='bbox 625 1412 670 1449; x_wconf 85' lang='grc' dir='ltr'>εἰς</span> <span class='ocrx_word' id='word_1_212' title='bbox 687 1411 748 1445; x_wconf 81' lang='grc' dir='ltr'>τὸν</span> <span class='ocrx_word' id='word_1_213' title='bbox 769 1411 809 1467; x_wconf 64' lang='grc' dir='ltr'>ψυ</span> <span class='ocrx_word' id='word_1_214' title='bbox 836 1412 893 1456; x_wconf 87' lang='grc' dir='ltr'>ρο“ν</span> <span class='ocrx_word' id='word_1_215' title='bbox 916 1412 1001 1458; x_wconf 79' lang='grc' dir='ltr'>ἀέρα</span> <span class='ocrx_word' id='word_1_216' title='bbox 1019 1412 1204 1456; x_wconf 70' lang='grc' dir='ltr'>ἐπανέλθῃ,</span> <span class='ocrx_word' id='word_1_217' title='bbox 1223 1416 1300 1458; x_wconf 79' lang='grc' dir='ltr'>φησὶ</span> 
     </span>
    </p>

    <p class='ocr_par' dir='ltr' id='par_1_11' title="bbox 299 1425 1305 1502">
     <span class='ocr_line' id='line_1_28' title="bbox 299 1425 1305 1502; baseline 0.001 -13"><span class='ocrx_word' id='word_1_218' title='bbox 299 1456 406 1489; x_wconf 76' lang='grc' dir='ltr'>τοῦτο</span> <span class='ocrx_word' id='word_1_219' title='bbox 437 1455 605 1502; x_wconf 86' lang='grc' dir='ltr'>πάσχειν,</span> <span class='ocrx_word' id='word_1_220' title='bbox 633 1457 728 1499; x_wconf 73' lang='grc' dir='ltr'>ἡμεῖς</span> <span class='ocrx_word' id='word_1_221' title='bbox 753 1452 771 1488; x_wconf 73' lang='grc' dir='ltr'><em>δ</em></span> <span class='ocrx_word' id='word_1_222' title='bbox 811 1425 898 1489; x_wconf 52' lang='grc' dir='ltr'>ἔταν</span> <span class='ocrx_word' id='word_1_223' title='bbox 931 1458 976 1495; x_wconf 80' lang='grc' dir='ltr'>εἰς</span> <span class='ocrx_word' id='word_1_224' title='bbox 1005 1457 1066 1490; x_wconf 70' lang='grc' dir='ltr'>τὸν</span> <span class='ocrx_word' id='word_1_225' title='bbox 1091 1457 1210 1502; x_wconf 77' lang='grc' dir='ltr'>θερμόν</span> <span class='ocrx_word' id='word_1_226' title='bbox 1241 1469 1305 1490; x_wconf 84' lang='grc' dir='ltr'>κα-</span> 
     </span>
    </p>

    <p class='ocr_par' dir='ltr' id='par_1_12' title="bbox 297 1497 1303 1638">
     <span class='ocr_line' id='line_1_29' title="bbox 297 1497 1303 1545; baseline 0.002 -13"><span class='ocrx_word' id='word_1_227' title='bbox 297 1498 426 1542; x_wconf 81' lang='grc' dir='ltr'>τέλθῃ,</span> <span class='ocrx_word' id='word_1_228' title='bbox 456 1502 515 1532; x_wconf 75' lang='grc' dir='ltr'>καὶ</span> <span class='ocrx_word' id='word_1_229' title='bbox 547 1500 704 1543; x_wconf 85' lang='grc' dir='ltr'>μάλιστα</span> <span class='ocrx_word' id='word_1_230' title='bbox 737 1499 823 1534; x_wconf 84' lang='grc' dir='ltr'>ὅταν</span> <span class='ocrx_word' id='word_1_231' title='bbox 857 1501 1025 1545; x_wconf 88' lang='grc' dir='ltr'>μάλιστα.</span> <span class='ocrx_word' id='word_1_232' title='bbox 1059 1501 1167 1535; x_wconf 87' lang='grc' dir='ltr'>Ὅταν</span> <span class='ocrx_word' id='word_1_233' title='bbox 1192 1497 1221 1533; x_wconf 79' lang='grc' dir='ltr'>δ’</span> <span class='ocrx_word' id='word_1_234' title='bbox 1249 1503 1303 1536; x_wconf 85' lang='grc' dir='ltr'>ἔτι</span> 
     </span>
     <span class='ocr_line' id='line_1_30' title="bbox 326 1544 1302 1591; baseline 0.002 -14"><span class='ocrx_word' id='word_1_235' title='bbox 326 1545 429 1577; x_wconf 80' lang='grc' dir='ltr'>ἄλλον</span> <span class='ocrx_word' id='word_1_236' title='bbox 456 1545 682 1590; x_wconf 79' lang='grc' dir='ltr'>ἀντιπεριστῇ</span> <span class='ocrx_word' id='word_1_237' title='bbox 708 1545 804 1583; x_wconf 77' lang='grc' dir='ltr'>ἐντὸς</span> <span class='ocrx_word' id='word_1_238' title='bbox 828 1545 870 1577; x_wconf 80' lang='grc' dir='ltr'>τὸ</span> <span class='ocrx_word' id='word_1_239' title='bbox 896 1544 1019 1591; x_wconf 80' lang='grc' dir='ltr'>ψυχρὸν</span> <span class='ocrx_word' id='word_1_240' title='bbox 1051 1547 1117 1579; x_wconf 77' lang='grc' dir='ltr'>ὑπὸ</span> <span class='ocrx_word' id='word_1_241' title='bbox 1150 1547 1213 1580; x_wconf 81' lang='grc' dir='ltr'>τοῦ</span> <span class='ocrx_word' id='word_1_242' title='bbox 1239 1547 1302 1589; x_wconf 82' lang='grc' dir='ltr'>ἔξω</span> 
     </span>
     <span class='ocr_line' id='line_1_31' title="bbox 318 1585 1276 1638; baseline 0.002 -16"><span class='ocrx_word' id='word_1_243' title='bbox 318 1589 438 1634; x_wconf 81' lang='grc' dir='ltr'>ερμοῧ,</span> <span class='ocrx_word' id='word_1_244' title='bbox 466 1585 553 1633; x_wconf 79' lang='grc' dir='ltr'>ὕδωρ</span> <span class='ocrx_word' id='word_1_245' title='bbox 578 1589 728 1627; x_wconf 73' lang='grc' dir='ltr'>ποιῆσαν</span> <span class='ocrx_word' id='word_1_246' title='bbox 750 1588 854 1630; x_wconf 83' lang='grc' dir='ltr'>ἔπηξε</span> <span class='ocrx_word' id='word_1_247' title='bbox 878 1592 938 1623; x_wconf 80' lang='grc' dir='ltr'>καὶ</span> <span class='ocrx_word' id='word_1_248' title='bbox 961 1594 1097 1638; x_wconf 85' lang='grc' dir='ltr'>γίνεται</span> <span class='ocrx_word' id='word_1_249' title='bbox 1120 1591 1276 1637; x_wconf 83' lang='grc' dir='ltr'>χάλαζα.</span> 
     </span>
    </p>

    <p class='ocr_par' dir='ltr' id='par_1_13' title="bbox 231 1629 1300 1726">
     <span class='ocr_line' id='line_1_32' title="bbox 231 1629 1300 1679; baseline 0.002 -14"><span class='ocrx_word' id='word_1_250' title='bbox 231 1633 412 1679; x_wconf 73' lang='grc' dir='ltr'>Συμβαίνει</span> <span class='ocrx_word' id='word_1_251' title='bbox 437 1629 476 1666; x_wconf 76' lang='grc' dir='ltr'>δὲ</span> <span class='ocrx_word' id='word_1_252' title='bbox 500 1634 628 1675; x_wconf 80' lang='grc' dir='ltr'>τοῦτο,</span> <span class='ocrx_word' id='word_1_253' title='bbox 656 1632 748 1667; x_wconf 73' lang='grc' dir='ltr'>ὅταν</span> <span class='ocrx_word' id='word_1_254' title='bbox 766 1633 905 1669; x_wconf 14' lang='grc' dir='ltr'>θᾶττον,</span> <span class='ocrx_word' id='word_1_255' title='bbox 923 1633 945 1678; x_wconf 77' lang='grc' dir='ltr'>’ᾗ</span> <span class='ocrx_word' id='word_1_256' title='bbox 971 1637 990 1672; x_wconf 84' lang='grc' dir='ltr'>ἠ</span> <span class='ocrx_word' id='word_1_257' title='bbox 1018 1635 1118 1677; x_wconf 75' lang='grc' dir='ltr'>πῆξις</span> <span class='ocrx_word' id='word_1_258' title='bbox 1143 1634 1164 1673; x_wconf 75' lang='grc' dir='ltr'>ἦ</span> <span class='ocrx_word' id='word_1_259' title='bbox 1190 1636 1211 1672; x_wconf 74' lang='grc' dir='ltr'><em>ἦ</em></span> <span class='ocrx_word' id='word_1_260' title='bbox 1237 1637 1300 1669; x_wconf 83' lang='grc' dir='ltr'>τοῦ</span> 
     </span>
     <span class='ocr_line' id='line_1_33' title="bbox 298 1673 1299 1726; baseline 0.003 -17"><span class='ocrx_word' id='word_1_261' title='bbox 298 1673 426 1717; x_wconf 71' lang='grc' dir='ltr'>ὕδατος</span> <span class='ocrx_word' id='word_1_262' title='bbox 450 1677 537 1723; x_wconf 78' lang='grc' dir='ltr'>φορά</span> <span class='ocrx_word' id='word_1_263' title='bbox 553 1678 574 1716; x_wconf 74' lang='grc' dir='ltr'><em>ἦ</em></span> <span class='ocrx_word' id='word_1_264' title='bbox 591 1677 707 1711; x_wconf 85' lang='grc' dir='ltr'>κάτω·</span> <span class='ocrx_word' id='word_1_265' title='bbox 734 1680 761 1711; x_wconf 89' lang='grc' dir='ltr'>εἱ</span> <span class='ocrx_word' id='word_1_266' title='bbox 786 1680 851 1726; x_wconf 81' lang='grc' dir='ltr'>γάρ</span> <span class='ocrx_word' id='word_1_267' title='bbox 877 1678 1016 1725; x_wconf 84' lang='grc' dir='ltr'>φέρεται</span> <span class='ocrx_word' id='word_1_268' title='bbox 1041 1681 1100 1723; x_wconf 79' lang='grc' dir='ltr'>μὲν</span> <span class='ocrx_word' id='word_1_269' title='bbox 1119 1681 1152 1713; x_wconf 79' lang='grc' dir='ltr'>ἐν</span> <span class='ocrx_word' id='word_1_270' title='bbox 1171 1676 1299 1722; x_wconf 82' lang='grc' dir='ltr'>τοσῷδε</span> 
     </span>
    </p>

    <p class='ocr_par' dir='ltr' id='par_1_14' title="bbox 248 1717 1300 1769">
     <span class='ocr_line' id='line_1_34' title="bbox 341 1717 1300 1769; baseline 0.003 -15.735"><span class='ocrx_word' id='word_1_271' title='bbox 341 1721 426 1764; x_wconf 81' lang='grc' dir='ltr'>όνῳ,</span> <span class='ocrx_word' id='word_1_272' title='bbox 457 1722 478 1759; x_wconf 76' lang='grc' dir='ltr'>ἥ</span> <span class='ocrx_word' id='word_1_273' title='bbox 503 1717 542 1754; x_wconf 77' lang='grc' dir='ltr'>δὲ</span> <span class='ocrx_word' id='word_1_274' title='bbox 572 1721 742 1769; x_wconf 80' lang='grc' dir='ltr'>ψυχρότης</span> <span class='ocrx_word' id='word_1_275' title='bbox 774 1720 905 1768; x_wconf 80' lang='grc' dir='ltr'>σφοδροὶ</span> <span class='ocrx_word' id='word_1_276' title='bbox 936 1722 1042 1766; x_wconf 80' lang='grc' dir='ltr'>οὖσα,</span> <span class='ocrx_word' id='word_1_277' title='bbox 1070 1726 1103 1757; x_wconf 80' lang='grc' dir='ltr'>ἐν</span> <span class='ocrx_word' id='word_1_278' title='bbox 1136 1725 1300 1759; x_wconf 77' lang='grc' dir='ltr'>ἐλάττονι</span> 
     </span>
    </p>

    <p class='ocr_par' dir='ltr' id='par_1_15' title="bbox 238 1731 1299 1816">
     <span class='ocr_line' id='line_1_35' title="bbox 238 1731 1299 1816; baseline 0.006 -19"><span class='ocrx_word' id='word_1_279' title='bbox 238 1783 243 1789; x_wconf 84' lang='lat'><em>-</em></span> <span class='ocrx_word' id='word_1_280' title='bbox 267 1802 271 1806; x_wconf 44' lang='lat'>,</span> <span class='ocrx_word' id='word_1_281' title='bbox 295 1731 440 1808; x_wconf 54' lang='lat' dir='ltr'>Himfiev,</span> <span class='ocrx_word' id='word_1_282' title='bbox 467 1766 565 1799; x_wconf 80' lang='grc' dir='ltr'>οὐθὲν</span> <span class='ocrx_word' id='word_1_283' title='bbox 588 1766 710 1800; x_wconf 78' lang='grc' dir='ltr'>κωλύει</span> <span class='ocrx_word' id='word_1_284' title='bbox 735 1767 904 1813; x_wconf 83' lang='grc' dir='ltr'>μετέωρον</span> <span class='ocrx_word' id='word_1_285' title='bbox 929 1768 966 1801; x_wconf 82' lang='grc' dir='ltr'>ὂν</span> <span class='ocrx_word' id='word_1_286' title='bbox 990 1771 1166 1816; x_wconf 81' lang='grc' dir='ltr'>παγῆναι,</span> <span class='ocrx_word' id='word_1_287' title='bbox 1193 1770 1252 1803; x_wconf 75' lang='grc' dir='ltr'>ἐάν</span> <span class='ocrx_word' id='word_1_288' title='bbox 1279 1771 1299 1807; x_wconf 79' lang='grc' dir='ltr'>ἡ</span> 
     </span>
    </p>

    <p class='ocr_par' dir='ltr' id='par_1_16' title="bbox 239 1810 1297 1860">
     <span class='ocr_line' id='line_1_36' title="bbox 239 1810 1297 1860; baseline 0.003 -16"><span class='ocrx_word' id='word_1_289' title='bbox 239 1817 261 1831; x_wconf 91' lang='grc'>’·</span> <span class='ocrx_word' id='word_1_290' title='bbox 297 1810 398 1853; x_wconf 71' lang='grc' dir='ltr'>πῆξις</span> <span class='ocrx_word' id='word_1_291' title='bbox 424 1811 457 1843; x_wconf 82' lang='grc' dir='ltr'>ὲν</span> <span class='ocrx_word' id='word_1_292' title='bbox 484 1811 648 1844; x_wconf 72' lang='grc' dir='ltr'>ἐλάττονι</span> <span class='ocrx_word' id='word_1_293' title='bbox 672 1814 812 1857; x_wconf 87' lang='grc' dir='ltr'>γίνηται</span> <span class='ocrx_word' id='word_1_294' title='bbox 841 1813 948 1860; x_wconf 85' lang='grc' dir='ltr'>χρόνῳ</span> <span class='ocrx_word' id='word_1_295' title='bbox 974 1815 1036 1851; x_wconf 78' lang='grc' dir='ltr'>τῆς</span> <span class='ocrx_word' id='word_1_296' title='bbox 1060 1814 1157 1847; x_wconf 82' lang='grc' dir='ltr'>κάτω</span> <span class='ocrx_word' id='word_1_297' title='bbox 1182 1815 1297 1860; x_wconf 81' lang='grc' dir='ltr'>φορᾶς.</span> 
     </span>
    </p>

    <p class='ocr_par' dir='ltr' id='par_1_17' title="bbox 236 1850 1300 1958">
     <span class='ocr_line' id='line_1_37' title="bbox 236 1850 1299 1906; baseline 0.005 -21"><span class='ocrx_word' id='word_1_298' title='bbox 236 1881 243 1885; x_wconf 92' lang='grc'><strong>.</strong></span> <span class='ocrx_word' id='word_1_299' title='bbox 293 1856 363 1888; x_wconf 68' lang='grc' dir='ltr'>Καὶ</span> <span class='ocrx_word' id='word_1_300' title='bbox 388 1854 452 1897; x_wconf 80' lang='grc' dir='ltr'>ὅσῳ</span> <span class='ocrx_word' id='word_1_301' title='bbox 477 1850 508 1887; x_wconf 76' lang='grc' dir='ltr'>δ’</span> <span class='ocrx_word' id='word_1_302' title='bbox 530 1855 570 1888; x_wconf 76' lang='grc' dir='ltr'>ἂν</span> <span class='ocrx_word' id='word_1_303' title='bbox 595 1857 777 1903; x_wconf 84' lang='grc' dir='ltr'>ἐγγύτερον</span> <span class='ocrx_word' id='word_1_304' title='bbox 802 1862 860 1891; x_wconf 76' lang='grc' dir='ltr'>καὶ</span> <span class='ocrx_word' id='word_1_305' title='bbox 887 1857 1082 1904; x_wconf 78' lang='grc' dir='ltr'>ἀθροωτέρα</span> <span class='ocrx_word' id='word_1_306' title='bbox 1106 1858 1253 1906; x_wconf 86' lang='grc' dir='ltr'>γένηται</span> <span class='ocrx_word' id='word_1_307' title='bbox 1278 1860 1299 1896; x_wconf 75' lang='grc' dir='ltr'>ἧ</span> 
     </span>
     <span class='ocr_line' id='line_1_38' title="bbox 295 1895 1300 1958; baseline 0.004 -26"><span class='ocrx_word' id='word_1_308' title='bbox 295 1900 415 1942; x_wconf 72' lang='grc' dir='ltr'>πῆξις,</span> <span class='ocrx_word' id='word_1_309' title='bbox 442 1899 490 1933; x_wconf 87' lang='grc' dir='ltr'>τά</span> <span class='ocrx_word' id='word_1_310' title='bbox 514 1899 541 1931; x_wconf 89' lang='grc' dir='ltr'>θ’</span> <span class='ocrx_word' id='word_1_311' title='bbox 571 1895 688 1934; x_wconf 77' lang='grc' dir='ltr'>ὕδατα</span> <span class='ocrx_word' id='word_1_312' title='bbox 712 1902 908 1948; x_wconf 85' lang='grc' dir='ltr'>λαβρότερα</span> <span class='ocrx_word' id='word_1_313' title='bbox 931 1905 1067 1949; x_wconf 88' lang='grc' dir='ltr'>γίνεται</span> <span class='ocrx_word' id='word_1_314' title='bbox 1093 1906 1151 1936; x_wconf 82' lang='grc' dir='ltr'>καὶ</span> <span class='ocrx_word' id='word_1_315' title='bbox 1178 1907 1212 1936; x_wconf 86' lang='grc' dir='ltr'>αἱ</span> <span class='ocrx_word' id='word_1_316' title='bbox 1237 1903 1300 1958; x_wconf 52' lang='grc' dir='ltr'>ψα-</span> 
     </span>
    </p>

    <p class='ocr_par' dir='ltr' id='par_1_18' title="bbox 254 1940 1299 2072">
     <span class='ocr_line' id='line_1_39' title="bbox 254 1940 1299 1994; baseline 0.003 -17"><span class='ocrx_word' id='word_1_317' title='bbox 254 1951 255 1954; x_wconf 77' lang='grc'>’</span> <span class='ocrx_word' id='word_1_318' title='bbox 293 1940 397 1984; x_wconf 72' lang='grc' dir='ltr'>κάδες</span> <span class='ocrx_word' id='word_1_319' title='bbox 420 1946 479 1976; x_wconf 83' lang='grc' dir='ltr'>καὶ</span> <span class='ocrx_word' id='word_1_320' title='bbox 505 1947 539 1977; x_wconf 82' lang='grc' dir='ltr'>αἱ</span> <span class='ocrx_word' id='word_1_321' title='bbox 564 1943 720 1990; x_wconf 79' lang='grc' dir='ltr'>χάλαζαι</span> <span class='ocrx_word' id='word_1_322' title='bbox 744 1948 877 1991; x_wconf 83' lang='grc' dir='ltr'>μείζους</span> <span class='ocrx_word' id='word_1_323' title='bbox 900 1943 960 1980; x_wconf 78' lang='grc' dir='ltr'>διαὶ</span> <span class='ocrx_word' id='word_1_324' title='bbox 984 1947 1025 1981; x_wconf 75' lang='grc' dir='ltr'>τὸ</span> <span class='ocrx_word' id='word_1_325' title='bbox 1051 1949 1181 1994; x_wconf 74' lang='grc' dir='ltr'>βραχύν</span> <span class='ocrx_word' id='word_1_326' title='bbox 1207 1959 1299 1993; x_wconf 82' lang='grc' dir='ltr'>φερε-</span> 
     </span>
     <span class='ocr_line' id='line_1_40' title="bbox 294 1987 1298 2039; baseline 0.004 -18"><span class='ocrx_word' id='word_1_327' title='bbox 294 1989 374 2022; x_wconf 86' lang='grc' dir='ltr'>σθαι</span> <span class='ocrx_word' id='word_1_328' title='bbox 400 1988 520 2021; x_wconf 82' lang='grc' dir='ltr'>τόπον.</span> <span class='ocrx_word' id='word_1_329' title='bbox 547 1991 614 2022; x_wconf 77' lang='grc' dir='ltr'>Καὶ</span> <span class='ocrx_word' id='word_1_330' title='bbox 639 1991 678 2022; x_wconf 77' lang='grc' dir='ltr'>οὗ</span> <span class='ocrx_word' id='word_1_331' title='bbox 703 1994 827 2024; x_wconf 85' lang='grc' dir='ltr'>πυκναὶ</span> <span class='ocrx_word' id='word_1_332' title='bbox 853 1994 888 2025; x_wconf 88' lang='grc' dir='ltr'>αἱ</span> <span class='ocrx_word' id='word_1_333' title='bbox 912 1987 1064 2036; x_wconf 81' lang='grc' dir='ltr'>ψακάδες</span> <span class='ocrx_word' id='word_1_334' title='bbox 1090 1995 1125 2025; x_wconf 79' lang='grc' dir='ltr'>αἱ</span> <span class='ocrx_word' id='word_1_335' title='bbox 1147 1992 1298 2039; x_wconf 82' lang='grc' dir='ltr'>μεγάλαι</span> 
     </span>
     <span class='ocr_line' id='line_1_41' title="bbox 295 2028 925 2072; baseline 0.003 -5"><span class='ocrx_word' id='word_1_336' title='bbox 295 2035 460 2068; x_wconf 83' lang='grc' dir='ltr'>πίπτουσι</span> <span class='ocrx_word' id='word_1_337' title='bbox 484 2028 544 2066; x_wconf 79' lang='grc' dir='ltr'>διαὶ</span> <span class='ocrx_word' id='word_1_338' title='bbox 568 2034 634 2071; x_wconf 73' lang='grc' dir='ltr'>τήν</span> <span class='ocrx_word' id='word_1_339' title='bbox 660 2035 772 2072; x_wconf 72' lang='grc' dir='ltr'>αὐτὴν</span> <span class='ocrx_word' id='word_1_340' title='bbox 794 2038 925 2070; x_wconf 82' lang='grc' dir='ltr'>αἰτίαν.</span> 
     </span>
    </p>

    <p class='ocr_par' dir='ltr' id='par_1_19' title="bbox 221 2073 1298 2126">
     <span class='ocr_line' id='line_1_42' title="bbox 221 2073 1298 2126; baseline 0.002 -14"><span class='ocrx_word' id='word_1_341' title='bbox 221 2077 352 2112; x_wconf 67' lang='grc' dir='ltr'>Ἠττον</span> <span class='ocrx_word' id='word_1_342' title='bbox 376 2073 416 2111; x_wconf 72' lang='grc' dir='ltr'>δὲ</span> <span class='ocrx_word' id='word_1_343' title='bbox 439 2079 504 2110; x_wconf 85' lang='grc' dir='ltr'>τοῦ</span> <span class='ocrx_word' id='word_1_344' title='bbox 528 2077 641 2122; x_wconf 78' lang='grc' dir='ltr'>θέρους</span> <span class='ocrx_word' id='word_1_345' title='bbox 666 2082 802 2126; x_wconf 88' lang='grc' dir='ltr'>γίνεται</span> <span class='ocrx_word' id='word_1_346' title='bbox 826 2080 848 2118; x_wconf 74' lang='grc' dir='ltr'>ἦ</span> <span class='ocrx_word' id='word_1_347' title='bbox 874 2082 914 2113; x_wconf 84' lang='grc' dir='ltr'>ἔα</span> <span class='ocrx_word' id='word_1_348' title='bbox 937 2093 970 2119; x_wconf 84' lang='grc' dir='ltr'>ος</span> <span class='ocrx_word' id='word_1_349' title='bbox 995 2083 1054 2113; x_wconf 82' lang='grc' dir='ltr'>καὶ</span> <span class='ocrx_word' id='word_1_350' title='bbox 1078 2081 1298 2126; x_wconf 78' lang='grc' dir='ltr'>μετοπώρου,</span> 
     </span>
    </p>

    <p class='ocr_par' dir='ltr' id='par_1_20' title="bbox 292 2093 1300 2334">
     <span class='ocr_line' id='line_1_43' title="bbox 321 2093 1300 2171; baseline 0.003 -15"><span class='ocrx_word' id='word_1_351' title='bbox 321 2123 426 2156; x_wconf 78' lang='grc' dir='ltr'>ἄλλον</span> <span class='ocrx_word' id='word_1_352' title='bbox 450 2122 569 2167; x_wconf 82' lang='grc' dir='ltr'>μέντοι</span> <span class='ocrx_word' id='word_1_353' title='bbox 594 2122 615 2161; x_wconf 74' lang='grc' dir='ltr'><strong>ἦ</strong></span> <span class='ocrx_word' id='word_1_354' title='bbox 639 2126 816 2169; x_wconf 84' lang='grc' dir='ltr'>χειμῶνος,</span> <span class='ocrx_word' id='word_1_355' title='bbox 837 2125 891 2160; x_wconf 83' lang='grc' dir='ltr'>ὅτι</span> <span class='ocrx_word' id='word_1_356' title='bbox 916 2093 1094 2171; x_wconf 64' lang='grc' dir='ltr'>ἓηρότερος</span> <span class='ocrx_word' id='word_1_357' title='bbox 1113 2127 1130 2159; x_wconf 85' lang='grc' dir='ltr'>ὁ</span> <span class='ocrx_word' id='word_1_358' title='bbox 1150 2126 1215 2170; x_wconf 61' lang='lat' dir='ltr'>‹ii-rip</span> <span class='ocrx_word' id='word_1_359' title='bbox 1237 2128 1300 2159; x_wconf 81' lang='grc' dir='ltr'>τοῦ</span> 
     </span>
     <span class='ocr_line' id='line_1_44' title="bbox 292 2162 1300 2217; baseline 0.004 -18"><span class='ocrx_word' id='word_1_360' title='bbox 292 2165 424 2213; x_wconf 64' lang='grc' dir='ltr'>,ι’ρους·</span> <span class='ocrx_word' id='word_1_361' title='bbox 451 2168 484 2200; x_wconf 75' lang='grc' dir='ltr'>ὲν</span> <span class='ocrx_word' id='word_1_362' title='bbox 509 2162 548 2200; x_wconf 78' lang='grc' dir='ltr'>δὲ</span> <span class='ocrx_word' id='word_1_363' title='bbox 572 2169 621 2210; x_wconf 77' lang='grc' dir='ltr'>τῷ</span> <span class='ocrx_word' id='word_1_364' title='bbox 654 2169 726 2213; x_wconf 82' lang='grc' dir='ltr'>ἔαρι</span> <span class='ocrx_word' id='word_1_365' title='bbox 757 2170 810 2203; x_wconf 84' lang='grc' dir='ltr'>ἔτι</span> <span class='ocrx_word' id='word_1_366' title='bbox 841 2171 960 2217; x_wconf 77' lang='grc' dir='ltr'>ὑγρὸς,</span> <span class='ocrx_word' id='word_1_367' title='bbox 993 2171 1026 2204; x_wconf 81' lang='grc' dir='ltr'>ἐν</span> <span class='ocrx_word' id='word_1_368' title='bbox 1051 2166 1090 2203; x_wconf 79' lang='grc' dir='ltr'>δὲ</span> <span class='ocrx_word' id='word_1_369' title='bbox 1118 2171 1167 2212; x_wconf 74' lang='grc' dir='ltr'>τῷ</span> <span class='ocrx_word' id='word_1_370' title='bbox 1200 2183 1300 2214; x_wconf 87' lang='grc' dir='ltr'>μετο-</span> 
     </span>
     <span class='ocr_line' id='line_1_45' title="bbox 294 2208 1298 2259; baseline 0.002 -14"><span class='ocrx_word' id='word_1_371' title='bbox 294 2210 392 2258; x_wconf 76' lang='grc' dir='ltr'>πώρῳ</span> <span class='ocrx_word' id='word_1_372' title='bbox 418 2208 483 2252; x_wconf 74' lang='grc' dir='ltr'>ἤδη</span> <span class='ocrx_word' id='word_1_373' title='bbox 518 2212 729 2258; x_wconf 84' lang='grc' dir='ltr'>ὖγραίνεται.</span> <span class='ocrx_word' id='word_1_374' title='bbox 767 2216 923 2247; x_wconf 86' lang='grc' dir='ltr'>Γίνονται</span> <span class='ocrx_word' id='word_1_375' title='bbox 948 2211 987 2248; x_wconf 74' lang='grc' dir='ltr'>δέ</span> <span class='ocrx_word' id='word_1_376' title='bbox 1011 2227 1115 2256; x_wconf 84' lang='grc' dir='ltr'>ποτε,</span> <span class='ocrx_word' id='word_1_377' title='bbox 1141 2214 1298 2259; x_wconf 85' lang='grc' dir='ltr'>καθάπερ</span> 
     </span>
     <span class='ocr_line' id='line_1_46' title="bbox 293 2255 1297 2305; baseline 0.003 -16"><span class='ocrx_word' id='word_1_378' title='bbox 293 2258 446 2301; x_wconf 74' lang='grc' dir='ltr'>ιῑρηται,</span> <span class='ocrx_word' id='word_1_379' title='bbox 472 2257 532 2290; x_wconf 76' lang='grc' dir='ltr'>καὶ</span> <span class='ocrx_word' id='word_1_380' title='bbox 560 2257 623 2295; x_wconf 78' lang='grc' dir='ltr'>τῆς</span> <span class='ocrx_word' id='word_1_381' title='bbox 654 2256 788 2303; x_wconf 80' lang='grc' dir='ltr'>ὀπώρας</span> <span class='ocrx_word' id='word_1_382' title='bbox 821 2258 976 2305; x_wconf 82' lang='grc' dir='ltr'>χάλαζαι</span> <span class='ocrx_word' id='word_1_383' title='bbox 1007 2255 1068 2292; x_wconf 74' lang='grc' dir='ltr'>διαὶ</span> <span class='ocrx_word' id='word_1_384' title='bbox 1091 2259 1157 2296; x_wconf 72' lang='grc' dir='ltr'>τήν</span> <span class='ocrx_word' id='word_1_385' title='bbox 1183 2257 1297 2296; x_wconf 70' lang='grc' dir='ltr'>αὐτήν</span> 
     </span>
     <span class='ocr_line' id='line_1_47' title="bbox 295 2302 426 2334; baseline 0 -1"><span class='ocrx_word' id='word_1_386' title='bbox 295 2302 426 2334; x_wconf 77' lang='grc' dir='ltr'>αἰτίαν.</span> 
     </span>
    </p>

    <p class='ocr_par' dir='ltr' id='par_1_21' title="bbox 226 2342 1299 2526">
     <span class='ocr_line' id='line_1_48' title="bbox 226 2342 1296 2393; baseline 0 -14"><span class='ocrx_word' id='word_1_387' title='bbox 226 2345 470 2390; x_wconf 78' lang='grc' dir='ltr'>Συμβάλλεται</span> <span class='ocrx_word' id='word_1_388' title='bbox 494 2342 523 2378; x_wconf 82' lang='grc' dir='ltr'>δ’</span> <span class='ocrx_word' id='word_1_389' title='bbox 551 2344 606 2377; x_wconf 81' lang='grc' dir='ltr'>ἔτι</span> <span class='ocrx_word' id='word_1_390' title='bbox 632 2347 713 2388; x_wconf 73' lang='grc' dir='ltr'>πρός</span> <span class='ocrx_word' id='word_1_391' title='bbox 746 2346 811 2384; x_wconf 70' lang='grc' dir='ltr'>τὴν</span> <span class='ocrx_word' id='word_1_392' title='bbox 843 2348 1038 2393; x_wconf 80' lang='grc' dir='ltr'>ταχυτῆτα</span> <span class='ocrx_word' id='word_1_393' title='bbox 1066 2347 1130 2385; x_wconf 83' lang='grc' dir='ltr'>τῆς</span> <span class='ocrx_word' id='word_1_394' title='bbox 1161 2347 1296 2389; x_wconf 76' lang='grc' dir='ltr'>πήξεως</span> 
     </span>
     <span class='ocr_line' id='line_1_49' title="bbox 291 2388 1299 2438; baseline 0.001 -15"><span class='ocrx_word' id='word_1_395' title='bbox 291 2392 350 2423; x_wconf 69' lang='grc' dir='ltr'>καὶ</span> <span class='ocrx_word' id='word_1_396' title='bbox 377 2390 419 2422; x_wconf 73' lang='grc' dir='ltr'>τό</span> <span class='ocrx_word' id='word_1_397' title='bbox 444 2388 737 2435; x_wconf 85' lang='grc' dir='ltr'>προτεθερμάνθαι</span> <span class='ocrx_word' id='word_1_398' title='bbox 762 2391 804 2424; x_wconf 77' lang='grc' dir='ltr'>τὰ</span> <span class='ocrx_word' id='word_1_399' title='bbox 831 2388 935 2437; x_wconf 77' lang='grc' dir='ltr'>ὕδωρ·</span> <span class='ocrx_word' id='word_1_400' title='bbox 961 2392 1092 2426; x_wconf 81' lang='grc' dir='ltr'>θᾶττον</span> <span class='ocrx_word' id='word_1_401' title='bbox 1114 2392 1177 2438; x_wconf 81' lang='grc' dir='ltr'>γοίρ</span> <span class='ocrx_word' id='word_1_402' title='bbox 1196 2391 1299 2437; x_wconf 71' lang='grc' dir='ltr'>ψύχε-</span> 
     </span>
     <span class='ocr_line' id='line_1_50' title="bbox 293 2429 1298 2481; baseline 0 -13"><span class='ocrx_word' id='word_1_403' title='bbox 293 2446 372 2468; x_wconf 90' lang='grc' dir='ltr'>ται·</span> <span class='ocrx_word' id='word_1_404' title='bbox 398 2429 454 2467; x_wconf 76' lang='grc' dir='ltr'>διὸ</span> <span class='ocrx_word' id='word_1_405' title='bbox 479 2434 600 2468; x_wconf 81' lang='grc' dir='ltr'>πολλοὶ</span> <span class='ocrx_word' id='word_1_406' title='bbox 627 2434 713 2468; x_wconf 82' lang='grc' dir='ltr'>ὅταν</span> <span class='ocrx_word' id='word_1_407' title='bbox 739 2435 780 2469; x_wconf 82' lang='grc' dir='ltr'>τὸ</span> <span class='ocrx_word' id='word_1_408' title='bbox 807 2430 892 2481; x_wconf 76' lang='grc' dir='ltr'>ὕδωρ</span> <span class='ocrx_word' id='word_1_409' title='bbox 927 2435 1030 2481; x_wconf 78' lang='grc' dir='ltr'>ψῦξαι</span> <span class='ocrx_word' id='word_1_410' title='bbox 1054 2436 1148 2480; x_wconf 65' lang='grc' dir='ltr'>ταχυ</span> <span class='ocrx_word' id='word_1_411' title='bbox 1178 2436 1298 2477; x_wconf 83' lang='grc' dir='ltr'>βουλη-</span> 
     </span>
     <span class='ocr_line' id='line_1_51' title="bbox 290 2477 1297 2526; baseline 0.002 -16"><span class='ocrx_word' id='word_1_412' title='bbox 290 2478 411 2520; x_wconf 82' lang='grc' dir='ltr'>θῶσιν,</span> <span class='ocrx_word' id='word_1_413' title='bbox 437 2479 483 2517; x_wconf 79' lang='grc' dir='ltr'>εἰς</span> <span class='ocrx_word' id='word_1_414' title='bbox 509 2480 569 2513; x_wconf 71' lang='grc' dir='ltr'>τόν</span> <span class='ocrx_word' id='word_1_415' title='bbox 595 2477 691 2516; x_wconf 80' lang='grc' dir='ltr'>ἥλιον</span> <span class='ocrx_word' id='word_1_416' title='bbox 721 2479 856 2513; x_wconf 88' lang='grc' dir='ltr'>τιθέασι</span> <span class='ocrx_word' id='word_1_417' title='bbox 889 2482 1046 2524; x_wconf 83' lang='grc' dir='ltr'>πρῶτον,</span> <span class='ocrx_word' id='word_1_418' title='bbox 1070 2483 1130 2512; x_wconf 84' lang='grc' dir='ltr'>καὶ</span> <span class='ocrx_word' id='word_1_419' title='bbox 1161 2483 1191 2512; x_wconf 90' lang='grc' dir='ltr'>οἱ</span> <span class='ocrx_word' id='word_1_420' title='bbox 1223 2483 1297 2526; x_wconf 86' lang='grc' dir='ltr'>περὶ</span> 
     </span>
    </p>

    <p class='ocr_par' dir='ltr' id='par_1_22' title="bbox 248 2521 1297 2570">
     <span class='ocr_line' id='line_1_52' title="bbox 248 2521 1297 2570; baseline 0.002 -14"><span class='ocrx_word' id='word_1_421' title='bbox 248 2549 252 2552; x_wconf 85' lang='grc'><em>.</em></span> <span class='ocrx_word' id='word_1_422' title='bbox 292 2523 353 2556; x_wconf 74' lang='grc' dir='ltr'>τὸν</span> <span class='ocrx_word' id='word_1_423' title='bbox 377 2522 506 2556; x_wconf 85' lang='grc' dir='ltr'>Πόντον</span> <span class='ocrx_word' id='word_1_424' title='bbox 524 2523 610 2557; x_wconf 84' lang='grc' dir='ltr'>ὅταν</span> <span class='ocrx_word' id='word_1_425' title='bbox 628 2521 684 2556; x_wconf 79' lang='grc' dir='ltr'>ἐπὶ</span> <span class='ocrx_word' id='word_1_426' title='bbox 702 2526 766 2557; x_wconf 81' lang='grc' dir='ltr'>τοῦ</span> <span class='ocrx_word' id='word_1_427' title='bbox 785 2525 1000 2570; x_wconf 77' lang='grc' dir='ltr'>κρυστάλλου</span> <span class='ocrx_word' id='word_1_428' title='bbox 1020 2526 1297 2562; x_wconf 81' lang='grc' dir='ltr'>σκηνοποιῶνται</span> 
     </span>
    </p>

    <p class='ocr_par' dir='ltr' id='par_1_23' title="bbox 234 2564 1300 2971">
     <span class='ocr_line' id='line_1_53' title="bbox 234 2564 1300 2647; baseline 0.002 -47"><span class='ocrx_word' id='word_1_429' title='bbox 234 2572 237 2574; x_wconf 85' lang='grc'><em>“</em></span> <span class='ocrx_word' id='word_1_430' title='bbox 263 2603 267 2606; x_wconf 22' lang='grc' dir='ltr'><strong><em>Δ</em></strong></span> <span class='ocrx_word' id='word_1_431' title='bbox 292 2567 374 2613; x_wconf 74' lang='grc' dir='ltr'>πρός</span> <span class='ocrx_word' id='word_1_432' title='bbox 399 2568 464 2607; x_wconf 65' lang='grc' dir='ltr'>ταῖς</span> <span class='ocrx_word' id='word_1_433' title='bbox 488 2570 556 2602; x_wconf 84' lang='grc' dir='ltr'>τῶν</span> <span class='ocrx_word' id='word_1_434' title='bbox 586 2567 711 2614; x_wconf 78' lang='grc' dir='ltr'>ἰχθύων</span> <span class='ocrx_word' id='word_1_435' title='bbox 736 2568 841 2613; x_wconf 75' lang='grc' dir='ltr'>θήρας</span> <span class='ocrx_word' id='word_1_436' title='bbox 868 2569 1064 2647; x_wconf 50' lang='grc' dir='ltr'>ἓθηρεύουσι</span> <span class='ocrx_word' id='word_1_437' title='bbox 1091 2569 1156 2616; x_wconf 78' lang='grc' dir='ltr'>γάρ</span> <span class='ocrx_word' id='word_1_438' title='bbox 1181 2564 1300 2602; x_wconf 72' lang='grc' dir='ltr'>διακό-</span> 
     </span>
     <span class='ocr_line' id='line_1_54' title="bbox 292 2613 1298 2668; baseline 0.001 -23"><span class='ocrx_word' id='word_1_439' title='bbox 292 2623 440 2650; x_wconf 81' lang='grc' dir='ltr'>πτοντες</span> <span class='ocrx_word' id='word_1_440' title='bbox 473 2613 534 2646; x_wconf 74' lang='grc' dir='ltr'>τὸν</span> <span class='ocrx_word' id='word_1_441' title='bbox 564 2613 820 2668; x_wconf 58' lang='grc' dir='ltr'>κρύσταλλον),</span> <span class='ocrx_word' id='word_1_442' title='bbox 847 2613 865 2646; x_wconf 80' lang='grc' dir='ltr'><strong>ὅ</strong></span> <span class='ocrx_word' id='word_1_443' title='bbox 890 2627 934 2657; x_wconf 88' lang='grc' dir='ltr'>ωρ</span> <span class='ocrx_word' id='word_1_444' title='bbox 960 2613 1080 2659; x_wconf 73' lang='grc' dir='ltr'>θερμὰν</span> <span class='ocrx_word' id='word_1_445' title='bbox 1105 2613 1298 2659; x_wconf 85' lang='grc' dir='ltr'>περιχέουσι</span> 
     </span>
     <span class='ocr_line' id='line_1_55' title="bbox 291 2657 1297 2706; baseline 0.001 -16"><span class='ocrx_word' id='word_1_446' title='bbox 291 2661 364 2695; x_wconf 76' lang='grc' dir='ltr'>τοῖς</span> <span class='ocrx_word' id='word_1_447' title='bbox 393 2657 562 2702; x_wconf 79' lang='grc' dir='ltr'>καλάμοις</span> <span class='ocrx_word' id='word_1_448' title='bbox 587 2658 647 2691; x_wconf 75' lang='grc' dir='ltr'>ὸιά</span> <span class='ocrx_word' id='word_1_449' title='bbox 677 2658 718 2690; x_wconf 79' lang='grc' dir='ltr'>τὸ</span> <span class='ocrx_word' id='word_1_450' title='bbox 743 2657 874 2692; x_wconf 76' lang='grc' dir='ltr'>θᾶττον</span> <span class='ocrx_word' id='word_1_451' title='bbox 908 2658 1121 2706; x_wconf 68' lang='grc' dir='ltr'>πήγνυσθαι·</span> <span class='ocrx_word' id='word_1_452' title='bbox 1147 2660 1297 2703; x_wconf 82' lang='grc' dir='ltr'>χρῶνται</span> 
     </span>
     <span class='ocr_line' id='line_1_56' title="bbox 291 2699 1296 2749; baseline 0.002 -15"><span class='ocrx_word' id='word_1_453' title='bbox 291 2701 359 2748; x_wconf 73' lang='grc' dir='ltr'>γάρ</span> <span class='ocrx_word' id='word_1_454' title='bbox 385 2702 433 2742; x_wconf 73' lang='grc' dir='ltr'>τῷ</span> <span class='ocrx_word' id='word_1_455' title='bbox 457 2702 656 2747; x_wconf 85' lang='grc' dir='ltr'>κρυστάλλῳ</span> <span class='ocrx_word' id='word_1_456' title='bbox 681 2701 792 2746; x_wconf 79' lang='grc' dir='ltr'>ὥσπερ</span> <span class='ocrx_word' id='word_1_457' title='bbox 817 2705 867 2745; x_wconf 77' lang='grc' dir='ltr'>τῷ</span> <span class='ocrx_word' id='word_1_458' title='bbox 891 2699 1053 2748; x_wconf 65' lang='grc' dir='ltr'>μολίβδῳ,</span> <span class='ocrx_word' id='word_1_459' title='bbox 1068 2702 1111 2734; x_wconf 78' lang='lat' dir='ltr'>‘iv&#39;</span> <span class='ocrx_word' id='word_1_460' title='bbox 1133 2705 1296 2749; x_wconf 80' lang='grc' dir='ltr'>ἠρεμῶσιν</span> 
     </span>
     <span class='ocr_line' id='line_1_57' title="bbox 293 2741 1297 2794; baseline 0.001 -15"><span class='ocrx_word' id='word_1_461' title='bbox 293 2747 323 2779; x_wconf 80' lang='grc' dir='ltr'>οἱ</span> <span class='ocrx_word' id='word_1_462' title='bbox 347 2745 512 2788; x_wconf 81' lang='grc' dir='ltr'>κάλαμοι.</span> <span class='ocrx_word' id='word_1_463' title='bbox 538 2747 664 2792; x_wconf 71' lang='grc' dir='ltr'>θερμᾶν</span> <span class='ocrx_word' id='word_1_464' title='bbox 690 2741 729 2779; x_wconf 79' lang='grc' dir='ltr'>δὲ</span> <span class='ocrx_word' id='word_1_465' title='bbox 752 2750 888 2793; x_wconf 89' lang='grc' dir='ltr'>γίνεται</span> <span class='ocrx_word' id='word_1_466' title='bbox 913 2749 1006 2794; x_wconf 76' lang='grc' dir='ltr'>ταχύ</span> <span class='ocrx_word' id='word_1_467' title='bbox 1031 2747 1073 2780; x_wconf 76' lang='grc' dir='ltr'>τὸ</span> <span class='ocrx_word' id='word_1_468' title='bbox 1095 2747 1297 2793; x_wconf 86' lang='grc' dir='ltr'>συνιστάμε-</span> 
     </span>
     <span class='ocr_line' id='line_1_58' title="bbox 290 2784 1296 2838; baseline 0.001 -16"><span class='ocrx_word' id='word_1_469' title='bbox 290 2801 346 2822; x_wconf 89' lang='grc' dir='ltr'>νον</span> <span class='ocrx_word' id='word_1_470' title='bbox 379 2784 466 2834; x_wconf 75' lang='grc' dir='ltr'>ὕδωρ</span> <span class='ocrx_word' id='word_1_471' title='bbox 492 2789 526 2823; x_wconf 88' lang='grc' dir='ltr'>’έν</span> <span class='ocrx_word' id='word_1_472' title='bbox 551 2804 590 2824; x_wconf 88' lang='grc' dir='ltr'>τε</span> <span class='ocrx_word' id='word_1_473' title='bbox 624 2794 700 2828; x_wconf 81' lang='grc' dir='ltr'>ταῖς</span> <span class='ocrx_word' id='word_1_474' title='bbox 733 2791 857 2837; x_wconf 79' lang='grc' dir='ltr'>χώραις</span> <span class='ocrx_word' id='word_1_475' title='bbox 887 2794 945 2824; x_wconf 84' lang='grc' dir='ltr'>καὶ</span> <span class='ocrx_word' id='word_1_476' title='bbox 978 2795 1056 2830; x_wconf 78' lang='grc' dir='ltr'>ταῖς</span> <span class='ocrx_word' id='word_1_477' title='bbox 1088 2791 1189 2838; x_wconf 76' lang='grc' dir='ltr'>ὥραις</span> <span class='ocrx_word' id='word_1_478' title='bbox 1219 2796 1296 2831; x_wconf 77' lang='grc' dir='ltr'>ταῖς</span> 
     </span>
     <span class='ocr_line' id='line_1_59' title="bbox 293 2831 1295 2881; baseline 0.002 -15"><span class='ocrx_word' id='word_1_479' title='bbox 293 2831 472 2873; x_wconf 75' lang='grc' dir='ltr'>ἀλεειναῖς.</span> <span class='ocrx_word' id='word_1_480' title='bbox 500 2836 636 2869; x_wconf 79' lang='grc' dir='ltr'>Γίνεται</span> <span class='ocrx_word' id='word_1_481' title='bbox 652 2831 691 2868; x_wconf 77' lang='grc' dir='ltr'>δὲ</span> <span class='ocrx_word' id='word_1_482' title='bbox 710 2837 771 2868; x_wconf 80' lang='grc' dir='ltr'>καὶ</span> <span class='ocrx_word' id='word_1_483' title='bbox 790 2838 866 2880; x_wconf 78' lang='grc' dir='ltr'>περὶ</span> <span class='ocrx_word' id='word_1_484' title='bbox 882 2837 948 2874; x_wconf 70' lang='grc' dir='ltr'>τήν</span> <span class='ocrx_word' id='word_1_485' title='bbox 966 2835 1131 2881; x_wconf 87' lang='grc' dir='ltr'>Ἀραβίαν</span> <span class='ocrx_word' id='word_1_486' title='bbox 1151 2840 1208 2869; x_wconf 80' lang='grc' dir='ltr'>καὶ</span> <span class='ocrx_word' id='word_1_487' title='bbox 1230 2837 1295 2874; x_wconf 76' lang='grc' dir='ltr'>τήν</span> 
     </span>
     <span class='ocr_line' id='line_1_60' title="bbox 291 2877 1298 2927; baseline 0.003 -17"><span class='ocrx_word' id='word_1_488' title='bbox 291 2878 468 2912; x_wconf 78' lang='grc' dir='ltr'>Αἰθιοπίαν</span> <span class='ocrx_word' id='word_1_489' title='bbox 493 2881 557 2913; x_wconf 81' lang='grc' dir='ltr'>τοῦ</span> <span class='ocrx_word' id='word_1_490' title='bbox 581 2879 696 2926; x_wconf 80' lang='grc' dir='ltr'>θέρους·</span> <span class='ocrx_word' id='word_1_491' title='bbox 721 2881 770 2913; x_wconf 74' lang='grc' dir='ltr'>τά</span> <span class='ocrx_word' id='word_1_492' title='bbox 794 2877 924 2923; x_wconf 70' lang='grc' dir='ltr'>ὕδατα,</span> <span class='ocrx_word' id='word_1_493' title='bbox 950 2882 1009 2913; x_wconf 86' lang='grc' dir='ltr'>καὶ</span> <span class='ocrx_word' id='word_1_494' title='bbox 1031 2881 1069 2913; x_wconf 79' lang='grc' dir='ltr'>οὐ</span> <span class='ocrx_word' id='word_1_495' title='bbox 1086 2883 1150 2915; x_wconf 85' lang='grc' dir='ltr'>τοῦ</span> <span class='ocrx_word' id='word_1_496' title='bbox 1174 2882 1298 2927; x_wconf 82' lang='grc' dir='ltr'>χειμῶ-</span> 
     </span>
     <span class='ocr_line' id='line_1_61' title="bbox 291 2920 1294 2971; baseline 0.002 -15"><span class='ocrx_word' id='word_1_497' title='bbox 291 2934 369 2966; x_wconf 87' lang='grc' dir='ltr'>νος,</span> <span class='ocrx_word' id='word_1_498' title='bbox 394 2925 454 2956; x_wconf 79' lang='grc' dir='ltr'>καὶ</span> <span class='ocrx_word' id='word_1_499' title='bbox 485 2926 606 2958; x_wconf 81' lang='grc' dir='ltr'>ταῦτα</span> <span class='ocrx_word' id='word_1_500' title='bbox 636 2920 811 2971; x_wconf 79' lang='grc' dir='ltr'>ῥαγδαῖα,</span> <span class='ocrx_word' id='word_1_501' title='bbox 836 2927 895 2958; x_wconf 76' lang='grc' dir='ltr'>καὶ</span> <span class='ocrx_word' id='word_1_502' title='bbox 927 2926 991 2964; x_wconf 74' lang='grc' dir='ltr'>τῆς</span> <span class='ocrx_word' id='word_1_503' title='bbox 1023 2926 1134 2964; x_wconf 75' lang='grc' dir='ltr'>αὐτῆς</span> <span class='ocrx_word' id='word_1_504' title='bbox 1166 2926 1294 2970; x_wconf 75' lang='grc' dir='ltr'>ἡμέρας</span> 
     </span>
    </p>

    <p class='ocr_par' dir='ltr' id='par_1_24' title="bbox 248 2964 1295 3115">
     <span class='ocr_line' id='line_1_62' title="bbox 248 2964 1294 3017; baseline 0.001 -16"><span class='ocrx_word' id='word_1_505' title='bbox 248 2988 252 2992; x_wconf 66' lang='grc'><strong><em>»</em></strong></span> <span class='ocrx_word' id='word_1_506' title='bbox 292 2967 472 3010; x_wconf 80' lang='grc' dir='ltr'>πολλάκις,</span> <span class='ocrx_word' id='word_1_507' title='bbox 490 2964 551 3002; x_wconf 76' lang='grc' dir='ltr'>διά</span> <span class='ocrx_word' id='word_1_508' title='bbox 567 2969 631 3007; x_wconf 73' lang='grc' dir='ltr'>τήν</span> <span class='ocrx_word' id='word_1_509' title='bbox 654 2970 768 3007; x_wconf 71' lang='grc' dir='ltr'>αὑτήν</span> <span class='ocrx_word' id='word_1_510' title='bbox 790 2970 927 3003; x_wconf 80' lang='grc' dir='ltr'>αἰτίαν·</span> <span class='ocrx_word' id='word_1_511' title='bbox 953 2970 1046 3015; x_wconf 72' lang='grc' dir='ltr'>ταχυ</span> <span class='ocrx_word' id='word_1_512' title='bbox 1063 2971 1128 3017; x_wconf 77' lang='grc' dir='ltr'>γάρ</span> <span class='ocrx_word' id='word_1_513' title='bbox 1145 2969 1294 3016; x_wconf 79' lang='grc' dir='ltr'>ψύχεται</span> 
     </span>
     <span class='ocr_line' id='line_1_63' title="bbox 291 3009 1295 3061; baseline 0 -15"><span class='ocrx_word' id='word_1_514' title='bbox 291 3013 339 3056; x_wconf 79' lang='grc' dir='ltr'>τῇ</span> <span class='ocrx_word' id='word_1_515' title='bbox 366 3013 660 3059; x_wconf 78' lang='grc' dir='ltr'>ἀντιπεριστάσει,</span> <span class='ocrx_word' id='word_1_516' title='bbox 679 3015 700 3052; x_wconf 81' lang='grc' dir='ltr'>ἦ</span> <span class='ocrx_word' id='word_1_517' title='bbox 721 3016 856 3061; x_wconf 74' lang='grc' dir='ltr'>γίνεται</span> <span class='ocrx_word' id='word_1_518' title='bbox 881 3009 942 3047; x_wconf 70' lang='grc' dir='ltr'>διά</span> <span class='ocrx_word' id='word_1_519' title='bbox 966 3016 1007 3048; x_wconf 74' lang='grc' dir='ltr'>τό</span> <span class='ocrx_word' id='word_1_520' title='bbox 1035 3015 1189 3052; x_wconf 68' lang='grc' dir='ltr'>ἀλεεινὴν</span> <span class='ocrx_word' id='word_1_521' title='bbox 1207 3011 1295 3047; x_wconf 82' lang='grc' dir='ltr'>εἶναι</span> 
     </span>
     <span class='ocr_line' id='line_1_64' title="bbox 292 3057 676 3115; baseline 0.003 -25"><span class='ocrx_word' id='word_1_522' title='bbox 292 3057 358 3095; x_wconf 76' lang='grc' dir='ltr'>τήν</span> <span class='ocrx_word' id='word_1_523' title='bbox 381 3057 496 3115; x_wconf 76' lang='grc' dir='ltr'>χώραν</span> <span class='ocrx_word' id='word_1_524' title='bbox 520 3058 676 3104; x_wconf 79' lang='grc' dir='ltr'>ἰσχυρῶς.</span> 
     </span>
    </p>

    <p class='ocr_par' dir='ltr' id='par_1_25' title="bbox 171 3098 1294 3148">
     <span class='ocr_line' id='line_1_65' title="bbox 171 3098 1294 3148; baseline 0.002 -16"><span class='ocrx_word' id='word_1_525' title='bbox 171 3107 174 3109; x_wconf 87' lang='grc'><strong>’</strong></span> <span class='ocrx_word' id='word_1_526' title='bbox 223 3101 301 3147; x_wconf 80' lang='grc' dir='ltr'>Περὶ</span> <span class='ocrx_word' id='word_1_527' title='bbox 324 3101 384 3146; x_wconf 78' lang='grc' dir='ltr'>μὲν</span> <span class='ocrx_word' id='word_1_528' title='bbox 410 3114 467 3134; x_wconf 92' lang='grc' dir='ltr'>ουν</span> <span class='ocrx_word' id='word_1_529' title='bbox 494 3103 596 3136; x_wconf 77' lang='grc' dir='ltr'>ὑετοῦ</span> <span class='ocrx_word' id='word_1_530' title='bbox 620 3105 680 3136; x_wconf 84' lang='grc' dir='ltr'>καὶ</span> <span class='ocrx_word' id='word_1_531' title='bbox 697 3098 816 3148; x_wconf 80' lang='grc' dir='ltr'>δρόσου</span> <span class='ocrx_word' id='word_1_532' title='bbox 840 3105 899 3136; x_wconf 80' lang='grc' dir='ltr'>καὶ</span> <span class='ocrx_word' id='word_1_533' title='bbox 924 3104 1060 3147; x_wconf 81' lang='grc' dir='ltr'>νιφετοῦ</span> <span class='ocrx_word' id='word_1_534' title='bbox 1083 3106 1142 3136; x_wconf 80' lang='grc' dir='ltr'>καὶ</span> <span class='ocrx_word' id='word_1_535' title='bbox 1161 3103 1294 3148; x_wconf 85' lang='grc' dir='ltr'>πάχνης</span> 
     </span>
    </p>

    <p class='ocr_par' dir='ltr' id='par_1_26' title="bbox 290 3143 1294 3194">
     <span class='ocr_line' id='line_1_66' title="bbox 290 3143 1294 3194; baseline 0.002 -16"><span class='ocrx_word' id='word_1_536' title='bbox 290 3147 349 3179; x_wconf 75' lang='grc' dir='ltr'>καὶ</span> <span class='ocrx_word' id='word_1_537' title='bbox 380 3145 560 3192; x_wconf 79' lang='grc' dir='ltr'>χαλάζης,</span> <span class='ocrx_word' id='word_1_538' title='bbox 593 3143 653 3180; x_wconf 73' lang='grc' dir='ltr'>διαὶ</span> <span class='ocrx_word' id='word_1_539' title='bbox 682 3148 746 3180; x_wconf 78' lang='grc' dir='ltr'>τίν’</span> <span class='ocrx_word' id='word_1_540' title='bbox 776 3148 893 3180; x_wconf 76' lang='grc' dir='ltr'>αἰτίαν</span> <span class='ocrx_word' id='word_1_541' title='bbox 925 3151 1080 3194; x_wconf 89' lang='grc' dir='ltr'>γίνεται,</span> <span class='ocrx_word' id='word_1_542' title='bbox 1110 3150 1170 3180; x_wconf 78' lang='grc' dir='ltr'>καὶ</span> <span class='ocrx_word' id='word_1_543' title='bbox 1195 3150 1246 3185; x_wconf 87' lang='grc' dir='ltr'>τίς</span> <span class='ocrx_word' id='word_1_544' title='bbox 1273 3149 1294 3184; x_wconf 76' lang='grc' dir='ltr'>ἢ</span> 
     </span>
    </p>

    <p class='ocr_par' dir='ltr' id='par_1_27' title="bbox 292 3189 1026 3236">
     <span class='ocr_line' id='line_1_67' title="bbox 292 3189 1026 3236; baseline 0.003 -14"><span class='ocrx_word' id='word_1_545' title='bbox 292 3189 387 3235; x_wconf 80' lang='grc' dir='ltr'>φύσις</span> <span class='ocrx_word' id='word_1_546' title='bbox 414 3189 528 3224; x_wconf 74' lang='grc' dir='ltr'>αὐτῶν</span> <span class='ocrx_word' id='word_1_547' title='bbox 554 3190 660 3233; x_wconf 82' lang='grc' dir='ltr'>ἐστιν,</span> <span class='ocrx_word' id='word_1_548' title='bbox 686 3190 827 3236; x_wconf 77' lang='grc' dir='ltr'>εἰρήσθω</span> <span class='ocrx_word' id='word_1_549' title='bbox 853 3193 1026 3225; x_wconf 82' lang='grc' dir='ltr'>τοσαῦτα.</span> 
     </span>
    </p>
   </div>
   <div class='ocr_carea' id='block_1_4' title="bbox 223 3304 1295 3659">
    <p class='ocr_par' dir='ltr' id='par_1_28' title="bbox 223 3304 1295 3659">
     <span class='ocr_line' id='line_1_68' title="bbox 232 3304 1293 3342; baseline 0.001 -10"><span class='ocrx_word' id='word_1_550' title='bbox 232 3314 237 3320; x_wconf 82' lang='grc'><em>·</em></span> <span class='ocrx_word' id='word_1_551' title='bbox 285 3305 436 3332; x_wconf 70' lang='lat' dir='ltr'>Smopsxs.</span> <span class='ocrx_word' id='word_1_552' title='bbox 466 3321 501 3325; x_wconf 97' lang='lat'><strong>—</strong></span> <span class='ocrx_word' id='word_1_553' title='bbox 536 3314 560 3332; x_wconf 89' lang='lat'>1.</span> <span class='ocrx_word' id='word_1_554' title='bbox 583 3305 796 3342; x_wconf 86' lang='lat' dir='ltr'>Argumentum</span> <span class='ocrx_word' id='word_1_555' title='bbox 818 3310 846 3333; x_wconf 90' lang='lat' dir='ltr'>et</span> <span class='ocrx_word' id='word_1_556' title='bbox 867 3304 970 3333; x_wconf 87' lang='lat' dir='ltr'>divisio</span> <span class='ocrx_word' id='word_1_557' title='bbox 998 3311 1100 3333; x_wconf 88' lang='lat' dir='ltr'>textus.</span> <span class='ocrx_word' id='word_1_558' title='bbox 1120 3321 1140 3326; x_wconf 92' lang='lat'><em>-</em></span> <span class='ocrx_word' id='word_1_559' title='bbox 1162 3305 1209 3332; x_wconf 88' lang='lat' dir='ltr'>De</span> <span class='ocrx_word' id='word_1_560' title='bbox 1230 3305 1293 3333; x_wconf 87' lang='lat' dir='ltr'>loco</span> 
     </span>
     <span class='ocr_line' id='line_1_69' title="bbox 223 3343 1293 3383; baseline 0 -11"><span class='ocrx_word' id='word_1_561' title='bbox 223 3343 426 3383; x_wconf 80' lang='lat' dir='ltr'><strong><em>generationis</em></strong></span> <span class='ocrx_word' id='word_1_562' title='bbox 445 3344 612 3382; x_wconf 78' lang='lat' dir='ltr'><em>grandinis.</em></span> <span class='ocrx_word' id='word_1_563' title='bbox 634 3345 720 3381; x_wconf 83' lang='lat' dir='ltr'>Aqua</span> <span class='ocrx_word' id='word_1_564' title='bbox 740 3353 802 3372; x_wconf 90' lang='lat' dir='ltr'>non</span> <span class='ocrx_word' id='word_1_565' title='bbox 823 3345 992 3381; x_wconf 85' lang='lat' dir='ltr'>coagulatur</span> <span class='ocrx_word' id='word_1_566' title='bbox 1019 3345 1056 3372; x_wconf 89' lang='lat' dir='ltr'>ad</span> <span class='ocrx_word' id='word_1_567' title='bbox 1076 3344 1293 3381; x_wconf 85' lang='lat' dir='ltr'>generationem</span> 
     </span>
     <span class='ocr_line' id='line_1_70' title="bbox 224 3382 1294 3421; baseline 0 -10"><span class='ocrx_word' id='word_1_568' title='bbox 224 3382 373 3421; x_wconf 83' lang='lat' dir='ltr'>grandinis</span> <span class='ocrx_word' id='word_1_569' title='bbox 393 3382 424 3411; x_wconf 87' lang='lat' dir='ltr'>in</span> <span class='ocrx_word' id='word_1_570' title='bbox 437 3392 504 3412; x_wconf 90' lang='lat' dir='ltr'>aere</span> <span class='ocrx_word' id='word_1_571' title='bbox 524 3383 620 3412; x_wconf 89' lang='lat' dir='ltr'>vicino</span> <span class='ocrx_word' id='word_1_572' title='bbox 641 3389 743 3419; x_wconf 85' lang='lat' dir='ltr'>terrae,</span> <span class='ocrx_word' id='word_1_573' title='bbox 759 3383 789 3412; x_wconf 91' lang='lat' dir='ltr'>in</span> <span class='ocrx_word' id='word_1_574' title='bbox 808 3393 868 3421; x_wconf 92' lang='lat' dir='ltr'>quo</span> <span class='ocrx_word' id='word_1_575' title='bbox 889 3384 1057 3420; x_wconf 85' lang='lat' dir='ltr'>congelatur</span> <span class='ocrx_word' id='word_1_576' title='bbox 1077 3393 1176 3420; x_wconf 91' lang='lat' dir='ltr'>vapor,</span> <span class='ocrx_word' id='word_1_577' title='bbox 1198 3384 1250 3411; x_wconf 91' lang='lat' dir='ltr'>sed</span> <span class='ocrx_word' id='word_1_578' title='bbox 1264 3383 1294 3411; x_wconf 90' lang='lat' dir='ltr'>in</span> 
     </span>
     <span class='ocr_line' id='line_1_71' title="bbox 225 3422 1295 3460; baseline 0 -9"><span class='ocrx_word' id='word_1_579' title='bbox 225 3422 291 3452; x_wconf 91' lang='lat' dir='ltr'>loco</span> <span class='ocrx_word' id='word_1_580' title='bbox 313 3422 450 3458; x_wconf 90' lang='lat' dir='ltr'>nubium;</span> <span class='ocrx_word' id='word_1_581' title='bbox 472 3432 506 3451; x_wconf 86' lang='lat' dir='ltr'>ex</span> <span class='ocrx_word' id='word_1_582' title='bbox 520 3432 580 3460; x_wconf 92' lang='lat' dir='ltr'>quo</span> <span class='ocrx_word' id='word_1_583' title='bbox 598 3423 778 3451; x_wconf 90' lang='lat' dir='ltr'>descendunt</span> <span class='ocrx_word' id='word_1_584' title='bbox 797 3423 852 3451; x_wconf 91' lang='lat' dir='ltr'>tria</span> <span class='ocrx_word' id='word_1_585' title='bbox 866 3433 990 3460; x_wconf 87' lang='lat' dir='ltr'>corpora</span> <span class='ocrx_word' id='word_1_586' title='bbox 1010 3422 1163 3460; x_wconf 88' lang='lat' dir='ltr'>inspissata</span> <span class='ocrx_word' id='word_1_587' title='bbox 1176 3429 1295 3459; x_wconf 90' lang='lat' dir='ltr'>propter</span> 
     </span>
     <span class='ocr_line' id='line_1_72' title="bbox 224 3461 1293 3500; baseline 0 -10"><span class='ocrx_word' id='word_1_588' title='bbox 224 3462 322 3500; x_wconf 78' lang='lat' dir='ltr'>ffigus,</span> <span class='ocrx_word' id='word_1_589' title='bbox 338 3461 446 3491; x_wconf 86' lang='lat' dir='ltr'>scilicet</span> <span class='ocrx_word' id='word_1_590' title='bbox 460 3462 566 3499; x_wconf 85' lang='lat' dir='ltr'>pluvia,</span> <span class='ocrx_word' id='word_1_591' title='bbox 580 3461 629 3491; x_wconf 86' lang='lat' dir='ltr'>nix</span> <span class='ocrx_word' id='word_1_592' title='bbox 649 3469 678 3490; x_wconf 90' lang='lat' dir='ltr'>et</span> <span class='ocrx_word' id='word_1_593' title='bbox 697 3463 820 3499; x_wconf 81' lang='lat' dir='ltr'>grando.</span> <span class='ocrx_word' id='word_1_594' title='bbox 835 3464 958 3491; x_wconf 86' lang='lat' dir='ltr'>Duobus</span> <span class='ocrx_word' id='word_1_595' title='bbox 972 3469 1070 3491; x_wconf 89' lang='lat' dir='ltr'>autem</span> <span class='ocrx_word' id='word_1_596' title='bbox 1090 3462 1191 3499; x_wconf 88' lang='lat' dir='ltr'>primis</span> <span class='ocrx_word' id='word_1_597' title='bbox 1205 3471 1293 3499; x_wconf 89' lang='lat' dir='ltr'>quae-</span> 
     </span>
     <span class='ocr_line' id='line_1_73' title="bbox 225 3501 1294 3539; baseline -0.001 -8"><span class='ocrx_word' id='word_1_598' title='bbox 225 3502 295 3531; x_wconf 80' lang='lat' dir='ltr'>dam</span> <span class='ocrx_word' id='word_1_599' title='bbox 315 3501 548 3539; x_wconf 80' lang='lat' dir='ltr'>proportionalia</span> <span class='ocrx_word' id='word_1_600' title='bbox 567 3508 596 3530; x_wconf 90' lang='lat' dir='ltr'>et</span> <span class='ocrx_word' id='word_1_601' title='bbox 617 3503 776 3530; x_wconf 89' lang='lat' dir='ltr'>secundum</span> <span class='ocrx_word' id='word_1_602' title='bbox 798 3503 916 3531; x_wconf 88' lang='lat' dir='ltr'>easdem</span> <span class='ocrx_word' id='word_1_603' title='bbox 937 3511 1038 3530; x_wconf 83' lang='lat' dir='ltr'>causas</span> <span class='ocrx_word' id='word_1_604' title='bbox 1058 3508 1202 3539; x_wconf 87' lang='lat' dir='ltr'>generata,</span> <span class='ocrx_word' id='word_1_605' title='bbox 1221 3502 1294 3530; x_wconf 89' lang='lat' dir='ltr'>fiunt</span> 
     </span>
     <span class='ocr_line' id='line_1_74' title="bbox 225 3541 1295 3578; baseline -0.001 -8"><span class='ocrx_word' id='word_1_606' title='bbox 225 3541 256 3570; x_wconf 92' lang='lat' dir='ltr'>in</span> <span class='ocrx_word' id='word_1_607' title='bbox 270 3542 337 3570; x_wconf 89' lang='lat' dir='ltr'>loco</span> <span class='ocrx_word' id='word_1_608' title='bbox 358 3541 486 3570; x_wconf 89' lang='lat' dir='ltr'>inferiori</span> <span class='ocrx_word' id='word_1_609' title='bbox 507 3541 602 3570; x_wconf 90' lang='lat' dir='ltr'>vicino</span> <span class='ocrx_word' id='word_1_610' title='bbox 623 3548 729 3570; x_wconf 88' lang='lat' dir='ltr'>terrae:</span> <span class='ocrx_word' id='word_1_611' title='bbox 752 3541 800 3570; x_wconf 87' lang='lat' dir='ltr'>nix</span> <span class='ocrx_word' id='word_1_612' title='bbox 814 3542 892 3570; x_wconf 89' lang='lat' dir='ltr'>enim</span> <span class='ocrx_word' id='word_1_613' title='bbox 906 3548 934 3570; x_wconf 90' lang='lat' dir='ltr'>et</span> <span class='ocrx_word' id='word_1_614' title='bbox 953 3541 1065 3578; x_wconf 89' lang='lat' dir='ltr'>pruina,</span> <span class='ocrx_word' id='word_1_615' title='bbox 1079 3541 1176 3578; x_wconf 90' lang='lat' dir='ltr'>pluvia</span> <span class='ocrx_word' id='word_1_616' title='bbox 1197 3548 1225 3569; x_wconf 91' lang='lat' dir='ltr'>et</span> <span class='ocrx_word' id='word_1_617' title='bbox 1245 3550 1295 3569; x_wconf 88' lang='lat' dir='ltr'>ros</span> 
     </span>
     <span class='ocr_line' id='line_1_75' title="bbox 225 3581 1294 3619; baseline -0.002 -9"><span class='ocrx_word' id='word_1_618' title='bbox 225 3581 481 3619; x_wconf 83' lang='lat' dir='ltr'>proportionaliter</span> <span class='ocrx_word' id='word_1_619' title='bbox 502 3588 569 3610; x_wconf 90' lang='lat' dir='ltr'>sunt</span> <span class='ocrx_word' id='word_1_620' title='bbox 589 3581 676 3610; x_wconf 88' lang='lat' dir='ltr'>idem.</span> <span class='ocrx_word' id='word_1_621' title='bbox 704 3582 761 3610; x_wconf 89' lang='lat' dir='ltr'>Sed</span> <span class='ocrx_word' id='word_1_622' title='bbox 779 3581 924 3619; x_wconf 24' lang='lat' dir='ltr'>grandini*</span> <span class='ocrx_word' id='word_1_623' title='bbox 933 3591 994 3610; x_wconf 91' lang='lat' dir='ltr'>non</span> <span class='ocrx_word' id='word_1_624' title='bbox 1015 3582 1223 3618; x_wconf 88' lang='lat' dir='ltr'>correspondet</span> <span class='ocrx_word' id='word_1_625' title='bbox 1243 3581 1294 3609; x_wconf 88' lang='lat' dir='ltr'>ali-</span> 
     </span>
     <span class='ocr_line' id='line_1_76' title="bbox 227 3621 1294 3659; baseline -0.001 -10"><span class='ocrx_word' id='word_1_626' title='bbox 227 3621 298 3658; x_wconf 86' lang='lat' dir='ltr'>quid</span> <span class='ocrx_word' id='word_1_627' title='bbox 311 3621 533 3658; x_wconf 88' lang='lat' dir='ltr'>proportionale</span> <span class='ocrx_word' id='word_1_628' title='bbox 547 3621 664 3650; x_wconf 87' lang='lat' dir='ltr'>inferius</span> <span class='ocrx_word' id='word_1_629' title='bbox 685 3628 864 3659; x_wconf 83' lang='lat' dir='ltr'>generatum.</span> <span class='ocrx_word' id='word_1_630' title='bbox 878 3638 899 3642; x_wconf 91' lang='lat'><em>-</em></span> <span class='ocrx_word' id='word_1_631' title='bbox 915 3629 942 3649; x_wconf 91' lang='lat'>2.</span> <span class='ocrx_word' id='word_1_632' title='bbox 959 3622 1027 3649; x_wconf 88' lang='lat' dir='ltr'>Duo</span> <span class='ocrx_word' id='word_1_633' title='bbox 1042 3630 1114 3658; x_wconf 86' lang='lat' dir='ltr'>quae</span> <span class='ocrx_word' id='word_1_634' title='bbox 1135 3621 1294 3659; x_wconf 70' lang='lat' dir='ltr'>difficulta-</span> 
     </span>
    </p>
   </div>
   <div class='ocr_carea' id='block_1_5' title="bbox 369 3678 728 3712">
    <p class='ocr_par' dir='ltr' id='par_1_29' title="bbox 369 3678 728 3712">
     <span class='ocr_line' id='line_1_77' title="bbox 369 3678 728 3712; baseline -0.003 -8"><span class='ocrx_word' id='word_1_635' title='bbox 369 3679 439 3712; x_wconf 87' lang='lat' dir='ltr'>Opp.</span> <span class='ocrx_word' id='word_1_636' title='bbox 458 3679 490 3704; x_wconf 78' lang='lat' dir='ltr'>D,</span> <span class='ocrx_word' id='word_1_637' title='bbox 504 3678 618 3703; x_wconf 67' lang='lat' dir='ltr'>Tnonuu:</span> <span class='ocrx_word' id='word_1_638' title='bbox 637 3679 669 3703; x_wconf 87' lang='lat' dir='ltr'>T.</span> <span class='ocrx_word' id='word_1_639' title='bbox 688 3679 728 3703; x_wconf 88' lang='lat'>111.</span> 
     </span>
    </p>
   </div>
   <div class='ocr_carea' id='block_1_6' title="bbox 2350 279 2424 326">
    <p class='ocr_par' dir='ltr' id='par_1_30' title="bbox 2350 279 2424 326">
     <span class='ocr_line' id='line_1_78' title="bbox 2350 279 2424 326; baseline -0.014 -12"><span class='ocrx_word' id='word_1_640' title='bbox 2350 279 2424 326; x_wconf 84' lang='lat'>369</span> 
     </span>
    </p>
   </div>
   <div class='ocr_carea' id='block_1_7' title="bbox 1353 352 2426 2959">
    <p class='ocr_par' dir='ltr' id='par_1_31' title="bbox 1426 352 2425 472">
     <span class='ocr_line' id='line_1_79' title="bbox 1427 352 2425 396; baseline 0.006 -15"><span class='ocrx_word' id='word_1_641' title='bbox 1427 352 1478 390; x_wconf 90' lang='lat' dir='ltr'>da,</span> <span class='ocrx_word' id='word_1_642' title='bbox 1498 358 1665 392; x_wconf 85' lang='lat' dir='ltr'>propterea</span> <span class='ocrx_word' id='word_1_643' title='bbox 1688 353 1776 394; x_wconf 90' lang='lat' dir='ltr'>quod</span> <span class='ocrx_word' id='word_1_644' title='bbox 1792 364 1858 384; x_wconf 89' lang='lat' dir='ltr'>non</span> <span class='ocrx_word' id='word_1_645' title='bbox 1875 354 1978 385; x_wconf 89' lang='lat' dir='ltr'>rnulto</span> <span class='ocrx_word' id='word_1_646' title='bbox 2002 362 2146 395; x_wconf 90' lang='lat' dir='ltr'>tempore</span> <span class='ocrx_word' id='word_1_647' title='bbox 2165 355 2200 386; x_wconf 91' lang='lat' dir='ltr'>fit</span> <span class='ocrx_word' id='word_1_648' title='bbox 2214 355 2291 387; x_wconf 91' lang='lat' dir='ltr'>latio</span> <span class='ocrx_word' id='word_1_649' title='bbox 2310 356 2425 396; x_wconf 87' lang='lat' dir='ltr'>ipsius;</span> 
     </span>
     <span class='ocr_line' id='line_1_80' title="bbox 1426 398 2425 440; baseline 0.005 -14"><span class='ocrx_word' id='word_1_650' title='bbox 1426 403 1580 437; x_wconf 88' lang='lat' dir='ltr'>tanquam</span> <span class='ocrx_word' id='word_1_651' title='bbox 1612 407 1713 437; x_wconf 86' lang='lat' dir='ltr'>prope</span> <span class='ocrx_word' id='word_1_652' title='bbox 1743 404 1858 429; x_wconf 89' lang='lat' dir='ltr'>terram</span> <span class='ocrx_word' id='word_1_653' title='bbox 1888 398 1969 429; x_wconf 88' lang='lat' dir='ltr'>facta</span> <span class='ocrx_word' id='word_1_654' title='bbox 1999 400 2243 440; x_wconf 87' lang='lat' dir='ltr'>coagulatione,</span> <span class='ocrx_word' id='word_1_655' title='bbox 2274 401 2329 430; x_wconf 88' lang='lat' dir='ltr'>sed</span> <span class='ocrx_word' id='word_1_656' title='bbox 2359 411 2425 431; x_wconf 87' lang='lat' dir='ltr'>non</span> 
     </span>
     <span class='ocr_line' id='line_1_81' title="bbox 1427 440 1698 472; baseline 0.007 -2"><span class='ocrx_word' id='word_1_657' title='bbox 1427 440 1509 471; x_wconf 91' lang='lat' dir='ltr'>sicut</span> <span class='ocrx_word' id='word_1_658' title='bbox 1530 440 1576 471; x_wconf 90' lang='lat' dir='ltr'>illi</span> <span class='ocrx_word' id='word_1_659' title='bbox 1599 441 1698 472; x_wconf 81' lang='lat' dir='ltr'>aiunt.</span> 
     </span>
    </p>

    <p class='ocr_par' dir='ltr' id='par_1_32' title="bbox 1360 485 2426 876">
     <span class='ocr_line' id='line_1_82' title="bbox 1360 485 2425 529; baseline 0.005 -15"><span class='ocrx_word' id='word_1_660' title='bbox 1360 485 1403 514; x_wconf 87' lang='lat' dir='ltr'>At</span> <span class='ocrx_word' id='word_1_661' title='bbox 1425 494 1500 515; x_wconf 91' lang='lat' dir='ltr'>vero</span> <span class='ocrx_word' id='word_1_662' title='bbox 1525 486 1738 516; x_wconf 87' lang='lat' dir='ltr'>necessarium</span> <span class='ocrx_word' id='word_1_663' title='bbox 1761 487 1800 517; x_wconf 90' lang='lat' dir='ltr'>ab</span> <span class='ocrx_word' id='word_1_664' title='bbox 1824 497 1860 517; x_wconf 90' lang='lat' dir='ltr'>ea</span> <span class='ocrx_word' id='word_1_665' title='bbox 1883 498 1965 528; x_wconf 91' lang='lat' dir='ltr'>quae</span> <span class='ocrx_word' id='word_1_666' title='bbox 1992 488 2130 518; x_wconf 85' lang='lat' dir='ltr'>maxime</span> <span class='ocrx_word' id='word_1_667' title='bbox 2158 499 2251 519; x_wconf 89' lang='lat' dir='ltr'>causa</span> <span class='ocrx_word' id='word_1_668' title='bbox 2280 489 2425 529; x_wconf 88' lang='lat' dir='ltr'>coagula-</span> 
     </span>
     <span class='ocr_line' id='line_1_83' title="bbox 1427 527 2424 573; baseline 0.005 -15"><span class='ocrx_word' id='word_1_669' title='bbox 1427 527 1533 567; x_wconf 89' lang='lat' dir='ltr'>tionis,</span> <span class='ocrx_word' id='word_1_670' title='bbox 1551 529 1704 560; x_wconf 84' lang='lat' dir='ltr'>maximas</span> <span class='ocrx_word' id='word_1_671' title='bbox 1720 530 1787 561; x_wconf 91' lang='lat' dir='ltr'>fieri</span> <span class='ocrx_word' id='word_1_672' title='bbox 1803 532 1988 572; x_wconf 85' lang='lat' dir='ltr'>grandines:</span> <span class='ocrx_word' id='word_1_673' title='bbox 2011 532 2175 573; x_wconf 88' lang='lat' dir='ltr'>crystallus</span> <span class='ocrx_word' id='word_1_674' title='bbox 2192 533 2277 563; x_wconf 90' lang='lat' dir='ltr'>enirn</span> <span class='ocrx_word' id='word_1_675' title='bbox 2293 534 2424 573; x_wconf 86' lang='lat' dir='ltr'>grando,</span> 
     </span>
     <span class='ocr_line' id='line_1_84' title="bbox 1428 572 2426 618; baseline 0.006 -16"><span class='ocrx_word' id='word_1_676' title='bbox 1428 579 1459 602; x_wconf 91' lang='lat' dir='ltr'>et</span> <span class='ocrx_word' id='word_1_677' title='bbox 1483 572 1544 604; x_wconf 92' lang='lat' dir='ltr'>hoc</span> <span class='ocrx_word' id='word_1_678' title='bbox 1568 574 1718 604; x_wconf 90' lang='lat' dir='ltr'>omnibus</span> <span class='ocrx_word' id='word_1_679' title='bbox 1734 575 1949 607; x_wconf 89' lang='lat' dir='ltr'>manifestum.</span> <span class='ocrx_word' id='word_1_680' title='bbox 1974 577 2107 617; x_wconf 83' lang='lat' dir='ltr'>Magnae</span> <span class='ocrx_word' id='word_1_681' title='bbox 2127 583 2234 607; x_wconf 90' lang='lat' dir='ltr'>autem</span> <span class='ocrx_word' id='word_1_682' title='bbox 2254 584 2328 608; x_wconf 90' lang='lat' dir='ltr'>sunt</span> <span class='ocrx_word' id='word_1_683' title='bbox 2344 588 2426 618; x_wconf 90' lang='lat' dir='ltr'>quae</span> 
     </span>
     <span class='ocr_line' id='line_1_85' title="bbox 1428 615 2426 662; baseline 0.007 -17"><span class='ocrx_word' id='word_1_684' title='bbox 1428 615 1536 656; x_wconf 90' lang='lat' dir='ltr'>figuris</span> <span class='ocrx_word' id='word_1_685' title='bbox 1560 628 1627 648; x_wconf 90' lang='lat' dir='ltr'>non</span> <span class='ocrx_word' id='word_1_686' title='bbox 1650 620 1822 650; x_wconf 87' lang='lat' dir='ltr'>rotundae:</span> <span class='ocrx_word' id='word_1_687' title='bbox 1847 620 1909 651; x_wconf 92' lang='lat' dir='ltr'>hoc</span> <span class='ocrx_word' id='word_1_688' title='bbox 1933 627 2042 651; x_wconf 90' lang='lat' dir='ltr'>autem</span> <span class='ocrx_word' id='word_1_689' title='bbox 2065 621 2193 661; x_wconf 88' lang='lat' dir='ltr'>signum</span> <span class='ocrx_word' id='word_1_690' title='bbox 2213 627 2259 652; x_wconf 88' lang='lat' dir='ltr'>est</span> <span class='ocrx_word' id='word_1_691' title='bbox 2274 622 2363 662; x_wconf 91' lang='lat' dir='ltr'>quod</span> <span class='ocrx_word' id='word_1_692' title='bbox 2387 622 2426 653; x_wconf 90' lang='lat' dir='ltr'>sit</span> 
     </span>
     <span class='ocr_line' id='line_1_86' title="bbox 1428 661 2426 706; baseline 0.007 -16"><span class='ocrx_word' id='word_1_693' title='bbox 1428 661 1591 700; x_wconf 86' lang='lat' dir='ltr'>congelata</span> <span class='ocrx_word' id='word_1_694' title='bbox 1615 672 1716 703; x_wconf 91' lang='lat' dir='ltr'>prope</span> <span class='ocrx_word' id='word_1_695' title='bbox 1739 671 1871 703; x_wconf 90' lang='lat' dir='ltr'>terram;</span> <span class='ocrx_word' id='word_1_696' title='bbox 1894 665 1975 696; x_wconf 90' lang='lat' dir='ltr'>latae</span> <span class='ocrx_word' id='word_1_697' title='bbox 1999 665 2085 696; x_wconf 91' lang='lat' dir='ltr'>enim</span> <span class='ocrx_word' id='word_1_698' title='bbox 2109 666 2148 696; x_wconf 88' lang='lat' dir='ltr'>de</span> <span class='ocrx_word' id='word_1_699' title='bbox 2169 666 2276 705; x_wconf 86' lang='lat' dir='ltr'>longe,</span> <span class='ocrx_word' id='word_1_700' title='bbox 2297 673 2426 706; x_wconf 86' lang='lat' dir='ltr'>propter</span> 
     </span>
     <span class='ocr_line' id='line_1_87' title="bbox 1428 703 2424 750; baseline 0.008 -17"><span class='ocrx_word' id='word_1_701' title='bbox 1428 703 1500 734; x_wconf 89' lang='lat' dir='ltr'>ferri</span> <span class='ocrx_word' id='word_1_702' title='bbox 1517 705 1555 735; x_wconf 89' lang='lat' dir='ltr'>de</span> <span class='ocrx_word' id='word_1_703' title='bbox 1574 706 1680 746; x_wconf 88' lang='lat' dir='ltr'>longe,</span> <span class='ocrx_word' id='word_1_704' title='bbox 1696 707 1937 740; x_wconf 88' lang='lat' dir='ltr'>circumattritae</span> <span class='ocrx_word' id='word_1_705' title='bbox 1951 709 2044 748; x_wconf 87' lang='lat' dir='ltr'>fiunt,</span> <span class='ocrx_word' id='word_1_706' title='bbox 2059 709 2243 750; x_wconf 88' lang='lat' dir='ltr'>figuraeque</span> <span class='ocrx_word' id='word_1_707' title='bbox 2269 711 2424 741; x_wconf 90' lang='lat' dir='ltr'>rotundae</span> 
     </span>
     <span class='ocr_line' id='line_1_88' title="bbox 1428 749 2425 795; baseline 0.008 -18"><span class='ocrx_word' id='word_1_708' title='bbox 1428 754 1459 777; x_wconf 89' lang='lat' dir='ltr'>et</span> <span class='ocrx_word' id='word_1_709' title='bbox 1483 749 1708 788; x_wconf 85' lang='lat' dir='ltr'>magnitudinis</span> <span class='ocrx_word' id='word_1_710' title='bbox 1732 752 1874 784; x_wconf 90' lang='lat' dir='ltr'>minoris.</span> <span class='ocrx_word' id='word_1_711' title='bbox 1905 754 2004 791; x_wconf 94' lang='lat' dir='ltr'>Quod</span> <span class='ocrx_word' id='word_1_712' title='bbox 2027 754 2157 795; x_wconf 89' lang='lat' dir='ltr'>quidem</span> <span class='ocrx_word' id='word_1_713' title='bbox 2179 754 2275 794; x_wconf 88' lang='lat' dir='ltr'>igitur</span> <span class='ocrx_word' id='word_1_714' title='bbox 2295 765 2362 785; x_wconf 91' lang='lat' dir='ltr'>non</span> <span class='ocrx_word' id='word_1_715' title='bbox 2388 765 2425 785; x_wconf 82' lang='lat' dir='ltr'>ex</span> 
     </span>
     <span class='ocr_line' id='line_1_89' title="bbox 1427 793 2424 839; baseline 0.009 -18"><span class='ocrx_word' id='word_1_716' title='bbox 1427 793 1563 832; x_wconf 84' lang='lat' dir='ltr'>propelli</span> <span class='ocrx_word' id='word_1_717' title='bbox 1583 793 1615 823; x_wconf 91' lang='lat' dir='ltr'>in</span> <span class='ocrx_word' id='word_1_718' title='bbox 1631 795 1827 834; x_wconf 91' lang='lat' dir='ltr'>superiorem</span> <span class='ocrx_word' id='word_1_719' title='bbox 1850 798 1960 828; x_wconf 90' lang='lat' dir='ltr'>locum</span> <span class='ocrx_word' id='word_1_720' title='bbox 1984 798 2145 838; x_wconf 89' lang='lat' dir='ltr'>frigidum,</span> <span class='ocrx_word' id='word_1_721' title='bbox 2170 798 2349 839; x_wconf 86' lang='lat' dir='ltr'>coagulatio</span> <span class='ocrx_word' id='word_1_722' title='bbox 2373 809 2424 829; x_wconf 88' lang='lat' dir='ltr'>ac-</span> 
     </span>
     <span class='ocr_line' id='line_1_90' title="bbox 1428 835 1660 876; baseline 0.017 -11"><span class='ocrx_word' id='word_1_723' title='bbox 1428 835 1520 874; x_wconf 89' lang='lat' dir='ltr'>cidit,</span> <span class='ocrx_word' id='word_1_724' title='bbox 1545 837 1660 876; x_wconf 85' lang='lat' dir='ltr'>palam.</span> 
     </span>
    </p>

    <p class='ocr_par' dir='ltr' id='par_1_33' title="bbox 1361 878 2424 1630">
     <span class='ocr_line' id='line_1_91' title="bbox 1361 878 2423 927; baseline 0.009 -18"><span class='ocrx_word' id='word_1_725' title='bbox 1361 878 1424 910; x_wconf 92' lang='lat' dir='ltr'>Sed</span> <span class='ocrx_word' id='word_1_726' title='bbox 1447 880 1603 921; x_wconf 90' lang='lat' dir='ltr'>quoniam</span> <span class='ocrx_word' id='word_1_727' title='bbox 1624 882 1769 914; x_wconf 90' lang='lat' dir='ltr'>videmus</span> <span class='ocrx_word' id='word_1_728' title='bbox 1793 886 1882 925; x_wconf 90' lang='lat' dir='ltr'>quod</span> <span class='ocrx_word' id='word_1_729' title='bbox 1905 885 1940 916; x_wconf 85' lang='lat' dir='ltr'>fit</span> <span class='ocrx_word' id='word_1_730' title='bbox 1963 886 2186 927; x_wconf 88' lang='lat' dir='ltr'>antiperistasis</span> <span class='ocrx_word' id='word_1_731' title='bbox 2206 887 2309 918; x_wconf 90' lang='lat' dir='ltr'>calido</span> <span class='ocrx_word' id='word_1_732' title='bbox 2326 894 2357 918; x_wconf 91' lang='lat' dir='ltr'>et</span> <span class='ocrx_word' id='word_1_733' title='bbox 2371 887 2423 918; x_wconf 88' lang='lat' dir='ltr'>fri-</span> 
     </span>
     <span class='ocr_line' id='line_1_92' title="bbox 1427 924 2424 972; baseline 0.009 -18"><span class='ocrx_word' id='word_1_734' title='bbox 1427 924 1503 964; x_wconf 91' lang='lat' dir='ltr'>gido</span> <span class='ocrx_word' id='word_1_735' title='bbox 1518 925 1655 956; x_wconf 88' lang='lat' dir='ltr'>invicem</span> <span class='ocrx_word' id='word_1_736' title='bbox 1680 925 1822 968; x_wconf 88' lang='lat' dir='ltr'>(propter</span> <span class='ocrx_word' id='word_1_737' title='bbox 1841 931 1929 969; x_wconf 91' lang='lat' dir='ltr'>quod</span> <span class='ocrx_word' id='word_1_738' title='bbox 1944 930 1977 960; x_wconf 88' lang='lat' dir='ltr'>in</span> <span class='ocrx_word' id='word_1_739' title='bbox 1993 931 2130 962; x_wconf 85' lang='lat' dir='ltr'>aestibus</span> <span class='ocrx_word' id='word_1_740' title='bbox 2146 931 2257 972; x_wconf 89' lang='lat' dir='ltr'>frigida</span> <span class='ocrx_word' id='word_1_741' title='bbox 2275 931 2424 962; x_wconf 86' lang='lat' dir='ltr'>inferiora</span> 
     </span>
     <span class='ocr_line' id='line_1_93' title="bbox 1428 970 2422 1016; baseline 0.008 -17"><span class='ocrx_word' id='word_1_742' title='bbox 1428 975 1538 1008; x_wconf 88' lang='lat' dir='ltr'>terrae,</span> <span class='ocrx_word' id='word_1_743' title='bbox 1564 976 1595 1000; x_wconf 92' lang='lat' dir='ltr'>et</span> <span class='ocrx_word' id='word_1_744' title='bbox 1617 970 1716 1001; x_wconf 87' lang='lat' dir='ltr'>calida</span> <span class='ocrx_word' id='word_1_745' title='bbox 1739 971 1772 1002; x_wconf 94' lang='lat' dir='ltr'>in</span> <span class='ocrx_word' id='word_1_746' title='bbox 1795 972 1895 1015; x_wconf 81' lang='lat' dir='ltr'>gelu),</span> <span class='ocrx_word' id='word_1_747' title='bbox 1920 975 1982 1005; x_wconf 93' lang='lat' dir='ltr'>hoc</span> <span class='ocrx_word' id='word_1_748' title='bbox 2006 982 2133 1015; x_wconf 88' lang='lat' dir='ltr'>oportet</span> <span class='ocrx_word' id='word_1_749' title='bbox 2155 983 2266 1016; x_wconf 89' lang='lat' dir='ltr'>putare</span> <span class='ocrx_word' id='word_1_750' title='bbox 2290 983 2320 1007; x_wconf 90' lang='lat' dir='ltr'>et</span> <span class='ocrx_word' id='word_1_751' title='bbox 2335 976 2368 1006; x_wconf 91' lang='lat' dir='ltr'>in</span> <span class='ocrx_word' id='word_1_752' title='bbox 2384 986 2422 1007; x_wconf 87' lang='lat' dir='ltr'>eo</span> 
     </span>
     <span class='ocr_line' id='line_1_94' title="bbox 1428 1013 2422 1061; baseline 0.008 -18"><span class='ocrx_word' id='word_1_753' title='bbox 1428 1013 1484 1054; x_wconf 91' lang='lat' dir='ltr'>qui</span> <span class='ocrx_word' id='word_1_754' title='bbox 1508 1024 1635 1044; x_wconf 89' lang='lat' dir='ltr'>sursum</span> <span class='ocrx_word' id='word_1_755' title='bbox 1658 1013 1725 1045; x_wconf 91' lang='lat' dir='ltr'>fieri</span> <span class='ocrx_word' id='word_1_756' title='bbox 1749 1015 1831 1047; x_wconf 92' lang='lat' dir='ltr'>loco.</span> <span class='ocrx_word' id='word_1_757' title='bbox 1858 1018 1963 1054; x_wconf 84' lang='lat' dir='ltr'>Quare</span> <span class='ocrx_word' id='word_1_758' title='bbox 1986 1019 2019 1049; x_wconf 91' lang='lat' dir='ltr'>in</span> <span class='ocrx_word' id='word_1_759' title='bbox 2043 1020 2245 1051; x_wconf 86' lang='lat' dir='ltr'>calidioribus</span> <span class='ocrx_word' id='word_1_760' title='bbox 2272 1021 2422 1061; x_wconf 88' lang='lat' dir='ltr'>tempori-</span> 
     </span>
     <span class='ocr_line' id='line_1_95' title="bbox 1427 1058 2424 1105; baseline 0.009 -18"><span class='ocrx_word' id='word_1_761' title='bbox 1427 1058 1499 1096; x_wconf 92' lang='lat' dir='ltr'>bus,</span> <span class='ocrx_word' id='word_1_762' title='bbox 1524 1058 1767 1099; x_wconf 88' lang='lat' dir='ltr'>antiperistasim</span> <span class='ocrx_word' id='word_1_763' title='bbox 1782 1071 1911 1100; x_wconf 90' lang='lat' dir='ltr'>passum</span> <span class='ocrx_word' id='word_1_764' title='bbox 1930 1062 2011 1093; x_wconf 89' lang='lat' dir='ltr'>intra</span> <span class='ocrx_word' id='word_1_765' title='bbox 2030 1063 2190 1103; x_wconf 90' lang='lat' dir='ltr'>frigidum,</span> <span class='ocrx_word' id='word_1_766' title='bbox 2208 1071 2337 1105; x_wconf 89' lang='lat' dir='ltr'>propter</span> <span class='ocrx_word' id='word_1_767' title='bbox 2352 1075 2424 1095; x_wconf 86' lang='lat' dir='ltr'>eam</span> 
     </span>
     <span class='ocr_line' id='line_1_96' title="bbox 1428 1102 2421 1149; baseline 0.009 -18"><span class='ocrx_word' id='word_1_768' title='bbox 1428 1111 1510 1142; x_wconf 90' lang='lat' dir='ltr'>quae</span> <span class='ocrx_word' id='word_1_769' title='bbox 1537 1102 1572 1132; x_wconf 91' lang='lat' dir='ltr'>in</span> <span class='ocrx_word' id='word_1_770' title='bbox 1595 1103 1728 1134; x_wconf 87' lang='lat' dir='ltr'>circuitu</span> <span class='ocrx_word' id='word_1_771' title='bbox 1759 1104 1966 1145; x_wconf 87' lang='lat' dir='ltr'>caliditatem,</span> <span class='ocrx_word' id='word_1_772' title='bbox 1998 1107 2169 1148; x_wconf 89' lang='lat' dir='ltr'>aliquando</span> <span class='ocrx_word' id='word_1_773' title='bbox 2196 1109 2328 1149; x_wconf 90' lang='lat' dir='ltr'>quidem</span> <span class='ocrx_word' id='word_1_774' title='bbox 2359 1109 2421 1139; x_wconf 89' lang='lat' dir='ltr'>cito</span> 
     </span>
     <span class='ocr_line' id='line_1_97' title="bbox 1427 1148 2422 1192; baseline 0.009 -17"><span class='ocrx_word' id='word_1_775' title='bbox 1427 1156 1545 1186; x_wconf 88' lang='lat' dir='ltr'>aquam</span> <span class='ocrx_word' id='word_1_776' title='bbox 1568 1157 1605 1177; x_wconf 85' lang='lat' dir='ltr'>ex</span> <span class='ocrx_word' id='word_1_777' title='bbox 1628 1148 1713 1178; x_wconf 90' lang='lat' dir='ltr'>nube</span> <span class='ocrx_word' id='word_1_778' title='bbox 1737 1148 1819 1179; x_wconf 90' lang='lat' dir='ltr'>facit.</span> <span class='ocrx_word' id='word_1_779' title='bbox 1848 1150 1979 1190; x_wconf 89' lang='lat' dir='ltr'>Propter</span> <span class='ocrx_word' id='word_1_780' title='bbox 2007 1152 2095 1192; x_wconf 91' lang='lat' dir='ltr'>quod</span> <span class='ocrx_word' id='word_1_781' title='bbox 2125 1159 2157 1183; x_wconf 91' lang='lat' dir='ltr'>et</span> <span class='ocrx_word' id='word_1_782' title='bbox 2182 1159 2288 1192; x_wconf 87' lang='lat' dir='ltr'>guttae</span> <span class='ocrx_word' id='word_1_783' title='bbox 2318 1154 2422 1184; x_wconf 88' lang='lat' dir='ltr'>multo</span> 
     </span>
     <span class='ocr_line' id='line_1_98' title="bbox 1426 1190 2423 1238; baseline 0.008 -18"><span class='ocrx_word' id='word_1_784' title='bbox 1426 1190 1563 1221; x_wconf 88' lang='lat' dir='ltr'>maiores</span> <span class='ocrx_word' id='word_1_785' title='bbox 1582 1191 1615 1221; x_wconf 90' lang='lat' dir='ltr'>in</span> <span class='ocrx_word' id='word_1_786' title='bbox 1632 1192 1739 1222; x_wconf 88' lang='lat' dir='ltr'>calidis</span> <span class='ocrx_word' id='word_1_787' title='bbox 1758 1192 1840 1224; x_wconf 91' lang='lat' dir='ltr'>fiunt</span> <span class='ocrx_word' id='word_1_788' title='bbox 1855 1194 1965 1225; x_wconf 89' lang='lat' dir='ltr'>diebus</span> <span class='ocrx_word' id='word_1_789' title='bbox 1982 1205 2079 1235; x_wconf 88' lang='lat' dir='ltr'>quam</span> <span class='ocrx_word' id='word_1_790' title='bbox 2095 1196 2127 1226; x_wconf 91' lang='lat' dir='ltr'>in</span> <span class='ocrx_word' id='word_1_791' title='bbox 2142 1196 2258 1236; x_wconf 88' lang='lat' dir='ltr'>hieme,</span> <span class='ocrx_word' id='word_1_792' title='bbox 2276 1204 2306 1228; x_wconf 91' lang='lat' dir='ltr'>et</span> <span class='ocrx_word' id='word_1_793' title='bbox 2321 1207 2423 1238; x_wconf 90' lang='lat' dir='ltr'>aquae</span> 
     </span>
     <span class='ocr_line' id='line_1_99' title="bbox 1427 1234 2422 1280; baseline 0.009 -16"><span class='ocrx_word' id='word_1_794' title='bbox 1427 1234 1613 1266; x_wconf 87' lang='lat' dir='ltr'>labroterae:</span> <span class='ocrx_word' id='word_1_795' title='bbox 1638 1236 1811 1267; x_wconf 85' lang='lat' dir='ltr'>labroterae</span> <span class='ocrx_word' id='word_1_796' title='bbox 1835 1238 1964 1278; x_wconf 86' lang='lat' dir='ltr'>quidem</span> <span class='ocrx_word' id='word_1_797' title='bbox 1989 1240 2074 1270; x_wconf 91' lang='lat' dir='ltr'>enim</span> <span class='ocrx_word' id='word_1_798' title='bbox 2098 1240 2255 1280; x_wconf 91' lang='lat' dir='ltr'>dicuntur,</span> <span class='ocrx_word' id='word_1_799' title='bbox 2276 1252 2350 1272; x_wconf 91' lang='lat' dir='ltr'>cum</span> <span class='ocrx_word' id='word_1_800' title='bbox 2370 1252 2422 1272; x_wconf 88' lang='lat' dir='ltr'>su-</span> 
     </span>
     <span class='ocr_line' id='line_1_100' title="bbox 1427 1278 2421 1326; baseline 0.009 -18"><span class='ocrx_word' id='word_1_801' title='bbox 1427 1278 1493 1309; x_wconf 94' lang='lat' dir='ltr'>bito</span> <span class='ocrx_word' id='word_1_802' title='bbox 1519 1279 1615 1310; x_wconf 90' lang='lat' dir='ltr'>simul</span> <span class='ocrx_word' id='word_1_803' title='bbox 1638 1287 1741 1319; x_wconf 88' lang='lat' dir='ltr'>totae;</span> <span class='ocrx_word' id='word_1_804' title='bbox 1765 1282 1865 1321; x_wconf 88' lang='lat' dir='ltr'>tnagis</span> <span class='ocrx_word' id='word_1_805' title='bbox 1889 1283 1994 1314; x_wconf 92' lang='lat' dir='ltr'>subito</span> <span class='ocrx_word' id='word_1_806' title='bbox 2023 1291 2130 1315; x_wconf 89' lang='lat' dir='ltr'>autem</span> <span class='ocrx_word' id='word_1_807' title='bbox 2160 1292 2289 1326; x_wconf 90' lang='lat' dir='ltr'>propter</span> <span class='ocrx_word' id='word_1_808' title='bbox 2317 1286 2421 1316; x_wconf 90' lang='lat' dir='ltr'>celeri-</span> 
     </span>
     <span class='ocr_line' id='line_1_101' title="bbox 1425 1324 2420 1369; baseline 0.008 -16"><span class='ocrx_word' id='word_1_809' title='bbox 1425 1329 1523 1354; x_wconf 88' lang='lat' dir='ltr'>tatem</span> <span class='ocrx_word' id='word_1_810' title='bbox 1547 1324 1786 1364; x_wconf 81' lang='lat' dir='ltr'>coagulationis.</span> <span class='ocrx_word' id='word_1_811' title='bbox 1811 1327 1883 1357; x_wconf 90' lang='lat' dir='ltr'>Hoc</span> <span class='ocrx_word' id='word_1_812' title='bbox 1907 1334 2014 1358; x_wconf 89' lang='lat' dir='ltr'>autem</span> <span class='ocrx_word' id='word_1_813' title='bbox 2041 1327 2075 1359; x_wconf 86' lang='lat' dir='ltr'>fit</span> <span class='ocrx_word' id='word_1_814' title='bbox 2098 1328 2205 1369; x_wconf 88' lang='lat' dir='ltr'>ipsum</span> <span class='ocrx_word' id='word_1_815' title='bbox 2228 1330 2420 1361; x_wconf 89' lang='lat' dir='ltr'>contrarium</span> 
     </span>
     <span class='ocr_line' id='line_1_102' title="bbox 1425 1371 2421 1413; baseline 0.007 -15"><span class='ocrx_word' id='word_1_816' title='bbox 1425 1377 1524 1408; x_wconf 85' lang='lat' dir='ltr'>quam</span> <span class='ocrx_word' id='word_1_817' title='bbox 1547 1374 1583 1399; x_wconf 92' lang='lat' dir='ltr'>ut</span> <span class='ocrx_word' id='word_1_818' title='bbox 1605 1371 1807 1409; x_wconf 82' lang='lat' dir='ltr'>Anaxagoras</span> <span class='ocrx_word' id='word_1_819' title='bbox 1832 1371 1915 1402; x_wconf 91' lang='lat' dir='ltr'>dicit.</span> <span class='ocrx_word' id='word_1_820' title='bbox 1939 1372 2001 1403; x_wconf 92' lang='lat' dir='ltr'>Hic</span> <span class='ocrx_word' id='word_1_821' title='bbox 2020 1373 2150 1413; x_wconf 88' lang='lat' dir='ltr'>quidem</span> <span class='ocrx_word' id='word_1_822' title='bbox 2174 1373 2269 1412; x_wconf 89' lang='lat' dir='ltr'>enim,</span> <span class='ocrx_word' id='word_1_823' title='bbox 2291 1384 2366 1404; x_wconf 91' lang='lat' dir='ltr'>cum</span> <span class='ocrx_word' id='word_1_824' title='bbox 2388 1374 2421 1404; x_wconf 93' lang='lat' dir='ltr'>in</span> 
     </span>
     <span class='ocr_line' id='line_1_103' title="bbox 1425 1411 2421 1457; baseline 0.008 -16"><span class='ocrx_word' id='word_1_825' title='bbox 1425 1411 1576 1452; x_wconf 90' lang='lat' dir='ltr'>frigidum</span> <span class='ocrx_word' id='word_1_826' title='bbox 1590 1423 1694 1443; x_wconf 86' lang='lat' dir='ltr'>aerem</span> <span class='ocrx_word' id='word_1_827' title='bbox 1713 1415 1897 1454; x_wconf 87' lang='lat' dir='ltr'>ascenderit,</span> <span class='ocrx_word' id='word_1_828' title='bbox 1915 1416 1958 1447; x_wconf 82' lang='lat' dir='ltr'>ait</span> <span class='ocrx_word' id='word_1_829' title='bbox 1972 1416 2034 1447; x_wconf 91' lang='lat' dir='ltr'>hoc</span> <span class='ocrx_word' id='word_1_830' title='bbox 2050 1417 2132 1457; x_wconf 86' lang='lat' dir='ltr'>pati:</span> <span class='ocrx_word' id='word_1_831' title='bbox 2149 1427 2208 1448; x_wconf 91' lang='lat' dir='ltr'>nos</span> <span class='ocrx_word' id='word_1_832' title='bbox 2223 1425 2331 1449; x_wconf 89' lang='lat' dir='ltr'>autem</span> <span class='ocrx_word' id='word_1_833' title='bbox 2347 1429 2421 1449; x_wconf 90' lang='lat' dir='ltr'>cum</span> 
     </span>
     <span class='ocr_line' id='line_1_104' title="bbox 1424 1456 2421 1497; baseline 0.007 -11"><span class='ocrx_word' id='word_1_834' title='bbox 1424 1456 1458 1486; x_wconf 92' lang='lat' dir='ltr'>in</span> <span class='ocrx_word' id='word_1_835' title='bbox 1482 1456 1620 1487; x_wconf 88' lang='lat' dir='ltr'>calidum</span> <span class='ocrx_word' id='word_1_836' title='bbox 1644 1458 1848 1497; x_wconf 88' lang='lat' dir='ltr'>descenderit,</span> <span class='ocrx_word' id='word_1_837' title='bbox 1873 1466 1903 1490; x_wconf 93' lang='lat' dir='ltr'>et</span> <span class='ocrx_word' id='word_1_838' title='bbox 1918 1461 2055 1491; x_wconf 84' lang='lat' dir='ltr'>maxime</span> <span class='ocrx_word' id='word_1_839' title='bbox 2070 1471 2145 1491; x_wconf 88' lang='lat' dir='ltr'>cum</span> <span class='ocrx_word' id='word_1_840' title='bbox 2164 1462 2309 1493; x_wconf 84' lang='lat' dir='ltr'>maxime.</span> <span class='ocrx_word' id='word_1_841' title='bbox 2335 1462 2421 1493; x_wconf 92' lang='lat' dir='ltr'>Cum</span> 
     </span>
     <span class='ocr_line' id='line_1_105' title="bbox 1424 1501 2421 1546; baseline 0.007 -16"><span class='ocrx_word' id='word_1_842' title='bbox 1424 1507 1533 1531; x_wconf 90' lang='lat' dir='ltr'>autem</span> <span class='ocrx_word' id='word_1_843' title='bbox 1545 1501 1648 1532; x_wconf 87' lang='lat' dir='ltr'>adhuc</span> <span class='ocrx_word' id='word_1_844' title='bbox 1661 1503 1760 1542; x_wconf 86' lang='lat' dir='ltr'>magis</span> <span class='ocrx_word' id='word_1_845' title='bbox 1773 1503 2015 1543; x_wconf 89' lang='lat' dir='ltr'>antiperistasim</span> <span class='ocrx_word' id='word_1_846' title='bbox 2028 1505 2163 1545; x_wconf 90' lang='lat' dir='ltr'>patiatur</span> <span class='ocrx_word' id='word_1_847' title='bbox 2175 1506 2260 1537; x_wconf 87' lang='lat' dir='ltr'>intus</span> <span class='ocrx_word' id='word_1_848' title='bbox 2270 1506 2421 1546; x_wconf 86' lang='lat' dir='ltr'>frigidum</span> 
     </span>
     <span class='ocr_line' id='line_1_106' title="bbox 1424 1545 2422 1590; baseline 0.006 -15"><span class='ocrx_word' id='word_1_849' title='bbox 1424 1545 1462 1575; x_wconf 89' lang='lat' dir='ltr'>ab</span> <span class='ocrx_word' id='word_1_850' title='bbox 1478 1545 1622 1576; x_wconf 86' lang='lat' dir='ltr'>exteriori</span> <span class='ocrx_word' id='word_1_851' title='bbox 1637 1546 1750 1586; x_wconf 89' lang='lat' dir='ltr'>calido,</span> <span class='ocrx_word' id='word_1_852' title='bbox 1774 1557 1892 1588; x_wconf 86' lang='lat' dir='ltr'>aquarn</span> <span class='ocrx_word' id='word_1_853' title='bbox 1907 1555 2014 1579; x_wconf 89' lang='lat' dir='ltr'>autem</span> <span class='ocrx_word' id='word_1_854' title='bbox 2035 1549 2161 1588; x_wconf 85' lang='lat' dir='ltr'>faciens,</span> <span class='ocrx_word' id='word_1_855' title='bbox 2186 1550 2374 1590; x_wconf 85' lang='lat' dir='ltr'>coagulavit,</span> <span class='ocrx_word' id='word_1_856' title='bbox 2391 1558 2422 1582; x_wconf 92' lang='lat' dir='ltr'>et</span> 
     </span>
     <span class='ocr_line' id='line_1_107' title="bbox 1422 1587 1611 1630; baseline 0.011 -12"><span class='ocrx_word' id='word_1_857' title='bbox 1422 1587 1458 1619; x_wconf 91' lang='lat' dir='ltr'>fit</span> <span class='ocrx_word' id='word_1_858' title='bbox 1480 1590 1611 1630; x_wconf 84' lang='lat' dir='ltr'>grando.</span> 
     </span>
    </p>

    <p class='ocr_par' dir='ltr' id='par_1_34' title="bbox 1355 1632 2423 2064">
     <span class='ocr_line' id='line_1_108' title="bbox 1355 1632 2421 1680; baseline 0.008 -18"><span class='ocrx_word' id='word_1_859' title='bbox 1355 1632 1479 1664; x_wconf 89' lang='lat' dir='ltr'>Accidit</span> <span class='ocrx_word' id='word_1_860' title='bbox 1510 1640 1619 1665; x_wconf 89' lang='lat' dir='ltr'>autem</span> <span class='ocrx_word' id='word_1_861' title='bbox 1647 1634 1726 1673; x_wconf 90' lang='lat' dir='ltr'>hoc,</span> <span class='ocrx_word' id='word_1_862' title='bbox 1759 1645 1833 1666; x_wconf 88' lang='lat' dir='ltr'>curn</span> <span class='ocrx_word' id='word_1_863' title='bbox 1862 1636 1952 1667; x_wconf 89' lang='lat' dir='ltr'>citius</span> <span class='ocrx_word' id='word_1_864' title='bbox 1988 1636 2082 1668; x_wconf 89' lang='lat' dir='ltr'>fuerit</span> <span class='ocrx_word' id='word_1_865' title='bbox 2112 1638 2290 1677; x_wconf 87' lang='lat' dir='ltr'>coagulatio</span> <span class='ocrx_word' id='word_1_866' title='bbox 2324 1650 2421 1680; x_wconf 88' lang='lat' dir='ltr'>quam</span> 
     </span>
     <span class='ocr_line' id='line_1_109' title="bbox 1421 1678 2420 1723; baseline 0.007 -16"><span class='ocrx_word' id='word_1_867' title='bbox 1421 1687 1523 1718; x_wconf 83' lang='lat' dir='ltr'>aquae</span> <span class='ocrx_word' id='word_1_868' title='bbox 1545 1678 1621 1709; x_wconf 91' lang='lat' dir='ltr'>latio</span> <span class='ocrx_word' id='word_1_869' title='bbox 1645 1679 1806 1710; x_wconf 90' lang='lat' dir='ltr'>deorsum.</span> <span class='ocrx_word' id='word_1_870' title='bbox 1832 1680 1864 1711; x_wconf 92' lang='lat' dir='ltr'>Si</span> <span class='ocrx_word' id='word_1_871' title='bbox 1888 1680 1973 1711; x_wconf 86' lang='lat' dir='ltr'>enim</span> <span class='ocrx_word' id='word_1_872' title='bbox 1997 1681 2094 1712; x_wconf 90' lang='lat' dir='ltr'>fertur</span> <span class='ocrx_word' id='word_1_873' title='bbox 2123 1682 2254 1723; x_wconf 89' lang='lat' dir='ltr'>quidem</span> <span class='ocrx_word' id='word_1_874' title='bbox 2276 1683 2309 1713; x_wconf 92' lang='lat' dir='ltr'>in</span> <span class='ocrx_word' id='word_1_875' title='bbox 2332 1690 2420 1714; x_wconf 89' lang='lat' dir='ltr'>tanto</span> 
     </span>
     <span class='ocr_line' id='line_1_110' title="bbox 1421 1722 2422 1763; baseline 0.006 -11"><span class='ocrx_word' id='word_1_876' title='bbox 1421 1728 1578 1762; x_wconf 92' lang='lat' dir='ltr'>tempore,</span> <span class='ocrx_word' id='word_1_877' title='bbox 1602 1722 1753 1763; x_wconf 85' lang='lat' dir='ltr'>frigiditas</span> <span class='ocrx_word' id='word_1_878' title='bbox 1776 1731 1884 1754; x_wconf 89' lang='lat' dir='ltr'>autem</span> <span class='ocrx_word' id='word_1_879' title='bbox 1906 1725 2076 1756; x_wconf 89' lang='lat' dir='ltr'>vehemens</span> <span class='ocrx_word' id='word_1_880' title='bbox 2100 1726 2233 1757; x_wconf 80' lang='lat' dir='ltr'>existens</span> <span class='ocrx_word' id='word_1_881' title='bbox 2255 1727 2289 1757; x_wconf 90' lang='lat' dir='ltr'>in</span> <span class='ocrx_word' id='word_1_882' title='bbox 2306 1728 2422 1758; x_wconf 88' lang='lat' dir='ltr'>minori</span> 
     </span>
     <span class='ocr_line' id='line_1_111' title="bbox 1421 1766 2421 1810; baseline 0.006 -14"><span class='ocrx_word' id='word_1_883' title='bbox 1421 1766 1610 1807; x_wconf 85' lang='lat' dir='ltr'>coagulavit,</span> <span class='ocrx_word' id='word_1_884' title='bbox 1631 1767 1710 1797; x_wconf 91' lang='lat' dir='ltr'>nihil</span> <span class='ocrx_word' id='word_1_885' title='bbox 1734 1768 1881 1808; x_wconf 91' lang='lat' dir='ltr'>prohibet</span> <span class='ocrx_word' id='word_1_886' title='bbox 1904 1769 2056 1800; x_wconf 88' lang='lat' dir='ltr'>elevatam</span> <span class='ocrx_word' id='word_1_887' title='bbox 2080 1771 2248 1810; x_wconf 87' lang='lat' dir='ltr'>congelari,</span> <span class='ocrx_word' id='word_1_888' title='bbox 2272 1771 2297 1801; x_wconf 90' lang='lat' dir='ltr'>si</span> <span class='ocrx_word' id='word_1_889' title='bbox 2313 1772 2346 1802; x_wconf 91' lang='lat' dir='ltr'>in</span> <span class='ocrx_word' id='word_1_890' title='bbox 2362 1773 2421 1803; x_wconf 88' lang='lat' dir='ltr'>mi-</span> 
     </span>
     <span class='ocr_line' id='line_1_112' title="bbox 1420 1810 2420 1855; baseline 0.006 -14"><span class='ocrx_word' id='word_1_891' title='bbox 1420 1810 1492 1841; x_wconf 89' lang='lat' dir='ltr'>nori</span> <span class='ocrx_word' id='word_1_892' title='bbox 1515 1810 1569 1842; x_wconf 88' lang='lat' dir='ltr'>fiat</span> <span class='ocrx_word' id='word_1_893' title='bbox 1592 1818 1736 1851; x_wconf 89' lang='lat' dir='ltr'>tempore</span> <span class='ocrx_word' id='word_1_894' title='bbox 1752 1813 1930 1852; x_wconf 85' lang='lat' dir='ltr'>coagulatio</span> <span class='ocrx_word' id='word_1_895' title='bbox 1954 1824 2052 1855; x_wconf 89' lang='lat' dir='ltr'>quam</span> <span class='ocrx_word' id='word_1_896' title='bbox 2067 1825 2149 1855; x_wconf 87' lang='lat' dir='ltr'>quae</span> <span class='ocrx_word' id='word_1_897' title='bbox 2168 1815 2319 1846; x_wconf 89' lang='lat' dir='ltr'>deorsum</span> <span class='ocrx_word' id='word_1_898' title='bbox 2333 1817 2420 1847; x_wconf 89' lang='lat' dir='ltr'>latio.</span> 
     </span>
     <span class='ocr_line' id='line_1_113' title="bbox 1420 1855 2422 1899; baseline 0.006 -14"><span class='ocrx_word' id='word_1_899' title='bbox 1420 1855 1462 1885; x_wconf 92' lang='lat' dir='ltr'>Et</span> <span class='ocrx_word' id='word_1_900' title='bbox 1484 1862 1605 1896; x_wconf 64' lang='lat' dir='ltr'>quanto</span> <span class='ocrx_word' id='word_1_901' title='bbox 1623 1856 1733 1897; x_wconf 92' lang='lat' dir='ltr'>utique</span> <span class='ocrx_word' id='word_1_902' title='bbox 1753 1857 1965 1898; x_wconf 88' lang='lat' dir='ltr'>propinquius</span> <span class='ocrx_word' id='word_1_903' title='bbox 1990 1865 2020 1889; x_wconf 91' lang='lat' dir='ltr'>et</span> <span class='ocrx_word' id='word_1_904' title='bbox 2038 1859 2137 1899; x_wconf 90' lang='lat' dir='ltr'>magis</span> <span class='ocrx_word' id='word_1_905' title='bbox 2154 1859 2260 1890; x_wconf 87' lang='lat' dir='ltr'>subito</span> <span class='ocrx_word' id='word_1_906' title='bbox 2280 1859 2334 1891; x_wconf 92' lang='lat' dir='ltr'>fiat</span> <span class='ocrx_word' id='word_1_907' title='bbox 2349 1871 2422 1891; x_wconf 88' lang='lat' dir='ltr'>coa-</span> 
     </span>
     <span class='ocr_line' id='line_1_114' title="bbox 1420 1899 2421 1945; baseline 0.005 -15"><span class='ocrx_word' id='word_1_908' title='bbox 1420 1899 1560 1940; x_wconf 89' lang='lat' dir='ltr'>gulatio,</span> <span class='ocrx_word' id='word_1_909' title='bbox 1585 1906 1615 1931; x_wconf 89' lang='lat' dir='ltr'>et</span> <span class='ocrx_word' id='word_1_910' title='bbox 1638 1910 1738 1941; x_wconf 83' lang='lat' dir='ltr'>aquae</span> <span class='ocrx_word' id='word_1_911' title='bbox 1770 1901 1944 1932; x_wconf 90' lang='lat' dir='ltr'>labroterae</span> <span class='ocrx_word' id='word_1_912' title='bbox 1966 1902 2062 1941; x_wconf 92' lang='lat' dir='ltr'>fiunt,</span> <span class='ocrx_word' id='word_1_913' title='bbox 2091 1910 2121 1934; x_wconf 92' lang='lat' dir='ltr'>et</span> <span class='ocrx_word' id='word_1_914' title='bbox 2143 1910 2249 1943; x_wconf 89' lang='lat' dir='ltr'>guttae</span> <span class='ocrx_word' id='word_1_915' title='bbox 2274 1911 2304 1935; x_wconf 92' lang='lat' dir='ltr'>et</span> <span class='ocrx_word' id='word_1_916' title='bbox 2331 1915 2421 1945; x_wconf 87' lang='lat' dir='ltr'>gran-</span> 
     </span>
     <span class='ocr_line' id='line_1_115' title="bbox 1421 1944 2423 1987; baseline 0.007 -14"><span class='ocrx_word' id='word_1_917' title='bbox 1421 1944 1509 1974; x_wconf 91' lang='lat' dir='ltr'>dines</span> <span class='ocrx_word' id='word_1_918' title='bbox 1532 1944 1680 1984; x_wconf 85' lang='lat' dir='ltr'>maiores,</span> <span class='ocrx_word' id='word_1_919' title='bbox 1703 1952 1870 1986; x_wconf 87' lang='lat' dir='ltr'>propterea</span> <span class='ocrx_word' id='word_1_920' title='bbox 1892 1947 1981 1987; x_wconf 93' lang='lat' dir='ltr'>quod</span> <span class='ocrx_word' id='word_1_921' title='bbox 2004 1947 2090 1977; x_wconf 92' lang='lat' dir='ltr'>brevi</span> <span class='ocrx_word' id='word_1_922' title='bbox 2113 1947 2252 1978; x_wconf 88' lang='lat' dir='ltr'>ferantur</span> <span class='ocrx_word' id='word_1_923' title='bbox 2274 1948 2357 1980; x_wconf 91' lang='lat' dir='ltr'>loco.</span> <span class='ocrx_word' id='word_1_924' title='bbox 2382 1950 2423 1980; x_wconf 89' lang='lat' dir='ltr'>Et</span> 
     </span>
     <span class='ocr_line' id='line_1_116' title="bbox 1420 1989 2423 2033; baseline 0.005 -14"><span class='ocrx_word' id='word_1_925' title='bbox 1420 1998 1487 2019; x_wconf 91' lang='lat' dir='ltr'>non</span> <span class='ocrx_word' id='word_1_926' title='bbox 1511 1989 1635 2020; x_wconf 89' lang='lat' dir='ltr'>crebrae</span> <span class='ocrx_word' id='word_1_927' title='bbox 1657 1996 1764 2029; x_wconf 88' lang='lat' dir='ltr'>guttae</span> <span class='ocrx_word' id='word_1_928' title='bbox 1788 2000 1870 2030; x_wconf 84' lang='lat' dir='ltr'>quae</span> <span class='ocrx_word' id='word_1_929' title='bbox 1893 2001 2026 2031; x_wconf 89' lang='lat' dir='ltr'>magnae</span> <span class='ocrx_word' id='word_1_930' title='bbox 2043 1991 2174 2030; x_wconf 90' lang='lat' dir='ltr'>cadunt,</span> <span class='ocrx_word' id='word_1_931' title='bbox 2197 1999 2327 2033; x_wconf 91' lang='lat' dir='ltr'>propter</span> <span class='ocrx_word' id='word_1_932' title='bbox 2349 2003 2423 2024; x_wconf 85' lang='lat' dir='ltr'>ean-</span> 
     </span>
     <span class='ocr_line' id='line_1_117' title="bbox 1421 2033 1657 2064; baseline 0.004 -2"><span class='ocrx_word' id='word_1_933' title='bbox 1421 2033 1496 2063; x_wconf 88' lang='lat' dir='ltr'>dem</span> <span class='ocrx_word' id='word_1_934' title='bbox 1519 2043 1657 2064; x_wconf 87' lang='lat' dir='ltr'>causam.</span> 
     </span>
    </p>

    <p class='ocr_par' dir='ltr' id='par_1_35' title="bbox 1354 2076 2422 2329">
     <span class='ocr_line' id='line_1_118' title="bbox 1354 2076 2422 2122; baseline 0.005 -15"><span class='ocrx_word' id='word_1_935' title='bbox 1354 2076 1461 2108; x_wconf 85' lang='lat' dir='ltr'>Minus</span> <span class='ocrx_word' id='word_1_936' title='bbox 1484 2084 1593 2108; x_wconf 86' lang='lat' dir='ltr'>autem</span> <span class='ocrx_word' id='word_1_937' title='bbox 1623 2084 1738 2109; x_wconf 86' lang='lat' dir='ltr'>aestate</span> <span class='ocrx_word' id='word_1_938' title='bbox 1768 2077 1804 2108; x_wconf 89' lang='lat' dir='ltr'>fit</span> <span class='ocrx_word' id='word_1_939' title='bbox 1834 2089 1932 2119; x_wconf 91' lang='lat' dir='ltr'>quam</span> <span class='ocrx_word' id='word_1_940' title='bbox 1955 2089 2026 2110; x_wconf 88' lang='lat' dir='ltr'>vere</span> <span class='ocrx_word' id='word_1_941' title='bbox 2055 2087 2086 2111; x_wconf 94' lang='lat' dir='ltr'>et</span> <span class='ocrx_word' id='word_1_942' title='bbox 2114 2087 2291 2119; x_wconf 90' lang='lat' dir='ltr'>autumno,</span> <span class='ocrx_word' id='word_1_943' title='bbox 2321 2081 2422 2122; x_wconf 88' lang='lat' dir='ltr'>magis</span> 
     </span>
     <span class='ocr_line' id='line_1_119' title="bbox 1421 2122 2422 2164; baseline 0.005 -13"><span class='ocrx_word' id='word_1_944' title='bbox 1421 2128 1529 2152; x_wconf 84' lang='lat' dir='ltr'>autem</span> <span class='ocrx_word' id='word_1_945' title='bbox 1552 2132 1651 2163; x_wconf 89' lang='lat' dir='ltr'>quam</span> <span class='ocrx_word' id='word_1_946' title='bbox 1682 2122 1803 2161; x_wconf 86' lang='lat' dir='ltr'>hieme,</span> <span class='ocrx_word' id='word_1_947' title='bbox 1827 2123 1903 2164; x_wconf 87' lang='lat' dir='ltr'>quia</span> <span class='ocrx_word' id='word_1_948' title='bbox 1930 2124 2041 2154; x_wconf 90' lang='lat' dir='ltr'>siccior</span> <span class='ocrx_word' id='word_1_949' title='bbox 2064 2135 2116 2155; x_wconf 91' lang='lat' dir='ltr'>aer</span> <span class='ocrx_word' id='word_1_950' title='bbox 2138 2131 2269 2164; x_wconf 85' lang='lat' dir='ltr'>aestate,</span> <span class='ocrx_word' id='word_1_951' title='bbox 2295 2125 2328 2156; x_wconf 90' lang='lat' dir='ltr'>in</span> <span class='ocrx_word' id='word_1_952' title='bbox 2350 2136 2422 2157; x_wconf 92' lang='lat' dir='ltr'>vere</span> 
     </span>
     <span class='ocr_line' id='line_1_120' title="bbox 1421 2166 2422 2205; baseline 0.005 -9"><span class='ocrx_word' id='word_1_953' title='bbox 1421 2173 1529 2197; x_wconf 90' lang='lat' dir='ltr'>autem</span> <span class='ocrx_word' id='word_1_954' title='bbox 1552 2166 1656 2197; x_wconf 83' lang='lat' dir='ltr'>adhue</span> <span class='ocrx_word' id='word_1_955' title='bbox 1679 2166 1842 2205; x_wconf 88' lang='lat' dir='ltr'>humidus,</span> <span class='ocrx_word' id='word_1_956' title='bbox 1862 2167 1895 2198; x_wconf 91' lang='lat' dir='ltr'>in</span> <span class='ocrx_word' id='word_1_957' title='bbox 1919 2175 2076 2199; x_wconf 88' lang='lat' dir='ltr'>autumno</span> <span class='ocrx_word' id='word_1_958' title='bbox 2100 2175 2208 2199; x_wconf 89' lang='lat' dir='ltr'>autem</span> <span class='ocrx_word' id='word_1_959' title='bbox 2229 2169 2295 2199; x_wconf 87' lang='lat' dir='ltr'>iam</span> <span class='ocrx_word' id='word_1_960' title='bbox 2310 2170 2422 2201; x_wconf 90' lang='lat' dir='ltr'>hume-</span> 
     </span>
     <span class='ocr_line' id='line_1_121' title="bbox 1421 2210 2422 2253; baseline 0.005 -13"><span class='ocrx_word' id='word_1_961' title='bbox 1421 2217 1531 2241; x_wconf 89' lang='lat' dir='ltr'>ctatur.</span> <span class='ocrx_word' id='word_1_962' title='bbox 1556 2210 1654 2241; x_wconf 88' lang='lat' dir='ltr'>Fiunt</span> <span class='ocrx_word' id='word_1_963' title='bbox 1676 2217 1801 2248; x_wconf 86' lang='lat' dir='ltr'>autem,</span> <span class='ocrx_word' id='word_1_964' title='bbox 1827 2213 2103 2252; x_wconf 88' lang='lat' dir='ltr'>quemadmodum</span> <span class='ocrx_word' id='word_1_965' title='bbox 2126 2213 2190 2243; x_wconf 87' lang='lat' dir='ltr'>iam</span> <span class='ocrx_word' id='word_1_966' title='bbox 2214 2213 2334 2244; x_wconf 90' lang='lat' dir='ltr'>dictum</span> <span class='ocrx_word' id='word_1_967' title='bbox 2358 2222 2422 2253; x_wconf 91' lang='lat' dir='ltr'>est,</span> 
     </span>
     <span class='ocr_line' id='line_1_122' title="bbox 1420 2254 2422 2298; baseline 0.005 -14"><span class='ocrx_word' id='word_1_968' title='bbox 1420 2261 1452 2285; x_wconf 92' lang='lat' dir='ltr'>et</span> <span class='ocrx_word' id='word_1_969' title='bbox 1466 2254 1500 2285; x_wconf 90' lang='lat' dir='ltr'>in</span> <span class='ocrx_word' id='word_1_970' title='bbox 1516 2254 1728 2285; x_wconf 86' lang='lat' dir='ltr'>maturatione</span> <span class='ocrx_word' id='word_1_971' title='bbox 1751 2254 1914 2286; x_wconf 89' lang='lat' dir='ltr'>fructuum</span> <span class='ocrx_word' id='word_1_972' title='bbox 1937 2257 2115 2296; x_wconf 88' lang='lat' dir='ltr'>grandines,</span> <span class='ocrx_word' id='word_1_973' title='bbox 2139 2263 2268 2298; x_wconf 90' lang='lat' dir='ltr'>propter</span> <span class='ocrx_word' id='word_1_974' title='bbox 2289 2259 2422 2289; x_wconf 89' lang='lat' dir='ltr'>eandem</span> 
     </span>
     <span class='ocr_line' id='line_1_123' title="bbox 1421 2308 1559 2329; baseline 0 0"><span class='ocrx_word' id='word_1_975' title='bbox 1421 2308 1559 2329; x_wconf 88' lang='lat' dir='ltr'>causam.</span> 
     </span>
    </p>

    <p class='ocr_par' dir='ltr' id='par_1_36' title="bbox 1353 2342 2423 2959">
     <span class='ocr_line' id='line_1_124' title="bbox 1353 2342 2422 2387; baseline 0.005 -14"><span class='ocrx_word' id='word_1_976' title='bbox 1353 2342 1487 2374; x_wconf 88' lang='lat' dir='ltr'>Confert</span> <span class='ocrx_word' id='word_1_977' title='bbox 1510 2349 1618 2373; x_wconf 89' lang='lat' dir='ltr'>autem</span> <span class='ocrx_word' id='word_1_978' title='bbox 1640 2342 1744 2373; x_wconf 84' lang='lat' dir='ltr'>adhuc</span> <span class='ocrx_word' id='word_1_979' title='bbox 1761 2343 1800 2374; x_wconf 86' lang='lat' dir='ltr'>ad</span> <span class='ocrx_word' id='word_1_980' title='bbox 1820 2343 2008 2375; x_wconf 88' lang='lat' dir='ltr'>celeritatem</span> <span class='ocrx_word' id='word_1_981' title='bbox 2039 2345 2266 2385; x_wconf 87' lang='lat' dir='ltr'>coagulationis</span> <span class='ocrx_word' id='word_1_982' title='bbox 2290 2353 2321 2377; x_wconf 93' lang='lat' dir='ltr'>et</span> <span class='ocrx_word' id='word_1_983' title='bbox 2334 2357 2422 2387; x_wconf 89' lang='lat' dir='ltr'>prae-</span> 
     </span>
     <span class='ocr_line' id='line_1_125' title="bbox 1420 2387 2422 2431; baseline 0.005 -14"><span class='ocrx_word' id='word_1_984' title='bbox 1420 2387 1603 2418; x_wconf 85' lang='lat' dir='ltr'>calefactam</span> <span class='ocrx_word' id='word_1_985' title='bbox 1619 2397 1686 2418; x_wconf 90' lang='lat' dir='ltr'>esse</span> <span class='ocrx_word' id='word_1_986' title='bbox 1702 2395 1833 2428; x_wconf 87' lang='lat' dir='ltr'>aquarn:</span> <span class='ocrx_word' id='word_1_987' title='bbox 1852 2388 1943 2418; x_wconf 90' lang='lat' dir='ltr'>citius</span> <span class='ocrx_word' id='word_1_988' title='bbox 1959 2389 2044 2419; x_wconf 88' lang='lat' dir='ltr'>enim</span> <span class='ocrx_word' id='word_1_989' title='bbox 2060 2389 2266 2430; x_wconf 86' lang='lat' dir='ltr'>infrigidatur.</span> <span class='ocrx_word' id='word_1_990' title='bbox 2288 2391 2422 2431; x_wconf 88' lang='lat' dir='ltr'>Propter</span> 
     </span>
     <span class='ocr_line' id='line_1_126' title="bbox 1419 2431 2422 2473; baseline 0.005 -12"><span class='ocrx_word' id='word_1_991' title='bbox 1419 2431 1508 2472; x_wconf 92' lang='lat' dir='ltr'>quod</span> <span class='ocrx_word' id='word_1_992' title='bbox 1531 2431 1636 2470; x_wconf 90' lang='lat' dir='ltr'>multi,</span> <span class='ocrx_word' id='word_1_993' title='bbox 1653 2441 1727 2462; x_wconf 89' lang='lat' dir='ltr'>cum</span> <span class='ocrx_word' id='word_1_994' title='bbox 1747 2432 1881 2463; x_wconf 87' lang='lat' dir='ltr'>calidam</span> <span class='ocrx_word' id='word_1_995' title='bbox 1903 2432 2082 2473; x_wconf 84' lang='lat' dir='ltr'>infrigidare</span> <span class='ocrx_word' id='word_1_996' title='bbox 2106 2434 2168 2464; x_wconf 89' lang='lat' dir='ltr'>cito</span> <span class='ocrx_word' id='word_1_997' title='bbox 2191 2434 2362 2472; x_wconf 85' lang='lat' dir='ltr'>voluerint,</span> <span class='ocrx_word' id='word_1_998' title='bbox 2382 2437 2422 2466; x_wconf 91' lang='lat' dir='ltr'>ad</span> 
     </span>
     <span class='ocr_line' id='line_1_127' title="bbox 1420 2476 2421 2518; baseline 0.004 -12"><span class='ocrx_word' id='word_1_999' title='bbox 1420 2476 1522 2506; x_wconf 88' lang='lat' dir='ltr'>solem</span> <span class='ocrx_word' id='word_1_1000' title='bbox 1545 2483 1673 2516; x_wconf 91' lang='lat' dir='ltr'>ponunt</span> <span class='ocrx_word' id='word_1_1001' title='bbox 1695 2476 1812 2516; x_wconf 91' lang='lat' dir='ltr'>primo.</span> <span class='ocrx_word' id='word_1_1002' title='bbox 1844 2477 1885 2507; x_wconf 94' lang='lat' dir='ltr'>Et</span> <span class='ocrx_word' id='word_1_1003' title='bbox 1912 2477 1969 2518; x_wconf 93' lang='lat' dir='ltr'>qui</span> <span class='ocrx_word' id='word_1_1004' title='bbox 1996 2477 2076 2508; x_wconf 89' lang='lat' dir='ltr'>circa</span> <span class='ocrx_word' id='word_1_1005' title='bbox 2099 2478 2258 2517; x_wconf 87' lang='lat' dir='ltr'>Pontum,</span> <span class='ocrx_word' id='word_1_1006' title='bbox 2287 2490 2361 2510; x_wconf 90' lang='lat' dir='ltr'>cum</span> <span class='ocrx_word' id='word_1_1007' title='bbox 2388 2480 2421 2510; x_wconf 90' lang='lat' dir='ltr'>in</span> 
     </span>
     <span class='ocr_line' id='line_1_128' title="bbox 1419 2520 2421 2567; baseline 0.006 -18"><span class='ocrx_word' id='word_1_1008' title='bbox 1419 2520 1519 2560; x_wconf 90' lang='lat' dir='ltr'>glacie</span> <span class='ocrx_word' id='word_1_1009' title='bbox 1541 2520 1720 2551; x_wconf 89' lang='lat' dir='ltr'>habitacula</span> <span class='ocrx_word' id='word_1_1010' title='bbox 1750 2520 1880 2552; x_wconf 87' lang='lat' dir='ltr'>fecerint</span> <span class='ocrx_word' id='word_1_1011' title='bbox 1902 2521 1942 2551; x_wconf 90' lang='lat' dir='ltr'>ad</span> <span class='ocrx_word' id='word_1_1012' title='bbox 1965 2521 2101 2561; x_wconf 88' lang='lat' dir='ltr'>piscium</span> <span class='ocrx_word' id='word_1_1013' title='bbox 2123 2523 2325 2554; x_wconf 87' lang='lat' dir='ltr'>venationem</span> <span class='ocrx_word' id='word_1_1014' title='bbox 2349 2522 2421 2567; x_wconf 88' lang='lat' dir='ltr'>(ve-</span> 
     </span>
     <span class='ocr_line' id='line_1_129' title="bbox 1419 2564 2422 2608; baseline 0.005 -14"><span class='ocrx_word' id='word_1_1015' title='bbox 1419 2571 1536 2595; x_wconf 87' lang='lat' dir='ltr'>nantur</span> <span class='ocrx_word' id='word_1_1016' title='bbox 1551 2565 1637 2595; x_wconf 87' lang='lat' dir='ltr'>enim</span> <span class='ocrx_word' id='word_1_1017' title='bbox 1653 2564 1871 2596; x_wconf 88' lang='lat' dir='ltr'>descindentes</span> <span class='ocrx_word' id='word_1_1018' title='bbox 1886 2564 2045 2608; x_wconf 86' lang='lat' dir='ltr'>glaciem),</span> <span class='ocrx_word' id='word_1_1019' title='bbox 2060 2576 2177 2607; x_wconf 88' lang='lat' dir='ltr'>aquam</span> <span class='ocrx_word' id='word_1_1020' title='bbox 2193 2567 2327 2598; x_wconf 87' lang='lat' dir='ltr'>calidam</span> <span class='ocrx_word' id='word_1_1021' title='bbox 2344 2569 2422 2599; x_wconf 90' lang='lat' dir='ltr'>cala-</span> 
     </span>
     <span class='ocr_line' id='line_1_130' title="bbox 1419 2609 2420 2652; baseline 0.004 -13"><span class='ocrx_word' id='word_1_1022' title='bbox 1419 2609 1480 2639; x_wconf 89' lang='lat' dir='ltr'>mis</span> <span class='ocrx_word' id='word_1_1023' title='bbox 1504 2609 1782 2647; x_wconf 85' lang='lat' dir='ltr'>circumfundunt,</span> <span class='ocrx_word' id='word_1_1024' title='bbox 1806 2616 1972 2649; x_wconf 87' lang='lat' dir='ltr'>propterea</span> <span class='ocrx_word' id='word_1_1025' title='bbox 1995 2611 2085 2651; x_wconf 93' lang='lat' dir='ltr'>quod</span> <span class='ocrx_word' id='word_1_1026' title='bbox 2105 2610 2197 2642; x_wconf 86' lang='lat' dir='ltr'>citius</span> <span class='ocrx_word' id='word_1_1027' title='bbox 2219 2612 2420 2652; x_wconf 86' lang='lat' dir='ltr'>coagulatur:</span> 
     </span>
     <span class='ocr_line' id='line_1_131' title="bbox 1420 2653 2421 2696; baseline 0.004 -13"><span class='ocrx_word' id='word_1_1028' title='bbox 1420 2660 1554 2684; x_wconf 90' lang='lat' dir='ltr'>utuntur</span> <span class='ocrx_word' id='word_1_1029' title='bbox 1573 2653 1658 2684; x_wconf 88' lang='lat' dir='ltr'>enim</span> <span class='ocrx_word' id='word_1_1030' title='bbox 1673 2653 1773 2694; x_wconf 84' lang='lat' dir='ltr'>glacie</span> <span class='ocrx_word' id='word_1_1031' title='bbox 1796 2653 1886 2694; x_wconf 90' lang='lat' dir='ltr'>quasi</span> <span class='ocrx_word' id='word_1_1032' title='bbox 1902 2654 2048 2694; x_wconf 89' lang='lat' dir='ltr'>plumbo,</span> <span class='ocrx_word' id='word_1_1033' title='bbox 2067 2662 2104 2685; x_wconf 92' lang='lat' dir='ltr'>ut</span> <span class='ocrx_word' id='word_1_1034' title='bbox 2122 2655 2285 2696; x_wconf 89' lang='lat' dir='ltr'>quiescant</span> <span class='ocrx_word' id='word_1_1035' title='bbox 2301 2657 2421 2688; x_wconf 88' lang='lat' dir='ltr'>calami.</span> 
     </span>
     <span class='ocr_line' id='line_1_132' title="bbox 1419 2697 2423 2740; baseline 0.003 -11"><span class='ocrx_word' id='word_1_1036' title='bbox 1419 2697 1531 2729; x_wconf 86' lang='lat' dir='ltr'>Calida</span> <span class='ocrx_word' id='word_1_1037' title='bbox 1554 2704 1662 2728; x_wconf 83' lang='lat' dir='ltr'>autem</span> <span class='ocrx_word' id='word_1_1038' title='bbox 1691 2697 1727 2729; x_wconf 93' lang='lat' dir='ltr'>fit</span> <span class='ocrx_word' id='word_1_1039' title='bbox 1749 2697 1812 2728; x_wconf 88' lang='lat' dir='ltr'>cito</span> <span class='ocrx_word' id='word_1_1040' title='bbox 1844 2705 1991 2729; x_wconf 90' lang='lat' dir='ltr'>constans</span> <span class='ocrx_word' id='word_1_1041' title='bbox 2018 2709 2101 2740; x_wconf 88' lang='lat' dir='ltr'>aqua</span> <span class='ocrx_word' id='word_1_1042' title='bbox 2131 2699 2164 2729; x_wconf 91' lang='lat' dir='ltr'>in</span> <span class='ocrx_word' id='word_1_1043' title='bbox 2188 2699 2368 2739; x_wconf 88' lang='lat' dir='ltr'>regionibus</span> <span class='ocrx_word' id='word_1_1044' title='bbox 2392 2708 2423 2732; x_wconf 88' lang='lat' dir='ltr'>et</span> 
     </span>
     <span class='ocr_line' id='line_1_133' title="bbox 1418 2740 2422 2782; baseline 0.003 -10"><span class='ocrx_word' id='word_1_1045' title='bbox 1418 2742 1452 2772; x_wconf 89' lang='lat' dir='ltr'>in</span> <span class='ocrx_word' id='word_1_1046' title='bbox 1471 2740 1671 2782; x_wconf 75' lang='lat' dir='ltr'>temporibus</span> <span class='ocrx_word' id='word_1_1047' title='bbox 1694 2742 1812 2772; x_wconf 83' lang='lat' dir='ltr'>calidis.</span> <span class='ocrx_word' id='word_1_1048' title='bbox 1838 2742 1934 2773; x_wconf 91' lang='lat' dir='ltr'>Fiunt</span> <span class='ocrx_word' id='word_1_1049' title='bbox 1957 2750 2063 2774; x_wconf 86' lang='lat' dir='ltr'>autern</span> <span class='ocrx_word' id='word_1_1050' title='bbox 2080 2750 2111 2774; x_wconf 92' lang='lat' dir='ltr'>et</span> <span class='ocrx_word' id='word_1_1051' title='bbox 2134 2743 2213 2774; x_wconf 88' lang='lat' dir='ltr'>circa</span> <span class='ocrx_word' id='word_1_1052' title='bbox 2226 2745 2375 2775; x_wconf 84' lang='lat' dir='ltr'>Arabiam</span> <span class='ocrx_word' id='word_1_1053' title='bbox 2391 2752 2422 2776; x_wconf 91' lang='lat' dir='ltr'>et</span> 
     </span>
     <span class='ocr_line' id='line_1_134' title="bbox 1418 2786 2418 2827; baseline 0.003 -11"><span class='ocrx_word' id='word_1_1054' title='bbox 1418 2786 1625 2826; x_wconf 90' lang='lat' dir='ltr'>Aethiopiam</span> <span class='ocrx_word' id='word_1_1055' title='bbox 1648 2793 1763 2817; x_wconf 87' lang='lat' dir='ltr'>aestate</span> <span class='ocrx_word' id='word_1_1056' title='bbox 1787 2796 1898 2827; x_wconf 86' lang='lat' dir='ltr'>aquae,</span> <span class='ocrx_word' id='word_1_1057' title='bbox 1923 2796 1990 2817; x_wconf 90' lang='lat' dir='ltr'>non</span> <span class='ocrx_word' id='word_1_1058' title='bbox 2008 2787 2041 2817; x_wconf 92' lang='lat' dir='ltr'>in</span> <span class='ocrx_word' id='word_1_1059' title='bbox 2059 2788 2175 2825; x_wconf 86' lang='lat' dir='ltr'>hieme,</span> <span class='ocrx_word' id='word_1_1060' title='bbox 2195 2794 2226 2818; x_wconf 90' lang='lat' dir='ltr'>et</span> <span class='ocrx_word' id='word_1_1061' title='bbox 2250 2788 2309 2819; x_wconf 88' lang='lat' dir='ltr'>hae</span> <span class='ocrx_word' id='word_1_1062' title='bbox 2325 2789 2418 2819; x_wconf 89' lang='lat' dir='ltr'>vehe-</span> 
     </span>
     <span class='ocr_line' id='line_1_135' title="bbox 1418 2830 2419 2872; baseline 0.003 -12"><span class='ocrx_word' id='word_1_1063' title='bbox 1418 2837 1540 2861; x_wconf 90' lang='lat' dir='ltr'>mentes</span> <span class='ocrx_word' id='word_1_1064' title='bbox 1564 2837 1595 2861; x_wconf 91' lang='lat' dir='ltr'>et</span> <span class='ocrx_word' id='word_1_1065' title='bbox 1618 2831 1730 2861; x_wconf 87' lang='lat' dir='ltr'>eadem</span> <span class='ocrx_word' id='word_1_1066' title='bbox 1752 2830 1802 2861; x_wconf 90' lang='lat' dir='ltr'>die</span> <span class='ocrx_word' id='word_1_1067' title='bbox 1826 2841 1936 2871; x_wconf 89' lang='lat' dir='ltr'>saepe,</span> <span class='ocrx_word' id='word_1_1068' title='bbox 1960 2838 2091 2872; x_wconf 91' lang='lat' dir='ltr'>propter</span> <span class='ocrx_word' id='word_1_1069' title='bbox 2118 2832 2250 2862; x_wconf 88' lang='lat' dir='ltr'>eandem</span> <span class='ocrx_word' id='word_1_1070' title='bbox 2274 2841 2419 2863; x_wconf 88' lang='lat' dir='ltr'>causam:</span> 
     </span>
     <span class='ocr_line' id='line_1_136' title="bbox 1418 2872 2421 2916; baseline 0.002 -11"><span class='ocrx_word' id='word_1_1071' title='bbox 1418 2875 1481 2906; x_wconf 88' lang='lat' dir='ltr'>cito</span> <span class='ocrx_word' id='word_1_1072' title='bbox 1506 2874 1592 2905; x_wconf 87' lang='lat' dir='ltr'>enim</span> <span class='ocrx_word' id='word_1_1073' title='bbox 1614 2874 1836 2914; x_wconf 87' lang='lat' dir='ltr'>infrigidantur</span> <span class='ocrx_word' id='word_1_1074' title='bbox 1865 2875 2091 2915; x_wconf 86' lang='lat' dir='ltr'>antiperistasi,</span> <span class='ocrx_word' id='word_1_1075' title='bbox 2119 2885 2201 2916; x_wconf 90' lang='lat' dir='ltr'>quae</span> <span class='ocrx_word' id='word_1_1076' title='bbox 2228 2875 2264 2907; x_wconf 92' lang='lat' dir='ltr'>fit</span> <span class='ocrx_word' id='word_1_1077' title='bbox 2291 2872 2421 2916; x_wconf 83' lang='lat' dir='ltr'>propter</span> 
     </span>
     <span class='ocr_line' id='line_1_137' title="bbox 1419 2919 1954 2959; baseline 0 -9"><span class='ocrx_word' id='word_1_1078' title='bbox 1419 2919 1553 2950; x_wconf 85' lang='lat' dir='ltr'>calidam</span> <span class='ocrx_word' id='word_1_1079' title='bbox 1577 2929 1644 2949; x_wconf 90' lang='lat' dir='ltr'>esse</span> <span class='ocrx_word' id='word_1_1080' title='bbox 1667 2919 1832 2959; x_wconf 88' lang='lat' dir='ltr'>regionem</span> <span class='ocrx_word' id='word_1_1081' title='bbox 1853 2919 1954 2950; x_wconf 89' lang='lat' dir='ltr'>valde.</span> 
     </span>
    </p>
   </div>
   <div class='ocr_carea' id='block_1_8' title="bbox 1351 3101 2417 3228">
    <p class='ocr_par' dir='ltr' id='par_1_37' title="bbox 1351 3101 2417 3228">
     <span class='ocr_line' id='line_1_138' title="bbox 1351 3101 2417 3143; baseline -0.001 -9"><span class='ocrx_word' id='word_1_1082' title='bbox 1351 3104 1399 3134; x_wconf 90' lang='lat' dir='ltr'>De</span> <span class='ocrx_word' id='word_1_1083' title='bbox 1422 3102 1530 3143; x_wconf 88' lang='lat' dir='ltr'>pluvia</span> <span class='ocrx_word' id='word_1_1084' title='bbox 1553 3101 1684 3142; x_wconf 89' lang='lat' dir='ltr'>quidem</span> <span class='ocrx_word' id='word_1_1085' title='bbox 1699 3101 1793 3142; x_wconf 90' lang='lat' dir='ltr'>igitur</span> <span class='ocrx_word' id='word_1_1086' title='bbox 1813 3108 1844 3132; x_wconf 89' lang='lat' dir='ltr'>et</span> <span class='ocrx_word' id='word_1_1087' title='bbox 1859 3111 1930 3132; x_wconf 90' lang='lat' dir='ltr'>rore</span> <span class='ocrx_word' id='word_1_1088' title='bbox 1954 3108 1985 3132; x_wconf 91' lang='lat' dir='ltr'>et</span> <span class='ocrx_word' id='word_1_1089' title='bbox 2007 3101 2078 3132; x_wconf 90' lang='lat' dir='ltr'>nive</span> <span class='ocrx_word' id='word_1_1090' title='bbox 2102 3108 2133 3132; x_wconf 91' lang='lat' dir='ltr'>et</span> <span class='ocrx_word' id='word_1_1091' title='bbox 2155 3101 2268 3142; x_wconf 89' lang='lat' dir='ltr'>pruina</span> <span class='ocrx_word' id='word_1_1092' title='bbox 2282 3108 2313 3132; x_wconf 88' lang='lat' dir='ltr'>et</span> <span class='ocrx_word' id='word_1_1093' title='bbox 2327 3112 2417 3142; x_wconf 89' lang='lat' dir='ltr'>gran-</span> 
     </span>
     <span class='ocr_line' id='line_1_139' title="bbox 1419 3145 2417 3187; baseline 0 -10"><span class='ocrx_word' id='word_1_1094' title='bbox 1419 3147 1503 3185; x_wconf 89' lang='lat' dir='ltr'>dine,</span> <span class='ocrx_word' id='word_1_1095' title='bbox 1519 3153 1648 3186; x_wconf 86' lang='lat' dir='ltr'>propter</span> <span class='ocrx_word' id='word_1_1096' title='bbox 1668 3156 1766 3186; x_wconf 87' lang='lat' dir='ltr'>quam</span> <span class='ocrx_word' id='word_1_1097' title='bbox 1790 3155 1918 3176; x_wconf 86' lang='lat' dir='ltr'>causam</span> <span class='ocrx_word' id='word_1_1098' title='bbox 1940 3145 2032 3184; x_wconf 89' lang='lat' dir='ltr'>fiunt,</span> <span class='ocrx_word' id='word_1_1099' title='bbox 2049 3152 2080 3176; x_wconf 90' lang='lat' dir='ltr'>et</span> <span class='ocrx_word' id='word_1_1100' title='bbox 2093 3155 2176 3186; x_wconf 87' lang='lat' dir='ltr'>quae</span> <span class='ocrx_word' id='word_1_1101' title='bbox 2198 3152 2310 3176; x_wconf 87' lang='lat' dir='ltr'>natura</span> <span class='ocrx_word' id='word_1_1102' title='bbox 2331 3146 2417 3187; x_wconf 87' lang='lat' dir='ltr'>ipso-</span> 
     </span>
     <span class='ocr_line' id='line_1_140' title="bbox 1419 3189 1880 3228; baseline -0.004 -7"><span class='ocrx_word' id='word_1_1103' title='bbox 1419 3201 1493 3221; x_wconf 91' lang='lat' dir='ltr'>rum</span> <span class='ocrx_word' id='word_1_1104' title='bbox 1517 3197 1573 3228; x_wconf 90' lang='lat' dir='ltr'>est,</span> <span class='ocrx_word' id='word_1_1105' title='bbox 1598 3190 1679 3220; x_wconf 89' lang='lat' dir='ltr'>dicta</span> <span class='ocrx_word' id='word_1_1106' title='bbox 1702 3189 1764 3220; x_wconf 89' lang='lat' dir='ltr'>sint</span> <span class='ocrx_word' id='word_1_1107' title='bbox 1786 3195 1880 3220; x_wconf 89' lang='lat' dir='ltr'>tanta.</span> 
     </span>
    </p>
   </div>
   <div class='ocr_carea' id='block_1_9' title="bbox 1348 3301 2418 3659">
    <p class='ocr_par' dir='ltr' id='par_1_38' title="bbox 1348 3301 2418 3659">
     <span class='ocr_line' id='line_1_141' title="bbox 1350 3301 2418 3341; baseline 0.001 -10"><span class='ocrx_word' id='word_1_1108' title='bbox 1350 3309 1407 3332; x_wconf 86' lang='lat' dir='ltr'>tem</span> <span class='ocrx_word' id='word_1_1109' title='bbox 1429 3303 1570 3341; x_wconf 75' lang='lat' dir='ltr'>ingerunt</span> <span class='ocrx_word' id='word_1_1110' title='bbox 1590 3302 1670 3330; x_wconf 85' lang='lat' dir='ltr'>circa</span> <span class='ocrx_word' id='word_1_1111' title='bbox 1689 3301 1910 3340; x_wconf 58' lang='lat' dir='ltr'>gener-attonem</span> <span class='ocrx_word' id='word_1_1112' title='bbox 1931 3302 2097 3340; x_wconf 83' lang='lat' dir='ltr'>grandinis.</span> <span class='ocrx_word' id='word_1_1113' title='bbox 2115 3303 2142 3338; x_wconf 86' lang='lat' dir='ltr'>a)</span> <span class='ocrx_word' id='word_1_1114' title='bbox 2159 3303 2234 3330; x_wconf 88' lang='lat' dir='ltr'>Cum</span> <span class='ocrx_word' id='word_1_1115' title='bbox 2247 3304 2359 3340; x_wconf 86' lang='lat' dir='ltr'>grando</span> <span class='ocrx_word' id='word_1_1116' title='bbox 2381 3303 2418 3332; x_wconf 90' lang='lat' dir='ltr'>sit</span> 
     </span>
     <span class='ocr_line' id='line_1_142' title="bbox 1349 3341 2415 3380; baseline 0.001 -9"><span class='ocrx_word' id='word_1_1117' title='bbox 1349 3352 1426 3380; x_wconf 88' lang='lat' dir='ltr'>aqua</span> <span class='ocrx_word' id='word_1_1118' title='bbox 1445 3343 1631 3370; x_wconf 89' lang='lat' dir='ltr'>vehementer</span> <span class='ocrx_word' id='word_1_1119' title='bbox 1645 3341 1803 3378; x_wconf 87' lang='lat' dir='ltr'>congelata,</span> <span class='ocrx_word' id='word_1_1120' title='bbox 1819 3341 1942 3369; x_wconf 87' lang='lat' dir='ltr'>maxime</span> <span class='ocrx_word' id='word_1_1121' title='bbox 1963 3342 2080 3370; x_wconf 86' lang='lat' dir='ltr'>deberet</span> <span class='ocrx_word' id='word_1_1122' title='bbox 2094 3341 2155 3370; x_wconf 89' lang='lat' dir='ltr'>fieri</span> <span class='ocrx_word' id='word_1_1123' title='bbox 2171 3342 2202 3370; x_wconf 91' lang='lat' dir='ltr'>in</span> <span class='ocrx_word' id='word_1_1124' title='bbox 2215 3342 2286 3371; x_wconf 87' lang='lat' dir='ltr'>locis</span> <span class='ocrx_word' id='word_1_1125' title='bbox 2301 3349 2329 3371; x_wconf 90' lang='lat' dir='ltr'>et</span> <span class='ocrx_word' id='word_1_1126' title='bbox 2342 3350 2415 3372; x_wconf 88' lang='lat' dir='ltr'>tem-</span> 
     </span>
     <span class='ocr_line' id='line_1_143' title="bbox 1349 3380 2417 3419; baseline 0.002 -9"><span class='ocrx_word' id='word_1_1127' title='bbox 1349 3382 1468 3419; x_wconf 91' lang='lat' dir='ltr'>poribus</span> <span class='ocrx_word' id='word_1_1128' title='bbox 1483 3381 1691 3418; x_wconf 86' lang='lat' dir='ltr'>frigidioribus:</span> <span class='ocrx_word' id='word_1_1129' title='bbox 1711 3380 1888 3409; x_wconf 84' lang='lat' dir='ltr'>contrarium</span> <span class='ocrx_word' id='word_1_1130' title='bbox 1903 3387 2000 3409; x_wconf 87' lang='lat' dir='ltr'>tamen</span> <span class='ocrx_word' id='word_1_1131' title='bbox 2014 3381 2132 3418; x_wconf 85' lang='lat' dir='ltr'>accidit3</span> <span class='ocrx_word' id='word_1_1132' title='bbox 2154 3381 2186 3410; x_wconf 85' lang='lat' dir='ltr'>fit</span> <span class='ocrx_word' id='word_1_1133' title='bbox 2200 3381 2277 3410; x_wconf 89' lang='lat' dir='ltr'>enim</span> <span class='ocrx_word' id='word_1_1134' title='bbox 2292 3383 2417 3412; x_wconf 89' lang='lat' dir='ltr'>maxime</span> 
     </span>
     <span class='ocr_line' id='line_1_144' title="bbox 1349 3420 2416 3458; baseline 0.001 -8"><span class='ocrx_word' id='word_1_1135' title='bbox 1349 3422 1379 3450; x_wconf 88' lang='lat' dir='ltr'>in</span> <span class='ocrx_word' id='word_1_1136' title='bbox 1400 3431 1465 3450; x_wconf 90' lang='lat' dir='ltr'>vere</span> <span class='ocrx_word' id='word_1_1137' title='bbox 1480 3427 1508 3449; x_wconf 93' lang='lat' dir='ltr'>et</span> <span class='ocrx_word' id='word_1_1138' title='bbox 1522 3427 1673 3456; x_wconf 86' lang='lat' dir='ltr'>autumno,</span> <span class='ocrx_word' id='word_1_1139' title='bbox 1687 3427 1715 3448; x_wconf 92' lang='lat' dir='ltr'>et</span> <span class='ocrx_word' id='word_1_1140' title='bbox 1729 3420 1759 3448; x_wconf 90' lang='lat' dir='ltr'>in</span> <span class='ocrx_word' id='word_1_1141' title='bbox 1773 3420 1844 3449; x_wconf 90' lang='lat' dir='ltr'>locis</span> <span class='ocrx_word' id='word_1_1142' title='bbox 1865 3421 2039 3457; x_wconf 89' lang='lat' dir='ltr'>temperatis.</span> <span class='ocrx_word' id='word_1_1143' title='bbox 2053 3437 2072 3442; x_wconf 93' lang='lat'><em>—</em></span> <span class='ocrx_word' id='word_1_1144' title='bbox 2089 3422 2115 3450; x_wconf 84' lang='lat'>3.</span> <span class='ocrx_word' id='word_1_1145' title='bbox 2137 3422 2174 3458; x_wconf 82' lang='lat' dir='ltr'>b).</span> <span class='ocrx_word' id='word_1_1146' title='bbox 2196 3423 2263 3450; x_wconf 92' lang='lat' dir='ltr'>Non</span> <span class='ocrx_word' id='word_1_1147' title='bbox 2284 3429 2326 3451; x_wconf 89' lang='lat' dir='ltr'>est</span> <span class='ocrx_word' id='word_1_1148' title='bbox 2348 3424 2416 3451; x_wconf 87' lang='lat' dir='ltr'>dare</span> 
     </span>
     <span class='ocr_line' id='line_1_145' title="bbox 1349 3460 2416 3500; baseline 0.002 -11"><span class='ocrx_word' id='word_1_1149' title='bbox 1349 3468 1463 3498; x_wconf 88' lang='lat' dir='ltr'>tempus</span> <span class='ocrx_word' id='word_1_1150' title='bbox 1477 3460 1507 3488; x_wconf 91' lang='lat' dir='ltr'>in</span> <span class='ocrx_word' id='word_1_1151' title='bbox 1521 3470 1581 3497; x_wconf 92' lang='lat' dir='ltr'>quo</span> <span class='ocrx_word' id='word_1_1152' title='bbox 1596 3469 1673 3497; x_wconf 91' lang='lat' dir='ltr'>aqua</span> <span class='ocrx_word' id='word_1_1153' title='bbox 1684 3460 1851 3497; x_wconf 86' lang='lat' dir='ltr'>congeletur</span> <span class='ocrx_word' id='word_1_1154' title='bbox 1864 3461 1901 3489; x_wconf 88' lang='lat' dir='ltr'>ad</span> <span class='ocrx_word' id='word_1_1155' title='bbox 1914 3460 2131 3498; x_wconf 82' lang='lat' dir='ltr'>generationem</span> <span class='ocrx_word' id='word_1_1156' title='bbox 2145 3461 2305 3499; x_wconf 85' lang='lat' dir='ltr'>grandinis:</span> <span class='ocrx_word' id='word_1_1157' title='bbox 2320 3472 2416 3500; x_wconf 91' lang='lat' dir='ltr'>neque</span> 
     </span>
     <span class='ocr_line' id='line_1_146' title="bbox 1349 3499 2416 3538; baseline 0.002 -10"><span class='ocrx_word' id='word_1_1158' title='bbox 1349 3501 1427 3529; x_wconf 88' lang='lat' dir='ltr'>enim</span> <span class='ocrx_word' id='word_1_1159' title='bbox 1448 3506 1605 3537; x_wconf 89' lang='lat' dir='ltr'>antequam</span> <span class='ocrx_word' id='word_1_1160' title='bbox 1627 3499 1663 3528; x_wconf 89' lang='lat' dir='ltr'>sit</span> <span class='ocrx_word' id='word_1_1161' title='bbox 1682 3500 1772 3535; x_wconf 85' lang='lat' dir='ltr'>facta,</span> <span class='ocrx_word' id='word_1_1162' title='bbox 1797 3506 1830 3528; x_wconf 91' lang='lat' dir='ltr'>ut</span> <span class='ocrx_word' id='word_1_1163' title='bbox 1850 3506 1943 3536; x_wconf 90' lang='lat' dir='ltr'>patet;</span> <span class='ocrx_word' id='word_1_1164' title='bbox 1972 3510 2067 3538; x_wconf 90' lang='lat' dir='ltr'>neque</span> <span class='ocrx_word' id='word_1_1165' title='bbox 2088 3501 2175 3530; x_wconf 86' lang='lat' dir='ltr'>etiam</span> <span class='ocrx_word' id='word_1_1166' title='bbox 2196 3508 2352 3538; x_wconf 90' lang='lat' dir='ltr'>postquam</span> <span class='ocrx_word' id='word_1_1167' title='bbox 2374 3509 2416 3531; x_wconf 88' lang='lat' dir='ltr'>est</span> 
     </span>
     <span class='ocr_line' id='line_1_147' title="bbox 1348 3539 2415 3577; baseline 0.003 -10"><span class='ocrx_word' id='word_1_1168' title='bbox 1348 3541 1431 3575; x_wconf 85' lang='lat' dir='ltr'>facta,</span> <span class='ocrx_word' id='word_1_1169' title='bbox 1447 3539 1515 3576; x_wconf 87' lang='lat' dir='ltr'>quia</span> <span class='ocrx_word' id='word_1_1170' title='bbox 1529 3539 1624 3568; x_wconf 82' lang='lat' dir='ltr'>statim</span> <span class='ocrx_word' id='word_1_1171' title='bbox 1646 3539 1731 3568; x_wconf 86' lang='lat' dir='ltr'>cadit.</span> <span class='ocrx_word' id='word_1_1172' title='bbox 1746 3556 1766 3561; x_wconf 95' lang='lat'>-</span> <span class='ocrx_word' id='word_1_1173' title='bbox 1779 3549 1806 3575; x_wconf 87' lang='lat'>4.</span> <span class='ocrx_word' id='word_1_1174' title='bbox 1822 3541 1973 3577; x_wconf 83' lang='lat' dir='ltr'>Apparens</span> <span class='ocrx_word' id='word_1_1175' title='bbox 1994 3540 2102 3569; x_wconf 90' lang='lat' dir='ltr'>solutio</span> <span class='ocrx_word' id='word_1_1176' title='bbox 2123 3541 2208 3570; x_wconf 88' lang='lat' dir='ltr'>huius</span> <span class='ocrx_word' id='word_1_1177' title='bbox 2230 3540 2415 3570; x_wconf 90' lang='lat' dir='ltr'>difficultatis.</span> 
     </span>
     <span class='ocr_line' id='line_1_148' title="bbox 1349 3579 2416 3617; baseline 0.003 -10"><span class='ocrx_word' id='word_1_1178' title='bbox 1349 3581 1435 3617; x_wconf 89' lang='lat' dir='ltr'>Aqua</span> <span class='ocrx_word' id='word_1_1179' title='bbox 1455 3579 1547 3607; x_wconf 90' lang='lat' dir='ltr'>divisa</span> <span class='ocrx_word' id='word_1_1180' title='bbox 1567 3579 1598 3607; x_wconf 90' lang='lat' dir='ltr'>in</span> <span class='ocrx_word' id='word_1_1181' title='bbox 1619 3579 1754 3608; x_wconf 83' lang='lat' dir='ltr'>minimas</span> <span class='ocrx_word' id='word_1_1182' title='bbox 1774 3586 1870 3616; x_wconf 86' lang='lat' dir='ltr'>partes</span> <span class='ocrx_word' id='word_1_1183' title='bbox 1885 3589 1946 3608; x_wconf 91' lang='lat' dir='ltr'>non</span> <span class='ocrx_word' id='word_1_1184' title='bbox 1960 3580 2056 3608; x_wconf 89' lang='lat' dir='ltr'>statim</span> <span class='ocrx_word' id='word_1_1185' title='bbox 2071 3581 2156 3616; x_wconf 88' lang='lat' dir='ltr'>cadit,</span> <span class='ocrx_word' id='word_1_1186' title='bbox 2171 3582 2223 3610; x_wconf 88' lang='lat' dir='ltr'>sed</span> <span class='ocrx_word' id='word_1_1187' title='bbox 2243 3581 2416 3610; x_wconf 88' lang='lat' dir='ltr'>immoratur</span> 
     </span>
     <span class='ocr_line' id='line_1_149' title="bbox 1349 3618 2415 3659; baseline 0.003 -12"><span class='ocrx_word' id='word_1_1188' title='bbox 1349 3619 1379 3648; x_wconf 91' lang='lat' dir='ltr'>in</span> <span class='ocrx_word' id='word_1_1189' title='bbox 1393 3629 1459 3648; x_wconf 91' lang='lat' dir='ltr'>aere</span> <span class='ocrx_word' id='word_1_1190' title='bbox 1474 3618 1557 3656; x_wconf 88' lang='lat' dir='ltr'>quasi</span> <span class='ocrx_word' id='word_1_1191' title='bbox 1572 3619 1699 3647; x_wconf 89' lang='lat' dir='ltr'>insidens</span> <span class='ocrx_word' id='word_1_1192' title='bbox 1720 3619 1761 3647; x_wconf 91' lang='lat' dir='ltr'>ei:</span> <span class='ocrx_word' id='word_1_1193' title='bbox 1784 3626 1812 3648; x_wconf 91' lang='lat' dir='ltr'>et</span> <span class='ocrx_word' id='word_1_1194' title='bbox 1833 3620 1874 3648; x_wconf 90' lang='lat' dir='ltr'>sic</span> <span class='ocrx_word' id='word_1_1195' title='bbox 1888 3629 1949 3648; x_wconf 92' lang='lat' dir='ltr'>non</span> <span class='ocrx_word' id='word_1_1196' title='bbox 1964 3626 2006 3648; x_wconf 91' lang='lat' dir='ltr'>est</span> <span class='ocrx_word' id='word_1_1197' title='bbox 2023 3620 2230 3650; x_wconf 89' lang='lat' dir='ltr'>inconveniens</span> <span class='ocrx_word' id='word_1_1198' title='bbox 2244 3623 2325 3659; x_wconf 90' lang='lat' dir='ltr'>quod</span> <span class='ocrx_word' id='word_1_1199' title='bbox 2338 3628 2415 3658; x_wconf 82' lang='lat' dir='ltr'>aqua</span> 
     </span>
    </p>
   </div>
   <div class='ocr_carea' id='block_1_10' title="bbox 2202 3686 2235 3712">
    <p class='ocr_par' dir='ltr' id='par_1_39' title="bbox 2202 3686 2235 3712">
     <span class='ocr_line' id='line_1_150' title="bbox 2202 3686 2235 3712; baseline 0.061 -2"><span class='ocrx_word' id='word_1_1200' title='bbox 2202 3686 2235 3712; x_wconf 90' lang='lat'>47</span> 
     </span>
    </p>
   </div>
  </div>
 </body>
</html>
