2782 4134
0 3653 13 3669 Β,

12 1143 35 1158 *⁸
44 1143 177 1171 enlm-u,
188 1149 235 1165 ιω.

213 1203 215 1205 ·
264 1186 463 1236 quoddam
487 1186 800 1235 improbandum,
823 1187 929 1235 quod
949 1200 1063 1236 supra
1091 1187 1334 1235 improbave-

229 1270 238 1272 -
263 1248 330 1287 rat,
356 1240 423 1277 sed
452 1240 692 1289 imperfecte3
724 1241 894 1278 secundo
922 1240 1166 1289 prosequitur
1192 1252 1334 1291 propo-

21 1297 37 1310 ·
46 1297 121 1320 Num.
134 1302 154 1326 5.

44 1937 145 1986 Lea-51
155 1969 205 1992 seq.

18 2582 151 2611 *mame
160 2582 231 2605 codd

84 2636 177 2679 .ἲὲ“ὲι“;ῗ
176 2636 232 2684 ‘15¹3

26 2920 32 2921 ἶ
37 2890 70 2917 88
74 2893 138 2922 quod
146 2893 233 2916 nultum

21 2966 23 2970 .
53 2950 159 2979 nequitur
179 2952 232 2974 add.

95 2980 117 2999 et
126 2977 178 3000 Par.

42 3213 103 3243 'fluia
115 3215 180 3243 nn]

1108 299 1220 335 CAP.
1251 300 1300 347 ΙΙ,
1331 299 1483 336 LECT.
1512 299 1599 336 VIII
2378 302 2453 338 255

262 374 466 410 nifestandum,
482 381 598 411 oportet
615 375 744 412 accipere
761 375 844 412 quasi
858 375 1042 412 principium,
1060 386 1135 413 quae
1150 376 1186 405 sit
1200 377 1333 405 elementi

262 421 381 450 natura;
403 415 485 451 quod
505 414 704 443 manifestatur
723 424 775 451 per
796 415 856 443 eius
878 415 1087 444 definitionem.
1103 433 1123 437 -
1137 417 1164 444 6.
1179 417 1245 444 Alia
1265 418 1333 445 sub-

263 453 366 483 divisio
387 461 489 482 textus.
510 470 531 475 —
550 454 689 482 Definitio
711 454 853 482 elementi.
878 455 1061 483 Elementum
1083 456 1206 484 aliorum
1229 466 1333 492 corpo-

263 504 328 522 rum
343 500 401 522 est:
423 495 451 529 α)
473 493 503 521 in
524 494 605 530 quod
621 493 677 522 alia
690 503 814 530 corpora
829 494 1027 529 resolvuntur;
1050 495 1144 523 solum
1160 496 1236 523 enim
1253 497 1333 532 quod

263 534 350 562 intrat
370 533 411 562 rei
432 533 677 570 compositionem
694 540 737 561 est
751 534 936 561 elementum.
951 535 979 569 b)
995 535 1083 569 Quod
1098 535 1190 563 existit
1204 535 1334 571 potentia

263 580 313 602 aut
333 581 399 602 actu
425 573 455 601 in
476 583 512 602 eo
534 573 614 602 cuius
636 579 679 601 est
700 573 884 601 elementum.
913 574 1016 601 Utrum
1037 583 1106 602 vero
1128 581 1194 602 actu
1214 575 1259 603 vel
1280 585 1333 611 po-

263 613 362 649 tentia,
377 614 472 642 adhuc
493 614 546 642 sub
568 612 747 641 dubitatione
762 612 941 650 relinquitur.
964 614 989 648 c)
1013 614 1100 648 Quod
1115 623 1176 642 non
1198 614 1335 642 dividitur

263 653 294 681 in
312 653 377 689 alia,
393 653 504 682 diversa
525 653 685 681 secundum
700 652 834 688 speciem.
849 668 869 673 —
883 653 963 680 Haec
977 652 1106 681 definitio
1128 663 1162 681 ex
1183 654 1333 682 communi

262 703 319 721 usu
338 693 522 730 loquentium
543 693 758 730 comprobatur.
775 709 794 713 -
808 702 835 729 7.
857 692 1023 720 Subdivisio
1044 699 1147 720 textus.
1167 709 1186 714 ·-
1200 693 1230 720 Si
1251 702 1334 729 prae-

264 733 341 761 dicta
361 733 491 761 definitio
513 733 647 762 elementi
667 741 734 760 vera
759 732 804 766 sit,
826 731 988 760 necessario
1016 738 1083 760 sunt
1104 733 1248 769 quaedam
1269 742 1333 760 cor-

262 782 369 809 porum
398 773 555 801 elementa:
585 772 653 810 quia
679 772 865 800 inveniuntur
886 772 1029 809 quaedam
1057 781 1200 808 corpora,
1229 772 1333 809 quibus

408 890 419 901 .
529 874 706 915 ostquam
722 867 979 916 Philosophus
999 866 1192 916 inquisivit
1208 865 1254 902 de
1270 877 1332 913 ge-

484 919 506 934 *
529 920 724 957 neratione
745 928 781 957 et
800 927 920 967 motu,
937 929 1066 958 utrum
1091 919 1177 956 insit
1197 931 1331 968 corpo-

474 974 482 987 *
501 974 513 1019 j
530 973 631 1010 ribus
661 973 893 1011 naturalibus
923 975 985 1011 vel
1015 986 1112 1020 non;
1133 973 1332 1023 supposito

329 1051 338 1055 «γ
414 1053 419 1059 .
473 1021 510 1052 ’θ’
530 1039 575 1063 ex
602 1027 820 1076 praemissis
854 1027 959 1076 quod
986 1027 1031 1064 sit
1050 1027 1088 1064 in
1109 1027 1333 1076 corporibus

263 1079 456 1128 generatio
478 1087 514 1116 et
532 1087 672 1127 motus,
690 1079 750 1117 hic
776 1080 904 1130 incipit
923 1080 1111 1129 inquirere
1132 1081 1332 1129 quomodo

263 1134 339 1170 hoc
367 1133 423 1170 sit.
442 1135 462 1155 ²²⁴
482 1134 532 1170 Et
560 1133 657 1170 circa
682 1134 758 1171 hoc
778 1134 855 1171 duo
885 1134 991 1171 facit:
1022 1134 1147 1183 primo
1177 1133 1334 1170 resumit

263 1293 398 1340 situm,
429 1293 502 1330 ibi:
531 1293 733 1342 Reliquum
772 1300 896 1331 autem
926 1294 1050 1330 dicere
1075 1294 1094 1314 ²⁸
1123 1301 1191 1330 etc.
1223 1293 1334 1330 Circa

261 1346 431 1396 primum
460 1346 530 1384 tria
554 1347 660 1383 facit:
689 1347 816 1396 primo
837 1346 1016 1396 proponit
1035 1346 1073 1383 id
1093 1346 1199 1395 quod
1219 1358 1334 1394 supra

261 1400 467 1449 probatum
489 1408 565 1446 est;
595 1400 765 1437 secundo
794 1399 942 1449 perficit
959 1398 1238 1448 probationem,
1260 1399 1332 1436 ibi:

261 1453 497 1502 Impossibile
524 1453 623 1490 enim
645 1454 664 1475 ⁹⁸
694 1461 786 1499 etc.;
815 1453 924 1490 tertio
955 1452 1118 1489 excludit
1139 1451 1334 1500 quandam

263 1506 538 1553 obviationem,
559 1506 631 1543 ibi:
652 1506 770 1543 Aliud
796 1506 944 1554 quidem
965 1506 1065 1542 enim
1087 1506 1107 1526 ²³
1133 1513 1201 1542 etc.

316 1572 352 1597 2.
368 1559 468 1597 Dicit
491 1571 580 1607 ergo
604 1559 730 1608 primo
749 1559 993 1596 manifestum
1013 1571 1096 1595 esse
1118 1570 1163 1594 ex
1182 1570 1297 1607 supra
1314 1559 1333 1579 *

262 1612 368 1651 dictis
388 1613 494 1660 quod
513 1624 638 1661 neque
658 1612 850 1660 generatio
871 1619 927 1648 est
946 1611 1134 1657 omnium,
1156 1611 1251 1648 sicut
1265 1623 1334 1660 po-

259 1666 403 1704 nebant
416 1665 466 1702 illi
481 1665 546 1714 qui
566 1665 742 1702 dicebant
762 1677 923 1725 corpora
939 1664 1122 1719 componi
1138 1677 1182 1701 ex
1203 1677 1332 1713 super-

259 1718 437 1765 ficiebus;
467 1731 593 1767 neque
623 1718 739 1755 etiarn
759 1718 952 1766 generatio
983 1726 1038 1754 est
1066 1717 1215 1765 nullius,
1237 1718 1334 1755 sicut

259 1779 468 1822 posuerant
494 1771 742 1808 Parmenides
772 1780 808 1808 et
836 1771 1025 1808 Melissus.

314 1824 464 1862 Deinde
481 1837 569 1862 cum
588 1825 691 1862 dicit:
711 1825 946 1885 Impossibile
965 1824 1063 1861 enim
1085 1832 1168 1869 etc.‚
1185 1800 1332 1873 perficit

259 1878 581 1938 improbationem
608 1878 834 1927 ponentium
855 1879 960 1926 quod
990 1877 1165 1914 omnium
1195 1885 1251 1914 est
1270 1890 1332 1926 ge-

260 1931 449 1973 neratiof‘.
468 1932 554 1968 Hoc
570 1932 672 1968 enim
689 1932 834 1980 supra*
845 1930 1076 1980 improbavit
1091 1931 1330 1968 ostendendo

260 1985 365 2034 quod
386 1997 548 2034 corpora
567 1997 646 2022 non
668 1992 954 2034 componuntur
973 1995 1018 2020 ex
1038 1984 1330 2033 superficiebus:

258 2046 389 2087 posset
421 2045 549 2075 autem
583 2037 718 2087 aliquis
753 2038 878 2075 dicere
913 2037 1088 2074 omnium
1125 2050 1330 2086 corporum

259 2103 343 2128 esse
363 2091 649 2139 generationem
669 2091 798 2129 multis
817 2091 897 2128 aliis
917 2090 1061 2137 modis;
1083 2098 1120 2127 et
1139 2090 1226 2133 ideo
1242 2091 1329 2127 Phi-

235 2143 443 2194 'losophus
477 2144 621 2182 inducit
651 2145 750 2181 hanc
782 2144 1049 2194 probationem
1082 2140 1330 2181 universalio-

259 2210 354 2235 rem.
375 2198 425 2234 Et
444 2197 532 2235 dicit
551 2197 656 2246 quod
677 2210 722 2234 ex
741 2198 816 2234 hoc
835 2205 961 2246 potest
980 2197 1199 2234 confirmari
1224 2198 1329 2246 quod

258 2263 338 2288 non
367 2258 423 2287 est
451 2250 625 2288 omniurn
653 2251 862 2310 generatio,
893 2250 981 2299 quia
1011 2250 1246 2310 impossibile
1275 2259 1331 2288 est

259 2303 364 2353 quod
393 2303 439 2340 sit
466 2303 658 2352 generatio
688 2304 814 2341 omnis
848 2303 1035 2352 corporis,
1066 2303 1136 2340 nisi
1164 2312 1331 2352 ponatur

259 2356 415 2406 aliquod
442 2369 612 2394 vacuum
647 2365 865 2405 separatum
894 2369 916 2394 a
946 2356 1169 2405 corporibus
1203 2357 1329 2406 (quod

259 2410 417 2459 quidem
447 2410 550 2457 dicit,
578 2410 667 2458 quia
687 2410 844 2459 quidam
864 2410 1083 2459 philosophi
1102 2411 1300 2458 ponebant
1313 2409 1330 2439 β

257 2475 427 2500 vacuum
454 2464 678 2512 corporibus
703 2463 877 2510 inditum,
908 2463 1004 2500 sicut
1031 2463 1275 2500 Democritus
1296 2471 1332 2500 et

259 2516 506 2565 Leucippus).
526 2517 702 2554 Vacuum
719 2525 847 2553 autern
867 2524 1084 2565 separatum
1115 2516 1249 2554 dicitur
1277 2517 1330 2553 lo-

259 2582 325 2606 cus
339 2570 406 2618 qui
420 2582 500 2606 non
520 2577 575 2606 est
589 2570 752 2618 repletus
767 2570 896 2618 aliquo
917 2582 1090 2618 corpore,
1106 2570 1296 2619 possibilis
1311 2571 1331 2591 '¹‘

258 2622 415 2672 repleri,
444 2630 486 2659 ut
513 2623 674 2660 habetur
701 2624 738 2660 in
768 2623 820 2659 lV
845 2623 996 2671 Physic.
1028 2625 1047 2644 ’²³
1078 2623 1168 2660 Ideo
1203 2631 1330 2660 autem

259 2676 428 2725 sequitur
444 2688 613 2713 vacuum
635 2688 717 2713 esse
737 2683 972 2725 separatum,
994 2676 1024 2713 si
1044 2689 1160 2713 omne
1191 2689 1330 2725 corpus

259 2736 471 2776 generatur,
502 2729 590 2778 quia
618 2729 656 2766 in
685 2731 770 2766 loco
799 2729 837 2765 in
867 2741 944 2777 quo
975 2737 1030 2766 est
1057 2742 1195 2778 corpus
1225 2732 1329 2778 quod

260 2782 380 2819 modo
413 2789 632 2830 generatur,
663 2782 694 2819 si
726 2782 833 2818 locus
866 2782 926 2818 ille
959 2782 1089 2819 fuisset
1120 2782 1224 2831 prius
1258 2783 1329 2819 isto

261 2847 433 2884 corpore,
455 2835 712 2872 necessarium
732 2842 810 2871 erat
829 2835 934 2884 quod
954 2843 1052 2872 esset
1071 2835 1124 2872 ibi
1142 2848 1327 2880 vacuum,

262 2901 350 2925 curn
384 2889 530 2925 nullum
565 2901 703 2937 corpus
733 2896 832 2924 esset
860 2888 922 2924 ibi.
960 2889 1119 2925 Nullum
1154 2897 1283 2926 autern
1310 2890 1329 2925 θ’·

261 2954 400 2991 corpus
421 2949 520 2978 esset
542 2941 594 2978 ibi
613 2941 718 2990 prius
740 2942 771 2988 ³¹²,
802 2941 832 2978 si
862 2953 977 2978 omne
1008 2954 1146 2990 corpus
1175 2954 1329 2990 genera—

259 3002 329 3032 tur.
360 2995 472 3032 Unde
493 3007 538 3031 ex
556 2995 631 3031 hoc
655 2995 761 3044 quod
789 2994 943 3043 ponitur
971 3007 1087 3031 omne
1109 3007 1247 3044 corpus
1266 3008 1328 3043 ge-

260 3048 400 3093 nerari,
430 3048 599 3097 sequitur
625 3060 795 3085 vacuum
825 3055 1042 3096 separatum
1073 3061 1166 3085 esse.

316 3102 350 3138 3.
381 3101 531 3138 Deinde
561 3113 649 3138 curn
678 3101 783 3138 dicit:
813 3102 930 3138 Aliud
947 3101 1095 3149 quidem
1125 3102 1223 3138 enim
1246 3109 1328 3149 etc„

261 3154 423 3191 excludit
451 3154 646 3202 quandam
676 3154 948 3191 obviationem.
979 3155 1115 3191 Posset
1139 3154 1240 3191 enim
1266 3155 1328 3191 ali-

260 3207 346 3256 quis
366 3206 491 3244 dicere
512 3208 616 3256 quod
633 3208 652 3228 ’²‘
667 3207 847 3244 videmus
867 3208 1173 3257 unumquodque
1195 3220 1329 3256 corpo-

260 3272 345 3297 rum
366 3260 549 3308 generari,
571 3261 674 3297 nullo
694 3273 820 3298 vacuo
850 3261 1075 3298 existente.-
1089 3261 1164 3298 Sed
1187 3262 1233 3297 ad
1254 3262 1328 3297 hoc

315 3392 343 3424 α)
363 3399 445 3424 neque
469 3392 551 3417 etiam
574 3392 714 3425 generatio
732 3395 772 3417 est
791 3392 919 3417 nullius...
933 3392 1004 3424 quod
1023 3391 1140 3416 omnium
1160 3394 1200 3415 est
1217 3398 1329 3423 genera-

261 3428 308 3452 tio.
320 3440 340 3447 —-
353 3428 389 3451 lta
408 3428 458 3458 sE3
477 3428 586 3459 BFpEG
600 3433 626 3452 et
644 3427 701 3452 Par.
721 3433 781 3459 post
801 3427 941 3460 generatio
965 3430 1004 3451 est
1025 3427 1146 3450 omittunt
1168 3426 1270 3455 omnia;
1290 3425 1329 3450 sG

261 3464 320 3488 loco
343 3462 503 3487 omissorum
523 3470 576 3487 non
595 3463 672 3487 habet
685 3463 733 3488 nisi
753 3463 865 3491 nullius;
886 3463 904 3487 Ρ
923 3470 970 3494 pro
983 3462 1064 3486 etiam
1090 3461 1151 3493 legit
1174 3461 1243 3485 enim
1259 3466 1284 3484 et
1297 3461 1329 3484 de

262 3503 348 3523 cetero
371 3497 430 3522 facit
448 3505 507 3522 cum
527 3498 577 3528 sG,
601 3506 654 3522 non
677 3498 758 3528 bene,
784 3503 813 3522 ut
831 3502 901 3530 patet
919 3505 950 3521 ex
969 3497 1094 3521 divisione
1118 3501 1210 3520 textus.
1230 3496 1251 3519 A
1275 3503 1329 3520 om.

264 3533 394 3558 nullius...
404 3533 522 3558 omnium
535 3540 677 3565 corporum
692 3540 756 3558 esse.
769 3547 789 3552 —
801 3534 891 3558 Statim
913 3539 960 3564 pro
981 3531 1149 3563 improbavit,
1166 3531 1294 3562 probavit
1309 3530 1328 3554 P

264 3574 290 3593 et
304 3569 380 3593 codd.
399 3576 453 3593 exc.
473 3568 517 3593 sE.

317 3602 341 3636 β)
361 3604 470 3636 quidam
485 3604 638 3636 philosophi
651 3604 797 3635 ponebant.
811 3601 991 3634 -philosophi
1003 3609 1055 3625 om.
1070 3602 1102 3631 A,
1115 3600 1224 3633 quidam
1239 3600 1328 3632 philo-

260 3639 339 3671 sophi
356 3647 409 3663 om.
423 3644 470 3664 cet.
484 3653 503 3658 —
515 3639 573 3664 Lin.
587 3647 644 3672 seq.
657 3647 705 3672 pro
724 3639 847 3667 inditum,
867 3637 1013 3662 imbibitum
1034 3636 1062 3661 Ρ.

1387 377 1550 414 praedictae
1580 377 1762 406 conditiones
1791 378 1976 406 conveniunt.
2006 379 2094 414 Quod
2121 388 2173 415 per
2200 380 2330 416 exempla
2361 381 2458 409 mani-

1387 417 1513 445 festatur.
1536 434 1555 439 -·
1576 418 1603 446 8.
1631 418 1792 453 Quomodo
1824 418 1957 446 differant
1986 419 2173 455 Anaxagoras
2204 426 2233 447 et
2262 421 2455 456 Empedocles

1388 457 1463 485 circa
1488 457 1651 494 corporalia
1675 458 1826 486 elementa.
1856 459 2047 494 Empedocles
2076 459 2173 494 posuit
2193 459 2309 495 ignem,
2338 466 2453 495 terram,

1387 505 1494 533 aquam
1516 503 1544 525 et
1570 506 1667 526 aerem
1693 507 1755 526 esse
1780 507 1904 534 corpora
1933 498 2132 533 elementaria,
2161 507 2194 526 ex
2222 499 2327 535 quibus
2355 500 2455 528 omnia

1387 536 1443 564 alia
1469 546 1594 573 corpora
1621 544 1848 574 componuntur.
1876 539 2063 574 Anaxagoras
2089 547 2158 566 vero
2189 537 2256 566 dicit
2284 539 2364 575 quod
2390 549 2454 567 cor·

1386 585 1460 611 pora
1487 577 1712 613 homoeomera,
1739 584 1810 614 puta
1837 586 1904 605 caro
1933 584 1961 605 et
1988 587 2021 605 os
2043 584 2071 605 et
2091 578 2147 606 alia
2174 578 2358 613 huiusmodi,
2387 585 2455 607 sunt

1387 615 1528 644 elementa
1549 626 1720 653 corporum;
1743 626 1776 645 ex
1798 617 1902 654 quibus
1923 617 2009 645 etiam
2032 617 2120 654 ignis,
2147 623 2237 652 terra,
2259 627 2309 645 aer
2329 624 2357 646 et
2377 627 2454 654 aqua

1387 662 1454 682 sunt
1477 656 1641 684 commixta.
1665 673 1683 678 -
1705 666 1732 693 9.
1755 657 1939 701 Empedoclis
1966 656 2067 693 opinio
2093 657 2281 694 praeferenda
2308 664 2359 685 est.
2389 658 2454 686 Ele-

1387 694 1491 722 mentis
1513 695 1590 722 enim
1612 705 1686 732 quae
1707 696 1768 732 ipse
1789 697 1886 732 ponit,
1909 697 2000 734 magis
2021 697 2245 733 appropriantur
2266 704 2363 725 motus
2384 697 2453 725 sim-

1386 733 1489 768 plices,
1518 735 1567 771 qui
1592 742 1658 763 sunt
1679 744 1696 763 a
1717 736 1814 764 medio
1842 743 1870 764 et
1897 737 1934 764 ad
1962 736 2101 764 medium.
2124 753 2143 758 -
2162 736 2229 766 Alia
2255 736 2452 774 interpretatio

1386 772 1503 802 litterae.
1527 791 1544 795 -
1566 774 1713 812 Epilogus.

1387 866 1467 915 ipse
1488 868 1693 916 respondet
1707 870 1823 916 quod,
1836 882 1923 907 curn
1939 870 1981 907 fit
2000 871 2196 919 quoddam
2214 883 2351 919 corpus
2367 883 2452 919 par-

1387 920 1551 968 ticulare,
1582 930 1781 968 generatur
1802 935 1845 959 ex
1866 923 1937 959 alio
1969 936 2146 973 corpore,
2177 931 2268 972 puta
2291 923 2384 971 ignis
2406 935 2451 960 ex

1388 986 1495 1019 aere3
1519 981 1554 1010 et
1573 973 1623 1010 ita
1637 979 1651 1001 Ἰ
1666 982 1751 1011 ante
1781 976 2065 1023 generationem
2094 977 2200 1025 ignis,
2221 989 2286 1013 aer
2306 984 2385 1013 erat
2412 976 2451 1013 in
2578 988 2595 1013 τ

1388 1027 1528 1064 eodem
1547 1028 1652 1073 10c0;
1683 1035 1719 1064 et
1738 1027 1789 1064 sic
1810 1041 1887 1065 non
1908 1037 1962 1066 est
1980 1043 2160 1067 vacuum.
2189 1030 2265 1066 Sed
2286 1029 2316 1066 si
2336 1041 2450 1066 omne

1389 1092 1526 1129 corpus
1555 1088 1755 1128 generetur
1775 1081 1806 1127 ³¹¹,
1830 1094 1906 1118 non
1926 1090 2049 1131 potest
2077 1083 2168 1131 poni
2188 1082 2291 1119 aliud
2311 1095 2450 1130 corpus
2478 1091 2657 1118 ‘generaretur
2668 1097 2690 1112 ν-

1388 1134 1492 1182 quod
1520 1134 1624 1182 prius
1653 1134 1855 1182 repleverit
1883 1136 2028 1182 locum,
2060 1136 2147 1184 quia
2165 1144 2316 1184 praeter
2334 1147 2450 1172 omne

1389 1198 1527 1235 corpus
1556 1199 1633 1223 non
1670 1194 1724 1223 est
1752 1187 1854 1224 aliud
1884 1200 2021 1236 corpus
2041 1186 2074 1225 δε
2112 1197 2148 1226 et
2182 1189 2232 1225 ita
2261 1188 2452 1237 oportebit
2579 1193 2593 1218 δ

1388 1239 1493 1287 quod
1514 1252 1652 1288 corpus
1671 1240 1780 1276 fieret
1795 1253 1840 1276 ex
1856 1253 1933 1277 non
1950 1253 2121 1290 corpore.
2139 1241 2377 1290 Impossibile
2397 1249 2453 1278 est

1388 1300 1516 1329 autem
1545 1293 1650 1341 quod
1671 1305 1808 1341 corpus
1828 1294 1895 1330 fiat
1918 1295 2078 1331 totaliter
2097 1307 2141 1331 ex
2162 1296 2264 1332 nulla
2283 1294 2451 1343 praeexi-

1388 1353 1509 1382 stente
1530 1346 1789 1393 magnitudine
1811 1347 2009 1395 corporali.
2032 1348 2200 1384 Maxime
2222 1347 2323 1384 enim
2343 1348 2452 1384 fieret

1389 1411 1527 1447 corpus
1546 1407 1644 1446 actu,
1667 1412 1711 1435 ex
1731 1412 1778 1436 eo
1799 1401 1903 1448 quod
1925 1408 1979 1436 est
1997 1401 2165 1449 potentia
2186 1413 2335 1449 corpus.
2357 1401 2405 1437 Et
2421 1400 2452 1437 si

1389 1451 1544 1500 quidem
1566 1452 1616 1488 ita
1636 1453 1681 1489 sit
1699 1453 1870 1501 potentia
1890 1454 1995 1489 hoc*
2008 1466 2156 1502 corpus,
2178 1453 2284 1502 quod
2304 1454 2350 1490 sit
2364 1461 2450 1490 actu
2478 1466 2487 1475 ·
2503 1465 2638 1486 huiusmodi
2650 1471 2673 1486 ι».

1388 1505 1490 1541 aliud
1507 1517 1656 1554 corpus,
1677 1518 1755 1542 non
1785 1506 1953 1555 sequitur
1967 1506 2258 1543 inconveniens:
2280 1506 2332 1542 sic
2348 1506 2450 1543 enim

1387 1558 1568 1606 ponimus
1596 1558 1679 1595 fieri
1703 1559 1830 1606 ignem
1852 1571 1896 1595 ex
1916 1559 2074 1596 materia
2094 1571 2191 1607 quae
2211 1567 2266 1596 est
2284 1559 2451 1607 potentia

1387 1611 1497 1658 ignis,
1528 1619 1614 1648 actu
1643 1619 1771 1648 autem
1805 1624 1880 1649 aer.
1912 1612 1989 1649 Sed
2017 1612 2046 1648 si
2076 1620 2174 1649 esset
2202 1612 2250 1649 ita
2284 1612 2452 1660 potentia

1388 1676 1538 1713 corpus,
1560 1664 1663 1713 quod
1684 1677 1762 1701 non
1792 1673 1889 1701 esset
1909 1672 1993 1701 actu
2019 1666 2038 1686 *⁴
2059 1665 2212 1713 aliquod
2242 1666 2343 1702 aliud
2370 1678 2450 1702 cor·
2477 1677 2488 1688 ⁸
2502 1679 2556 1698 actu
2570 1683 2618 1699 om.
2633 1684 2656 1699 ν.

1385 1729 1470 1766 pus,
1491 1717 1587 1754 sicut
1615 1725 1806 1766 oporteret
1832 1730 1976 1766 ponere
2001 1730 2067 1754 eos
2088 1718 2152 1767 qui
2170 1726 2318 1767 ponunt
2337 1731 2451 1755 omne

1387 1783 1526 1819 corpus
1546 1771 1726 1818 generari,
1749 1778 1969 1819 sequeretur
1997 1772 2101 1819 quod
2130 1779 2216 1808 ante
2241 1772 2451 1819 generatio-

1386 1836 1476 1860 nem
1499 1824 1625 1860 omnis
1645 1823 1814 1873 corporis
1840 1831 1937 1860 esset
1954 1836 2121 1861 vacuum
2151 1831 2378 1873 separatum.

1438 1889 1475 1924 4.
1506 1878 1575 1914 Est
1611 1885 1739 1914 autem
1778 1877 2052 1914 attendendum
2090 1878 2195 1925 quod
2232 1878 2451 1915 Aristoteles

1384 1930 1543 1967 intendit
1561 1930 1622 1967 hic
1640 1931 1803 1979 probare
1824 1942 1902 1967 non
1923 1942 2004 1967 esse
2024 1931 2306 1978 generationem
2327 1931 2452 1968 omnis

1386 1983 1566 2033 corporis,
1588 1983 1638 2020 ita
1662 1983 1801 2020 scilicet
1825 1984 1929 2032 quod
1958 1991 2035 2020 tota
2062 1984 2287 2021 universitas
2317 1997 2451 2033 corpo-

1385 2049 1469 2073 rum
1495 2036 1607 2073 simul
1627 2044 1827 2084 generetur
1855 2038 1895 2073 ²²:
1926 2049 2005 2073 non
2029 2045 2155 2073 autem
2182 2037 2341 2074 intendit
2364 2050 2451 2086 pro·
2479 2048 2688 2075 “generareturv-

1385 2091 1474 2127 bare
1496 2090 1600 2139 quod
1620 2090 1775 2138 aliquod
1795 2089 2019 2138 particulare
2040 2102 2177 2139 corpus
2197 2103 2274 2127 non
2298 2103 2452 2138 genere-

1383 2151 1444 2180 tur
1460 2144 1480 2165 *
1495 2155 1541 2179 ex
1556 2156 1635 2180 non
1651 2155 1822 2192 corpore.
1841 2143 1903 2180 Sic
1920 2143 2020 2180 enim
2038 2152 2167 2180 contra
2186 2144 2452 2192 probationem
2478 2152 2488 2161 ·
2500 2153 2633 2179 generatur
2647 2158 2668 2173 ¹²-

1384 2197 1593 2234 Aristotelis
1630 2197 1788 2233 haberet
1822 2197 1950 2233 locum
1989 2196 2157 2233 obviatio
2195 2209 2312 2244 quam
2345 2197 2453 2245 ponit

1386 2250 1601 2299 Simplicius
1631 2250 1670 2286 in
1699 2258 1918 2286 commento
1948 2262 2039 2297 suo,
2075 2249 2213 2286 scilicet
2240 2250 2345 2298 quod
2373 2263 2452 2287 non

1385 2311 1483 2340 esset
1502 2316 1657 2340 necesse
1683 2315 1765 2339 esse
1784 2315 1963 2349 vacuum,
1983 2304 2045 2339 vel
2064 2311 2221 2351 propter
2240 2303 2452 2339 rarefactio-

1385 2369 1474 2393 nem
1490 2364 1527 2393 et
1542 2356 1892 2402 condensafionem,
1910 2356 1970 2392 vel
1986 2363 2142 2404 propter
2155 2356 2230 2392 hoc
2246 2356 2360 2404 quod,
2376 2357 2451 2393 hoc

1386 2422 1547 2458 corpore
1567 2417 1758 2457 generato,
1781 2409 1881 2446 aliud
1912 2409 2176 2457 corrumpitur.
2198 2409 2308 2446 Unde
2339 2409 2452 2445 etiam

1385 2475 1464 2500 non
1480 2471 1578 2500 esset
1595 2464 1691 2499 haec
1706 2462 1898 2499 sufficiens
1917 2462 2092 2510 probatio
2108 2474 2225 2510 quarn
2246 2462 2325 2510 ipse
2346 2462 2452 2499 aesti-

1385 2524 1476 2563 mat,
1499 2516 1638 2553 scilicet
1663 2515 1767 2564 quod
1788 2515 2054 2552 communium
2074 2527 2151 2551 non
2173 2523 2228 2552 est
2245 2516 2450 2563 generatio,

1385 2570 1454 2607 sed
1481 2569 1763 2618 particularium
1793 2571 1887 2615 (non
1911 2568 2013 2605 enim
2043 2576 2098 2605 est
2118 2568 2309 2616 generatio
2329 2568 2450 2604 homi-

1385 2623 1442 2660 nis
1472 2622 1710 2671 simpliciter,
1740 2622 1808 2659 sed
1836 2621 1948 2658 huius
1975 2621 2142 2658 hominis
2170 2624 2222 2667 ‘):
2257 2622 2345 2669 quia
2372 2629 2451 2658 tota
2578 2631 2588 2647 ε

1384 2676 1610 2713 universitas
1636 2675 1805 2724 corporis
1834 2682 1888 2711 est
1916 2674 2010 2711 sicut
2029 2687 2150 2711 unum
2180 2687 2317 2723 corpus
2347 2687 2450 2711 com-

1383 2731 1528 2778 pletum
1562 2729 1601 2765 in
1628 2741 1705 2765 una
1733 2728 1859 2777 specie
1889 2728 2069 2775 existens,
2101 2728 2195 2764 sicut
2221 2727 2260 2764 in
2286 2728 2411 2776 primo
2431 2728 2451 2748 ξε
2479 2735 2680 2762 'Lect.xv1sqq-

1385 2782 1557 2819 habitum
1597 2789 1672 2828 est;
1711 2781 1801 2818 nihil
1839 2789 1967 2817 autern
2001 2781 2178 2829 prohibet
2209 2781 2450 2818 individuum

1385 2836 1490 2883 quod
1520 2843 1575 2872 est
1602 2847 1723 2871 unum
1752 2842 1899 2871 tantum
1938 2834 1975 2870 in
2004 2847 2079 2870 una
2113 2833 2250 2882 specie,
2280 2833 2450 2881 generari

1385 2896 1421 2925 et
1442 2890 1461 2910 ’³‘
1481 2888 1686 2936 corrumpi,
1708 2887 1802 2924 sicut
1821 2887 1867 2924 de
1889 2887 2080 2923 Phoenice
2105 2887 2244 2924 dicunt.
2275 2886 2385 2923 Unde
2415 2893 2451 2922 et
2476 2894 2487 2904 ⁸
2502 2896 2524 2914 et
2538 2899 2586 2914 om·
2601 2898 2651 2914 m.

1383 2954 1454 2990 pet
1471 2943 1546 2978 hoc
1566 2954 1645 2978 non
1666 2940 1926 2977 excluderetur
1945 2940 2135 2987 generatio
2161 2939 2285 2975 omnis
2314 2951 2448 2986 corpo-

1385 2995 1449 3041 ris,
1476 3007 1592 3043 quarn
1610 2995 1629 3014 '¹‘
1644 2994 1898 3041 Philosophus
1918 3005 2116 3029 removere
2132 2991 2299 3028 intendit.
2321 3012 2344 3018 -
2365 2992 2449 3027 Nec
2475 3002 2485 3013 ⁸
2502 3002 2539 3023 hic
2553 3001 2606 3022 aad.
2621 3008 2643 3023 A.

1385 3048 1498 3085 etiarn
1521 3047 1734 3096 *probatio
1756 3045 1976 3104 Philosophi
2000 3053 2054 3081 est
2075 3052 2204 3081 contra
2224 3044 2447 3080 sententiam
2476 3054 2689 3103 exciamem.

1384 3101 1475 3138 fidei
1509 3108 1671 3146 nostrae,
1699 3111 1774 3147 qua
1801 3098 1980 3147 ponimus
2009 3105 2127 3144 totam
2164 3096 2447 3133 universitatem
2520 3097 2525 3102 '
2553 3097 2558 3102 '

1385 3151 1591 3202 corporum
1625 3153 1671 3190 de
1705 3164 1808 3188 novo
1844 3150 2074 3198 incoepisse.
2108 3149 2196 3197 quia
2229 3162 2306 3186 non
2339 3149 2448 3197 poni-

1384 3220 1470 3243 mus
1499 3205 1748 3254 praeexistere
1767 3204 1787 3224 *
1806 3205 1946 3248 locum
1977 3202 2081 3251 quod
2104 3202 2165 3238 hic
2193 3202 2448 3250 Philosophus
2475 3212 2689 3240 praeexistentem

1384 3259 1583 3307 supponit;
1622 3269 1745 3304 neque
1782 3256 1961 3305 ponimus
1994 3255 2279 3303 generationem
2313 3267 2447 3304 corpo-
2474 3246 2496 3260 Δ

1436 3390 1462 3422 γ)
1477 3397 1536 3414 cum
1545 3389 1580 3422 fit
1592 3388 1726 3420 quoddam
1744 3394 1864 3418 corpus..
1867 3386 1957 3419 Agnis
1976 3392 2013 3410 ex
2030 3393 2108 3415 aere,·
2127 3388 2153 3410 et
2172 3386 2250 3410 ita.-
2263 3386 2283 3410 P
2298 3394 2350 3410 om.
2363 3386 2402 3418 fit
2419 3394 2449 3411 ac

1383 3428 1416 3454 et,
1431 3425 1526 3456 quibus
1539 3424 1643 3448 omissis
1663 3427 1791 3447 structura
1810 3422 1910 3454 phrasis
1930 3422 2016 3446 minus
2032 3421 2191 3446 cohaereta-
2204 3422 2295 3446 Statim
2314 3429 2362 3453 pro
2380 3425 2448 3451 erat,

1383 3463 1451 3484 esset
1468 3460 1499 3483 Α.

1436 3493 1460 3525 δ)
1477 3497 1588 3525 praeter
1606 3500 1684 3517 omne
1702 3499 1797 3524 corpus
1816 3499 1867 3517 non
1888 3495 1927 3516 est
1941 3492 2016 3516 aliud
2030 3498 2135 3523 corpus.
2147 3494 2287 3523 —praeter
2305 3499 2383 3516 omne
2396 3499 2447 3516 non

1383 3533 1422 3554 est
1440 3529 1549 3561 aliquod
1568 3535 1663 3560 corpus
1682 3528 1787 3552 codd-
1801 3527 1851 3552 Pro
1869 3527 1941 3559 quod
1958 3534 2055 3558 corpus
2067 3528 2156 3560 fieret,
2169 3527 2236 3560 sieri
2253 3534 2350 3559 corpus
2369 3528 2398 3551 B.

1437 3565 1458 3595 ε)
1478 3564 1616 3597 generatio
1640 3563 1753 3588 hominis
1775 3562 1944 3594 simpliciter,
1964 3563 2012 3586 sed
2029 3562 2106 3587 huius
2131 3561 2259 3587 Ιιοηιίηί5.
2272 3576 2291 3580 -
2309 3562 2448 3594 generatio

1382 3599 1528 3624 communis
1543 3599 1570 3629 Ρ,
1584 3598 1644 3631 quia
1663 3598 1753 3623 BEFG
1768 3603 1793 3622 et
1808 3598 1865 3623 Par.
1884 3598 2005 3622 omittunt
2023 3597 2218 3622 homoteleuton
2233 3598 2388 3629 simpliciter
2401 3597 2449 3622 sed

1383 3635 1461 3659 huius
1479 3634 1602 3659 hominis.
