2782 4134
1087 260 1199 298 CAP.
1230 262 1301 311 IX',
1331 261 1477 299 LECT.
1507 262 1597 299 XIV

2384 263 2452 311 173

850 521 1152 578 LECTIO
1190 523 1855 601 DECIMAQUARTA

371 683 643 721 INDIRECTE,
669 681 866 714 SCILICET
890 675 1179 713 REFELLENDO
1203 682 1478 714 ARGUMENTA
1503 683 1775 724 CONTRARIA,
1800 686 1858 716 ET
1881 685 2086 717 DIRECTE
2104 685 2340 717 PROBATUR

840 751 1047 784 CORPORA
1071 752 1313 783 CAELESTIA
1336 737 1429 784 NON
1452 754 1714 786 PRODUCERE
1739 756 1877 788 SONOS

259 891 407 936 Φανερόν
433 887 463 923 δ’
485 891 521 923 ἐκ
547 890 681 923 τούτων
708 889 762 923 ὅτι
786 892 846 922 καὶ
871 891 913 923 τό
938 889 1042 935 φάναι
1066 890 1218 937 γίνεσθαι
1241 902 1335 935 φερο-

327 935 433 981 μένων
460 936 636 980 οἱρμονίαν,
654 936 697 972 ὠς
713 933 894 979 συμφώνων
919 935 1102 981 γινομένων
1121 936 1187 967 τῶν
1206 935 1330 980 ψόφων,

327 979 460 1025 κομψῶς
486 980 546 1025 μὲν
579 981 714 1023 εἴρηται
745 981 803 1011 καὶ
837 980 1005 1025 περιττῶς
1039 980 1105 1012 ὑπὸ
1131 980 1196 1012 τῶν
1223 979 1335 1012 εἰπόν-

327 1036 415 1066 των,
443 1022 481 1057 οὗ
506 1024 572 1069 μὴν
599 1023 709 1062 οἴτως
735 1024 805 1070 ἔχει
830 1022 990 1061 τάληθές.

262 1071 360 1103 Δοκεῖ
381 1068 447 1116 γάρ
472 1080 560 1102 τισιν
589 1066 777 1115 ἀναγκαῖον
803 1066 889 1101 εἶναι
915 1068 1128 1106 τηλικούτων
1146 1067 1332 1113 φερομένων

329 1113 498 1158 σωμάτων
522 1113 697 1160 γίγνεσθαι
722 1111 840 1158 ψόφον,
869 1114 941 1145 ἐπεὶ
966 1114 1025 1144 καὶ
1052 1114 1120 1145 τῶν
1146 1113 1226 1155 παρ’
1255 1113 1334 1156 ἡμῖν

330 1157 410 1191 οὔτε
437 1158 516 1196 τούς
543 1158 662 1204 ὄγκους
681 1157 830 1203 ἐχόντων
851 1159 942 1196 ἴσους
969 1158 1048 1190 οὔτε
1068 1156 1214 1198 τοιούτῳ
1233 1157 1335 1202 τάχει

246 1201 536 1248 ἠκφερομένών·
563 1204 659 1240 ἡλίου
683 1199 722 1236 δὲ
748 1206 806 1236 καὶ
831 1202 990 1243 σελήνης,
1018 1202 1070 1236 ἔτι
1095 1215 1133 1235 τε
1159 1201 1334 1234 τοσούτων

329 1247 372 1281 τὸ
398 1246 526 1285 πλῆθος
561 1247 693 1293 ἄστρων
729 1249 788 1280 καὶ
820 1248 862 1280 τό
894 1245 1034 1294 μέγεθος
1067 1245 1252 1290 φερομένων
1286 1246 1334 1287 τῷ

330 1291 434 1347 τάχει
460 1290 629 1330 τοιαύτην
654 1293 758 1338 φοράν
782 1288 955 1326 ἀδύνατον
973 1291 1019 1335 μη
1038 1290 1214 1338 γίγνεσθαι
1231 1289 1334 1334 ψόφον

332 1337 355 1370 ἀ
383 1337 513 1383 ηχανόν
541 1348 620 1369 τινα
645 1338 687 1370 τὰ
712 1336 866 1383 μέγεθος.

259 1384 344 1415 Ύπο
368 1381 479 1426 έμενοι
503 1381 542 1413 δὲ
566 1383 686 1416 ταῦτα
709 1384 767 1414 καὶ
793 1382 857 1420 τάς
879 1381 1087 1426 ταχυτῆτας
1105 1379 1141 1411 ἐκ
1163 1379 1231 1411 τῶν
1251 1376 1335 1410 ἀπο-

329 1427 485 1459 στάσεων
513 1426 600 1471 ἔχειν
627 1427 706 1464 τούς
732 1427 801 1459 τῶν
826 1425 1020 1470 συμφωνιῶν
1037 1423 1174 1470 λόγους,
1197 1422 1336 1468 ἐναρμό-

330 1470 400 1502 νιόν
425 1482 506 1515 φασι
530 1471 683 1517 γίνεσθαι
707 1471 773 1507 τήν
799 1469 911 1515 φωνήν
929 1467 1115 1514 φερομένων
1139 1466 1250 1508 κύκλῳ
1267 1468 1335 1499 τῶν

333 1515 478 1558 ἄστρων.

258 1562 356 1595 Ἐπεὶ
379 1555 411 1592 δ’
433 1559 557 1608 ἄλογον
583 1554 693 1592 ἐδόκει
717 1559 760 1592 το“
785 1558 831 1604 μή
858 1557 1056 1590 συνακούειν
1082 1556 1172 1601 ἡμᾶς
1191 1556 1255 1594 τῆς
1272 1567 1338 1600 φω-

331 1604 391 1643 vii<
416 1605 571 1647 ταύτης,

265 1654 378 1687 clm-nmo
403 1649 532 1683 τούτου
555 1650 656 1693 φασιν
681 1645 769 1680 εἶναι
794 1646 835 1681 τό
866 1658 901 1693 γι
927 1645 1077 1689 νομένοις
1107 1643 1202 1682 εὐθύς
1230 1643 1338 1688 ύποίρ-

330 1705 403 1738 χειν
427 1695 488 1727 τὸν
513 1692 638 1738 ψόφον,
665 1692 753 1726 ὥστε
805 1693 826 1729 ἡ
856 1687 1021 1728 διαδηλον
1053 1687 1140 1722 εἶναι
1165 1689 1246 1733 πρός
1272 1689 1336 1726 τήν

333 1739 493 1773 ἐναντίαν
518 1737 636 1785 σιγήν·
664 1737 744 1783 πρὸς
773 1739 907 1774 αλληλα
931 1735 995 1782 γάρ
1021 1736 1131 1778 φωνῆς
1154 1736 1213 1765 καὶ
1239 1735 1336 1780 σιγῆς

332 1781 420 1818 εἶναι
445 1784 510 1821 τήν
535 1778 738 1828 διάγνωσιν,
768 1781 856 1814 ὥστε
880 1779 1035 1824 καθάπερ
1061 1783 1132 1817 τοῖς
1165 1778 1339 1824 χαλκοτύ-

334 1839 410 1866 ποις
434 1824 494 1861 &aaz
518 1827 697 1864 συνήθειαν
730 1825 825 1859 οὐθέν
850 1822 945 1859 δοκεῖ
967 1819 1156 1869 διαφέρειν,
1181 1824 1240 1855 καὶ
1265 1827 1336 1861 τοῖς

335 1871 519 1918 ἀνθρώποις
544 1872 659 1906 ταύτό
684 1871 891 1916 συμβαίνειν.

265 1921 391 1954 Ταῦτα
415 1915 473 1960 δή,
495 1916 651 1961 καθάπερ
676 1918 810 1959 εἴρηται
835 1915 1015 1960 πρότερον,
1034 1911 1184 1957 ἐμμελῶς
1208 1911 1268 1956 μὲν
1284 1911 1338 1944 λέ-

333 1974 438 2011 γεται
461 1964 521 1995 καὶ
545 1962 722 2016 μουσικῶς,
750 1956 923 1994 ἀδύνατον
949 1956 987 1993 δὲ
1013 1960 1139 1990 τοῦτον
1165 1956 1254 2012 ἔχθειν
1279 1957 1338 1990 τόν

334 2005 476 2054 τρόπον.
513 2007 560 2038 Ου
590 2007 655 2054 γάρ
681 2005 780 2050 μόνον
815 2005 856 2038 τό
888 2004 990 2050 μηθέν
1023 2002 1157 2035 ἀκούειν
1192 2013 1338 2042 ατοπον,

335 2055 409 2087 πεὶ
436 2051 473 2085 οὗ
496 2049 587 2083 λύειν
621 2050 811 2098 ἐγχειροῦσι
836 2049 901 2086 τήν
933 2050 1071 2089 αἰτίαν,
1100 2045 1191 2079 ἀλλά
1213 2047 1272 2078 καὶ
1298 2046 1339 2079 τό

334 2109 379 2144 μη
407 2097 440 2130 ἐν
465 2095 609 2142 πάσχειν
644 2097 743 2142 χωρὶς
777 2093 976 2133 αἰσθήσεως.
1011 2093 1049 2124 Οἱ
1074 2092 1139 2138 γάρ
1170 2090 1340 2133 ὑπερβάλ-

333 2145 452 2179 λοντες
477 2139 575 2185 ψόφοι
599 2136 812 2173 διακναίουσι
836 2140 895 2171 καὶ
920 2141 988 2172 τῶν
1011 2135 1148 2182 ἀψύχων
1171 2134 1339 2178 σωμάτων

334 2187 416 2224 τούς
443 2185 576 2232 ὄγκους,
597 2185 665 2217 οἷον
684 2186 700 2217 ό
719 2185 782 2221 τῆς
806 2184 950 2228 βροντῆς
974 2179 1124 2219 διίστησι
1147 2179 1256 2217 λίθους
1281 2182 1339 2212 καὶ

336 2231 384 2265 τοὶ
406 2229 660 2275 καρτερώτατα
684 2229 751 2262 τῶν
777 2227 959 2272 σωμάτων.
987 2225 1167 2259 Τοσούτων
1193 2220 1231 2256 δέ
1249 2235 1342 2269 φερο-

336 2275 456 2321 μένων,
474 2275 534 2306 καὶ
552 2275 615 2307 τοῦ
631 2273 737 2318 ψόφου
761 2269 909 2311 διιόντος
927 2273 1008 2315 πρός
1025 2271 1067 2304 τό
1088 2269 1267 2314 φερόμενον
1285 2268 1342 2312 με’-

335 2319 446 2368 γεθος,
466 2318 728 2351 πολλαπλάσιον
754 2316 896 2364 μέγεθος
923 2317 1111 2363 ἀναγκαῖον
1132 2312 1341 2359 ἀφικνεῖσθαί

336 2376 376 2398 τε
401 2359 500 2408 δεῦρο
531 2364 591 2395 καὶ
616 2363 680 2400 τὴν
705 2361 804 2407 ἰσχύν
835 2361 1016 2407 ἀμήχανον
1047 2356 1139 2392 εἶναι
1163 2359 1225 2396 τῆς
1252 2358 1339 2399 βίας.

259 2409 355 2442 Ἀλλ’
383 2407 531 2454 εὐλόγως
565 2406 638 2440 mh·
669 2407 835 2450 ἀκούομεν
861 2406 942 2439 οὔτε
967 2405 1152 2450 πάσχοντα
1182 2405 1342 2447 φαίνεται

337 2453 386 2487 τοὶ
409 2451 557 2496 σώματα
582 2451 692 2492 βίαιον
720 2446 816 2483 οὐδὲν
844 2449 966 2491 πάθος,
984 2446 1043 2482 8ιά
1068 2449 1110 2482 τό
1135 2448 1181 2493 μή
1207 2447 1340 2491 ψοφεῖν·

339 2497 413 2540 ἅμα
437 2492 467 2529 δ’
497 2497 571 2529 ἐστὶ
596 2496 640 2529 τό
664 2497 694 2529 τ’
725 2498 836 2529 αἴτιον
862 2495 996 2529 τούτων
1021 2490 1148 2534 δῆλον,
1173 2493 1233 2524 καὶ
1288 2504 1344 2534 αρ-

338 2541 451 2586 τύριον
477 2542 543 2574 τῶν
569 2540 748 2586 εἰρημένων
774 2542 853 2584 ’ἡμῖν
878 2540 1002 2587 λόγων,
1021 2540 1062 2577 ὠς
1081 2538 1163 2570 εἰσὶν
1189 2537 1253 2574 ἀλη
1279 2541 1341 2574 εἴς’

338 2587 381 2620 τό
412 2585 477 2633 γάρ
509 2584 676 2630 ἀπορηθὲν
713 2587 770 2617 καὶ
803 2586 952 2622 ποι-’ἦσαν
985 2584 1066 2622 τούς
1098 2581 1343 2628 Πυθαγορείους

339 2630 444 2675 φάναι
468 2629 643 2676 γίγνεσθαι
667 2631 859 2675 συμφωνίαν
878 2631 946 2662 τῶν
963 2626 1150 2674 φερομένων
1170 2628 1248 2671 ἡμῖν
1268 2626 1342 2659 ἐστὶ

339 2674 533 2719 τεκμήριον.

261 2719 354 2752 Ὅσα
378 2719 438 2760 μὲν
462 2718 528 2765 γάρ
554 2716 649 2751 αὐτοὶ
672 2717 832 2761 φέρεται,
859 2721 951 2750 ποιεῖ
973 2716 1076 2761 ψόφον
1099 2717 1159 2747 καὶ
1185 2716 1320 2761 πληγήν
1335 2728 1342 2734 -

341 2763 406 2797 ὅσα
429 2758 458 2795 δ’
483 2763 517 2796 ἐν
542 2762 708 2807 φερομένῳ
734 2757 911 2795 ἐνδέδεται
929 2761 950 2799 ἦ
974 2761 1170 2805 ἐνυπάρχει,
1188 2759 1343 2814 καθάπερ

340 2809 374 2842 ἐν
400 2809 448 2849 τῷ
474 2808 580 2848 πλοίῳ
605 2807 654 2839 τοὶ
677 2806 791 2851 μόρια,
819 2807 883 2851 οὐχ
908 2806 1019 2840 οἷόντε
1044 2805 1178 2849 ψοφεῖν,
1206 2800 1278 2836 οὐδ’
1299 2817 1342 2836 αυ

340 2853 382 2885 τό
408 2854 540 2893 πλοῖον,
567 2851 596 2883 εἱ
619 2851 754 2896 φέροιτο
781 2851 814 2883 ἐν
840 2852 1000 2895 ποταμῷ.
1038 2851 1162 2882 Καίτοι
1180 2849 1259 2887 τούς
1287 2849 1347 2880 αὖ-

341 2897 421 2935 τούς
443 2895 567 2943 λόγους
596 2895 635 2928 ἄν
661 2894 749 2937 ἐξείη
782 2895 913 2942 λέγειν,
940 2897 982 2934 ὠς
1008 2895 1140 2928 ἄτοπον
1166 2894 1193 2925 εὶ
1218 2894 1266 2938 μή
1291 2905 1347 2938 φε-

340 2941 476 2987 ρόμενος
503 2942 519 2973 ὀ
546 2940 639 2978 ἱστός
670 2942 728 2972 καὶ
761 2941 782 2977 ἡ
814 2938 949 2985 πρύμνα
982 2943 1074 2973 ποιεῖ
1102 2937 1205 2983 ψόφον
1238 2938 1343 2970 πολύν

340 2985 554 3024 τηλικαύτης
579 2985 672 3026 νεώς,
692 2984 714 3021 ἦ
739 2984 842 3018 πάλιν
869 2982 958 3016 αὐτὰ
982 2984 1024 3017 τό
1050 2985 1168 3016 πλοῖον
1192 2982 1347 3027 κινούμε-

339 3042 408 3062 νον.
436 3030 481 3062 Τό
499 3025 528 3061 δ’
549 3030 582 3062 ἐν
607 3029 655 3072 μή
680 3029 846 3084 φερομένῳ
863 3028 1042 3074 φερόμενον
1063 3032 1154 3061 ποιεῖ
1169 3026 1291 3071 ψόφον·
1311 3027 1344 3059 ἐν

341 3085 417 3119 φερο
447 3073 506 3115 ένῳ
523 3069 562 3106 δὲ
578 3085 714 3119 συνεχες
738 3076 796 3106 καὶ
822 3074 869 3118 μή
889 3075 1046 3106 ποιοῦντι
1063 3072 1199 3119 πληγήν
1220 3067 1345 3104 ἀδύνα-

341 3130 401 3152 τον
419 3086 546 3163 ψοφεῖν.
576 3117 671 3151 “ssa-‘r’
693 3118 844 3151 ἐνταῦθα
868 3117 1008 3151 λεκτέον
1033 3119 1075 3155 ὠς
1097 3119 1188 3162 εἴπερ
1207 3116 1344 3161 ἐφέρετο

343 3163 391 3195 τά
415 3161 562 3207 σώματα
588 3162 722 3195 τούτων
748 3164 812 3195 εἴτ’
842 3163 874 3195 ἐν
902 3162 998 3206 ἀέρος
1024 3161 1148 3199 πλήθει
1175 3160 1345 3207 κεχυμένῳ

339 3207 438 3240 κατά
456 3206 499 3239 τὸ
521 3207 588 3239 πᾶν
609 3209 679 3239 εἴτε
697 3206 811 3252 πυρός,
830 3206 941 3250 ὥσπερ
961 3206 1090 3244 πάντες
1108 3209 1222 3261 φασίν,
1243 3206 1348 3251 ἀναγ-

340 3256 438 3284 καῖον
465 3255 572 3284 ποιεῖν
598 3252 751 3295 ὑπερφυᾶ
774 3253 823 3294 τῷ
848 3250 982 3298 μεγέθει
1003 3252 1063 3284 τόν
1082 3251 1199 3295 ψοφον,
1219 3249 1346 3283 τούτου

342 3293 380 3328 δὲ
404 3295 582 3342 γινομένου
613 3298 672 3327 καὶ
697 3291 784 3340 δεῦρ’
815 3296 1024 3340 ἀφικνεῖσθαι
1053 3297 1111 3327 καὶ
1144 3291 1343 3327 διακναίειν.

335 3341 431 3374 ‘'Do-‘r’
455 3341 591 3385 ἐπείπερ
618 3338 656 3372 οὗ
681 3342 840 3385 φαίνεται
867 3342 974 3373 τοῦτο
994 3340 1192 3384 συμβαῖνον,
1214 3337 1285 3371 οὔτ’
1309 3337 1347 3369 ἂν

343 3384 490 3440 ἔμψυχον
519 3385 598 3417 οὔτε
625 3384 734 3424 βίαιον
762 3384 898 3430 φέροιτο
924 3385 1027 3439 φοράν
1053 3382 1148 3417 οὐθέν
1176 3381 1307 3421 αὐτῶν,

270 3429 386 3474 ὥσπερ
412 3441 454 3461 το
477 3428 600 3472 μέλλον
627 3428 762 3461 ἔσεσθαι
787 3441 994 3484 προνοουσης
1026 3430 1088 3467 τῆς
1114 3428 1261 3472 φύσεως,
1294 3425 1348 3458 ὅτι

344 3473 390 3518 μή
417 3474 542 3506 τοῦτον
569 3473 629 3506 τόν
655 3473 780 3519 τρόπον
811 3473 954 3519 εχούσης
980 3475 1043 3511 τῆς
1066 3473 1227 3509 κινήσεως
1253 3468 1346 3502 οὐθὲν

347 3517 386 3550 ἂν
412 3515 453 3554 ’ἦν
479 3519 547 3550 τῶν
573 3519 647 3562 περὶ
674 3518 733 3550 τόν
759 3513 856 3563 δεῦρο
883 3518 991 3551 τόπον
1019 3520 1139 3562 ὁμοίως
1166 3517 1255 3561 ἔχον.

262 3562 347 3596 ““Ὀτι
371 3562 431 3606 μέν
460 3560 515 3593 οὖν
540 3557 736 3606 σφαιροειδῆ
763 3563 811 3596 τά
836 3562 948 3608 ἄστρα
971 3565 1028 3595 καὶ
1056 3561 1110 3594 ὅτι
1136 3558 1173 3592 ού
1201 3561 1347 3590 κινεῖται

346 3602 388 3638 δι’
414 3607 548 3648 αὐτῶν,
574 3607 719 3651 εἴρηται.

1387 893 1404 911 *
1427 893 1632 924 Manifestum
1655 902 1762 925 autem
1785 906 1822 926 ex
1849 896 1897 926 his
1925 898 2078 938 quoniam
2103 905 2134 929 et
2162 898 2263 929 dicere
2285 898 2352 929 fieri
2375 899 2456 929 lato-

1455 948 1527 968 rum
1551 938 1769 977 harmoniam,
1794 947 1946 980 tanquam
1971 942 2220 974 consonantibus
2243 942 2332 974 factis
2356 943 2454 982 sonis,

1456 982 1565 1012 leviter
1595 982 1726 1023 quidem
1756 983 1876 1014 dictum
1904 992 1950 1015 est
1973 993 2003 1016 et
2033 986 2191 1027 superflue
2215 997 2233 1017 a
2257 987 2452 1018 dicentibus:

1457 1036 1523 1056 non
1547 1026 1642 1057 etiam
1666 1027 1709 1057 sic
1733 1037 1765 1057 se
1788 1027 1882 1059 habet
1904 1029 2025 1060 veritas.

1390 1070 1524 1101 Videtur
1540 1078 1647 1101 autem
1662 1071 1855 1112 quibusdam
1875 1074 2085 1104 necessarium
2101 1084 2177 1113 esse,
2194 1074 2287 1106 tantis
2303 1075 2372 1106 latis
2388 1085 2455 1106 cor-

1458 1115 1600 1155 poribus,
1625 1115 1692 1146 fieri
1716 1124 1850 1146 sonum:
1875 1117 2028 1157 quoniam
2053 1125 2082 1149 et
2100 1119 2148 1148 his
2164 1129 2245 1159 quae
2270 1120 2356 1160 apud
2384 1130 2455 1158 nos,

1458 1169 1562 1200 neque
1586 1160 1687 1190 moles
1710 1159 1898 1190 habentibus
1921 1162 2077 1202 aequales,
2095 1173 2198 1203 neque
2221 1163 2315 1194 simili
2337 1164 2454 1194 veloci·

1458 1211 1520 1234 tate
1537 1204 1606 1234 latis
1625 1203 1700 1234 solis
1726 1210 1756 1235 et
1771 1204 1875 1235 lunae.
1900 1205 2014 1236 Adhuc
2036 1213 2143 1237 autem
2165 1214 2328 1238 tantorum
2347 1208 2456 1239 multi-

1458 1248 1603 1278 tudinem
1626 1255 1784 1279 astrorum
1807 1256 1837 1279 et
1859 1249 2120 1289 magnitudinem,
2135 1251 2273 1282 latorum
2290 1252 2456 1284 velocitate

1457 1292 1522 1367 {iali-
1534 1292 1662 1331 latione,
1679 1292 1874 1333 impossibile
1898 1303 1964 1324 non
1988 1305 2104 1325 sonum
2123 1296 2284 1336 quendam
2302 1307 2457 1337 magnum

1481 1347 1534 1368 en.

1392 1380 1616 1421 Supponentes
1640 1388 1746 1412 autern
1771 1381 1867 1419 haec,·
1888 1389 1918 1412 et
1940 1382 2118 1413 velocitates
2143 1393 2179 1413 ex
2203 1384 2456 1424 elongationibus

1458 1426 1572 1456 habere
1597 1425 1878 1457 consonantiarum
1902 1426 2048 1465 rationes,
2073 1427 2289 1459 harmonicam
2312 1428 2378 1459 fieri
2401 1439 2457 1459 vo-

1459 1480 1528 1501 cem
1551 1470 1691 1501 latorum
1715 1470 1748 1500 in
1771 1470 1903 1501 circuitu
1927 1477 2084 1501 astrorum
2107 1479 2258 1503 asserunt.

1393 1564 1557 1602 Quoniam
1588 1571 1695 1594 autem
1725 1563 1935 1594 irrationabile
1963 1563 2087 1595 videtur
2115 1575 2180 1595 non
2210 1566 2370 1597 co-audire
2398 1576 2458 1597 nos

1459 1619 1573 1639 vocem
1596 1608 1693 1646 hanc,

1393 1663 1521 1684 causam
1549 1653 1644 1683 huius
1669 1652 1779 1683 dicunt
1807 1662 1891 1690 esse,
1923 1652 2034 1692 genitis
2066 1653 2232 1684 confestim
2257 1654 2385 1694 existere
2409 1665 2459 1685 so-

1459 1704 1555 1735 num;
1578 1707 1675 1738 quare
1699 1707 1765 1727 non
1789 1696 2048 1736 permanifestum
2070 1707 2136 1728 esse
2153 1698 2191 1728 ad
2211 1699 2402 1729 contrarium
2422 1699 2460 1729 si-

1459 1742 1611 1779 lentium;
1635 1742 1674 1772 ad
1704 1741 1839 1771 invicem
1870 1741 1955 1771 enim
1979 1741 2065 1772 vocis
2096 1749 2125 1772 et
2149 1742 2260 1773 silentii
2291 1753 2357 1774 esse
2381 1743 2460 1773 diiu-

1460 1786 1661 1817 dicationem.
1687 1786 1807 1826 Itaque,
1823 1786 2099 1826 quemadmodum
2125 1787 2202 1816 aeris
2227 1787 2461 1818 malleatoribus

1460 1838 1590 1872 propter
1612 1829 1878 1861 consuetudinem
1900 1829 1979 1860 nihil
2000 1830 2123 1861 videtur
2151 1830 2286 1870 differre,
2311 1838 2341 1862 et
2358 1831 2461 1863 homi-

1461 1875 1554 1906 nibus
1578 1875 1663 1905 idem
1687 1874 1835 1905 accidere.

1394 1920 1482 1951 Haec
1506 1927 1628 1957 autem,
1653 1919 1930 1960 quemadmodum
1955 1917 2075 1949 dictum
2100 1925 2146 1950 est
2168 1919 2270 1959 prius,
2294 1919 2463 1950 allicienter

1461 1964 1592 2006 quidem
1617 1963 1765 1994 dicuntur
1795 1970 1826 1994 et
1853 1963 1990 2000 musice;
2020 1963 2216 2003 impossibile
2242 1970 2348 1995 autem
2377 1964 2462 1995 hunc

1462 2009 1576 2040 habere
1590 2008 1737 2039 modum.
1754 2007 1772 2025 ‘³‘
1786 2008 1862 2038 Non
1878 2007 1963 2038 enirn
1978 2008 2086 2038 solum
2098 2007 2176 2038 nihil
2192 2008 2299 2038 audire
2314 2008 2462 2039 inconve-

1462 2054 1563 2091 niens,
1588 2053 1627 2084 de
1650 2063 1719 2094 quo
1741 2052 1884 2083 solvendi
1909 2059 2076 2082 assumunt
2100 2062 2240 2091 causam,
2258 2053 2312 2083 sed
2331 2059 2361 2083 et
2384 2053 2463 2083 nihil

1463 2098 1528 2139 pati
1552 2097 1619 2128 sine
1643 2105 1752 2128 sensu:
1778 2097 1962 2127 excellentes
1986 2096 2071 2126 enim
2091 2096 2160 2127 soni
2182 2097 2346 2127 destruunt
2370 2097 2463 2128 etiam

1462 2142 1710 2173 inanimatorum
1734 2151 1906 2181 corporum
1930 2141 2046 2179 moles,
2070 2147 2148 2181 puta
2171 2141 2226 2182 qui
2248 2141 2378 2172 tonitrui
2401 2141 2464 2172 dis-

1463 2187 1544 2227 sipat
1567 2186 1686 2227 lapides
1711 2192 1741 2216 et
1764 2185 1892 2215 duriora
1915 2195 2098 2225 corporum.
2123 2185 2234 2215 Tantis
2258 2192 2364 2216 autem
2383 2186 2463 2224 latis,

1464 2238 1495 2262 et
1518 2241 1599 2261 sono
1624 2236 1872 2270 pertranseunte,
1897 2229 1937 2259 ad
1961 2239 2030 2259 eam
2047 2239 2129 2270 quae
2153 2229 2249 2260 fertur
2273 2229 2464 2270 magnitudi-

1463 2286 1549 2312 nem,
1574 2275 1678 2305 multo
1702 2274 1802 2314 magis
1826 2273 2038 2304 necessarium
2062 2274 2236 2314 pertingere
2259 2274 2332 2313 huc,
2357 2281 2388 2305 et
2410 2284 2463 2304 va-

1463 2319 1639 2351 letudinem
1662 2318 1894 2349 intolerabilem
1917 2328 1983 2348 esse
2006 2318 2184 2349 violentiae.

1396 2407 1413 2427 *
1437 2407 1498 2438 Sed
1527 2406 1752 2437 rationabiliter
1780 2415 1884 2446 neque
1915 2405 2081 2443 audimus,
2113 2415 2216 2446 neque
2245 2404 2391 2445 patientia
2418 2404 2464 2434 vi·
2491 2413 2499 2422 ¹

1464 2452 1579 2482 dentur
1602 2461 1736 2491 corpora
1758 2450 1933 2481 violentam
1951 2450 2074 2480 nullam
2089 2450 2280 2490 passionem,
2297 2455 2462 2489 propterea

1465 2496 1555 2537 quod
1578 2506 1645 2526 non
1676 2501 1799 2526 sonant.
1830 2494 1933 2525 Simul
1962 2501 2069 2525 autem
2092 2494 2150 2524 erit
2174 2501 2205 2524 et
2230 2504 2322 2535 causa
2348 2494 2466 2523 horum

1465 2540 1650 2578 manifesta,
1674 2546 1704 2570 et
1727 2539 1948 2570 testimonium
1976 2539 2135 2569 dictorum
2165 2538 2256 2568 nobis
2280 2547 2465 2568 sermonum

1466 2585 1555 2625 quod
1580 2591 1654 2615 sunt
1677 2584 1752 2615 veri.
1777 2583 1966 2614 Dubitatum
1990 2583 2091 2621 enim,
2115 2589 2146 2613 et
2168 2582 2283 2613 faciens
2306 2582 2463 2622 Pythago-

1466 2629 1548 2659 ricos
1572 2629 1674 2659 dicere
1697 2627 1764 2658 fieri
1788 2627 2014 2669 symphoniam
2044 2627 2199 2665 latorum,
2225 2625 2316 2656 nobis
2341 2625 2397 2656 erit
2420 2635 2465 2655 ar-

1465 2680 1666 2714 gumentum.

1399 2719 1631 2758 Quaecumque
1654 2717 1786 2758 quidem
1810 2717 1896 2747 enim
1919 2716 2094 2746 secundum
2117 2715 2219 2755 seipsa
2242 2714 2399 2752 feruntur,
2423 2713 2468 2743 fa-

1466 2763 1555 2794 ciunt
1578 2771 1696 2792 sonum
1713 2769 1744 2792 et
1759 2761 1900 2801 plagam:
1925 2769 2145 2801 quaecumque
2169 2765 2276 2789 autem
2291 2758 2324 2788 in
2338 2758 2403 2788 lato
2418 2757 2463 2788 in-

1466 2807 1527 2838 fixa
1550 2813 1625 2837 sunt
1647 2813 1702 2837 aut
1725 2806 1875 2843 existunt,
1900 2804 2175 2845 quemadmodum
2197 2802 2231 2832 in
2254 2802 2326 2832 navi
2349 2809 2466 2841 partes,

1466 2862 1532 2882 non
1544 2850 1695 2891 possibile
1711 2857 1757 2881 est
1769 2857 1896 2887 sonare·‚
1913 2858 2015 2889 neque
2032 2858 2138 2878 rursus
2152 2846 2249 2884 navis,
2263 2846 2288 2876 si
2305 2845 2419 2876 feratur
2434 2845 2467 2875 in

1466 2895 1575 2926 fluvio.
1586 2894 1765 2932 *Quamvis
1780 2894 1898 2925 eisdem
1914 2892 2086 2923 rationibus
2100 2891 2208 2931 utique
2223 2889 2348 2919 habebit
2366 2889 2466 2918 dicere

1467 2940 1556 2981 quod
1577 2939 1813 2977 inconveniens,
1838 2938 1863 2968 si
1887 2947 1952 2967 non
1976 2936 2030 2976 qui
2052 2935 2148 2965 fertur
2171 2934 2273 2963 malus
2297 2939 2327 2963 et
2350 2932 2466 2972 puppis

1466 2984 1541 3015 facit
1559 2993 1676 3014 sonum
1697 2983 1837 3013 multum
1853 2988 1955 3012 tantae
1975 2979 2072 3017 navis,
2090 2985 2144 3008 aut
2158 2978 2272 3008 iterum
2293 2977 2360 3016 ipsa
2379 2976 2466 3006 navis

1467 3035 1565 3059 mota.
1591 3028 1689 3065 Quod
1707 3034 1815 3058 autem
1837 3026 1868 3056 in
1893 3035 1959 3055 non
1974 3024 2038 3054 lato
2062 3022 2169 3059 fertur,
2193 3021 2265 3052 facit
2279 3027 2409 3051 sonum:
2434 3019 2466 3049 in

1466 3073 1532 3103 lato
1548 3079 1656 3103 autem
1672 3071 1822 3102 continue
1841 3077 1871 3100 et
1890 3079 1954 3099 non
1971 3067 2112 3103 faciente,
2129 3066 2255 3106 plagam
2270 3064 2467 3104 impossibile

1468 3127 1590 3148 sonare.
1607 3116 1624 3135 *
1643 3117 1749 3153 Quare
1765 3115 1815 3144 hic
1832 3113 2001 3143 dicendum
2017 3110 2116 3151 quod,
2134 3109 2159 3139 si
2176 3109 2306 3149 quidem
2326 3108 2465 3138 fereban-

1468 3169 1519 3192 tur
1535 3170 1668 3200 corpora
1684 3160 1800 3189 horum
1817 3158 1880 3187 sive
1896 3156 1928 3186 in
1944 3155 2020 3185 aeris
2036 3153 2237 3184 multitudine
2257 3162 2392 3192 expansa
2411 3161 2467 3192 per

1467 3212 1584 3242 totum,
1605 3204 1668 3234 sive
1687 3202 1778 3243 ignis,
1798 3199 2072 3241 quemadmodum
2092 3207 2202 3227 omnes
2223 3196 2342 3234 dicunt,
2358 3205 2466 3226 neces—

1469 3249 1588 3280 sarium
1612 3248 1711 3277 facere
1740 3255 1834 3285 super
1857 3243 2031 3274 naturalem
2055 3241 2306 3281 magnitudinem
2331 3247 2465 3278 sonum;

1469 3294 1531 3323 hoc
1548 3299 1654 3322 autem
1674 3291 1767 3326 facto,
1785 3295 1814 3319 et
1838 3288 1899 3318 huc
1919 3286 2092 3327 pertingere
2112 3292 2142 3315 et
2160 3285 2323 3325 perimere.
2344 3285 2464 3324 Itaque,

1469 3337 1622 3377 quoniam
1646 3344 1711 3364 non
1734 3333 1857 3362 videtur
1879 3331 1941 3361 hoc
1965 3329 2118 3367 accidens,
2142 3339 2246 3370 neque
2267 3329 2378 3369 utique
2401 3328 2465 3358 ani-

1469 3387 1553 3410 mata
1578 3388 1680 3418 neque
1700 3377 1837 3406 violenta
1860 3375 1976 3405 feretur
1998 3374 2115 3404 latione
2139 3373 2266 3403 nullum
2288 3372 2442 3413 ipsorum.

1403 3425 1499 3456 Velut
1517 3424 1661 3453 futurum
1678 3420 1863 3461 providente
1879 3426 1989 3449 natura
2012 3417 2178 3458 quoniam,
2198 3427 2264 3447 non
2287 3417 2349 3447 hoc
2365 3417 2465 3447 modo

1470 3478 1502 3498 se
1525 3467 1659 3497 habente
1682 3471 1786 3502 motu,
1815 3463 1894 3494 nihil
1917 3462 2028 3503 utique
2059 3461 2116 3492 erit
2139 3462 2219 3492 circa
2248 3462 2334 3492 hunc
2356 3461 2466 3491 locum

1471 3510 1612 3541 similiter
1634 3509 1762 3543 habens.

1405 3555 1503 3593 Quod
1526 3554 1620 3594 igitur
1644 3552 1803 3593 sphaerica
1832 3557 1906 3582 sunt
1928 3557 2019 3589 astra,
2043 3557 2073 3581 et
2095 3550 2184 3591 quod
2208 3559 2274 3580 non
2298 3556 2467 3580 moventur

1471 3608 1526 3639 per
1549 3597 1660 3638 seipsa,
1686 3596 1807 3627 dictum
1830 3602 1886 3626 est.

2481 905 2564 959 {²Cap.
2578 911 2611 928 ix.
2625 905 2695 928 Text.

2490 2013 2498 2022 ”
2513 2011 2580 2033 Text.
2596 2018 2628 2039 53.

2515 2412 2582 2434 Text.
2597 2418 2632 2439 54.

2494 2892 2503 2901 ·
2518 2890 2585 2912 Text.
2599 2896 2631 2918 55.

2493 3116 2502 3124 ·
2517 3115 2584 3136 Text.
2599 3114 2634 3142 56.
