2782 4134
26 576 38 588 ⁸
52 577 75 597 et
87 574 141 597 add.
155 574 225 597 codd.

28 841 38 850 '
54 845 104 862 cum
117 845 139 867 Ρ,
155 841 204 861 tam
218 845 241 867 o,

27 871 76 889 om.
90 871 151 894 em.

25 1051 36 1062 ·
52 1049 117 1079 qnod
129 1055 177 1073 om.
193 1055 214 1072 r.

28 1210 40 1223 ⁸
53 1209 126 1233 unm.
141 1215 219 1238 praec.

28 1315 119 1339 ’laen
135 1320 208 1338 xxm.

31 1528 43 1539 ·
55 1529 134 1551 m
147 1533 196 1551 om.
209 1533 232 1549 ι».

39 2849 135 2872 ἐκ».

1143 268 1255 305 CAP.
1286 267 1354 315 lv,
1384 266 1536 304 LECT.
1566 266 1617 303 v1

264 357 346 387 tum
374 348 423 386 ad
453 361 682 396 concavum,
711 347 780 385 sed
808 346 922 383 etiam
951 354 1138 394 quantum
1167 347 1216 384 ad
1245 359 1334 384 con-

264 414 420 440 vexum.
452 402 570 449 Quod
599 402 701 439 enim
730 399 950 449 superficies
979 412 1150 436 concava
1175 400 1270 436 aeris
1291 400 1336 436 sit

266 455 481 505 sphaerica,
500 462 604 504 patet
623 467 669 491 ex
689 455 775 501 hoc,
797 452 904 501 quod
923 452 1143 501 superficies
1164 465 1337 490 convexa

266 521 388 557 aquae
409 515 464 545 est
482 507 691 557 sphaerica.
713 505 831 553 Quod
850 513 979 542 autem
1000 505 1220 554 superficies
1240 506 1337 542 aeris

268 573 442 599 convexa
469 561 515 598 sit
542 559 750 610 sphaerica,
778 566 882 608 patet
907 559 1046 595 eodem
1070 559 1190 596 modo
1210 559 1338 595 sicut*

268 614 316 652 de
345 626 457 662 aqua,
484 613 574 662 quia
602 612 742 650 scilicet
770 623 906 648 omnes
934 618 1060 660 partes
1089 611 1169 648 eius
1198 623 1337 659 aequa-

267 668 350 705 liter
370 673 602 704 concurrunt
617 665 665 702 ad
685 677 797 702 suum
816 665 958 701 locum.
979 665 1029 700 Et
1043 664 1098 700 sic
1111 670 1215 713 patet
1229 664 1335 711 quod

269 721 383 758 etiarn
402 719 624 768 superficies
639 729 810 755 concava
824 716 920 765 ignis
935 716 981 754 sit
995 716 1204 765 sphaerica.
1222 716 1340 763 Quod

269 781 398 811 autem
426 771 647 821 superficies
670 770 766 818 ignis
786 782 960 807 convexa
979 769 1025 806 sit
1043 769 1253 818 sphaerica,
1273 781 1340 818 pa—

268 834 347 864 tere
384 832 510 874 potest
537 831 619 861 tum
637 824 658 844 *
679 836 725 860 ex
759 835 807 860 eo
845 824 952 871 quod
981 823 1222 860 continuatur
1251 834 1340 859 cum

269 879 430 928 sphaera
457 878 570 914 lunae
600 876 722 924 (unde
752 883 788 913 et
812 875 924 913 simul
944 875 1155 914 revolvitur
1174 887 1262 912 cum
1282 888 1339 923 ea,

267 939 310 969 ut
337 930 536 968 manifeste
574 937 732 979 apparet
764 941 810 967 ex
839 936 948 966 motu
986 930 1113 967 stellae
1142 936 1339 977 comatae,

269 997 368 1034 quae
389 990 569 1021 movetur
583 983 631 1020 ab
648 983 792 1020 oriente
812 982 851 1019 in
868 982 1107 1020 occidentem
1128 982 1341 1020 secundum

268 1044 419 1075 motum
445 1037 584 1084 caeli);
618 1044 700 1074 tum
729 1036 844 1073 etiam
874 1048 919 1073 ex
947 1037 1022 1073 hoc
1051 1036 1157 1085 quod
1178 1037 1198 1057 *
1215 1043 1342 1085 partes

269 1090 365 1140 ignis
385 1097 591 1128 moventur
609 1089 779 1138 undique
800 1089 1006 1139 aequaliter
1025 1089 1074 1126 ad
1094 1102 1208 1127 suurn
1227 1088 1305 1126 ubi.

323 1157 360 1193 7.
381 1143 531 1181 Deinde
551 1156 642 1181 cum
662 1143 766 1181 dicit:
786 1143 861 1180 Sed
878 1149 914 1180 et
928 1143 1030 1192 quod
1046 1155 1170 1192 aquae
1186 1143 1343 1191 superfi-

270 1197 344 1235 cies
364 1205 447 1247 etc„
466 1197 606 1246 probat
624 1197 730 1245 quod
753 1204 1007 1246 supposuerat
1027 1197 1060 1244 ²³⁸,
1080 1196 1220 1233 scilicet
1238 1195 1344 1244 quod

270 1250 492 1300 superficies
521 1262 695 1287 convexa
723 1262 846 1298 aquae
875 1250 922 1287 sit
946 1249 1168 1299 sphaerica}
1183 1260 1274 1286 nam
1295 1248 1343 1285 de

271 1311 371 1342 terra
403 1303 559 1341 inferius
587 1303 607 1324 *
639 1303 825 1341 ostendet.
854 1303 918 1340 Ad
945 1303 1020 1340 hoc
1053 1309 1183 1339 autem
1217 1308 1342 1339 osten-

272 1357 444 1395 dendum
477 1356 683 1407 praemittit
716 1356 811 1394 duas
844 1355 1137 1406 suppositiones.
1169 1355 1343 1402 Quarum

270 1410 396 1461 prima
425 1417 480 1448 est
507 1409 627 1459 quod,
655 1409 745 1459 quia
773 1421 874 1458 aqua
891 1408 1110 1446 naturaliter
1130 1415 1186 1444 est
1204 1407 1342 1456 gravis,

272 1476 428 1513 semper
445 1463 662 1501 naturaliter
679 1462 764 1500 fluit
782 1462 832 1500 ad
850 1462 889 1500 id
909 1461 1016 1511 quod
1035 1469 1091 1498 est
1109 1461 1230 1509 magis
1255 1473 1345 1498 con-

273 1529 429 1564 cavum,
457 1517 521 1554 vel
540 1515 661 1564 magis
679 1515 871 1553 infimum.
899 1515 986 1552 Alia
1008 1522 1138 1552 autern
1154 1515 1174 1536 ²¹²
1203 1527 1345 1564 suppo-

273 1570 358 1608 sitio
378 1576 446 1617 est,
466 1569 574 1618 quod
591 1569 683 1606 illud
705 1575 760 1606 est
779 1568 900 1617 magis
920 1580 1136 1606 concavum
1166 1575 1203 1605 et
1225 1568 1346 1616 magis

272 1623 468 1670 infimum,
499 1622 605 1671 quod
634 1629 691 1659 est
717 1621 970 1672 propinquius
1000 1629 1128 1658 centro
1157 1621 1304 1659 mundi.

327 1675 398 1714 His
429 1675 541 1724 igitur
574 1675 802 1725 suppositis,
836 1675 882 1712 sit
916 1682 1089 1712 centrum
1125 1674 1261 1712 mundi
1289 1676 1345 1722 A,

274 1736 311 1767 et
334 1729 529 1777 signentur
546 1728 586 1766 in
605 1728 806 1778 superficie
835 1741 959 1778 aquae
988 1727 1066 1766 duo
1094 1734 1236 1777 puncta
1259 1729 1290 1765 Β
1312 1735 1348 1764 et

275 1783 328 1831 G,
357 1782 566 1831 aequaliter
593 1782 769 1820 distantia
797 1794 820 1819 a
848 1789 999 1829 centro,
1030 1789 1067 1819 et
1086 1781 1347 1830 producantur

275 1835 376 1874 duae
403 1835 527 1873 lineae
555 1847 656 1884 quae
684 1843 772 1873 sunt
799 1835 866 1872 AB
896 1842 931 1872 et
960 1835 1043 1873 AG.
1078 1834 1229 1872 Deinde
1257 1847 1347 1872 con-

275 1888 478 1938 iungantur
506 1888 583 1926 duo
612 1895 754 1938 puncta
782 1889 813 1925 B
843 1895 880 1926 et
907 1889 943 1926 G
962 1894 974 1909 ⁰
992 1901 1062 1938 per
1089 1887 1230 1926 lineam
1258 1888 1346 1935 BG;

275 1954 375 1991 quae
390 1941 548 1991 quidem
563 1941 664 1979 linea
679 1949 735 1979 est
749 1948 863 1990 recta,
879 1941 911 1979 si
925 1954 1107 1991 suprema
1126 1941 1349 1991 superficies

276 2007 400 2045 aquae
420 1995 466 2032 sit
482 1995 610 2044 plana.
641 1995 819 2043 Signetur
836 1994 948 2043 igitur
966 1995 1004 2032 in
1028 1995 1128 2032 linea
1147 1995 1228 2043 BG,
1249 2007 1349 2043 quae

276 2056 333 2086 est
351 2048 453 2086 basis
471 2047 655 2097 trianguli,
675 2056 860 2097 punctum
875 2049 896 2070 ²¹²
911 2049 960 2095 D,
982 2055 1018 2085 et
1041 2048 1202 2086 ducatur
1219 2060 1242 2085 a
1262 2061 1349 2085 cen-

275 2109 334 2139 tro
353 2101 454 2139 linea
476 2114 577 2151 quae
605 2108 662 2138 est
688 2102 773 2139 AD.
803 2102 914 2139 Hanc
941 2101 1082 2138 lineam
1109 2113 1267 2139 necesse
1295 2108 1352 2138 est

277 2167 360 2192 esse
385 2154 578 2192 minorem
595 2161 757 2203 utraque
778 2154 942 2192 duarum
962 2154 1150 2192 linearum
1176 2167 1199 2192 a
1219 2162 1349 2192 centro

276 2207 586 2258 procedentium:
613 2207 644 2244 si
665 2207 768 2244 enirn
789 2214 888 2244 esset
905 2207 1088 2256 aequalis,
1103 2215 1194 2245 tunc
1214 2220 1352 2245 omnes

278 2269 354 2299 tres
390 2260 514 2298 lineae
552 2268 677 2298 essent
713 2261 893 2310 aequales
916 2266 935 2282 '³
958 2260 1007 2298 ab
1036 2260 1175 2298 eodem
1206 2268 1350 2309 puncto

277 2313 543 2364 procedentes,
565 2321 602 2351 et
620 2314 670 2351 ita
689 2313 788 2351 linea
816 2314 936 2362 BDG,
957 2314 1142 2351 transiens
1160 2325 1230 2363 per
1248 2326 1352 2351 sum-

278 2367 428 2406 mitates
448 2378 592 2415 earum,
615 2374 714 2404 esset
737 2366 939 2415 circularis,
960 2373 1002 2404 ut
1020 2374 1124 2416 patet
1140 2371 1189 2404 'ex
1208 2368 1257 2404 111
1272 2368 1351 2404 Eu-

278 2420 403 2467 clidis;
433 2420 540 2469 quod
575 2427 632 2457 est
664 2428 796 2458 contra
822 2419 1013 2469 positum,
1042 2433 1121 2469 quo
1149 2420 1352 2469 posuimus

277 2473 420 2511 lineam
448 2474 518 2511 BG
547 2485 631 2510 esse
658 2473 801 2510 lineam
830 2481 984 2510 rectam.
1022 2473 1229 2523 Supposito
1259 2485 1350 2522 ergo

279 2526 385 2577 quod
413 2526 514 2564 linea
550 2527 621 2564 AD
656 2526 702 2564 sit
734 2526 881 2574 minor,
916 2533 1096 2576 sequetur
1122 2526 1229 2576 quod
1255 2539 1354 2576 pun-

279 2587 384 2618 ctum
412 2581 447 2617 D
473 2579 600 2617 minus
629 2579 781 2617 distabit
799 2592 822 2617 a
841 2587 991 2626 centr0;
1022 2587 1058 2617 et
1085 2579 1136 2617 ita
1163 2580 1270 2617 locus
1290 2580 1352 2617 ille

280 2633 350 2671 erit
365 2633 603 2682 profundior,
622 2633 686 2671 vel
705 2633 827 2682 magis
846 2633 1014 2670 infimus.
1030 2633 1142 2671 Unde
1162 2641 1352 2683 sequetur,

280 2687 494 2724 secundum
511 2686 815 2736 suppositionem
835 2686 1100 2736 praemissam,
1123 2687 1230 2736 quod
1253 2699 1354 2736 aqua

280 2752 381 2788 quae
409 2746 466 2776 est
492 2739 530 2777 in
549 2747 694 2789 puncto
714 2740 750 2777 G
770 2747 807 2777 et
824 2739 863 2777 in
884 2747 1028 2788 puncto
1049 2741 1092 2787 B,
1114 2736 1355 2777 circumfluet

280 2793 331 2830 ad
349 2799 537 2842 punctum
564 2794 613 2841 D,
643 2792 768 2830 donec
796 2793 1032 2841 adaequetur
1058 2793 1166 2830 locus
1201 2793 1353 2830 medius

280 2845 362 2884 aliis
381 2845 533 2884 duobus
553 2845 748 2892 extremis;
771 2853 807 2883 et
826 2845 872 2882 sit
885 2846 905 2866 *
924 2845 1024 2883 linea
1044 2852 1123 2883 tota
1141 2845 1354 2895 adaequata

282 2898 434 2936 duobus
463 2898 640 2936 extremis
669 2911 715 2936 ex
743 2911 933 2935 concursu
961 2911 1102 2947 aquae,
1137 2898 1238 2936 linea
1269 2900 1351 2936 AE.

282 2952 446 3001 Oportet
472 2951 584 3000 igitur
616 2951 723 3001 quod
751 2963 851 3000 aqua
871 2951 918 2988 sit
944 2952 1048 3001 apud
1076 2963 1210 2989 omnes
1237 2952 1355 2990 lineas

337 3110 362 3143 ο)
382 3109 530 3142 aequaliter
549 3109 680 3134 distantia
698 3116 716 3134 a
734 3112 859 3135 centro...
876 3110 1076 3144 coniungantur
1095 3110 1148 3135 duo
1162 3114 1267 3143 puncta
1285 3111 1310 3136 Β
1327 3115 1354 3136 et

285 3147 318 3171 G.
331 3159 351 3164 -
368 3146 426 3170 Hoc
444 3145 642 3170 homoteleuton
659 3152 713 3169 om.
732 3145 752 3169 P
771 3150 797 3170 et
815 3145 890 3170 codd.
909 3153 962 3171 exc.
980 3146 1052 3171 AsG.
1070 3159 1090 3165 —
1107 3145 1171 3171 Post
1184 3153 1237 3178 per
1255 3146 1353 3172 lineam

283 3182 347 3211 BG,
368 3181 465 3206 addunt
478 3181 507 3213 pl
521 3183 548 3205 et
565 3180 694 3213 signetur,
714 3180 763 3205 Gsl
777 3183 804 3206 et
815 3180 938 3214 signetur
955 3181 1033 3211 linea,
1053 3186 1102 3206 cet.
1115 3189 1170 3207 exc.
1183 3182 1207 3206 Α
1220 3185 1248 3207 et
1265 3182 1353 3215 signe-

283 3221 329 3242 tur
347 3217 374 3241 in
394 3216 476 3246 linea,
497 3216 516 3240 P
536 3215 690 3248 corrigendo
708 3218 735 3240 et
752 3215 894 3249 signentur
912 3216 939 3241 in
958 3216 1029 3241 linea
1034 3224 1044 3246 ;
1063 3224 1093 3241 ex
1111 3217 1207 3249 quibus
1227 3217 1353 3243 coniicere

282 3253 343 3278 licet
355 3253 382 3277 in
395 3251 556 3284 autographo
571 3251 674 3276 lituram
686 3251 775 3280 fuisse.
790 3258 869 3284 quam
884 3251 1023 3285 scriptores
1042 3260 1095 3277 non
1109 3252 1352 3278 animadverterunt.

284 3288 351 3319 Quia
370 3287 440 3312 enim
463 3287 542 3319 paulo
561 3286 667 3311 inferius
690 3286 785 3318 legitur
803 3286 933 3320 Signetur
955 3287 1041 3321 igitur
1059 3288 1086 3313 in
1106 3288 1177 3313 linea
1195 3288 1260 3317 BG,
1285 3296 1354 3321 quae

283 3326 324 3348 est
337 3323 408 3348 basis
423 3321 566 3356 trianguli,
583 3324 714 3354 punctum
729 3322 763 3352 D,
777 3326 869 3355 posset
887 3322 946 3355 quis
965 3322 1089 3355 suspicari
1108 3331 1131 3348 s.
1143 3322 1274 3348 Thomam
1288 3324 1352 3349 haec

283 3358 398 3383 scribere
415 3358 561 3390 incoepisse
579 3362 640 3390 post
653 3364 706 3390 per
724 3357 821 3383 lineam
840 3357 906 3387 BG,
931 3358 978 3383 sed
996 3366 1064 3391 quae
1082 3358 1134 3383 iam
1152 3359 1291 3392 scripserat
1308 3362 1353 3392 (et

283 3393 406 3427 sig-netur
424 3393 451 3418 in
471 3393 559 3425 linea)
579 3393 741 3426 expunxisse,
762 3397 790 3417 ut
808 3392 981 3419 introduceret
1003 3400 1070 3426 quae
1092 3394 1199 3427 quidem
1224 3395 1294 3420 linea
1313 3398 1353 3420 est

283 3431 366 3457 recta,
380 3429 405 3453 si
417 3436 543 3460 suprema
555 3428 709 3461 superficies
723 3435 809 3461 aquae
822 3428 858 3453 sit
871 3429 966 3461 plana.
980 3429 1069 3454 Lectio
1082 3436 1113 3454 ex
1125 3430 1148 3454 A
1162 3435 1264 3463 recepta
1276 3431 1353 3463 plene

285 3463 407 3490 satisfacit
425 3464 561 3494 contextui,
579 3468 610 3488 ut
627 3468 706 3496 patet.

338 3499 367 3532 π)
386 3499 518 3531 aequales.
530 3513 551 3519 ·-
563 3500 620 3524 Hoc
638 3499 748 3524 verbum
767 3507 822 3524 om.
841 3499 936 3532 PBpE;
952 3499 983 3524 cf.
995 3499 1062 3525 infra
1076 3500 1142 3525 circa
1160 3499 1240 3526 finem
1254 3509 1352 3526 num.—-

286 3535 336 3560 Pro
351 3538 381 3560 ut
393 3538 472 3567 patet
485 3541 523 3559 ex
538 3535 584 3560 III
592 3535 720 3564 Euclidis,
735 3538 765 3559 ut
778 3537 857 3567 patet
872 3542 909 3560 ex
923 3535 994 3561 dicto
1007 3535 1127 3561 Euclidis
1142 3537 1216 3561 codd.
1229 3544 1282 3561 exc.
1297 3537 1351 3561 ΑΕ.

2385 268 2454 314 145

1389 346 1624 395 egredientes
1652 357 1675 382 a
1703 352 1831 382 centro
1861 345 2054 394 aequales:
2084 352 2174 382 tunc
2203 345 2304 382 enim
2333 347 2459 383 solum

1390 412 1490 448 aqua
1510 398 1682 447 quiescit,
1698 397 1854 447 quando
1871 410 2006 435 omnes
2025 398 2146 435 lineae
2168 405 2255 435 sunt
2269 400 2458 447 aequales.

1391 452 1468 489 Sed
1483 452 1582 489 linea
1597 464 1695 501 quae
1714 451 1832 499 tangit
1849 459 1925 488 tres
1944 451 2061 488 lineas
2082 451 2317 499 egredientes
2336 464 2359 488 a
2374 464 2460 488 cen-

1390 513 1447 542 tro
1467 505 1657 554 aequales,
1679 512 1735 542 est
1755 504 1957 552 circularis,
1976 511 2018 541 ut
2045 505 2229 553 probatur
2247 504 2285 541 in
2314 506 2363 541 III
2382 506 2461 542 Eu-

1392 559 1506 595 clidis.
1538 558 1718 606 Sequitur
1745 570 1834 606 ergo
1864 557 1970 606 quod
1999 558 2221 606 superficies
2249 570 2388 606 aquae,
2423 557 2463 594 in

1392 624 1469 659 qua
1488 610 1710 649 describitur
1729 610 1828 648 linea
1846 611 1951 648 BEG
1966 611 2002 658 ³¹³,
2024 611 2069 647 sit
2087 610 2308 659 superficies
2327 611 2461 659 sphae-

1393 663 1487 709 rica;
1518 671 1554 700 et
1581 665 1656 701 hoc
1686 671 1741 701 est
1768 664 1874 713 quod
1894 664 2154 702 demonstrare
2183 663 2353 700 intendit.

1449 717 1484 753 8.
1505 716 1655 753 Deinde
1676 729 1764 753 curn
1784 716 1889 754 dicit:
1915 717 2026 759 Quod
2038 717 2187 765 quidem
2202 717 2320 767 igitur
2332 717 2462 765 sphae-

1394 770 1494 805 ricus
1513 775 1567 805 est
1594 776 1677 816 etc.,
1705 770 1896 807 concludit
1916 782 1962 807 ex
1980 770 2199 819 praemissis
2217 769 2462 807 manifestum

1395 834 1478 858 esse
1508 823 1614 870 quod
1641 822 1809 859 mundus
1838 823 1883 859 sit
1911 823 2142 872 sphaericus,
2163 830 2246 860 tum
2267 824 2287 844 ’¹‘
2306 831 2463 872 propter
2492 837 2500 845 ·

1396 887 1535 923 corpus
1563 874 1732 923 primum
1767 876 1871 923 quod
1907 876 2073 913 continet
2100 883 2224 914 totum
2250 877 2462 924 mundum,

1395 935 1478 965 tum
1508 927 1620 964 etiam
1648 935 1804 976 propter
1832 928 1904 965 alia
1929 941 2091 978 corpora
2118 930 2167 967 ab
2197 942 2244 966 eo
2274 936 2463 967 contenta.

1397 982 1495 1018 Sunt
1513 988 1642 1018 autern
1657 981 1761 1030 apud
1780 993 1850 1017 nos
1869 982 2061 1030 quaedam
2077 995 2239 1032 corpora
2254 982 2463 1032 sphaerica,

1397 1046 1496 1083 quae
1523 1042 1652 1071 tamen
1670 1046 1750 1070 non
1767 1034 1933 1083 perfecte
1953 1035 2094 1073 habent
2113 1036 2351 1085 sphaericam
2369 1036 2465 1084 figu-

1398 1100 1497 1133 ram3
1518 1087 1614 1124 sicut
1632 1087 1759 1135 ipsum
1780 1099 1918 1136 corpus
1938 1095 2058 1125 terrae
2075 1089 2208 1126 dicitur
2227 1101 2310 1126 esse
2330 1090 2465 1138 sphae-

1398 1141 1531 1188 ricum,
1544 1152 1633 1177 cum
1643 1147 1774 1177 tamen
1787 1140 1926 1177 habeat
1940 1153 2098 1189 magnas
2110 1141 2341 1180 elevationes
2356 1154 2467 1179 mon-

1398 1194 1493 1231 tium
1514 1201 1550 1230 et
1570 1193 1824 1230 concavitates
1842 1193 2012 1231 vallium.
2043 1196 2085 1231 In
2105 1195 2328 1244 corporibus
2353 1195 2467 1232 etiam

1399 1247 1656 1284 artificialibus
1675 1257 1773 1295 quae
1794 1254 1880 1283 sunt
1905 1247 2008 1296 apud
2027 1260 2098 1284 nos
2124 1249 2332 1297 sphaerica,
2361 1249 2467 1286 inve-

1399 1300 1555 1337 niuntur
1583 1300 1730 1349 aliquae
1758 1300 2040 1338 tumorositates
2060 1307 2074 1331 t
2098 1302 2160 1338 vel
2189 1301 2466 1351 depressiones,

1400 1353 1539 1403 quibus
1553 1366 1632 1390 non
1643 1353 1877 1390 obstantibus
1893 1354 2113 1392 huiusmodi
2128 1354 2323 1392 artificiata
2338 1355 2468 1392 dicun-

1399 1414 1459 1444 tur
1484 1419 1566 1444 esse
1590 1406 1810 1456 sphaericae
1830 1407 1987 1455 figurae,
2009 1407 2099 1456 quia
2123 1408 2344 1445 huiusmodi
2363 1408 2469 1445 addi-

1399 1460 1522 1498 tiones
1540 1461 1603 1497 vel
1622 1460 1898 1497 subtractiones
1917 1461 2130 1498 secundum
2150 1474 2307 1499 sensum
2327 1468 2340 1481 ⁶
2360 1461 2469 1510 quasi

1400 1527 1479 1551 non
1495 1521 1689 1563 apparent.
1702 1514 1764 1550 Ne
1779 1513 1890 1561 igitur
1899 1514 2075 1551 credatur
2082 1514 2158 1551 hoc
2169 1515 2282 1551 etiam
2298 1514 2469 1552 accidere

1399 1567 1438 1604 in
1455 1579 1616 1616 corpore
1637 1566 1788 1603 caelesti
1802 1567 1833 1613 ³⁸,
1850 1566 1954 1604 addit
1972 1567 2079 1615 quod
2094 1575 2150 1604 est
2166 1568 2370 1604 secundum
2390 1567 2470 1604 dili-

1399 1621 1569 1671 gentiam
1589 1625 1776 1666 tornatus,
1805 1619 1902 1656 idest
1921 1631 2054 1657 carens
2078 1620 2183 1657 omni
2207 1620 2470 1658 tumorositate

1402 1681 1439 1711 et
1467 1673 1715 1720 concavitate,
1732 1672 1828 1710 sicut
1856 1684 2018 1721 corpora
2046 1685 2144 1722 quae
2174 1673 2370 1722 diligenter
2396 1681 2471 1711 tor-

1402 1734 1556 1774 nantur3
1576 1726 1615 1763 in
1639 1734 1788 1764 tanturn
1807 1725 1914 1775 quod
1933 1725 2038 1773 nihil,
2063 1738 2188 1775 neque
2207 1727 2470 1773 chirocmeton,

1402 1780 1499 1818 idest
1513 1792 1633 1817 manu
1648 1779 1898 1827 elaboratum,
1911 1791 1951 1816 se
1967 1779 2134 1816 habeat*
2144 1779 2312 1817 similiter
2326 1780 2376 1817 ad
2391 1792 2472 1817 cor-

1401 1846 1474 1883 pus
1495 1834 1655 1871 caeleste
1675 1839 1862 1883 quantum
1882 1833 1931 1870 ad
1945 1833 2020 1869 hoc
2035 1833 2142 1881 quod
2161 1833 2304 1870 dictum
2324 1840 2391 1881 est,
2407 1846 2472 1870 ne-

1403 1899 1478 1937 que
1494 1887 1608 1924 etiam
1623 1887 1899 1936 quodcumque
1914 1898 2054 1935 corpus
2069 1886 2171 1923 aliud
2186 1887 2354 1924 naturale
2369 1887 2474 1936 quod

1404 1940 1541 1978 nostris
1570 1939 1690 1977 oculis
1709 1947 1892 1988 appareat
1911 1940 1949 1975 *ε
1979 1938 2069 1988 quia
2091 1939 2153 1977 illa
2178 1952 2223 1977 ex
2247 1940 2385 1989 quibus
2405 1940 2473 1977 hu-

1404 1993 1572 2032 iusmodi
1600 2005 1764 2042 corpora
1783 1992 2073 2042 constituuntur,
2093 2005 2172 2030 non
2190 2001 2351 2042 possunt
2373 1993 2474 2030 illam

1405 2047 1704 2098 regularitatem,
1724 2046 1822 2084 idest
1845 2046 2158 2094 uniformitatem,
2189 2046 2380 2095 suscipere
2407 2059 2476 2095 per

1407 2100 1597 2138 actionem
1618 2099 1706 2137 artis
1724 2100 1787 2136 vel
1806 2107 1964 2136 naturae
1984 2099 2169 2137 inferioris
2187 2105 2218 2146 ¹,
2241 2107 2278 2136 et
2299 2099 2402 2136 illam
2423 2099 2476 2136 di-

1406 2153 1598 2202 ligentiam
1631 2159 1817 2202 quantum
1856 2152 1906 2190 ad
1942 2153 2217 2202 perfectionem
2257 2153 2477 2202 sphaericae

1407 2208 1552 2255 figurae
1568 2235 1578 2254 ,
1608 2218 1727 2255 quam
1755 2206 1872 2243 habet
1909 2218 2048 2255 corpus
2078 2207 2259 2254 caeleste,
2290 2206 2395 2254 quod
2424 2213 2479 2243 est

1407 2259 1625 2298 naturaliter
1644 2259 1864 2309 sphaericae
1883 2259 2030 2307 figurae
2045 2266 2069 2297 ⁰.
2091 2261 2141 2297 Et
2161 2260 2236 2296 hoc
2254 2260 2393 2308 probat
2410 2271 2480 2308 per

1406 2312 1698 2363 proportionem
1724 2312 1891 2361 partium
1911 2312 2047 2350 mundi
2074 2314 2123 2350 ad
2151 2313 2330 2350 invicem.
2356 2313 2479 2350 Mani-

1407 2367 1546 2404 festum
1567 2373 1623 2403 est
1643 2365 1746 2403 enim
1765 2365 1871 2414 quod
1892 2366 2106 2404 secundum
2127 2366 2290 2403 eandem
2316 2378 2479 2415 propor-

1406 2419 1552 2457 tionem
1567 2432 1645 2468 qua
1659 2431 1760 2468 aqua
1780 2418 1927 2456 excedit
1945 2427 2097 2467 terram,
2118 2432 2273 2469 semper
2292 2420 2480 2456 elementa

1409 2472 1641 2511 continentia
1660 2473 1799 2510 distant
1813 2485 1836 2509 a
1852 2473 2077 2522 corporibus
2097 2473 2295 2520 contentis,
2313 2480 2349 2509 et
2365 2473 2478 2509 etiam

1409 2527 1537 2564 adhuc
1564 2527 1661 2575 plus.
1690 2527 1804 2575 Aqua
1831 2533 1973 2574 autem,
2003 2539 2102 2575 quae
2132 2526 2299 2563 continet
2326 2533 2478 2573 terram,

1408 2592 1489 2617 non
1517 2579 1634 2617 habet
1660 2578 1883 2616 huiusmodi
1906 2579 2189 2617 tumorositates
2210 2587 2246 2617 et
2266 2579 2480 2616 concavita—

1407 2640 1464 2670 tes
1482 2633 1522 2670 in
1541 2632 1744 2682 superficie
1775 2644 1870 2682 quas
1898 2633 2015 2670 habet
2042 2640 2152 2681 terra,
2179 2633 2248 2670 sed
2276 2632 2396 2681 magis
2424 2640 2480 2669 est

1409 2685 1590 2735 regularis
1605 2698 1724 2735 quam
1739 2686 1962 2736 superficies
1981 2694 2115 2724 terrae.
2138 2686 2316 2724 Similiter
2331 2692 2480 2734 oportet

1409 2740 1516 2790 quod
1548 2739 1772 2788 superficies
1801 2739 1898 2777 aeris
1927 2739 1973 2777 sit
2001 2740 2121 2788 magis
2150 2739 2329 2788 regularis
2362 2750 2478 2787 quam

1409 2793 1631 2842 superficies
1655 2805 1790 2842 aquae.
1812 2792 1924 2830 Unde
1944 2793 2115 2842 sequitur
2134 2793 2239 2843 quod
2259 2791 2478 2841 superficies

1411 2846 1584 2896 supremi
1612 2846 1783 2895 corporis
1813 2846 1983 2883 caelestis
2012 2846 2058 2884 sit
2084 2846 2250 2884 maxime
2279 2844 2477 2892 regularis,

1410 2899 1461 2937 ita
1488 2899 1594 2948 quod
1618 2899 1658 2937 in
1677 2911 1724 2936 eo
1746 2899 1906 2936 omnino
1935 2899 2027 2936 nihil
2046 2899 2103 2948 sit,
2132 2911 2204 2936 nec
2227 2898 2430 2935 minimum
2444 2897 2476 2944 *,

1411 2952 1700 3003 superadditum
1727 2953 1790 2990 vel
1819 2953 2067 2990 subtractum.

1461 3111 1487 3146 ρ)
1515 3112 1724 3137 tumorositates.
1742 3125 1761 3130 -
1775 3117 1880 3143 parvae
1901 3109 2099 3135 tumorositates
2117 3109 2155 3138 A,
2175 3108 2410 3142 tumorificationes
2428 3114 2477 3134 cet.

1408 3154 1462 3173 exc.
1481 3147 1552 3172 FsG.

1462 3182 1489 3217 σ)
1509 3182 1656 3208 secundum
1674 3189 1790 3207 sensum.
1807 3195 1826 3199 —
1843 3180 1987 3206 secundum
2009 3186 2115 3204 sursum
2138 3179 2167 3210 P,
2187 3186 2274 3204 errore
2291 3178 2477 3212 typographico

1407 3214 1459 3242 iarn
1478 3218 1504 3242 in
1524 3219 1565 3243 ed.
1584 3217 1650 3242 1516
1670 3218 1809 3242 obtinente.
1822 3230 1841 3235 —
1858 3216 1907 3240 Pro
1926 3215 1967 3239 Ne
1986 3214 2083 3247 igitur,
2104 3214 2150 3239 Sic
2169 3214 2253 3247 igitur
2271 3214 2299 3243 Ρ,
2319 3214 2391 3246 quod
2409 3215 2477 3239 tollit

1408 3261 1525 3279 sensum.
1535 3266 1553 3273 --
1568 3254 1620 3278 Pro
1633 3253 1705 3285 quod
1717 3255 1756 3277 est
1767 3251 1911 3276 secundum
1926 3250 2094 3283 diligentiam
2108 3253 2239 3279 tornatus,
2254 3250 2325 3282 quod
2337 3252 2377 3274 est
2395 3250 2477 3274 etiam.

1407 3289 1552 3314 secundum
1573 3288 1741 3321 diligentiam
1755 3290 1879 3311 tornatus
1892 3286 1930 3311 sic
1944 3285 1978 3316 P;
1997 3293 2045 3317 pro
2059 3285 2252 3315 tumorositate,
2268 3285 2439 3310 tortuositate
2452 3285 2476 3315 1;

1407 3332 1455 3356 pro
1479 3324 1674 3352 chirocmeton,
1701 3322 1772 3355 quod
1796 3321 1892 3346 variata
1917 3320 2100 3353 orthographia
2125 3319 2244 3345 exhibent
2269 3320 2370 3344 codices
2394 3321 2476 3345 nostri

1407 3359 1536 3384 versionis
1556 3359 1655 3387 latinae,
1675 3357 1830 3390 tyrosnicon
1850 3360 1971 3388 corrupte
1989 3356 2025 3387 A;
2044 3355 2207 3380 chirosinton
2228 3360 2284 3385 cet„
2304 3355 2476 3388 thyrosinton

1407 3395 1427 3419 Ρ
1446 3394 1488 3420 hic
1507 3399 1533 3419 et
1553 3394 1579 3418 in
1597 3393 1727 3418 versione.

1461 3429 1487 3464 τ)
1507 3429 1576 3454 artis
1590 3429 1631 3453 vel
1645 3431 1758 3452 naturae
1772 3427 1916 3460 inferioris.
1930 3440 1949 3445 —
1964 3426 2114 3459 artificialiS
2128 3429 2242 3451 naturae
2255 3426 2368 3460 inferius
2383 3427 2402 3451 P
2416 3426 2478 3451 sub-

1407 3466 1532 3496 obscure3
1552 3463 1701 3496 artificialis
1720 3462 1798 3487 habet
1816 3462 1893 3487 etiam
1911 3462 1941 3486 B.

1461 3499 1487 3534 υ)
1507 3499 1661 3532 sphaericae
1677 3498 1797 3531 figurae.
1816 3511 1835 3516 -
1855 3498 1987 3522 circulare
2005 3497 2173 3528 ACDFGsE,
2196 3502 2316 3531 corrupte
2340 3497 2477 3530 singulare

1407 3534 1534 3569 BI(pE?);
1553 3534 1630 3558 huius
1650 3533 1715 3558 forte
1733 3533 1808 3558 lectio
1827 3533 1847 3557 P
1868 3537 1907 3557 est
1926 3533 2057 3558 correctio.

1355 3612 1729 3632 *qv——

428 3673 498 3706 Opp.
517 3674 549 3698 D.
568 3674 682 3699 Tamum
701 3675 732 3699 T.
748 3675 788 3699 Ill.

2338 3680 2367 3704 19

2490 625 2499 633 ¹
2510 623 2552 645 BG
2567 629 2630 651 seso,
2645 624 2665 645 B
2679 626 2705 646 et

2490 649 2510 671 G
2525 653 2568 672 cet.

2516 841 2565 857 cum
2579 842 2601 857 Ρ.

2596 1479 2611 1495 6

2498 1578 2555 1627 :leli
2567 1579 2620 1601 lect.
2633 1584 2708 1607 praec.

2498 1791 2508 1800 ·
2524 1790 2593 1811 habet
2606 1796 2628 1812 P.

2500 1950 2509 1960 '¹
2524 1952 2626 1978 apparet
2638 1957 2660 1972 P.

2506 2905 2514 2913 ·
2536 2909 2578 2925 nec
2598 2903 2715 2926 minimum

2506 2936 2553 2952 om.
2568 2936 2590 2951 Α.
