<?xml version="1.0" encoding="UTF-8"?>
<!DOCTYPE html PUBLIC "-//W3C//DTD XHTML 1.0 Transitional//EN"
    "http://www.w3.org/TR/xhtml1/DTD/xhtml1-transitional.dtd">
<html xmlns="http://www.w3.org/1999/xhtml" xml:lang="en" lang="en">
 <head>
  <title>
</title>
<meta http-equiv="Content-Type" content="text/html;charset=utf-8" />
  <meta name='ocr-system' content='tesseract 3.04.00' />
  <meta name='ocr-capabilities' content='ocr_page ocr_carea ocr_par ocr_line ocrx_word'/>
</head>
<body>
  <div class='ocr_page' id='page_1' title='image "./operaomniaiussui03thom/operaomniaiussui03thom_0220.png"; bbox 0 0 2782 4134; ppageno 0'>
   <div class='ocr_carea' id='block_1_1' title="bbox 116 537 327 558">
    <p class='ocr_par' dir='ltr' id='par_1_1' title="bbox 116 537 327 558">
     <span class='ocr_line' id='line_1_1' title="bbox 116 537 327 558; baseline -0.009 0"><span class='ocrx_word' id='word_1_1' title='bbox 116 538 124 546; x_wconf 88' lang='grc'>·</span> <span class='ocrx_word' id='word_1_2' title='bbox 140 537 264 558; x_wconf 78' lang='lat' dir='ltr'>secundum</span> <span class='ocrx_word' id='word_1_3' title='bbox 279 541 327 557; x_wconf 91' lang='lat' dir='ltr'>om.</span> 
     </span>
    </p>
   </div>
   <div class='ocr_carea' id='block_1_2' title="bbox 120 1430 327 1458">
    <p class='ocr_par' dir='ltr' id='par_1_2' title="bbox 120 1430 327 1458">
     <span class='ocr_line' id='line_1_2' title="bbox 120 1430 327 1458; baseline -0.005 -6"><span class='ocrx_word' id='word_1_4' title='bbox 120 1434 128 1441; x_wconf 91' lang='grc'><em>“</em></span> <span class='ocrx_word' id='word_1_5' title='bbox 143 1430 289 1458; x_wconf 78' lang='lat' dir='ltr'>quorundam</span> <span class='ocrx_word' id='word_1_6' title='bbox 305 1436 327 1452; x_wconf 76' lang='lat' dir='ltr'>A.</span> 
     </span>
    </p>
   </div>
   <div class='ocr_carea' id='block_1_3' title="bbox 118 1483 327 1511">
    <p class='ocr_par' dir='ltr' id='par_1_3' title="bbox 118 1483 327 1511">
     <span class='ocr_line' id='line_1_3' title="bbox 118 1483 327 1511; baseline 0 -7"><span class='ocrx_word' id='word_1_7' title='bbox 118 1485 194 1511; x_wconf 63' lang='lat' dir='ltr'>‘quas</span> <span class='ocrx_word' id='word_1_8' title='bbox 203 1483 269 1504; x_wconf 87' lang='lat' dir='ltr'>codd.</span> <span class='ocrx_word' id='word_1_9' title='bbox 279 1488 327 1504; x_wconf 86' lang='lat' dir='ltr'>exc.</span> 
     </span>
    </p>
   </div>
   <div class='ocr_carea' id='block_1_4' title="bbox 119 1646 329 1698">
    <p class='ocr_par' dir='ltr' id='par_1_4' title="bbox 119 1646 329 1698">
     <span class='ocr_line' id='line_1_4' title="bbox 120 1646 329 1674; baseline -0.005 -6"><span class='ocrx_word' id='word_1_10' title='bbox 120 1648 128 1657; x_wconf 89' lang='grc'><em>·</em></span> <span class='ocrx_word' id='word_1_11' title='bbox 135 1646 329 1674; x_wconf 67' lang='grc' dir='ltr'>ᾳιιίᾱανηωῐῃίεςο</span> 
     </span>
     <span class='ocr_line' id='line_1_5' title="bbox 119 1673 272 1698; baseline 0 -4"><span class='ocrx_word' id='word_1_12' title='bbox 119 1673 239 1698; x_wconf 67' lang='grc' dir='ltr'><em>αηίηιαὶιάι</em></span> <span class='ocrx_word' id='word_1_13' title='bbox 250 1680 272 1694; x_wconf 72' lang='grc' dir='ltr'>Α.</span> 
     </span>
    </p>
   </div>
   <div class='ocr_carea' id='block_1_5' title="bbox 123 2175 319 2203">
    <p class='ocr_par' dir='ltr' id='par_1_5' title="bbox 123 2175 319 2203">
     <span class='ocr_line' id='line_1_6' title="bbox 123 2175 319 2203; baseline 0.005 -7"><span class='ocrx_word' id='word_1_14' title='bbox 123 2177 131 2185; x_wconf 85' lang='grc'>·</span> <span class='ocrx_word' id='word_1_15' title='bbox 148 2175 189 2203; x_wconf 78' lang='lat' dir='ltr'>qui</span> <span class='ocrx_word' id='word_1_16' title='bbox 202 2175 286 2203; x_wconf 77' lang='lat' dir='ltr'>arguit</span> <span class='ocrx_word' id='word_1_17' title='bbox 297 2182 319 2197; x_wconf 73' lang='lat' dir='ltr'>A.</span> 
     </span>
    </p>
   </div>
   <div class='ocr_carea' id='block_1_6' title="bbox 123 2229 334 2256">
    <p class='ocr_par' dir='ltr' id='par_1_6' title="bbox 123 2229 334 2256">
     <span class='ocr_line' id='line_1_7' title="bbox 123 2229 334 2256; baseline 0.009 -7"><span class='ocrx_word' id='word_1_18' title='bbox 123 2229 131 2237; x_wconf 90' lang='grc'>·</span> <span class='ocrx_word' id='word_1_19' title='bbox 147 2229 188 2256; x_wconf 84' lang='lat' dir='ltr'>qui</span> <span class='ocrx_word' id='word_1_20' title='bbox 201 2229 304 2250; x_wconf 79' lang='lat' dir='ltr'><em>existant</em></span> <span class='ocrx_word' id='word_1_21' title='bbox 312 2235 334 2251; x_wconf 79' lang='grc' dir='ltr'>ε.</span> 
     </span>
    </p>
   </div>
   <div class='ocr_carea' id='block_1_7' title="bbox 123 2333 332 2361">
    <p class='ocr_par' dir='ltr' id='par_1_7' title="bbox 123 2333 332 2361">
     <span class='ocr_line' id='line_1_8' title="bbox 123 2333 332 2361; baseline 0 -6"><span class='ocrx_word' id='word_1_22' title='bbox 123 2336 131 2343; x_wconf 85' lang='grc'>·</span> <span class='ocrx_word' id='word_1_23' title='bbox 141 2339 198 2361; x_wconf 79' lang='lat' dir='ltr'>quos</span> <span class='ocrx_word' id='word_1_24' title='bbox 207 2333 274 2355; x_wconf 84' lang='lat' dir='ltr'>codd.</span> <span class='ocrx_word' id='word_1_25' title='bbox 284 2339 332 2355; x_wconf 83' lang='lat' dir='ltr'>exc.</span> 
     </span>
    </p>
   </div>
   <div class='ocr_carea' id='block_1_8' title="bbox 127 2543 269 2565">
    <p class='ocr_par' dir='ltr' id='par_1_8' title="bbox 127 2543 269 2565">
     <span class='ocr_line' id='line_1_9' title="bbox 127 2543 269 2565; baseline 0.007 -1"><span class='ocrx_word' id='word_1_26' title='bbox 127 2545 134 2553; x_wconf 85' lang='lat'><strong>·</strong></span> <span class='ocrx_word' id='word_1_27' title='bbox 150 2543 173 2564; x_wconf 83' lang='lat' dir='ltr'>ei</span> <span class='ocrx_word' id='word_1_28' title='bbox 186 2549 232 2565; x_wconf 89' lang='lat' dir='ltr'>om.</span> <span class='ocrx_word' id='word_1_29' title='bbox 248 2550 269 2565; x_wconf 76' lang='lat' dir='ltr'>P.</span> 
     </span>
    </p>
   </div>
   <div class='ocr_carea' id='block_1_9' title="bbox 351 293 1415 408">
    <p class='ocr_par' dir='ltr' id='par_1_9' title="bbox 351 293 1415 408">
     <span class='ocr_line' id='line_1_10' title="bbox 358 293 428 341; baseline -0.014 -12"><span class='ocrx_word' id='word_1_30' title='bbox 358 293 428 341; x_wconf 88' lang='lat'>176</span> 
     </span>
     <span class='ocr_line' id='line_1_11' title="bbox 351 360 1415 408; baseline -0.012 0"><span class='ocrx_word' id='word_1_31' title='bbox 351 370 457 408; x_wconf 87' lang='lat' dir='ltr'>visus</span> <span class='ocrx_word' id='word_1_32' title='bbox 494 369 633 406; x_wconf 89' lang='lat' dir='ltr'>scilicet</span> <span class='ocrx_word' id='word_1_33' title='bbox 668 374 688 395; x_wconf 67' lang='grc' dir='ltr'><em>μ</em></span> <span class='ocrx_word' id='word_1_34' title='bbox 716 365 890 403; x_wconf 90' lang='lat' dir='ltr'>omnium</span> <span class='ocrx_word' id='word_1_35' title='bbox 926 363 1129 402; x_wconf 84' lang='lat' dir='ltr'>visibilium</span> <span class='ocrx_word' id='word_1_36' title='bbox 1145 391 1155 408; x_wconf 83' lang='grc'>,</span> <span class='ocrx_word' id='word_1_37' title='bbox 1196 370 1232 398; x_wconf 91' lang='lat' dir='ltr'>et</span> <span class='ocrx_word' id='word_1_38' title='bbox 1268 360 1415 397; x_wconf 86' lang='lat' dir='ltr'>auditus</span> 
     </span>
    </p>
   </div>
   <div class='ocr_carea' id='block_1_10' title="bbox 115 413 1380 480">
    <p class='ocr_par' dir='ltr' id='par_1_10' title="bbox 115 413 1414 480">
     <span class='ocr_line' id='line_1_12' title="bbox 115 413 1380 480; baseline -0.01 -19"><span class='ocrx_word' id='word_1_39' title='bbox 115 431 172 480; x_wconf 47' lang='grc' dir='ltr'>ἑῇς·</span> <span class='ocrx_word' id='word_1_40' title='bbox 191 436 326 479; x_wconf 41' lang='grc' dir='ltr'>χὲιςῐῇῃὶιῇ</span> <span class='ocrx_word' id='word_1_41' title='bbox 355 422 529 460; x_wconf 90' lang='lat' dir='ltr'>omnium</span> <span class='ocrx_word' id='word_1_42' title='bbox 544 420 786 459; x_wconf 85' lang='lat' dir='ltr'>audibilium:</span> <span class='ocrx_word' id='word_1_43' title='bbox 802 419 903 455; x_wconf 90' lang='lat' dir='ltr'>unde</span> <span class='ocrx_word' id='word_1_44' title='bbox 919 417 1051 454; x_wconf 88' lang='lat' dir='ltr'>dicitur</span> <span class='ocrx_word' id='word_1_45' title='bbox 1065 416 1103 452; x_wconf 92' lang='lat' dir='ltr'>in</span> <span class='ocrx_word' id='word_1_46' title='bbox 1120 416 1169 451; x_wconf 93' lang='lat' dir='ltr'>III</span> <span class='ocrx_word' id='word_1_47' title='bbox 1186 415 1231 451; x_wconf 90' lang='lat' dir='ltr'>de</span> <span class='ocrx_word' id='word_1_48' title='bbox 1239 413 1380 450; x_wconf 87' lang='lat' dir='ltr'>Anima</span> 
     </span>
    </p>
   </div>
   <div class='ocr_carea' id='block_1_11' title="bbox 354 465 1429 2904">
    <p class='ocr_par' dir='ltr' id='par_1_11' title="bbox 354 465 1424 2098">
     <span class='ocr_line' id='line_1_13' title="bbox 355 465 1415 524; baseline -0.013 -10"><span class='ocrx_word' id='word_1_49' title='bbox 355 476 460 524; x_wconf 89' lang='lat' dir='ltr'>quod</span> <span class='ocrx_word' id='word_1_50' title='bbox 489 475 612 512; x_wconf 91' lang='lat' dir='ltr'>anima</span> <span class='ocrx_word' id='word_1_51' title='bbox 646 471 1017 521; x_wconf 84' lang='lat' dir='ltr'>quodammodoest</span> <span class='ocrx_word' id='word_1_52' title='bbox 1045 467 1174 504; x_wconf 90' lang='lat' dir='ltr'>omnia</span> <span class='ocrx_word' id='word_1_53' title='bbox 1204 465 1415 503; x_wconf 89' lang='lat' dir='ltr'>secundum</span> 
     </span>
     <span class='ocr_line' id='line_1_14' title="bbox 355 518 1416 565; baseline -0.011 0"><span class='ocrx_word' id='word_1_54' title='bbox 355 540 511 565; x_wconf 91' lang='lat' dir='ltr'>sensum</span> <span class='ocrx_word' id='word_1_55' title='bbox 539 535 575 563; x_wconf 90' lang='lat' dir='ltr'>et</span> <span class='ocrx_word' id='word_1_56' title='bbox 603 525 814 563; x_wconf 87' lang='lat' dir='ltr'>secundum</span> <span class='ocrx_word' id='word_1_57' title='bbox 844 525 865 544; x_wconf 73' lang='lat'>²¹⁴</span> <span class='ocrx_word' id='word_1_58' title='bbox 890 522 1131 559; x_wconf 92' lang='lat' dir='ltr'>intellectum.</span> <span class='ocrx_word' id='word_1_59' title='bbox 1161 519 1271 556; x_wconf 87' lang='lat' dir='ltr'>Unde</span> <span class='ocrx_word' id='word_1_60' title='bbox 1301 518 1332 554; x_wconf 91' lang='lat' dir='ltr'>si</span> <span class='ocrx_word' id='word_1_61' title='bbox 1360 530 1416 554; x_wconf 92' lang='lat' dir='ltr'>es-</span> 
     </span>
     <span class='ocr_line' id='line_1_15' title="bbox 356 570 1417 628; baseline -0.011 -10"><span class='ocrx_word' id='word_1_62' title='bbox 356 588 412 618; x_wconf 91' lang='lat' dir='ltr'>set</span> <span class='ocrx_word' id='word_1_63' title='bbox 439 580 571 628; x_wconf 90' lang='lat' dir='ltr'>aliquis</span> <span class='ocrx_word' id='word_1_64' title='bbox 609 578 756 616; x_wconf 90' lang='lat' dir='ltr'>auditus</span> <span class='ocrx_word' id='word_1_65' title='bbox 783 583 794 596; x_wconf 72' lang='lat'><strong>⁹</strong></span> <span class='ocrx_word' id='word_1_66' title='bbox 823 575 886 625; x_wconf 93' lang='lat' dir='ltr'>qui</span> <span class='ocrx_word' id='word_1_67' title='bbox 923 587 1001 611; x_wconf 94' lang='lat' dir='ltr'>non</span> <span class='ocrx_word' id='word_1_68' title='bbox 1043 580 1141 609; x_wconf 88' lang='lat' dir='ltr'>esset</span> <span class='ocrx_word' id='word_1_69' title='bbox 1175 570 1417 620; x_wconf 88' lang='lat' dir='ltr'>perceptivus</span> 
     </span>
     <span class='ocr_line' id='line_1_16' title="bbox 357 623 1416 679; baseline -0.011 -8"><span class='ocrx_word' id='word_1_70' title='bbox 357 633 553 670; x_wconf 90' lang='lat' dir='ltr'>cuiuslibet</span> <span class='ocrx_word' id='word_1_71' title='bbox 580 632 675 679; x_wconf 91' lang='lat' dir='ltr'>soni,</span> <span class='ocrx_word' id='word_1_72' title='bbox 695 638 759 667; x_wconf 89' lang='lat' dir='ltr'>aut</span> <span class='ocrx_word' id='word_1_73' title='bbox 778 634 968 678; x_wconf 90' lang='lat' dir='ltr'>oporteret</span> <span class='ocrx_word' id='word_1_74' title='bbox 994 626 1100 662; x_wconf 91' lang='lat' dir='ltr'>illum</span> <span class='ocrx_word' id='word_1_75' title='bbox 1120 637 1259 662; x_wconf 89' lang='lat' dir='ltr'>sonum</span> <span class='ocrx_word' id='word_1_76' title='bbox 1289 623 1416 672; x_wconf 92' lang='lat' dir='ltr'>aequi-</span> 
     </span>
     <span class='ocr_line' id='line_1_17' title="bbox 355 676 1416 732; baseline -0.011 -8"><span class='ocrx_word' id='word_1_77' title='bbox 355 699 452 724; x_wconf 88' lang='lat' dir='ltr'>voce</span> <span class='ocrx_word' id='word_1_78' title='bbox 474 685 557 732; x_wconf 90' lang='lat' dir='ltr'>dici,</span> <span class='ocrx_word' id='word_1_79' title='bbox 588 691 651 721; x_wconf 88' lang='lat' dir='ltr'>aut</span> <span class='ocrx_word' id='word_1_80' title='bbox 678 683 790 720; x_wconf 90' lang='lat' dir='ltr'>etiam</span> <span class='ocrx_word' id='word_1_81' title='bbox 818 681 931 717; x_wconf 91' lang='lat' dir='ltr'>talem</span> <span class='ocrx_word' id='word_1_82' title='bbox 958 679 1141 716; x_wconf 90' lang='lat' dir='ltr'>auditum.</span> <span class='ocrx_word' id='word_1_83' title='bbox 1172 679 1301 714; x_wconf 88' lang='lat' dir='ltr'>Potest</span> <span class='ocrx_word' id='word_1_84' title='bbox 1334 676 1416 724; x_wconf 90' lang='lat' dir='ltr'>qui-</span> 
     </span>
     <span class='ocr_line' id='line_1_18' title="bbox 358 730 1418 784; baseline -0.011 -7"><span class='ocrx_word' id='word_1_85' title='bbox 358 740 446 777; x_wconf 90' lang='lat' dir='ltr'>dem</span> <span class='ocrx_word' id='word_1_86' title='bbox 464 735 477 762; x_wconf 63' lang='grc' dir='ltr'><em>ξ</em></span> <span class='ocrx_word' id='word_1_87' title='bbox 497 737 711 784; x_wconf 89' lang='lat' dir='ltr'>contingere</span> <span class='ocrx_word' id='word_1_88' title='bbox 739 733 844 782; x_wconf 93' lang='lat' dir='ltr'>quod</span> <span class='ocrx_word' id='word_1_89' title='bbox 870 732 1024 781; x_wconf 87' lang='lat' dir='ltr'>aliquod</span> <span class='ocrx_word' id='word_1_90' title='bbox 1049 731 1188 768; x_wconf 89' lang='lat' dir='ltr'>animal</span> <span class='ocrx_word' id='word_1_91' title='bbox 1213 730 1418 767; x_wconf 87' lang='lat' dir='ltr'>delectetur</span> 
     </span>
     <span class='ocr_line' id='line_1_19' title="bbox 356 784 1417 840; baseline -0.01 -11"><span class='ocrx_word' id='word_1_92' title='bbox 356 792 395 829; x_wconf 90' lang='lat' dir='ltr'>in</span> <span class='ocrx_word' id='word_1_93' title='bbox 414 791 538 840; x_wconf 90' lang='lat' dir='ltr'>aliqua</span> <span class='ocrx_word' id='word_1_94' title='bbox 556 789 680 838; x_wconf 92' lang='lat' dir='ltr'>specie</span> <span class='ocrx_word' id='word_1_95' title='bbox 699 786 881 824; x_wconf 89' lang='lat' dir='ltr'>sensibilis</span> <span class='ocrx_word' id='word_1_96' title='bbox 901 785 1114 822; x_wconf 90' lang='lat' dir='ltr'>secundum</span> <span class='ocrx_word' id='word_1_97' title='bbox 1139 784 1304 832; x_wconf 88' lang='lat' dir='ltr'>aliquem</span> <span class='ocrx_word' id='word_1_98' title='bbox 1333 795 1417 819; x_wconf 90' lang='lat' dir='ltr'>sen—</span> 
     </span>
     <span class='ocr_line' id='line_1_20' title="bbox 357 836 1417 892; baseline -0.009 -10"><span class='ocrx_word' id='word_1_99' title='bbox 357 857 455 892; x_wconf 92' lang='lat' dir='ltr'>sum,</span> <span class='ocrx_word' id='word_1_100' title='bbox 476 844 685 880; x_wconf 91' lang='lat' dir='ltr'>secundum</span> <span class='ocrx_word' id='word_1_101' title='bbox 705 852 821 888; x_wconf 90' lang='lat' dir='ltr'>quem</span> <span class='ocrx_word' id='word_1_102' title='bbox 836 851 914 875; x_wconf 90' lang='lat' dir='ltr'>non</span> <span class='ocrx_word' id='word_1_103' title='bbox 931 838 1136 875; x_wconf 88' lang='lat' dir='ltr'>delectatur</span> <span class='ocrx_word' id='word_1_104' title='bbox 1153 837 1192 873; x_wconf 90' lang='lat' dir='ltr'>in</span> <span class='ocrx_word' id='word_1_105' title='bbox 1211 837 1294 885; x_wconf 91' lang='lat' dir='ltr'>ipso</span> <span class='ocrx_word' id='word_1_106' title='bbox 1316 836 1417 873; x_wconf 91' lang='lat' dir='ltr'>aliud</span> 
     </span>
     <span class='ocr_line' id='line_1_21' title="bbox 357 890 1416 942; baseline -0.008 -8"><span class='ocrx_word' id='word_1_107' title='bbox 357 897 514 942; x_wconf 74' lang='lat' dir='ltr'>animal,</span> <span class='ocrx_word' id='word_1_108' title='bbox 535 895 629 932; x_wconf 92' lang='lat' dir='ltr'>sicut</span> <span class='ocrx_word' id='word_1_109' title='bbox 646 895 763 930; x_wconf 93' lang='lat' dir='ltr'>homo</span> <span class='ocrx_word' id='word_1_110' title='bbox 784 893 989 929; x_wconf 88' lang='lat' dir='ltr'>delectatur</span> <span class='ocrx_word' id='word_1_111' title='bbox 1008 890 1221 928; x_wconf 88' lang='lat' dir='ltr'>secundum</span> <span class='ocrx_word' id='word_1_112' title='bbox 1237 890 1416 926; x_wconf 86' lang='lat' dir='ltr'>olfactum</span> 
     </span>
     <span class='ocr_line' id='line_1_22' title="bbox 356 942 1418 992; baseline -0.008 -6"><span class='ocrx_word' id='word_1_113' title='bbox 356 950 395 986; x_wconf 92' lang='lat' dir='ltr'>in</span> <span class='ocrx_word' id='word_1_114' title='bbox 424 949 604 986; x_wconf 91' lang='lat' dir='ltr'>odoribus</span> <span class='ocrx_word' id='word_1_115' title='bbox 632 958 804 983; x_wconf 91' lang='lat' dir='ltr'>rosarum</span> <span class='ocrx_word' id='word_1_116' title='bbox 834 952 870 981; x_wconf 92' lang='lat' dir='ltr'>et</span> <span class='ocrx_word' id='word_1_117' title='bbox 897 944 1072 992; x_wconf 93' lang='lat' dir='ltr'>liliorum,</span> <span class='ocrx_word' id='word_1_118' title='bbox 1101 956 1180 980; x_wconf 91' lang='lat' dir='ltr'>non</span> <span class='ocrx_word' id='word_1_119' title='bbox 1199 950 1327 979; x_wconf 87' lang='lat' dir='ltr'>autem</span> <span class='ocrx_word' id='word_1_120' title='bbox 1347 942 1418 979; x_wconf 91' lang='lat' dir='ltr'>alia</span> 
     </span>
     <span class='ocr_line' id='line_1_23' title="bbox 357 995 1416 1049; baseline -0.007 -10"><span class='ocrx_word' id='word_1_121' title='bbox 357 1001 547 1047; x_wconf 89' lang='lat' dir='ltr'>animalia;</span> <span class='ocrx_word' id='word_1_122' title='bbox 565 1000 651 1049; x_wconf 91' lang='lat' dir='ltr'>quia</span> <span class='ocrx_word' id='word_1_123' title='bbox 665 997 886 1035; x_wconf 89' lang='lat' dir='ltr'>huiusmodi</span> <span class='ocrx_word' id='word_1_124' title='bbox 899 1003 912 1018; x_wconf 87' lang='lat'><strong><em>⁰</em></strong></span> <span class='ocrx_word' id='word_1_125' title='bbox 932 998 1071 1035; x_wconf 91' lang='lat' dir='ltr'>odores</span> <span class='ocrx_word' id='word_1_126' title='bbox 1086 1003 1172 1033; x_wconf 90' lang='lat' dir='ltr'>sunt</span> <span class='ocrx_word' id='word_1_127' title='bbox 1188 995 1416 1033; x_wconf 91' lang='lat' dir='ltr'>convenien-</span> 
     </span>
     <span class='ocr_line' id='line_1_24' title="bbox 357 1049 1417 1099; baseline -0.007 -7"><span class='ocrx_word' id='word_1_128' title='bbox 357 1062 412 1092; x_wconf 91' lang='lat' dir='ltr'>tes</span> <span class='ocrx_word' id='word_1_129' title='bbox 430 1054 648 1091; x_wconf 92' lang='lat' dir='ltr'>hominibus</span> <span class='ocrx_word' id='word_1_130' title='bbox 668 1051 880 1088; x_wconf 91' lang='lat' dir='ltr'>secundum</span> <span class='ocrx_word' id='word_1_131' title='bbox 901 1051 1063 1099; x_wconf 92' lang='lat' dir='ltr'>seipsos,</span> <span class='ocrx_word' id='word_1_132' title='bbox 1089 1049 1167 1086; x_wconf 90' lang='lat' dir='ltr'>aliis</span> <span class='ocrx_word' id='word_1_133' title='bbox 1187 1057 1315 1086; x_wconf 89' lang='lat' dir='ltr'>autem</span> <span class='ocrx_word' id='word_1_134' title='bbox 1340 1049 1417 1085; x_wconf 91' lang='lat' dir='ltr'>ani-</span> 
     </span>
     <span class='ocr_line' id='line_1_25' title="bbox 356 1102 1417 1151; baseline -0.006 -7"><span class='ocrx_word' id='word_1_135' title='bbox 356 1107 516 1144; x_wconf 87' lang='lat' dir='ltr'>malibus</span> <span class='ocrx_word' id='word_1_136' title='bbox 534 1118 614 1142; x_wconf 95' lang='lat' dir='ltr'>non</span> <span class='ocrx_word' id='word_1_137' title='bbox 633 1104 865 1142; x_wconf 90' lang='lat' dir='ltr'>conveniunt</span> <span class='ocrx_word' id='word_1_138' title='bbox 893 1104 1044 1151; x_wconf 91' lang='lat' dir='ltr'>odores,</span> <span class='ocrx_word' id='word_1_139' title='bbox 1066 1115 1137 1140; x_wconf 89' lang='lat' dir='ltr'>nec</span> <span class='ocrx_word' id='word_1_140' title='bbox 1157 1102 1342 1140; x_wconf 90' lang='lat' dir='ltr'>delectant</span> <span class='ocrx_word' id='word_1_141' title='bbox 1362 1114 1417 1150; x_wconf 89' lang='lat' dir='ltr'>ea,</span> 
     </span>
     <span class='ocr_line' id='line_1_26' title="bbox 356 1155 1418 1205; baseline -0.006 -8"><span class='ocrx_word' id='word_1_142' title='bbox 356 1160 425 1197; x_wconf 88' lang='lat' dir='ltr'>nisi</span> <span class='ocrx_word' id='word_1_143' title='bbox 446 1171 558 1196; x_wconf 91' lang='lat' dir='ltr'>causa</span> <span class='ocrx_word' id='word_1_144' title='bbox 576 1158 755 1205; x_wconf 79' lang='lat' dir='ltr'>alimenti,</span> <span class='ocrx_word' id='word_1_145' title='bbox 777 1157 872 1194; x_wconf 91' lang='lat' dir='ltr'>sicut</span> <span class='ocrx_word' id='word_1_146' title='bbox 890 1169 962 1194; x_wconf 91' lang='lat' dir='ltr'>nec</span> <span class='ocrx_word' id='word_1_147' title='bbox 982 1157 1140 1193; x_wconf 92' lang='lat' dir='ltr'>colores.</span> <span class='ocrx_word' id='word_1_148' title='bbox 1161 1157 1291 1192; x_wconf 91' lang='lat' dir='ltr'>Potest</span> <span class='ocrx_word' id='word_1_149' title='bbox 1305 1155 1418 1192; x_wconf 91' lang='lat' dir='ltr'>etiam</span> 
     </span>
     <span class='ocr_line' id='line_1_27' title="bbox 357 1210 1421 1260; baseline -0.005 -11"><span class='ocrx_word' id='word_1_150' title='bbox 357 1213 571 1260; x_wconf 90' lang='lat' dir='ltr'>contingere</span> <span class='ocrx_word' id='word_1_151' title='bbox 600 1211 706 1259; x_wconf 90' lang='lat' dir='ltr'>quod</span> <span class='ocrx_word' id='word_1_152' title='bbox 739 1210 894 1259; x_wconf 91' lang='lat' dir='ltr'>aliquod</span> <span class='ocrx_word' id='word_1_153' title='bbox 922 1210 1062 1247; x_wconf 93' lang='lat' dir='ltr'>animal</span> <span class='ocrx_word' id='word_1_154' title='bbox 1099 1221 1178 1246; x_wconf 93' lang='lat' dir='ltr'>non</span> <span class='ocrx_word' id='word_1_155' title='bbox 1215 1216 1421 1256; x_wconf 88' lang='lat' dir='ltr'>cognoscat</span> 
     </span>
     <span class='ocr_line' id='line_1_28' title="bbox 356 1261 1420 1313; baseline -0.005 -11"><span class='ocrx_word' id='word_1_156' title='bbox 356 1265 566 1302; x_wconf 91' lang='lat' dir='ltr'>secundum</span> <span class='ocrx_word' id='word_1_157' title='bbox 594 1264 760 1313; x_wconf 89' lang='lat' dir='ltr'>aliquem</span> <span class='ocrx_word' id='word_1_158' title='bbox 793 1275 949 1300; x_wconf 91' lang='lat' dir='ltr'>sensum</span> <span class='ocrx_word' id='word_1_159' title='bbox 984 1262 1237 1300; x_wconf 88' lang='lat' dir='ltr'>differentiam</span> <span class='ocrx_word' id='word_1_160' title='bbox 1265 1261 1420 1298; x_wconf 90' lang='lat' dir='ltr'>alicuius</span> 
     </span>
     <span class='ocr_line' id='line_1_29' title="bbox 356 1314 1421 1366; baseline -0.004 -11"><span class='ocrx_word' id='word_1_161' title='bbox 356 1318 551 1365; x_wconf 91' lang='lat' dir='ltr'>sensibilis,</span> <span class='ocrx_word' id='word_1_162' title='bbox 580 1324 736 1366; x_wconf 92' lang='lat' dir='ltr'>propter</span> <span class='ocrx_word' id='word_1_163' title='bbox 763 1329 895 1354; x_wconf 90' lang='lat' dir='ltr'>sensus</span> <span class='ocrx_word' id='word_1_164' title='bbox 925 1315 1155 1353; x_wconf 85' lang='lat' dir='ltr'>debilitatem</span> <span class='ocrx_word' id='word_1_165' title='bbox 1181 1322 1216 1351; x_wconf 93' lang='lat' dir='ltr'>et</span> <span class='ocrx_word' id='word_1_166' title='bbox 1235 1314 1421 1351; x_wconf 91' lang='lat' dir='ltr'>sensibilis</span> 
     </span>
     <span class='ocr_line' id='line_1_30' title="bbox 354 1368 1420 1420; baseline -0.005 -12"><span class='ocrx_word' id='word_1_167' title='bbox 354 1371 601 1420; x_wconf 89' lang='lat' dir='ltr'>parvitatem;</span> <span class='ocrx_word' id='word_1_168' title='bbox 631 1370 726 1407; x_wconf 86' lang='lat' dir='ltr'>sicut</span> <span class='ocrx_word' id='word_1_169' title='bbox 753 1370 886 1418; x_wconf 90' lang='lat' dir='ltr'>homo,</span> <span class='ocrx_word' id='word_1_170' title='bbox 911 1369 976 1418; x_wconf 92' lang='lat' dir='ltr'>qui</span> <span class='ocrx_word' id='word_1_171' title='bbox 997 1376 1051 1406; x_wconf 91' lang='lat' dir='ltr'>est</span> <span class='ocrx_word' id='word_1_172' title='bbox 1079 1368 1212 1405; x_wconf 90' lang='lat' dir='ltr'>debilis</span> <span class='ocrx_word' id='word_1_173' title='bbox 1241 1368 1420 1414; x_wconf 87' lang='lat' dir='ltr'>olfactus,</span> 
     </span>
     <span class='ocr_line' id='line_1_31' title="bbox 355 1421 1422 1474; baseline -0.005 -13"><span class='ocrx_word' id='word_1_174' title='bbox 355 1436 434 1461; x_wconf 92' lang='lat' dir='ltr'>non</span> <span class='ocrx_word' id='word_1_175' title='bbox 461 1431 586 1474; x_wconf 91' lang='lat' dir='ltr'>potest</span> <span class='ocrx_word' id='word_1_176' title='bbox 613 1435 842 1471; x_wconf 88' lang='lat' dir='ltr'>cognoscere</span> <span class='ocrx_word' id='word_1_177' title='bbox 872 1422 1124 1460; x_wconf 86' lang='lat' dir='ltr'>differentiam</span> <span class='ocrx_word' id='word_1_178' title='bbox 1157 1421 1372 1471; x_wconf 90' lang='lat' dir='ltr'>aliquorum</span> <span class='ocrx_word' id='word_1_179' title='bbox 1402 1422 1422 1442; x_wconf 65' lang='lat'>’²²</span> 
     </span>
     <span class='ocr_line' id='line_1_32' title="bbox 356 1475 1422 1526; baseline -0.004 -12"><span class='ocrx_word' id='word_1_180' title='bbox 356 1478 531 1524; x_wconf 90' lang='lat' dir='ltr'>odorum,</span> <span class='ocrx_word' id='word_1_181' title='bbox 552 1484 643 1526; x_wconf 92' lang='lat' dir='ltr'>puta</span> <span class='ocrx_word' id='word_1_182' title='bbox 663 1476 882 1513; x_wconf 89' lang='lat' dir='ltr'>animalium</span> <span class='ocrx_word' id='word_1_183' title='bbox 901 1475 1188 1522; x_wconf 87' lang='lat' dir='ltr'>transeuntium,</span> <span class='ocrx_word' id='word_1_184' title='bbox 1205 1486 1303 1522; x_wconf 90' lang='lat' dir='ltr'>quos</span> <span class='ocrx_word' id='word_1_185' title='bbox 1324 1476 1344 1495; x_wconf 60' lang='grc' dir='ltr'><em>Ὗ</em></span> <span class='ocrx_word' id='word_1_186' title='bbox 1360 1486 1422 1511; x_wconf 91' lang='lat' dir='ltr'>co-</span> 
     </span>
     <span class='ocr_line' id='line_1_33' title="bbox 357 1527 1422 1579; baseline -0.004 -12"><span class='ocrx_word' id='word_1_187' title='bbox 357 1538 542 1579; x_wconf 89' lang='lat' dir='ltr'>gnoscunt</span> <span class='ocrx_word' id='word_1_188' title='bbox 570 1542 704 1567; x_wconf 87' lang='lat' dir='ltr'>canes:</span> <span class='ocrx_word' id='word_1_189' title='bbox 745 1529 774 1566; x_wconf 91' lang='lat' dir='ltr'>si</span> <span class='ocrx_word' id='word_1_190' title='bbox 803 1537 933 1566; x_wconf 91' lang='lat' dir='ltr'>tamen</span> <span class='ocrx_word' id='word_1_191' title='bbox 967 1528 1106 1566; x_wconf 92' lang='lat' dir='ltr'>odores</span> <span class='ocrx_word' id='word_1_192' title='bbox 1143 1527 1280 1564; x_wconf 88' lang='lat' dir='ltr'>fuerint</span> <span class='ocrx_word' id='word_1_193' title='bbox 1307 1528 1422 1564; x_wconf 90' lang='lat' dir='ltr'>vehe-</span> 
     </span>
     <span class='ocr_line' id='line_1_34' title="bbox 357 1580 1424 1630; baseline -0.004 -9"><span class='ocrx_word' id='word_1_194' title='bbox 357 1591 517 1630; x_wconf 87' lang='lat' dir='ltr'>mentes,</span> <span class='ocrx_word' id='word_1_195' title='bbox 548 1583 661 1620; x_wconf 86' lang='lat' dir='ltr'>etiam</span> <span class='ocrx_word' id='word_1_196' title='bbox 687 1582 861 1619; x_wconf 90' lang='lat' dir='ltr'>homines</span> <span class='ocrx_word' id='word_1_197' title='bbox 891 1594 956 1618; x_wconf 89' lang='lat' dir='ltr'>eos</span> <span class='ocrx_word' id='word_1_198' title='bbox 986 1581 1214 1619; x_wconf 88' lang='lat' dir='ltr'>discernunt.</span> <span class='ocrx_word' id='word_1_199' title='bbox 1246 1580 1424 1618; x_wconf 89' lang='lat' dir='ltr'>Similiter</span> 
     </span>
     <span class='ocr_line' id='line_1_35' title="bbox 359 1633 1421 1684; baseline -0.004 -10"><span class='ocrx_word' id='word_1_200' title='bbox 359 1637 471 1674; x_wconf 90' lang='lat' dir='ltr'>etiam</span> <span class='ocrx_word' id='word_1_201' title='bbox 491 1636 682 1684; x_wconf 90' lang='lat' dir='ltr'>quaedam</span> <span class='ocrx_word' id='word_1_202' title='bbox 702 1635 879 1672; x_wconf 89' lang='lat' dir='ltr'>animalia</span> <span class='ocrx_word' id='word_1_203' title='bbox 898 1636 918 1656; x_wconf 69' lang='lat'>&#39;¹‘</span> <span class='ocrx_word' id='word_1_204' title='bbox 946 1636 1158 1671; x_wconf 90' lang='lat' dir='ltr'>secundum</span> <span class='ocrx_word' id='word_1_205' title='bbox 1185 1633 1312 1671; x_wconf 88' lang='lat' dir='ltr'>visum</span> <span class='ocrx_word' id='word_1_206' title='bbox 1333 1634 1421 1671; x_wconf 90' lang='lat' dir='ltr'>solis</span> 
     </span>
     <span class='ocr_line' id='line_1_36' title="bbox 359 1687 1422 1738; baseline -0.004 -11"><span class='ocrx_word' id='word_1_207' title='bbox 359 1690 564 1727; x_wconf 87' lang='lat' dir='ltr'>claritatem</span> <span class='ocrx_word' id='word_1_208' title='bbox 584 1689 802 1738; x_wconf 89' lang='lat' dir='ltr'>inspiciunt;</span> <span class='ocrx_word' id='word_1_209' title='bbox 823 1701 939 1737; x_wconf 91' lang='lat' dir='ltr'>quam</span> <span class='ocrx_word' id='word_1_210' title='bbox 961 1688 1060 1724; x_wconf 90' lang='lat' dir='ltr'>oculi</span> <span class='ocrx_word' id='word_1_211' title='bbox 1081 1695 1307 1724; x_wconf 88' lang='lat' dir='ltr'>noctuarum</span> <span class='ocrx_word' id='word_1_212' title='bbox 1327 1687 1422 1724; x_wconf 87' lang='lat' dir='ltr'>ferre</span> 
     </span>
     <span class='ocr_line' id='line_1_37' title="bbox 359 1740 1422 1791; baseline -0.004 -11"><span class='ocrx_word' id='word_1_213' title='bbox 359 1755 439 1780; x_wconf 92' lang='lat' dir='ltr'>non</span> <span class='ocrx_word' id='word_1_214' title='bbox 466 1750 626 1791; x_wconf 89' lang='lat' dir='ltr'>possunt</span> <span class='ocrx_word' id='word_1_215' title='bbox 662 1749 817 1791; x_wconf 91' lang='lat' dir='ltr'>propter</span> <span class='ocrx_word' id='word_1_216' title='bbox 852 1741 1108 1778; x_wconf 89' lang='lat' dir='ltr'>excellentiam</span> <span class='ocrx_word' id='word_1_217' title='bbox 1143 1740 1243 1786; x_wconf 80' lang='lat' dir='ltr'>eius,</span> <span class='ocrx_word' id='word_1_218' title='bbox 1274 1740 1340 1777; x_wconf 94' lang='lat' dir='ltr'>sed</span> <span class='ocrx_word' id='word_1_219' title='bbox 1368 1740 1422 1776; x_wconf 92' lang='lat' dir='ltr'>vi-</span> 
     </span>
     <span class='ocr_line' id='line_1_38' title="bbox 359 1793 1421 1843; baseline -0.003 -11"><span class='ocrx_word' id='word_1_220' title='bbox 359 1803 438 1833; x_wconf 90' lang='lat' dir='ltr'>tant</span> <span class='ocrx_word' id='word_1_221' title='bbox 467 1808 552 1832; x_wconf 91' lang='lat' dir='ltr'>eam</span> <span class='ocrx_word' id='word_1_222' title='bbox 585 1795 680 1832; x_wconf 90' lang='lat' dir='ltr'>sicut</span> <span class='ocrx_word' id='word_1_223' title='bbox 712 1795 816 1831; x_wconf 91' lang='lat' dir='ltr'>visus</span> <span class='ocrx_word' id='word_1_224' title='bbox 854 1794 1116 1843; x_wconf 90' lang='lat' dir='ltr'>corruptivum</span> <span class='ocrx_word' id='word_1_225' title='bbox 1145 1799 1173 1830; x_wconf 59' lang='grc' dir='ltr'>π.</span> <span class='ocrx_word' id='word_1_226' title='bbox 1204 1793 1316 1830; x_wconf 91' lang='lat' dir='ltr'>Unde</span> <span class='ocrx_word' id='word_1_227' title='bbox 1352 1793 1421 1830; x_wconf 90' lang='lat' dir='ltr'>im-</span> 
     </span>
     <span class='ocr_line' id='line_1_39' title="bbox 359 1847 1422 1898; baseline -0.004 -12"><span class='ocrx_word' id='word_1_228' title='bbox 359 1849 537 1898; x_wconf 90' lang='lat' dir='ltr'>possibile</span> <span class='ocrx_word' id='word_1_229' title='bbox 568 1855 665 1885; x_wconf 87' lang='lat' dir='ltr'>esset</span> <span class='ocrx_word' id='word_1_230' title='bbox 702 1860 747 1884; x_wconf 85' lang='lat' dir='ltr'>ex</span> <span class='ocrx_word' id='word_1_231' title='bbox 774 1847 940 1885; x_wconf 91' lang='lat' dir='ltr'>motibus</span> <span class='ocrx_word' id='word_1_232' title='bbox 969 1847 1187 1884; x_wconf 92' lang='lat' dir='ltr'>caelestium</span> <span class='ocrx_word' id='word_1_233' title='bbox 1217 1858 1422 1894; x_wconf 87' lang='lat' dir='ltr'>corporum</span> 
     </span>
     <span class='ocr_line' id='line_1_40' title="bbox 359 1899 1423 1951; baseline -0.004 -12"><span class='ocrx_word' id='word_1_234' title='bbox 359 1902 562 1951; x_wconf 91' lang='lat' dir='ltr'>provenire</span> <span class='ocrx_word' id='word_1_235' title='bbox 591 1913 708 1938; x_wconf 93' lang='lat' dir='ltr'>sonos</span> <span class='ocrx_word' id='word_1_236' title='bbox 745 1908 823 1938; x_wconf 90' lang='lat' dir='ltr'>tam</span> <span class='ocrx_word' id='word_1_237' title='bbox 850 1901 1119 1947; x_wconf 89' lang='lat' dir='ltr'>vehementes,</span> <span class='ocrx_word' id='word_1_238' title='bbox 1156 1899 1226 1936; x_wconf 93' lang='lat' dir='ltr'>nisi</span> <span class='ocrx_word' id='word_1_239' title='bbox 1253 1899 1423 1948; x_wconf 89' lang='lat' dir='ltr'>percipe-</span> 
     </span>
     <span class='ocr_line' id='line_1_41' title="bbox 361 1954 1422 2001; baseline -0.003 -9"><span class='ocrx_word' id='word_1_240' title='bbox 361 1962 488 1992; x_wconf 89' lang='lat' dir='ltr'>rentur</span> <span class='ocrx_word' id='word_1_241' title='bbox 525 1955 572 1991; x_wconf 93' lang='lat' dir='ltr'>ab</span> <span class='ocrx_word' id='word_1_242' title='bbox 606 1954 846 2000; x_wconf 89' lang='lat' dir='ltr'>hominibus,</span> <span class='ocrx_word' id='word_1_243' title='bbox 874 1955 937 1990; x_wconf 92' lang='lat' dir='ltr'>vel</span> <span class='ocrx_word' id='word_1_244' title='bbox 973 1960 1259 2001; x_wconf 87' lang='lat' dir='ltr'>corrumperent</span> <span class='ocrx_word' id='word_1_245' title='bbox 1287 1965 1422 1989; x_wconf 89' lang='lat' dir='ltr'>eorum</span> 
     </span>
     <span class='ocr_line' id='line_1_42' title="bbox 361 2005 1423 2055; baseline -0.002 -11"><span class='ocrx_word' id='word_1_246' title='bbox 361 2007 551 2045; x_wconf 87' lang='lat' dir='ltr'>auditum:</span> <span class='ocrx_word' id='word_1_247' title='bbox 581 2007 652 2044; x_wconf 90' lang='lat' dir='ltr'>nisi</span> <span class='ocrx_word' id='word_1_248' title='bbox 680 2007 772 2044; x_wconf 82' lang='lat' dir='ltr'>forte</span> <span class='ocrx_word' id='word_1_249' title='bbox 803 2006 946 2044; x_wconf 91' lang='lat' dir='ltr'>dicatur</span> <span class='ocrx_word' id='word_1_250' title='bbox 975 2007 1078 2055; x_wconf 92' lang='lat' dir='ltr'>quod</span> <span class='ocrx_word' id='word_1_251' title='bbox 1107 2005 1190 2043; x_wconf 91' lang='lat' dir='ltr'>soni</span> <span class='ocrx_word' id='word_1_252' title='bbox 1218 2005 1269 2042; x_wconf 91' lang='lat' dir='ltr'>illi</span> <span class='ocrx_word' id='word_1_253' title='bbox 1295 2005 1423 2054; x_wconf 90' lang='lat' dir='ltr'>aequi-</span> 
     </span>
     <span class='ocr_line' id='line_1_43' title="bbox 361 2061 710 2098; baseline -0.003 0"><span class='ocrx_word' id='word_1_254' title='bbox 361 2073 457 2098; x_wconf 91' lang='lat' dir='ltr'>voce</span> <span class='ocrx_word' id='word_1_255' title='bbox 487 2061 710 2098; x_wconf 88' lang='lat' dir='ltr'>dicerentur.</span> 
     </span>
    </p>

    <p class='ocr_par' dir='ltr' id='par_1_12' title="bbox 361 2111 1429 2904">
     <span class='ocr_line' id='line_1_44' title="bbox 416 2111 1422 2160; baseline -0.003 -10"><span class='ocrx_word' id='word_1_256' title='bbox 416 2114 451 2150; x_wconf 90' lang='lat'>8.</span> <span class='ocrx_word' id='word_1_257' title='bbox 473 2113 591 2160; x_wconf 87' lang='lat' dir='ltr'>Quod</span> <span class='ocrx_word' id='word_1_258' title='bbox 608 2113 759 2150; x_wconf 89' lang='lat' dir='ltr'>videtur</span> <span class='ocrx_word' id='word_1_259' title='bbox 787 2124 997 2150; x_wconf 89' lang='lat' dir='ltr'>consonare</span> <span class='ocrx_word' id='word_1_260' title='bbox 1016 2111 1195 2160; x_wconf 84' lang='lat' dir='ltr'>positioni</span> <span class='ocrx_word' id='word_1_261' title='bbox 1226 2111 1422 2160; x_wconf 88' lang='lat' dir='ltr'>Simplicii,</span> 
     </span>
     <span class='ocr_line' id='line_1_45' title="bbox 361 2164 1425 2214; baseline -0.002 -11"><span class='ocrx_word' id='word_1_262' title='bbox 361 2166 426 2214; x_wconf 93' lang='lat' dir='ltr'>qui</span> <span class='ocrx_word' id='word_1_263' title='bbox 444 2166 594 2204; x_wconf 89' lang='lat' dir='ltr'>videtur</span> <span class='ocrx_word' id='word_1_264' title='bbox 608 2178 765 2214; x_wconf 88' lang='lat' dir='ltr'>arguere</span> <span class='ocrx_word' id='word_1_265' title='bbox 785 2166 805 2187; x_wconf 86' lang='grc'><strong>*</strong></span> <span class='ocrx_word' id='word_1_266' title='bbox 822 2166 1098 2211; x_wconf 86' lang='lat' dir='ltr'>Alexandrum,</span> <span class='ocrx_word' id='word_1_267' title='bbox 1116 2165 1304 2201; x_wconf 90' lang='lat' dir='ltr'>dicentem</span> <span class='ocrx_word' id='word_1_268' title='bbox 1321 2164 1425 2213; x_wconf 93' lang='lat' dir='ltr'>quod</span> 
     </span>
     <span class='ocr_line' id='line_1_46' title="bbox 362 2218 1424 2267; baseline -0.002 -11"><span class='ocrx_word' id='word_1_269' title='bbox 362 2221 520 2267; x_wconf 90' lang='lat' dir='ltr'>colores,</span> <span class='ocrx_word' id='word_1_270' title='bbox 537 2227 573 2256; x_wconf 94' lang='lat' dir='ltr'>et</span> <span class='ocrx_word' id='word_1_271' title='bbox 592 2219 622 2256; x_wconf 91' lang='lat' dir='ltr'>si</span> <span class='ocrx_word' id='word_1_272' title='bbox 641 2231 716 2267; x_wconf 90' lang='lat' dir='ltr'>qua</span> <span class='ocrx_word' id='word_1_273' title='bbox 736 2219 896 2256; x_wconf 83' lang='lat' dir='ltr'>existunt</span> <span class='ocrx_word' id='word_1_274' title='bbox 911 2221 930 2238; x_wconf 59' lang='grc' dir='ltr'><em>Ὗ</em></span> <span class='ocrx_word' id='word_1_275' title='bbox 947 2218 1167 2255; x_wconf 91' lang='lat' dir='ltr'>caelestibus</span> <span class='ocrx_word' id='word_1_276' title='bbox 1188 2218 1424 2266; x_wconf 86' lang='lat' dir='ltr'>corporibus,</span> 
     </span>
     <span class='ocr_line' id='line_1_47' title="bbox 361 2271 1425 2320; baseline -0.002 -11"><span class='ocrx_word' id='word_1_277' title='bbox 361 2280 544 2320; x_wconf 89' lang='lat' dir='ltr'>tanquam</span> <span class='ocrx_word' id='word_1_278' title='bbox 583 2271 791 2309; x_wconf 89' lang='lat' dir='ltr'>accidentia</span> <span class='ocrx_word' id='word_1_279' title='bbox 836 2280 873 2308; x_wconf 89' lang='lat' dir='ltr'>et</span> <span class='ocrx_word' id='word_1_280' title='bbox 916 2271 1145 2308; x_wconf 86' lang='lat' dir='ltr'>extrinsecus</span> <span class='ocrx_word' id='word_1_281' title='bbox 1183 2271 1425 2308; x_wconf 89' lang='lat' dir='ltr'>advenientia</span> 
     </span>
     <span class='ocr_line' id='line_1_48' title="bbox 362 2323 1425 2373; baseline -0.002 -11"><span class='ocrx_word' id='word_1_282' title='bbox 362 2325 415 2362; x_wconf 88' lang='lat' dir='ltr'>eis</span> <span class='ocrx_word' id='word_1_283' title='bbox 443 2325 581 2363; x_wconf 89' lang='lat' dir='ltr'>insunt.</span> <span class='ocrx_word' id='word_1_284' title='bbox 617 2325 760 2362; x_wconf 89' lang='lat' dir='ltr'>Contra</span> <span class='ocrx_word' id='word_1_285' title='bbox 788 2325 894 2373; x_wconf 92' lang='lat' dir='ltr'>quod</span> <span class='ocrx_word' id='word_1_286' title='bbox 922 2325 942 2345; x_wconf 88' lang='grc'><strong>*</strong></span> <span class='ocrx_word' id='word_1_287' title='bbox 971 2324 1051 2373; x_wconf 89' lang='lat' dir='ltr'>ipse</span> <span class='ocrx_word' id='word_1_288' title='bbox 1082 2323 1169 2361; x_wconf 88' lang='lat' dir='ltr'>dicit</span> <span class='ocrx_word' id='word_1_289' title='bbox 1197 2324 1303 2372; x_wconf 93' lang='lat' dir='ltr'>quod</span> <span class='ocrx_word' id='word_1_290' title='bbox 1332 2324 1425 2360; x_wconf 92' lang='lat' dir='ltr'>acci—</span> 
     </span>
     <span class='ocr_line' id='line_1_49' title="bbox 363 2377 1426 2427; baseline -0.001 -12"><span class='ocrx_word' id='word_1_291' title='bbox 363 2378 488 2415; x_wconf 90' lang='lat' dir='ltr'>dentia</span> <span class='ocrx_word' id='word_1_292' title='bbox 526 2386 561 2415; x_wconf 87' lang='lat' dir='ltr'>et</span> <span class='ocrx_word' id='word_1_293' title='bbox 590 2378 817 2416; x_wconf 87' lang='lat' dir='ltr'>extrinsecus</span> <span class='ocrx_word' id='word_1_294' title='bbox 850 2377 1089 2427; x_wconf 90' lang='lat' dir='ltr'>assequentia</span> <span class='ocrx_word' id='word_1_295' title='bbox 1125 2377 1163 2414; x_wconf 91' lang='lat' dir='ltr'>in</span> <span class='ocrx_word' id='word_1_296' title='bbox 1201 2377 1426 2426; x_wconf 90' lang='lat' dir='ltr'>corporibus</span> 
     </span>
     <span class='ocr_line' id='line_1_50' title="bbox 363 2429 1424 2478; baseline -0.001 -10"><span class='ocrx_word' id='word_1_297' title='bbox 363 2432 584 2468; x_wconf 89' lang='lat' dir='ltr'>caelestibus</span> <span class='ocrx_word' id='word_1_298' title='bbox 605 2431 741 2478; x_wconf 87' lang='lat' dir='ltr'>dicere,</span> <span class='ocrx_word' id='word_1_299' title='bbox 767 2429 1209 2469; x_wconf 87' lang='lat' dir='ltr'>inconvenientissimum</span> <span class='ocrx_word' id='word_1_300' title='bbox 1231 2430 1424 2478; x_wconf 88' lang='lat' dir='ltr'>existimat,</span> 
     </span>
     <span class='ocr_line' id='line_1_51' title="bbox 364 2483 1427 2531; baseline -0.002 -10"><span class='ocrx_word' id='word_1_301' title='bbox 364 2497 451 2521; x_wconf 89' lang='lat' dir='ltr'>cum</span> <span class='ocrx_word' id='word_1_302' title='bbox 481 2486 645 2522; x_wconf 88' lang='lat' dir='ltr'>habeant</span> <span class='ocrx_word' id='word_1_303' title='bbox 677 2484 961 2522; x_wconf 87' lang='lat' dir='ltr'>substantialem</span> <span class='ocrx_word' id='word_1_304' title='bbox 996 2491 1031 2520; x_wconf 89' lang='lat' dir='ltr'>et</span> <span class='ocrx_word' id='word_1_305' title='bbox 1065 2483 1283 2531; x_wconf 90' lang='lat' dir='ltr'>specificam</span> <span class='ocrx_word' id='word_1_306' title='bbox 1310 2483 1427 2520; x_wconf 89' lang='lat' dir='ltr'>virtu-</span> 
     </span>
     <span class='ocr_line' id='line_1_52' title="bbox 363 2536 1427 2585; baseline -0.002 -12"><span class='ocrx_word' id='word_1_307' title='bbox 363 2544 459 2574; x_wconf 90' lang='lat' dir='ltr'>tem:</span> <span class='ocrx_word' id='word_1_308' title='bbox 479 2537 679 2575; x_wconf 92' lang='lat' dir='ltr'>videbatur</span> <span class='ocrx_word' id='word_1_309' title='bbox 699 2538 800 2574; x_wconf 90' lang='lat' dir='ltr'>enim</span> <span class='ocrx_word' id='word_1_310' title='bbox 820 2537 853 2574; x_wconf 92' lang='lat' dir='ltr'>ei</span> <span class='ocrx_word' id='word_1_311' title='bbox 874 2539 892 2557; x_wconf 56' lang='grc' dir='ltr'><em>Ὗ</em></span> <span class='ocrx_word' id='word_1_312' title='bbox 914 2537 1031 2585; x_wconf 91' lang='lat' dir='ltr'>quod,</span> <span class='ocrx_word' id='word_1_313' title='bbox 1057 2536 1143 2585; x_wconf 91' lang='lat' dir='ltr'>quia</span> <span class='ocrx_word' id='word_1_314' title='bbox 1163 2548 1325 2584; x_wconf 84' lang='lat' dir='ltr'>corpora</span> <span class='ocrx_word' id='word_1_315' title='bbox 1345 2548 1427 2572; x_wconf 87' lang='lat' dir='ltr'>cae-</span> 
     </span>
     <span class='ocr_line' id='line_1_53' title="bbox 364 2588 1428 2628; baseline -0.001 -2"><span class='ocrx_word' id='word_1_316' title='bbox 364 2590 470 2627; x_wconf 90' lang='lat' dir='ltr'>lestia</span> <span class='ocrx_word' id='word_1_317' title='bbox 489 2598 575 2628; x_wconf 93' lang='lat' dir='ltr'>sunt</span> <span class='ocrx_word' id='word_1_318' title='bbox 603 2603 717 2627; x_wconf 89' lang='lat' dir='ltr'>causa</span> <span class='ocrx_word' id='word_1_319' title='bbox 744 2591 952 2627; x_wconf 83' lang='lat' dir='ltr'>formarum</span> <span class='ocrx_word' id='word_1_320' title='bbox 978 2588 1279 2626; x_wconf 87' lang='lat' dir='ltr'>substantialium</span> <span class='ocrx_word' id='word_1_321' title='bbox 1308 2588 1346 2626; x_wconf 90' lang='lat' dir='ltr'>in</span> <span class='ocrx_word' id='word_1_322' title='bbox 1370 2588 1428 2625; x_wconf 89' lang='lat' dir='ltr'>his</span> 
     </span>
     <span class='ocr_line' id='line_1_54' title="bbox 365 2641 1428 2691; baseline 0 -13"><span class='ocrx_word' id='word_1_323' title='bbox 365 2642 614 2690; x_wconf 85' lang='lat' dir='ltr'>inferioribus,</span> <span class='ocrx_word' id='word_1_324' title='bbox 635 2644 781 2680; x_wconf 91' lang='lat' dir='ltr'>nullum</span> <span class='ocrx_word' id='word_1_325' title='bbox 801 2642 976 2680; x_wconf 91' lang='lat' dir='ltr'>accidens</span> <span class='ocrx_word' id='word_1_326' title='bbox 995 2642 1033 2679; x_wconf 92' lang='lat' dir='ltr'>in</span> <span class='ocrx_word' id='word_1_327' title='bbox 1053 2641 1106 2678; x_wconf 90' lang='lat' dir='ltr'>eis</span> <span class='ocrx_word' id='word_1_328' title='bbox 1127 2654 1209 2678; x_wconf 91' lang='lat' dir='ltr'>esse</span> <span class='ocrx_word' id='word_1_329' title='bbox 1228 2641 1358 2691; x_wconf 87' lang='lat' dir='ltr'>possit.</span> <span class='ocrx_word' id='word_1_330' title='bbox 1379 2642 1428 2678; x_wconf 90' lang='lat' dir='ltr'>Et</span> 
     </span>
     <span class='ocr_line' id='line_1_55' title="bbox 367 2694 1429 2744; baseline -0.001 -12"><span class='ocrx_word' id='word_1_331' title='bbox 367 2696 578 2733; x_wconf 90' lang='lat' dir='ltr'>secundum</span> <span class='ocrx_word' id='word_1_332' title='bbox 603 2697 694 2744; x_wconf 92' lang='lat' dir='ltr'>hoc,</span> <span class='ocrx_word' id='word_1_333' title='bbox 722 2708 809 2733; x_wconf 92' lang='lat' dir='ltr'>cum</span> <span class='ocrx_word' id='word_1_334' title='bbox 834 2708 967 2733; x_wconf 91' lang='lat' dir='ltr'>sensus</span> <span class='ocrx_word' id='word_1_335' title='bbox 987 2707 1065 2732; x_wconf 94' lang='lat' dir='ltr'>non</span> <span class='ocrx_word' id='word_1_336' title='bbox 1085 2694 1130 2731; x_wconf 90' lang='lat' dir='ltr'>sit</span> <span class='ocrx_word' id='word_1_337' title='bbox 1149 2694 1429 2742; x_wconf 90' lang='lat' dir='ltr'>cognoscitivus</span> 
     </span>
     <span class='ocr_line' id='line_1_56' title="bbox 366 2747 1429 2798; baseline -0.001 -13"><span class='ocrx_word' id='word_1_338' title='bbox 366 2748 436 2785; x_wconf 92' lang='lat' dir='ltr'>nisi</span> <span class='ocrx_word' id='word_1_339' title='bbox 456 2749 718 2796; x_wconf 90' lang='lat' dir='ltr'>accidentium,</span> <span class='ocrx_word' id='word_1_340' title='bbox 735 2756 912 2798; x_wconf 86' lang='lat' dir='ltr'>sequetur</span> <span class='ocrx_word' id='word_1_341' title='bbox 939 2748 1045 2797; x_wconf 90' lang='lat' dir='ltr'>quod</span> <span class='ocrx_word' id='word_1_342' title='bbox 1063 2747 1154 2784; x_wconf 89' lang='lat' dir='ltr'>nihil</span> <span class='ocrx_word' id='word_1_343' title='bbox 1174 2747 1323 2784; x_wconf 77' lang='lat' dir='ltr'>illorum</span> <span class='ocrx_word' id='word_1_344' title='bbox 1348 2760 1429 2784; x_wconf 93' lang='lat' dir='ltr'>cor-</span> 
     </span>
     <span class='ocr_line' id='line_1_57' title="bbox 365 2800 1428 2851; baseline 0 -13"><span class='ocrx_word' id='word_1_345' title='bbox 365 2814 505 2850; x_wconf 91' lang='lat' dir='ltr'>porum</span> <span class='ocrx_word' id='word_1_346' title='bbox 535 2802 670 2839; x_wconf 90' lang='lat' dir='ltr'>sentire</span> <span class='ocrx_word' id='word_1_347' title='bbox 702 2802 906 2851; x_wconf 89' lang='lat' dir='ltr'>possimus.</span> <span class='ocrx_word' id='word_1_348' title='bbox 946 2801 1056 2839; x_wconf 91' lang='lat' dir='ltr'>Unde</span> <span class='ocrx_word' id='word_1_349' title='bbox 1090 2801 1170 2850; x_wconf 91' lang='lat' dir='ltr'>ipse</span> <span class='ocrx_word' id='word_1_350' title='bbox 1204 2800 1291 2837; x_wconf 87' lang='lat' dir='ltr'>dicit</span> <span class='ocrx_word' id='word_1_351' title='bbox 1323 2801 1428 2849; x_wconf 89' lang='lat' dir='ltr'>quod</span> 
     </span>
     <span class='ocr_line' id='line_1_58' title="bbox 366 2853 1429 2904; baseline -0.001 -13"><span class='ocrx_word' id='word_1_352' title='bbox 366 2866 491 2904; x_wconf 91' lang='lat' dir='ltr'>neque</span> <span class='ocrx_word' id='word_1_353' title='bbox 520 2862 618 2892; x_wconf 89' lang='lat' dir='ltr'>astra</span> <span class='ocrx_word' id='word_1_354' title='bbox 650 2855 732 2904; x_wconf 91' lang='lat' dir='ltr'>ipsa</span> <span class='ocrx_word' id='word_1_355' title='bbox 758 2855 956 2902; x_wconf 84' lang='lat' dir='ltr'>videmus,</span> <span class='ocrx_word' id='word_1_356' title='bbox 994 2866 1117 2902; x_wconf 91' lang='lat' dir='ltr'>neque</span> <span class='ocrx_word' id='word_1_357' title='bbox 1151 2853 1429 2901; x_wconf 87' lang='lat' dir='ltr'>magnitudines</span> 
     </span>
    </p>
   </div>
   <div class='ocr_carea' id='block_1_12' title="bbox 368 3030 1433 3347">
    <p class='ocr_par' dir='ltr' id='par_1_13' title="bbox 368 3030 1430 3095">
     <span class='ocr_line' id='line_1_59' title="bbox 422 3030 1430 3066; baseline -0.002 -9"><span class='ocrx_word' id='word_1_358' title='bbox 422 3031 449 3066; x_wconf 82' lang='grc' dir='ltr'>μ)</span> <span class='ocrx_word' id='word_1_359' title='bbox 470 3032 540 3057; x_wconf 73' lang='lat' dir='ltr'>visus</span> <span class='ocrx_word' id='word_1_360' title='bbox 558 3032 664 3057; x_wconf 79' lang='lat' dir='ltr'>scilicet.</span> <span class='ocrx_word' id='word_1_361' title='bbox 677 3045 698 3050; x_wconf 92' lang='lat'>-</span> <span class='ocrx_word' id='word_1_362' title='bbox 715 3031 785 3056; x_wconf 76' lang='lat' dir='ltr'>visus</span> <span class='ocrx_word' id='word_1_363' title='bbox 804 3031 873 3056; x_wconf 85' lang='lat' dir='ltr'>enim</span> <span class='ocrx_word' id='word_1_364' title='bbox 888 3031 940 3060; x_wconf 84' lang='grc' dir='ltr'>ΡΑ,</span> <span class='ocrx_word' id='word_1_365' title='bbox 955 3030 1026 3055; x_wconf 80' lang='lat' dir='ltr'>uisus</span> <span class='ocrx_word' id='word_1_366' title='bbox 1044 3030 1124 3055; x_wconf 84' lang='lat' dir='ltr'>etiam</span> <span class='ocrx_word' id='word_1_367' title='bbox 1140 3031 1168 3056; x_wconf 87' lang='lat' dir='ltr'>C.</span> <span class='ocrx_word' id='word_1_368' title='bbox 1182 3044 1200 3050; x_wconf 91' lang='lat'>—</span> <span class='ocrx_word' id='word_1_369' title='bbox 1214 3031 1235 3055; x_wconf 79' lang='lat' dir='ltr'>E</span> <span class='ocrx_word' id='word_1_370' title='bbox 1255 3031 1312 3055; x_wconf 81' lang='lat' dir='ltr'>add.</span> <span class='ocrx_word' id='word_1_371' title='bbox 1331 3031 1430 3056; x_wconf 78' lang='lat' dir='ltr'>scilicet</span> 
     </span>
     <span class='ocr_line' id='line_1_60' title="bbox 368 3066 1359 3095; baseline -0.001 -3"><span class='ocrx_word' id='word_1_372' title='bbox 368 3069 433 3092; x_wconf 90' lang='lat' dir='ltr'>inter</span> <span class='ocrx_word' id='word_1_373' title='bbox 450 3067 559 3092; x_wconf 80' lang='lat' dir='ltr'>auditus</span> <span class='ocrx_word' id='word_1_374' title='bbox 578 3072 603 3091; x_wconf 84' lang='lat' dir='ltr'>et</span> <span class='ocrx_word' id='word_1_375' title='bbox 621 3067 752 3095; x_wconf 87' lang='lat' dir='ltr'>omnium,·</span> <span class='ocrx_word' id='word_1_376' title='bbox 771 3066 795 3091; x_wconf 92' lang='lat' dir='ltr'>G</span> <span class='ocrx_word' id='word_1_377' title='bbox 813 3074 867 3091; x_wconf 89' lang='lat' dir='ltr'>om.</span> <span class='ocrx_word' id='word_1_378' title='bbox 885 3070 911 3091; x_wconf 82' lang='lat' dir='ltr'>et</span> <span class='ocrx_word' id='word_1_379' title='bbox 929 3066 1037 3091; x_wconf 79' lang='lat' dir='ltr'>auditus</span> <span class='ocrx_word' id='word_1_380' title='bbox 1056 3066 1173 3091; x_wconf 83' lang='lat' dir='ltr'>omnium</span> <span class='ocrx_word' id='word_1_381' title='bbox 1193 3066 1359 3091; x_wconf 80' lang='lat' dir='ltr'>audibilium.</span> 
     </span>
    </p>

    <p class='ocr_par' dir='ltr' id='par_1_14' title="bbox 371 3101 1430 3163">
     <span class='ocr_line' id='line_1_61' title="bbox 422 3101 1430 3137; baseline -0.001 -10"><span class='ocrx_word' id='word_1_382' title='bbox 422 3101 445 3137; x_wconf 89' lang='grc' dir='ltr'>ν)</span> <span class='ocrx_word' id='word_1_383' title='bbox 465 3102 560 3135; x_wconf 78' lang='lat' dir='ltr'>aliquis</span> <span class='ocrx_word' id='word_1_384' title='bbox 579 3102 696 3127; x_wconf 78' lang='lat' dir='ltr'>auditus.</span> <span class='ocrx_word' id='word_1_385' title='bbox 709 3116 728 3120; x_wconf 93' lang='lat'><em>-</em></span> <span class='ocrx_word' id='word_1_386' title='bbox 741 3103 764 3126; x_wconf 82' lang='lat' dir='ltr'>A</span> <span class='ocrx_word' id='word_1_387' title='bbox 782 3110 835 3126; x_wconf 85' lang='lat' dir='ltr'>om.</span> <span class='ocrx_word' id='word_1_388' title='bbox 850 3101 967 3126; x_wconf 73' lang='lat' dir='ltr'>auditus.</span> <span class='ocrx_word' id='word_1_389' title='bbox 980 3115 999 3120; x_wconf 90' lang='lat'><em>-</em></span> <span class='ocrx_word' id='word_1_390' title='bbox 1013 3102 1070 3127; x_wconf 82' lang='lat' dir='ltr'>Lin.</span> <span class='ocrx_word' id='word_1_391' title='bbox 1086 3109 1142 3134; x_wconf 88' lang='lat' dir='ltr'>seq.</span> <span class='ocrx_word' id='word_1_392' title='bbox 1161 3109 1209 3134; x_wconf 89' lang='lat' dir='ltr'>pro</span> <span class='ocrx_word' id='word_1_393' title='bbox 1229 3101 1302 3126; x_wconf 86' lang='lat' dir='ltr'>illum</span> <span class='ocrx_word' id='word_1_394' title='bbox 1327 3109 1430 3131; x_wconf 84' lang='lat' dir='ltr'>sonum,</span> 
     </span>
     <span class='ocr_line' id='line_1_62' title="bbox 371 3137 1147 3163; baseline -0.003 0"><span class='ocrx_word' id='word_1_395' title='bbox 371 3138 443 3163; x_wconf 84' lang='lat' dir='ltr'>illum</span> <span class='ocrx_word' id='word_1_396' title='bbox 462 3138 547 3163; x_wconf 86' lang='lat' dir='ltr'>solum</span> <span class='ocrx_word' id='word_1_397' title='bbox 565 3138 595 3162; x_wconf 89' lang='lat' dir='ltr'>E.</span> <span class='ocrx_word' id='word_1_398' title='bbox 608 3151 627 3156; x_wconf 96' lang='lat'>-</span> <span class='ocrx_word' id='word_1_399' title='bbox 640 3138 662 3162; x_wconf 92' lang='lat' dir='ltr'>D</span> <span class='ocrx_word' id='word_1_400' title='bbox 681 3145 735 3163; x_wconf 90' lang='lat' dir='ltr'>om.</span> <span class='ocrx_word' id='word_1_401' title='bbox 750 3140 798 3162; x_wconf 82' lang='lat' dir='ltr'>aut</span> <span class='ocrx_word' id='word_1_402' title='bbox 817 3137 896 3162; x_wconf 81' lang='lat' dir='ltr'>etiam</span> <span class='ocrx_word' id='word_1_403' title='bbox 916 3137 996 3162; x_wconf 80' lang='lat' dir='ltr'>talem</span> <span class='ocrx_word' id='word_1_404' title='bbox 1015 3137 1147 3162; x_wconf 84' lang='lat' dir='ltr'>auditum.</span> 
     </span>
    </p>

    <p class='ocr_par' dir='ltr' id='par_1_15' title="bbox 372 3171 1431 3309">
     <span class='ocr_line' id='line_1_63' title="bbox 425 3171 1431 3205; baseline 0 -8"><span class='ocrx_word' id='word_1_405' title='bbox 425 3171 447 3205; x_wconf 79' lang='grc' dir='ltr'>ξ)</span> <span class='ocrx_word' id='word_1_406' title='bbox 467 3173 557 3198; x_wconf 81' lang='lat' dir='ltr'>Potest</span> <span class='ocrx_word' id='word_1_407' title='bbox 571 3173 685 3205; x_wconf 86' lang='lat' dir='ltr'>quidem.</span> <span class='ocrx_word' id='word_1_408' title='bbox 698 3187 716 3193; x_wconf 86' lang='lat'><em>-</em></span> <span class='ocrx_word' id='word_1_409' title='bbox 731 3173 771 3198; x_wconf 89' lang='lat' dir='ltr'>Sic</span> <span class='ocrx_word' id='word_1_410' title='bbox 791 3173 866 3197; x_wconf 90' lang='lat' dir='ltr'>codd.</span> <span class='ocrx_word' id='word_1_411' title='bbox 880 3178 905 3197; x_wconf 88' lang='lat' dir='ltr'>et</span> <span class='ocrx_word' id='word_1_412' title='bbox 924 3173 965 3198; x_wconf 91' lang='lat' dir='ltr'>ed.</span> <span class='ocrx_word' id='word_1_413' title='bbox 984 3171 1059 3198; x_wconf 83' lang='lat'>1516.</span> <span class='ocrx_word' id='word_1_414' title='bbox 1080 3173 1098 3196; x_wconf 83' lang='lat' dir='ltr'>P</span> <span class='ocrx_word' id='word_1_415' title='bbox 1118 3173 1208 3198; x_wconf 80' lang='lat' dir='ltr'>Potest</span> <span class='ocrx_word' id='word_1_416' title='bbox 1227 3172 1306 3197; x_wconf 85' lang='lat' dir='ltr'>enim.</span> <span class='ocrx_word' id='word_1_417' title='bbox 1320 3186 1338 3191; x_wconf 93' lang='lat'>·-</span> <span class='ocrx_word' id='word_1_418' title='bbox 1351 3173 1431 3198; x_wconf 85' lang='lat' dir='ltr'>Linea</span> 
     </span>
     <span class='ocr_line' id='line_1_64' title="bbox 372 3207 1431 3241; baseline 0 -9"><span class='ocrx_word' id='word_1_419' title='bbox 372 3208 462 3232; x_wconf 82' lang='lat' dir='ltr'>eadem</span> <span class='ocrx_word' id='word_1_420' title='bbox 481 3216 527 3240; x_wconf 88' lang='lat' dir='ltr'>pro</span> <span class='ocrx_word' id='word_1_421' title='bbox 546 3208 701 3236; x_wconf 73' lang='lat' dir='ltr'>delectetur,</span> <span class='ocrx_word' id='word_1_422' title='bbox 721 3208 867 3233; x_wconf 81' lang='lat' dir='ltr'>delectatur</span> <span class='ocrx_word' id='word_1_423' title='bbox 890 3208 965 3233; x_wconf 89' lang='lat' dir='ltr'>codd.</span> <span class='ocrx_word' id='word_1_424' title='bbox 984 3222 1002 3226; x_wconf 92' lang='lat'>—</span> <span class='ocrx_word' id='word_1_425' title='bbox 1019 3208 1070 3232; x_wconf 91' lang='lat' dir='ltr'>Pro</span> <span class='ocrx_word' id='word_1_426' title='bbox 1092 3208 1177 3240; x_wconf 80' lang='lat' dir='ltr'>specie</span> <span class='ocrx_word' id='word_1_427' title='bbox 1195 3207 1336 3237; x_wconf 76' lang='lat' dir='ltr'>sensibilis,</span> <span class='ocrx_word' id='word_1_428' title='bbox 1360 3208 1431 3241; x_wconf 89' lang='lat' dir='ltr'>quod</span> 
     </span>
     <span class='ocr_line' id='line_1_65' title="bbox 372 3242 1431 3283; baseline 0.001 -16"><span class='ocrx_word' id='word_1_429' title='bbox 372 3242 431 3283; x_wconf 57' lang='lat' dir='ltr'>hab:</span> <span class='ocrx_word' id='word_1_430' title='bbox 451 3243 490 3267; x_wconf 90' lang='lat' dir='ltr'>ed.</span> <span class='ocrx_word' id='word_1_431' title='bbox 508 3242 572 3267; x_wconf 82' lang='lat'>1516</span> <span class='ocrx_word' id='word_1_432' title='bbox 592 3248 617 3268; x_wconf 86' lang='lat' dir='ltr'>et</span> <span class='ocrx_word' id='word_1_433' title='bbox 636 3244 718 3273; x_wconf 70' lang='lat' dir='ltr'>codd„</span> <span class='ocrx_word' id='word_1_434' title='bbox 738 3244 756 3268; x_wconf 85' lang='lat' dir='ltr'>P</span> <span class='ocrx_word' id='word_1_435' title='bbox 775 3243 860 3275; x_wconf 78' lang='lat' dir='ltr'>specie</span> <span class='ocrx_word' id='word_1_436' title='bbox 880 3243 1003 3268; x_wconf 80' lang='lat' dir='ltr'>sensibili.</span> <span class='ocrx_word' id='word_1_437' title='bbox 1015 3257 1035 3263; x_wconf 90' lang='lat'>—</span> <span class='ocrx_word' id='word_1_438' title='bbox 1054 3244 1111 3268; x_wconf 92' lang='lat' dir='ltr'>Lin.</span> <span class='ocrx_word' id='word_1_439' title='bbox 1131 3251 1187 3276; x_wconf 89' lang='lat' dir='ltr'>seq.</span> <span class='ocrx_word' id='word_1_440' title='bbox 1207 3251 1253 3276; x_wconf 88' lang='lat' dir='ltr'>pro</span> <span class='ocrx_word' id='word_1_441' title='bbox 1273 3243 1299 3268; x_wconf 86' lang='lat' dir='ltr'>in</span> <span class='ocrx_word' id='word_1_442' title='bbox 1319 3243 1390 3275; x_wconf 79' lang='lat' dir='ltr'>ipso,</span> <span class='ocrx_word' id='word_1_443' title='bbox 1409 3244 1431 3268; x_wconf 89' lang='grc' dir='ltr'>Α</span> 
     </span>
     <span class='ocr_line' id='line_1_66' title="bbox 374 3285 486 3309; baseline 0 -7"><span class='ocrx_word' id='word_1_444' title='bbox 374 3285 400 3302; x_wconf 83' lang='lat' dir='ltr'>m</span> <span class='ocrx_word' id='word_1_445' title='bbox 420 3285 486 3309; x_wconf 81' lang='lat' dir='ltr'>ipsa.</span> 
     </span>
    </p>

    <p class='ocr_par' dir='ltr' id='par_1_16' title="bbox 428 3312 1433 3347">
     <span class='ocr_line' id='line_1_67' title="bbox 428 3312 1433 3347; baseline 0.002 -10"><span class='ocrx_word' id='word_1_446' title='bbox 428 3312 454 3346; x_wconf 88' lang='grc' dir='ltr'>ο)</span> <span class='ocrx_word' id='word_1_447' title='bbox 473 3313 535 3344; x_wconf 86' lang='lat' dir='ltr'>quia</span> <span class='ocrx_word' id='word_1_448' title='bbox 548 3313 706 3339; x_wconf 82' lang='lat' dir='ltr'>huiusmodi.</span> <span class='ocrx_word' id='word_1_449' title='bbox 719 3327 738 3332; x_wconf 97' lang='lat'>-</span> <span class='ocrx_word' id='word_1_450' title='bbox 751 3316 777 3338; x_wconf 78' lang='lat' dir='ltr'>et</span> <span class='ocrx_word' id='word_1_451' title='bbox 789 3314 940 3339; x_wconf 80' lang='lat' dir='ltr'>huiusmodi</span> <span class='ocrx_word' id='word_1_452' title='bbox 954 3314 981 3339; x_wconf 88' lang='grc' dir='ltr'>Ρ.</span> <span class='ocrx_word' id='word_1_453' title='bbox 995 3328 1014 3333; x_wconf 94' lang='grc'>-</span> <span class='ocrx_word' id='word_1_454' title='bbox 1027 3314 1084 3339; x_wconf 87' lang='lat' dir='ltr'>Lin.</span> <span class='ocrx_word' id='word_1_455' title='bbox 1098 3322 1154 3347; x_wconf 83' lang='lat' dir='ltr'>seq.</span> <span class='ocrx_word' id='word_1_456' title='bbox 1170 3322 1218 3346; x_wconf 85' lang='lat' dir='ltr'>pro</span> <span class='ocrx_word' id='word_1_457' title='bbox 1235 3314 1379 3339; x_wconf 80' lang='lat' dir='ltr'>secundum</span> <span class='ocrx_word' id='word_1_458' title='bbox 1394 3321 1433 3340; x_wconf 87' lang='lat' dir='ltr'>se-</span> 
     </span>
    </p>
   </div>
   <div class='ocr_carea' id='block_1_13' title="bbox 376 3347 1434 3382">
    <p class='ocr_par' dir='ltr' id='par_1_17' title="bbox 376 3347 1434 3382">
     <span class='ocr_line' id='line_1_68' title="bbox 376 3347 1434 3382; baseline 0.002 -10"><span class='ocrx_word' id='word_1_459' title='bbox 376 3347 452 3379; x_wconf 80' lang='lat' dir='ltr'>ipsos,</span> <span class='ocrx_word' id='word_1_460' title='bbox 471 3348 550 3372; x_wconf 82' lang='lat' dir='ltr'>etiam</span> <span class='ocrx_word' id='word_1_461' title='bbox 569 3348 710 3373; x_wconf 82' lang='lat' dir='ltr'>secundum</span> <span class='ocrx_word' id='word_1_462' title='bbox 729 3349 826 3381; x_wconf 80' lang='lat' dir='ltr'>seipsos</span> <span class='ocrx_word' id='word_1_463' title='bbox 845 3350 875 3380; x_wconf 81' lang='grc' dir='ltr'>Α,</span> <span class='ocrx_word' id='word_1_464' title='bbox 894 3350 974 3375; x_wconf 82' lang='lat' dir='ltr'>etiam</span> <span class='ocrx_word' id='word_1_465' title='bbox 989 3350 1086 3381; x_wconf 82' lang='lat' dir='ltr'>seipsos</span> <span class='ocrx_word' id='word_1_466' title='bbox 1106 3349 1192 3380; x_wconf 85' lang='lat' dir='ltr'>BCGI,</span> <span class='ocrx_word' id='word_1_467' title='bbox 1212 3349 1238 3374; x_wconf 83' lang='lat' dir='ltr'>in</span> <span class='ocrx_word' id='word_1_468' title='bbox 1258 3350 1356 3382; x_wconf 75' lang='lat' dir='ltr'>seipsos</span> <span class='ocrx_word' id='word_1_469' title='bbox 1375 3350 1434 3375; x_wconf 86' lang='lat' dir='ltr'>F.—</span> 
     </span>
    </p>
   </div>
   <div class='ocr_carea' id='block_1_14' title="bbox 376 3382 1434 3641">
    <p class='ocr_par' dir='ltr' id='par_1_18' title="bbox 376 3382 1434 3484">
     <span class='ocr_line' id='line_1_69' title="bbox 376 3382 1432 3417; baseline 0.004 -11"><span class='ocrx_word' id='word_1_470' title='bbox 376 3382 426 3406; x_wconf 89' lang='lat' dir='ltr'>Pro</span> <span class='ocrx_word' id='word_1_471' title='bbox 445 3389 495 3407; x_wconf 82' lang='lat' dir='ltr'>non</span> <span class='ocrx_word' id='word_1_472' title='bbox 514 3383 671 3408; x_wconf 79' lang='lat' dir='ltr'>conveniunt</span> <span class='ocrx_word' id='word_1_473' title='bbox 686 3384 779 3409; x_wconf 82' lang='lat' dir='ltr'>odores</span> <span class='ocrx_word' id='word_1_474' title='bbox 800 3392 845 3410; x_wconf 82' lang='lat' dir='ltr'>nec</span> <span class='ocrx_word' id='word_1_475' title='bbox 864 3385 996 3410; x_wconf 81' lang='lat' dir='ltr'>delectant</span> <span class='ocrx_word' id='word_1_476' title='bbox 1014 3392 1053 3414; x_wconf 85' lang='lat' dir='ltr'>ea,</span> <span class='ocrx_word' id='word_1_477' title='bbox 1074 3386 1093 3410; x_wconf 91' lang='grc' dir='ltr'>Ρ</span> <span class='ocrx_word' id='word_1_478' title='bbox 1114 3385 1174 3417; x_wconf 82' lang='lat' dir='ltr'>legit</span> <span class='ocrx_word' id='word_1_479' title='bbox 1193 3392 1244 3410; x_wconf 87' lang='lat' dir='ltr'>non</span> <span class='ocrx_word' id='word_1_480' title='bbox 1261 3385 1432 3415; x_wconf 81' lang='lat' dir='ltr'>conveniunt,</span> 
     </span>
     <span class='ocr_line' id='line_1_70' title="bbox 377 3417 1434 3454; baseline 0.005 -13"><span class='ocrx_word' id='word_1_481' title='bbox 377 3423 424 3442; x_wconf 86' lang='lat' dir='ltr'>nec</span> <span class='ocrx_word' id='word_1_482' title='bbox 437 3417 530 3442; x_wconf 84' lang='lat' dir='ltr'>odor-es</span> <span class='ocrx_word' id='word_1_483' title='bbox 544 3418 674 3443; x_wconf 81' lang='lat' dir='ltr'>delectant</span> <span class='ocrx_word' id='word_1_484' title='bbox 685 3426 772 3444; x_wconf 83' lang='lat' dir='ltr'>canes.</span> <span class='ocrx_word' id='word_1_485' title='bbox 785 3420 970 3452; x_wconf 78' lang='lat' dir='ltr'>Adoptavimus</span> <span class='ocrx_word' id='word_1_486' title='bbox 985 3421 1058 3445; x_wconf 88' lang='lat' dir='ltr'>codd.</span> <span class='ocrx_word' id='word_1_487' title='bbox 1075 3421 1141 3451; x_wconf 65' lang='lat' dir='ltr'>lect„</span> <span class='ocrx_word' id='word_1_488' title='bbox 1155 3421 1251 3454; x_wconf 87' lang='lat' dir='ltr'>quippe</span> <span class='ocrx_word' id='word_1_489' title='bbox 1271 3429 1337 3453; x_wconf 79' lang='lat' dir='ltr'>quae</span> <span class='ocrx_word' id='word_1_490' title='bbox 1352 3421 1434 3453; x_wconf 81' lang='lat' dir='ltr'>magis</span> 
     </span>
     <span class='ocr_line' id='line_1_71' title="bbox 378 3452 801 3484; baseline 0.009 -9"><span class='ocrx_word' id='word_1_491' title='bbox 378 3452 514 3484; x_wconf 83' lang='lat' dir='ltr'>respondet</span> <span class='ocrx_word' id='word_1_492' title='bbox 532 3454 642 3484; x_wconf 82' lang='lat' dir='ltr'>generali</span> <span class='ocrx_word' id='word_1_493' title='bbox 661 3454 801 3479; x_wconf 89' lang='lat' dir='ltr'>intentioni.</span> 
     </span>
    </p>

    <p class='ocr_par' dir='ltr' id='par_1_19' title="bbox 379 3485 1434 3593">
     <span class='ocr_line' id='line_1_72' title="bbox 431 3485 1434 3527; baseline 0.006 -17"><span class='ocrx_word' id='word_1_494' title='bbox 431 3485 460 3520; x_wconf 83' lang='grc' dir='ltr'>π)</span> <span class='ocrx_word' id='word_1_495' title='bbox 479 3486 547 3527; x_wconf 72' lang='lat' dir='ltr'>sicut</span> <span class='ocrx_word' id='word_1_496' title='bbox 565 3487 635 3512; x_wconf 76' lang='lat' dir='ltr'>visus</span> <span class='ocrx_word' id='word_1_497' title='bbox 648 3489 838 3520; x_wconf 79' lang='lat' dir='ltr'>corruptivum.</span> <span class='ocrx_word' id='word_1_498' title='bbox 850 3503 869 3508; x_wconf 90' lang='lat'>-</span> <span class='ocrx_word' id='word_1_499' title='bbox 886 3490 955 3515; x_wconf 81' lang='lat' dir='ltr'>sicut</span> <span class='ocrx_word' id='word_1_500' title='bbox 973 3491 1044 3515; x_wconf 82' lang='lat' dir='ltr'>visus</span> <span class='ocrx_word' id='word_1_501' title='bbox 1062 3492 1194 3517; x_wconf 86' lang='lat' dir='ltr'>excellens</span> <span class='ocrx_word' id='word_1_502' title='bbox 1212 3491 1360 3516; x_wconf 80' lang='lat' dir='ltr'>coloratum</span> <span class='ocrx_word' id='word_1_503' title='bbox 1376 3494 1434 3516; x_wconf 81' lang='lat' dir='ltr'>tan-</span> 
     </span>
     <span class='ocr_line' id='line_1_73' title="bbox 379 3523 1434 3562; baseline 0.007 -17"><span class='ocrx_word' id='word_1_504' title='bbox 379 3528 460 3562; x_wconf 59' lang='lat' dir='ltr'>quani</span> <span class='ocrx_word' id='word_1_505' title='bbox 478 3528 547 3546; x_wconf 77' lang='lat' dir='ltr'>vzsus</span> <span class='ocrx_word' id='word_1_506' title='bbox 561 3523 740 3554; x_wconf 79' lang='lat' dir='ltr'>corruptivum</span> <span class='ocrx_word' id='word_1_507' title='bbox 756 3524 784 3548; x_wconf 88' lang='lat' dir='ltr'>P.</span> <span class='ocrx_word' id='word_1_508' title='bbox 798 3525 974 3557; x_wconf 84' lang='lat' dir='ltr'>Expungimus</span> <span class='ocrx_word' id='word_1_509' title='bbox 993 3534 1059 3558; x_wconf 87' lang='lat' dir='ltr'>quae</span> <span class='ocrx_word' id='word_1_510' title='bbox 1072 3527 1091 3551; x_wconf 98' lang='lat' dir='ltr'>P</span> <span class='ocrx_word' id='word_1_511' title='bbox 1106 3526 1183 3555; x_wconf 78' lang='lat' dir='ltr'>addit.</span> <span class='ocrx_word' id='word_1_512' title='bbox 1199 3526 1259 3559; x_wconf 82' lang='lat' dir='ltr'>quia</span> <span class='ocrx_word' id='word_1_513' title='bbox 1277 3528 1317 3552; x_wconf 87' lang='lat' dir='ltr'>vix</span> <span class='ocrx_word' id='word_1_514' title='bbox 1332 3527 1364 3552; x_wconf 81' lang='lat' dir='ltr'>ad</span> <span class='ocrx_word' id='word_1_515' title='bbox 1376 3535 1434 3560; x_wconf 85' lang='lat' dir='ltr'>per-</span> 
     </span>
     <span class='ocr_line' id='line_1_74' title="bbox 380 3557 1363 3593; baseline 0.008 -13"><span class='ocrx_word' id='word_1_516' title='bbox 380 3561 540 3589; x_wconf 76' lang='lat' dir='ltr'>spicuitatem</span> <span class='ocrx_word' id='word_1_517' title='bbox 559 3557 730 3582; x_wconf 80' lang='lat' dir='ltr'>conferunt.—-</span> <span class='ocrx_word' id='word_1_518' title='bbox 743 3559 805 3583; x_wconf 85' lang='lat' dir='ltr'>Post</span> <span class='ocrx_word' id='word_1_519' title='bbox 817 3567 895 3584; x_wconf 77' lang='lat' dir='ltr'>unam</span> <span class='ocrx_word' id='word_1_520' title='bbox 915 3560 958 3585; x_wconf 88' lang='lat' dir='ltr'>lin.</span> <span class='ocrx_word' id='word_1_521' title='bbox 972 3569 1019 3593; x_wconf 88' lang='lat' dir='ltr'>pro</span> <span class='ocrx_word' id='word_1_522' title='bbox 1034 3561 1092 3591; x_wconf 85' lang='lat' dir='ltr'>nisi,</span> <span class='ocrx_word' id='word_1_523' title='bbox 1112 3565 1137 3587; x_wconf 80' lang='lat' dir='ltr'>et</span> <span class='ocrx_word' id='word_1_524' title='bbox 1156 3564 1243 3587; x_wconf 80' lang='lat' dir='ltr'>tamen</span> <span class='ocrx_word' id='word_1_525' title='bbox 1263 3570 1314 3588; x_wconf 85' lang='lat' dir='ltr'>non</span> <span class='ocrx_word' id='word_1_526' title='bbox 1335 3563 1363 3587; x_wconf 80' lang='lat' dir='ltr'>P.</span> 
     </span>
    </p>

    <p class='ocr_par' dir='ltr' id='par_1_20' title="bbox 435 3590 1434 3641">
     <span class='ocr_line' id='line_1_75' title="bbox 435 3590 1434 3641; baseline 0.008 -26"><span class='ocrx_word' id='word_1_527' title='bbox 435 3590 459 3625; x_wconf 79' lang='grc' dir='ltr'>ρ)</span> <span class='ocrx_word' id='word_1_528' title='bbox 479 3591 569 3616; x_wconf 81' lang='lat' dir='ltr'>eadem</span> <span class='ocrx_word' id='word_1_529' title='bbox 589 3592 614 3616; x_wconf 86' lang='lat' dir='ltr'>in</span> <span class='ocrx_word' id='word_1_530' title='bbox 634 3592 707 3618; x_wconf 80' lang='lat' dir='ltr'>his..</span> <span class='ocrx_word' id='word_1_531' title='bbox 721 3601 839 3625; x_wconf 82' lang='lat' dir='ltr'>corpore.</span> <span class='ocrx_word' id='word_1_532' title='bbox 851 3595 977 3619; x_wconf 84' lang='lat' dir='ltr'>—Textus</span> <span class='ocrx_word' id='word_1_533' title='bbox 996 3596 1069 3628; x_wconf 84' lang='lat' dir='ltr'>legit:</span> <span class='ocrx_word' id='word_1_534' title='bbox 1090 3594 1137 3628; x_wconf 72' lang='grc' dir='ltr'>(οὗ</span> <span class='ocrx_word' id='word_1_535' title='bbox 1156 3595 1204 3639; x_wconf 59' lang='grc' dir='ltr'>γὰρ</span> <span class='ocrx_word' id='word_1_536' title='bbox 1223 3594 1238 3641; x_wconf 61' lang='grc' dir='ltr'>ᾖ</span> <span class='ocrx_word' id='word_1_537' title='bbox 1259 3596 1323 3631; x_wconf 82' lang='grc' dir='ltr'><strong>ὕδωρ</strong></span> <span class='ocrx_word' id='word_1_538' title='bbox 1344 3594 1400 3637; x_wconf 59' lang='lat'>0582</span> <span class='ocrx_word' id='word_1_539' title='bbox 1419 3594 1434 3631; x_wconf 77' lang='grc' dir='ltr'>ᾖ</span> 
     </span>
    </p>
   </div>
   <div class='ocr_carea' id='block_1_15' title="bbox 975 3626 980 3635">
    <p class='ocr_par' dir='ltr' id='par_1_21' title="bbox 975 3626 980 3635">
     <span class='ocr_line' id='line_1_76' title="bbox 975 3626 980 3635; baseline 0 0"><span class='ocrx_word' id='word_1_540' title='bbox 975 3626 980 3635; x_wconf 75' lang='lat' dir='ltr'>r</span> 
     </span>
    </p>
   </div>
   <div class='ocr_carea' id='block_1_16' title="bbox 382 3620 1435 3667">
    <p class='ocr_par' dir='ltr' id='par_1_22' title="bbox 382 3620 1435 3667">
     <span class='ocr_line' id='line_1_77' title="bbox 382 3620 1435 3667; baseline 0.003 -18"><span class='ocrx_word' id='word_1_541' title='bbox 382 3620 438 3659; x_wconf 82' lang='grc' dir='ltr'>ἄήρ,</span> <span class='ocrx_word' id='word_1_542' title='bbox 451 3625 588 3660; x_wconf 71' lang='grc' dir='ltr'>διαφανὲς),</span> <span class='ocrx_word' id='word_1_543' title='bbox 609 3621 667 3651; x_wconf 76' lang='grc' dir='ltr'>ἀλλ’</span> <span class='ocrx_word' id='word_1_544' title='bbox 686 3625 724 3652; x_wconf 81' lang='grc' dir='ltr'>ὅτι</span> <span class='ocrx_word' id='word_1_545' title='bbox 744 3625 795 3653; x_wconf 68' lang='grc' dir='ltr'>ἐστὶ</span> <span class='ocrx_word' id='word_1_546' title='bbox 815 3627 886 3662; x_wconf 72' lang='grc' dir='ltr'>φύσις</span> <span class='ocrx_word' id='word_1_547' title='bbox 906 3627 1086 3665; x_wconf 47' lang='lat' dir='ltr'>{venep-Aeuom</span> <span class='ocrx_word' id='word_1_548' title='bbox 1103 3630 1118 3663; x_wconf 77' lang='grc' dir='ltr'>ἡ</span> <span class='ocrx_word' id='word_1_549' title='bbox 1139 3640 1203 3663; x_wconf 84' lang='grc' dir='ltr'>αυτη</span> <span class='ocrx_word' id='word_1_550' title='bbox 1223 3641 1247 3658; x_wconf 74' lang='grc' dir='ltr'>εν</span> <span class='ocrx_word' id='word_1_551' title='bbox 1267 3631 1368 3662; x_wconf 76' lang='grc' dir='ltr'><strong>τούτοις</strong></span> <span class='ocrx_word' id='word_1_552' title='bbox 1388 3641 1435 3667; x_wconf 79' lang='grc' dir='ltr'>αμ-</span> 
     </span>
    </p>
   </div>
   <div class='ocr_carea' id='block_1_17' title="bbox 1062 278 1851 322">
    <p class='ocr_par' dir='ltr' id='par_1_23' title="bbox 1062 278 1851 322">
     <span class='ocr_line' id='line_1_78' title="bbox 1062 278 1851 322; baseline -0.011 0"><span class='ocrx_word' id='word_1_553' title='bbox 1062 286 1133 322; x_wconf 91' lang='lat' dir='ltr'>DE</span> <span class='ocrx_word' id='word_1_554' title='bbox 1163 283 1338 321; x_wconf 93' lang='lat' dir='ltr'><strong>CAELO</strong></span> <span class='ocrx_word' id='word_1_555' title='bbox 1369 282 1439 319; x_wconf 91' lang='lat' dir='ltr'>ET</span> <span class='ocrx_word' id='word_1_556' title='bbox 1469 278 1664 317; x_wconf 90' lang='lat' dir='ltr'>MUNDO</span> <span class='ocrx_word' id='word_1_557' title='bbox 1694 279 1789 315; x_wconf 91' lang='lat' dir='ltr'>LIB.</span> <span class='ocrx_word' id='word_1_558' title='bbox 1820 279 1851 314; x_wconf 92' lang='grc' dir='ltr'>ΙΙ</span> 
     </span>
    </p>
   </div>
   <div class='ocr_carea' id='block_1_18' title="bbox 1470 351 2580 1679">
    <p class='ocr_par' dir='ltr' id='par_1_24' title="bbox 1470 351 2543 618">
     <span class='ocr_line' id='line_1_79' title="bbox 1470 351 2542 408; baseline -0.007 -14"><span class='ocrx_word' id='word_1_559' title='bbox 1470 358 1642 408; x_wconf 89' lang='lat' dir='ltr'>ipsorum</span> <span class='ocrx_word' id='word_1_560' title='bbox 1672 362 1736 394; x_wconf 89' lang='lat' dir='ltr'>aut</span> <span class='ocrx_word' id='word_1_561' title='bbox 1762 357 1925 404; x_wconf 89' lang='lat' dir='ltr'>figuras,</span> <span class='ocrx_word' id='word_1_562' title='bbox 1961 366 2085 403; x_wconf 92' lang='lat' dir='ltr'>neque</span> <span class='ocrx_word' id='word_1_563' title='bbox 2120 353 2345 390; x_wconf 87' lang='lat' dir='ltr'>excellentes</span> <span class='ocrx_word' id='word_1_564' title='bbox 2377 351 2542 401; x_wconf 83' lang='lat' dir='ltr'>pulchri-</span> 
     </span>
     <span class='ocr_line' id='line_1_80' title="bbox 1471 405 2542 458; baseline -0.007 -11"><span class='ocrx_word' id='word_1_565' title='bbox 1471 411 1637 458; x_wconf 88' lang='lat' dir='ltr'>tudines,</span> <span class='ocrx_word' id='word_1_566' title='bbox 1668 410 1736 447; x_wconf 90' lang='lat' dir='ltr'>sed</span> <span class='ocrx_word' id='word_1_567' title='bbox 1764 421 1890 457; x_wconf 91' lang='lat' dir='ltr'>neque</span> <span class='ocrx_word' id='word_1_568' title='bbox 1920 416 2092 454; x_wconf 84' lang='lat' dir='ltr'>motum,</span> <span class='ocrx_word' id='word_1_569' title='bbox 2122 414 2280 455; x_wconf 90' lang='lat' dir='ltr'>propter</span> <span class='ocrx_word' id='word_1_570' title='bbox 2308 417 2426 453; x_wconf 89' lang='lat' dir='ltr'>quem</span> <span class='ocrx_word' id='word_1_571' title='bbox 2454 405 2498 442; x_wconf 93' lang='lat' dir='ltr'>fit</span> <span class='ocrx_word' id='word_1_572' title='bbox 2522 405 2542 426; x_wconf 87' lang='lat'>*</span> 
     </span>
     <span class='ocr_line' id='line_1_81' title="bbox 1472 458 2543 509; baseline -0.006 -9"><span class='ocrx_word' id='word_1_573' title='bbox 1472 476 1607 509; x_wconf 90' lang='lat' dir='ltr'>sonus;</span> <span class='ocrx_word' id='word_1_574' title='bbox 1627 463 1694 500; x_wconf 91' lang='lat' dir='ltr'>sed</span> <span class='ocrx_word' id='word_1_575' title='bbox 1718 464 1823 500; x_wconf 88' lang='lat' dir='ltr'>velut</span> <span class='ocrx_word' id='word_1_576' title='bbox 1845 461 2129 499; x_wconf 88' lang='lat' dir='ltr'>illustrationem</span> <span class='ocrx_word' id='word_1_577' title='bbox 2154 458 2351 508; x_wconf 90' lang='lat' dir='ltr'>quandam</span> <span class='ocrx_word' id='word_1_578' title='bbox 2371 458 2543 507; x_wconf 90' lang='lat' dir='ltr'>ipsorum</span> 
     </span>
     <span class='ocr_line' id='line_1_82' title="bbox 1470 512 2542 563; baseline -0.007 -9"><span class='ocrx_word' id='word_1_579' title='bbox 1470 517 1664 563; x_wconf 89' lang='lat' dir='ltr'>videmus,</span> <span class='ocrx_word' id='word_1_580' title='bbox 1693 516 1810 553; x_wconf 91' lang='lat' dir='ltr'>talem</span> <span class='ocrx_word' id='word_1_581' title='bbox 1836 516 1942 552; x_wconf 90' lang='lat' dir='ltr'>velut</span> <span class='ocrx_word' id='word_1_582' title='bbox 1970 514 2083 551; x_wconf 90' lang='lat' dir='ltr'>etiam</span> <span class='ocrx_word' id='word_1_583' title='bbox 2102 513 2191 550; x_wconf 91' lang='lat' dir='ltr'>solis</span> <span class='ocrx_word' id='word_1_584' title='bbox 2212 512 2308 549; x_wconf 91' lang='lat' dir='ltr'>circa</span> <span class='ocrx_word' id='word_1_585' title='bbox 2328 519 2468 549; x_wconf 91' lang='lat' dir='ltr'>terram</span> <span class='ocrx_word' id='word_1_586' title='bbox 2487 512 2542 548; x_wconf 95' lang='lat' dir='ltr'>lu-</span> 
     </span>
     <span class='ocr_line' id='line_1_83' title="bbox 1471 568 2058 618; baseline -0.003 -12"><span class='ocrx_word' id='word_1_587' title='bbox 1471 582 1572 616; x_wconf 91' lang='lat' dir='ltr'>men,</span> <span class='ocrx_word' id='word_1_588' title='bbox 1603 581 1682 606; x_wconf 93' lang='lat' dir='ltr'>non</span> <span class='ocrx_word' id='word_1_589' title='bbox 1701 569 1783 618; x_wconf 91' lang='lat' dir='ltr'>ipse</span> <span class='ocrx_word' id='word_1_590' title='bbox 1812 569 1868 605; x_wconf 91' lang='lat' dir='ltr'>sol</span> <span class='ocrx_word' id='word_1_591' title='bbox 1896 568 2058 605; x_wconf 86' lang='lat' dir='ltr'>videtur.</span> 
     </span>
    </p>

    <p class='ocr_par' dir='ltr' id='par_1_25' title="bbox 1471 617 2580 1679">
     <span class='ocr_line' id='line_1_84' title="bbox 1527 617 2542 671; baseline -0.006 -12"><span class='ocrx_word' id='word_1_592' title='bbox 1527 622 1604 659; x_wconf 90' lang='lat' dir='ltr'>Sed</span> <span class='ocrx_word' id='word_1_593' title='bbox 1618 623 1694 659; x_wconf 90' lang='lat' dir='ltr'>hoc</span> <span class='ocrx_word' id='word_1_594' title='bbox 1709 630 1765 659; x_wconf 89' lang='lat' dir='ltr'>est</span> <span class='ocrx_word' id='word_1_595' title='bbox 1779 621 2061 671; x_wconf 88' lang='lat' dir='ltr'>expressissime</span> <span class='ocrx_word' id='word_1_596' title='bbox 2076 620 2226 657; x_wconf 88' lang='lat' dir='ltr'>falsum.</span> <span class='ocrx_word' id='word_1_597' title='bbox 2239 618 2367 655; x_wconf 88' lang='lat' dir='ltr'>Primo</span> <span class='ocrx_word' id='word_1_598' title='bbox 2384 617 2542 666; x_wconf 91' lang='lat' dir='ltr'>quidem</span> 
     </span>
     <span class='ocr_line' id='line_1_85' title="bbox 1472 670 2542 724; baseline -0.006 -11"><span class='ocrx_word' id='word_1_599' title='bbox 1472 676 1562 724; x_wconf 92' lang='lat' dir='ltr'>quia</span> <span class='ocrx_word' id='word_1_600' title='bbox 1580 675 1801 712; x_wconf 90' lang='lat' dir='ltr'>Aristoteles</span> <span class='ocrx_word' id='word_1_601' title='bbox 1831 674 1919 712; x_wconf 92' lang='lat' dir='ltr'>dicit</span> <span class='ocrx_word' id='word_1_602' title='bbox 1945 674 1984 711; x_wconf 90' lang='lat' dir='ltr'>in</span> <span class='ocrx_word' id='word_1_603' title='bbox 2004 675 2036 710; x_wconf 90' lang='lat'>11</span> <span class='ocrx_word' id='word_1_604' title='bbox 2057 674 2102 710; x_wconf 86' lang='lat' dir='ltr'>de</span> <span class='ocrx_word' id='word_1_605' title='bbox 2124 673 2266 709; x_wconf 84' lang='lat' dir='ltr'>Anima</span> <span class='ocrx_word' id='word_1_606' title='bbox 2283 673 2303 693; x_wconf 84' lang='grc' dir='ltr'>·Ὗ·</span> <span class='ocrx_word' id='word_1_607' title='bbox 2332 670 2440 719; x_wconf 89' lang='lat' dir='ltr'>quod</span> <span class='ocrx_word' id='word_1_608' title='bbox 2466 682 2542 708; x_wconf 89' lang='lat' dir='ltr'>non</span> 
     </span>
     <span class='ocr_line' id='line_1_86' title="bbox 1471 724 2541 777; baseline -0.006 -11"><span class='ocrx_word' id='word_1_609' title='bbox 1471 729 1676 766; x_wconf 83' lang='lat' dir='ltr'>secundum</span> <span class='ocrx_word' id='word_1_610' title='bbox 1705 728 1806 777; x_wconf 86' lang='lat' dir='ltr'>quod</span> <span class='ocrx_word' id='word_1_611' title='bbox 1831 739 1944 776; x_wconf 84' lang='lat' dir='ltr'>aqua,</span> <span class='ocrx_word' id='word_1_612' title='bbox 1966 739 2086 775; x_wconf 87' lang='lat' dir='ltr'>neque</span> <span class='ocrx_word' id='word_1_613' title='bbox 2111 726 2316 763; x_wconf 83' lang='lat' dir='ltr'>secundum</span> <span class='ocrx_word' id='word_1_614' title='bbox 2340 724 2442 774; x_wconf 85' lang='lat' dir='ltr'>quod</span> <span class='ocrx_word' id='word_1_615' title='bbox 2462 736 2541 771; x_wconf 87' lang='lat' dir='ltr'>aer,</span> 
     </span>
     <span class='ocr_line' id='line_1_87' title="bbox 1472 777 2542 831; baseline -0.006 -12"><span class='ocrx_word' id='word_1_616' title='bbox 1472 783 1704 831; x_wconf 84' lang='lat' dir='ltr'>diaphanum</span> <span class='ocrx_word' id='word_1_617' title='bbox 1724 787 1797 826; x_wconf 87' lang='lat' dir='ltr'>est‚·</span> <span class='ocrx_word' id='word_1_618' title='bbox 1815 781 1881 818; x_wconf 84' lang='lat' dir='ltr'>sed</span> <span class='ocrx_word' id='word_1_619' title='bbox 1906 781 2086 829; x_wconf 85' lang='lat' dir='ltr'>quoniam</span> <span class='ocrx_word' id='word_1_620' title='bbox 2106 785 2161 816; x_wconf 85' lang='lat' dir='ltr'>est</span> <span class='ocrx_word' id='word_1_621' title='bbox 2186 784 2324 816; x_wconf 86' lang='lat' dir='ltr'>natura</span> <span class='ocrx_word' id='word_1_622' title='bbox 2344 778 2475 814; x_wconf 88' lang='lat' dir='ltr'>eadem</span> <span class='ocrx_word' id='word_1_623' title='bbox 2505 777 2542 814; x_wconf 86' lang='lat' dir='ltr'>in</span> 
     </span>
     <span class='ocr_line' id='line_1_88' title="bbox 1472 832 2542 883; baseline -0.005 -11"><span class='ocrx_word' id='word_1_624' title='bbox 1472 836 1529 872; x_wconf 83' lang='lat' dir='ltr'>his</span> <span class='ocrx_word' id='word_1_625' title='bbox 1553 836 1728 883; x_wconf 80' lang='lat' dir='ltr'>utrisque,</span> <span class='ocrx_word' id='word_1_626' title='bbox 1749 840 1784 871; x_wconf 89' lang='lat' dir='ltr'>et</span> <span class='ocrx_word' id='word_1_627' title='bbox 1803 834 1840 871; x_wconf 90' lang='lat' dir='ltr'>in</span> <span class='ocrx_word' id='word_1_628' title='bbox 1859 839 2042 882; x_wconf 84' lang='lat' dir='ltr'>perpetuo</span> <span class='ocrx_word' id='word_1_629' title='bbox 2067 839 2104 870; x_wconf 90' lang='lat' dir='ltr'>et</span> <span class='ocrx_word' id='word_1_630' title='bbox 2128 832 2317 881; x_wconf 85' lang='lat' dir='ltr'>superiori</span> <span class='ocrx_word' id='word_1_631' title='bbox 2338 842 2498 879; x_wconf 83' lang='lat' dir='ltr'>corpore</span> <span class='ocrx_word' id='word_1_632' title='bbox 2515 836 2542 867; x_wconf 78' lang='grc' dir='ltr'>Ρ.</span> 
     </span>
     <span class='ocr_line' id='line_1_89' title="bbox 1473 883 2543 935; baseline -0.005 -10"><span class='ocrx_word' id='word_1_633' title='bbox 1473 889 1522 925; x_wconf 93' lang='lat' dir='ltr'>Et</span> <span class='ocrx_word' id='word_1_634' title='bbox 1541 889 1675 925; x_wconf 91' lang='lat' dir='ltr'>eadem</span> <span class='ocrx_word' id='word_1_635' title='bbox 1697 887 1842 924; x_wconf 91' lang='lat' dir='ltr'>ratione</span> <span class='ocrx_word' id='word_1_636' title='bbox 1861 887 2004 933; x_wconf 90' lang='lat' dir='ltr'>lumen,</span> <span class='ocrx_word' id='word_1_637' title='bbox 2026 886 2132 935; x_wconf 92' lang='lat' dir='ltr'>quod</span> <span class='ocrx_word' id='word_1_638' title='bbox 2152 893 2208 923; x_wconf 93' lang='lat' dir='ltr'>est</span> <span class='ocrx_word' id='word_1_639' title='bbox 2226 893 2332 922; x_wconf 91' lang='lat' dir='ltr'>actus</span> <span class='ocrx_word' id='word_1_640' title='bbox 2351 883 2543 933; x_wconf 79' lang='lat' dir='ltr'>diaphanI,</span> 
     </span>
     <span class='ocr_line' id='line_1_90' title="bbox 1473 937 2544 992; baseline -0.004 -14"><span class='ocrx_word' id='word_1_641' title='bbox 1473 949 1529 978; x_wconf 88' lang='lat' dir='ltr'>est</span> <span class='ocrx_word' id='word_1_642' title='bbox 1562 941 1733 992; x_wconf 86' lang='lat' dir='ltr'>eiusdem</span> <span class='ocrx_word' id='word_1_643' title='bbox 1769 948 1925 977; x_wconf 90' lang='lat' dir='ltr'>naturae</span> <span class='ocrx_word' id='word_1_644' title='bbox 1967 939 2006 976; x_wconf 92' lang='lat' dir='ltr'>in</span> <span class='ocrx_word' id='word_1_645' title='bbox 2039 938 2279 976; x_wconf 87' lang='lat' dir='ltr'>inferioribus</span> <span class='ocrx_word' id='word_1_646' title='bbox 2321 937 2544 987; x_wconf 89' lang='lat' dir='ltr'>corporibus</span> 
     </span>
     <span class='ocr_line' id='line_1_91' title="bbox 1474 990 2580 1042; baseline -0.004 -11"><span class='ocrx_word' id='word_1_647' title='bbox 1474 1002 1510 1031; x_wconf 93' lang='lat' dir='ltr'>et</span> <span class='ocrx_word' id='word_1_648' title='bbox 1537 994 1576 1031; x_wconf 92' lang='lat' dir='ltr'>in</span> <span class='ocrx_word' id='word_1_649' title='bbox 1604 992 1756 1031; x_wconf 88' lang='lat' dir='ltr'>caelesti</span> <span class='ocrx_word' id='word_1_650' title='bbox 1783 1005 1956 1042; x_wconf 90' lang='lat' dir='ltr'>corpore.</span> <span class='ocrx_word' id='word_1_651' title='bbox 1987 992 2028 1029; x_wconf 90' lang='lat' dir='ltr'>Si</span> <span class='ocrx_word' id='word_1_652' title='bbox 2056 1004 2146 1040; x_wconf 90' lang='lat' dir='ltr'>ergo</span> <span class='ocrx_word' id='word_1_653' title='bbox 2168 992 2208 1029; x_wconf 90' lang='lat' dir='ltr'>in</span> <span class='ocrx_word' id='word_1_654' title='bbox 2236 990 2456 1029; x_wconf 90' lang='lat' dir='ltr'>huiusmodi</span> <span class='ocrx_word' id='word_1_655' title='bbox 2488 990 2544 1027; x_wconf 90' lang='lat' dir='ltr'>in-</span> <span class='ocrx_word' id='word_1_656' title='bbox 2577 1013 2580 1016; x_wconf 44' lang='lat'><em>⁴</em></span> 
     </span>
     <span class='ocr_line' id='line_1_92' title="bbox 1473 1045 2544 1095; baseline -0.003 -11"><span class='ocrx_word' id='word_1_657' title='bbox 1473 1047 1672 1084; x_wconf 88' lang='lat' dir='ltr'>ferioribus</span> <span class='ocrx_word' id='word_1_658' title='bbox 1701 1046 1925 1095; x_wconf 91' lang='lat' dir='ltr'>corporibus</span> <span class='ocrx_word' id='word_1_659' title='bbox 1954 1053 2042 1083; x_wconf 91' lang='lat' dir='ltr'>sunt</span> <span class='ocrx_word' id='word_1_660' title='bbox 2069 1045 2276 1082; x_wconf 89' lang='lat' dir='ltr'>accidentia</span> <span class='ocrx_word' id='word_1_661' title='bbox 2313 1056 2428 1082; x_wconf 90' lang='lat' dir='ltr'>sensu</span> <span class='ocrx_word' id='word_1_662' title='bbox 2459 1055 2544 1092; x_wconf 91' lang='lat' dir='ltr'>per-</span> 
     </span>
     <span class='ocr_line' id='line_1_93' title="bbox 1475 1096 2545 1150; baseline -0.004 -12"><span class='ocrx_word' id='word_1_663' title='bbox 1475 1101 1680 1150; x_wconf 91' lang='lat' dir='ltr'>ceptibilia,</span> <span class='ocrx_word' id='word_1_664' title='bbox 1709 1099 1791 1149; x_wconf 91' lang='lat' dir='ltr'>pari</span> <span class='ocrx_word' id='word_1_665' title='bbox 1820 1099 1965 1136; x_wconf 89' lang='lat' dir='ltr'>ratione</span> <span class='ocrx_word' id='word_1_666' title='bbox 1994 1098 2033 1135; x_wconf 92' lang='lat' dir='ltr'>in</span> <span class='ocrx_word' id='word_1_667' title='bbox 2068 1098 2293 1148; x_wconf 90' lang='lat' dir='ltr'>corporibus</span> <span class='ocrx_word' id='word_1_668' title='bbox 2322 1096 2545 1134; x_wconf 90' lang='lat' dir='ltr'>caelestibus</span> 
     </span>
     <span class='ocr_line' id='line_1_94' title="bbox 1474 1150 2546 1202; baseline -0.005 -11"><span class='ocrx_word' id='word_1_669' title='bbox 1474 1162 1562 1191; x_wconf 91' lang='lat' dir='ltr'>sunt</span> <span class='ocrx_word' id='word_1_670' title='bbox 1580 1153 1787 1191; x_wconf 90' lang='lat' dir='ltr'>accidentia</span> <span class='ocrx_word' id='word_1_671' title='bbox 1814 1151 2072 1202; x_wconf 90' lang='lat' dir='ltr'>perceptibilia</span> <span class='ocrx_word' id='word_1_672' title='bbox 2095 1163 2219 1188; x_wconf 89' lang='lat' dir='ltr'>sensu.</span> <span class='ocrx_word' id='word_1_673' title='bbox 2244 1150 2394 1198; x_wconf 90' lang='lat' dir='ltr'>Adhuc,</span> <span class='ocrx_word' id='word_1_674' title='bbox 2423 1150 2546 1198; x_wconf 84' lang='lat' dir='ltr'>figura</span> 
     </span>
     <span class='ocr_line' id='line_1_95' title="bbox 1476 1204 2545 1255; baseline -0.004 -11"><span class='ocrx_word' id='word_1_675' title='bbox 1476 1215 1512 1244; x_wconf 88' lang='lat' dir='ltr'>et</span> <span class='ocrx_word' id='word_1_676' title='bbox 1543 1207 1765 1255; x_wconf 86' lang='lat' dir='ltr'>magnitudo</span> <span class='ocrx_word' id='word_1_677' title='bbox 1804 1213 1892 1243; x_wconf 91' lang='lat' dir='ltr'>sunt</span> <span class='ocrx_word' id='word_1_678' title='bbox 1927 1204 2196 1242; x_wconf 89' lang='lat' dir='ltr'>mathematica</span> <span class='ocrx_word' id='word_1_679' title='bbox 2220 1210 2255 1251; x_wconf 76' lang='lat'>⁶,</span> <span class='ocrx_word' id='word_1_680' title='bbox 2285 1215 2454 1252; x_wconf 87' lang='lat' dir='ltr'>quorum</span> <span class='ocrx_word' id='word_1_681' title='bbox 2487 1215 2545 1240; x_wconf 89' lang='lat' dir='ltr'>ra-</span> 
     </span>
     <span class='ocr_line' id='line_1_96' title="bbox 1475 1255 2542 1307; baseline -0.004 -10"><span class='ocrx_word' id='word_1_682' title='bbox 1475 1261 1597 1298; x_wconf 90' lang='lat' dir='ltr'>tiones</span> <span class='ocrx_word' id='word_1_683' title='bbox 1626 1268 1712 1297; x_wconf 88' lang='lat' dir='ltr'>sunt</span> <span class='ocrx_word' id='word_1_684' title='bbox 1740 1259 1998 1297; x_wconf 85' lang='lat' dir='ltr'>indifferentes</span> <span class='ocrx_word' id='word_1_685' title='bbox 2026 1258 2065 1295; x_wconf 92' lang='lat' dir='ltr'>in</span> <span class='ocrx_word' id='word_1_686' title='bbox 2093 1269 2342 1307; x_wconf 92' lang='lat' dir='ltr'>quocumque</span> <span class='ocrx_word' id='word_1_687' title='bbox 2371 1255 2542 1293; x_wconf 85' lang='lat' dir='ltr'>existant.</span> 
     </span>
     <span class='ocr_line' id='line_1_97' title="bbox 1477 1310 2546 1361; baseline -0.005 -10"><span class='ocrx_word' id='word_1_688' title='bbox 1477 1314 1582 1351; x_wconf 89' lang='lat' dir='ltr'>Sicut</span> <span class='ocrx_word' id='word_1_689' title='bbox 1609 1313 1718 1361; x_wconf 90' lang='lat' dir='ltr'>igitur</span> <span class='ocrx_word' id='word_1_690' title='bbox 1746 1313 1868 1361; x_wconf 90' lang='lat' dir='ltr'>figura</span> <span class='ocrx_word' id='word_1_691' title='bbox 1897 1319 1934 1348; x_wconf 93' lang='lat' dir='ltr'>et</span> <span class='ocrx_word' id='word_1_692' title='bbox 1961 1310 2183 1359; x_wconf 90' lang='lat' dir='ltr'>magnitudo</span> <span class='ocrx_word' id='word_1_693' title='bbox 2211 1310 2435 1347; x_wconf 85' lang='lat' dir='ltr'>inferiorum</span> <span class='ocrx_word' id='word_1_694' title='bbox 2463 1320 2546 1346; x_wconf 89' lang='lat' dir='ltr'>cor-</span> 
     </span>
     <span class='ocr_line' id='line_1_98' title="bbox 1475 1361 2547 1416; baseline -0.005 -12"><span class='ocrx_word' id='word_1_695' title='bbox 1475 1379 1616 1416; x_wconf 92' lang='lat' dir='ltr'>porum</span> <span class='ocrx_word' id='word_1_696' title='bbox 1642 1374 1729 1403; x_wconf 92' lang='lat' dir='ltr'>sunt</span> <span class='ocrx_word' id='word_1_697' title='bbox 1757 1365 1965 1403; x_wconf 91' lang='lat' dir='ltr'>accidentia</span> <span class='ocrx_word' id='word_1_698' title='bbox 1992 1363 2195 1410; x_wconf 92' lang='lat' dir='ltr'>sensibilia,</span> <span class='ocrx_word' id='word_1_699' title='bbox 2216 1363 2267 1400; x_wconf 91' lang='lat' dir='ltr'>ita</span> <span class='ocrx_word' id='word_1_700' title='bbox 2296 1362 2410 1400; x_wconf 91' lang='lat' dir='ltr'>etiam</span> <span class='ocrx_word' id='word_1_701' title='bbox 2443 1369 2481 1399; x_wconf 91' lang='lat' dir='ltr'>et</span> <span class='ocrx_word' id='word_1_702' title='bbox 2506 1361 2547 1400; x_wconf 91' lang='lat' dir='ltr'>in</span> 
     </span>
     <span class='ocr_line' id='line_1_99' title="bbox 1478 1415 2547 1468; baseline -0.005 -11"><span class='ocrx_word' id='word_1_703' title='bbox 1478 1420 1701 1457; x_wconf 90' lang='lat' dir='ltr'>caelestibus</span> <span class='ocrx_word' id='word_1_704' title='bbox 1731 1418 1966 1468; x_wconf 90' lang='lat' dir='ltr'>corporibus.</span> <span class='ocrx_word' id='word_1_705' title='bbox 1997 1419 2104 1465; x_wconf 92' lang='lat' dir='ltr'>Item,</span> <span class='ocrx_word' id='word_1_706' title='bbox 2125 1417 2155 1454; x_wconf 91' lang='lat' dir='ltr'>si</span> <span class='ocrx_word' id='word_1_707' title='bbox 2178 1417 2254 1454; x_wconf 90' lang='lat' dir='ltr'>hoc</span> <span class='ocrx_word' id='word_1_708' title='bbox 2278 1423 2386 1463; x_wconf 90' lang='lat' dir='ltr'>esset,</span> <span class='ocrx_word' id='word_1_709' title='bbox 2407 1415 2547 1465; x_wconf 85' lang='lat' dir='ltr'>periret</span> 
     </span>
     <span class='ocr_line' id='line_1_100' title="bbox 1478 1469 2547 1519; baseline -0.005 -8"><span class='ocrx_word' id='word_1_710' title='bbox 1478 1474 1603 1511; x_wconf 91' lang='lat' dir='ltr'>omnis</span> <span class='ocrx_word' id='word_1_711' title='bbox 1633 1472 1816 1509; x_wconf 89' lang='lat' dir='ltr'>certitudo</span> <span class='ocrx_word' id='word_1_712' title='bbox 1845 1470 2092 1519; x_wconf 90' lang='lat' dir='ltr'>astrologicae</span> <span class='ocrx_word' id='word_1_713' title='bbox 2121 1469 2309 1516; x_wconf 85' lang='lat' dir='ltr'>scientiae,</span> <span class='ocrx_word' id='word_1_714' title='bbox 2340 1481 2439 1518; x_wconf 92' lang='lat' dir='ltr'>quae</span> <span class='ocrx_word' id='word_1_715' title='bbox 2457 1480 2547 1518; x_wconf 92' lang='lat' dir='ltr'>pro-</span> 
     </span>
     <span class='ocr_line' id='line_1_101' title="bbox 1478 1521 2546 1575; baseline -0.005 -11"><span class='ocrx_word' id='word_1_716' title='bbox 1478 1526 1577 1564; x_wconf 90' lang='lat' dir='ltr'>cedit</span> <span class='ocrx_word' id='word_1_717' title='bbox 1591 1538 1637 1563; x_wconf 84' lang='lat' dir='ltr'>ex</span> <span class='ocrx_word' id='word_1_718' title='bbox 1651 1521 1920 1575; x_wconf 90' lang='lat' dir='ltr'>apparentibus</span> <span class='ocrx_word' id='word_1_719' title='bbox 1935 1523 2149 1561; x_wconf 90' lang='lat' dir='ltr'>secundum</span> <span class='ocrx_word' id='word_1_720' title='bbox 2169 1526 2325 1560; x_wconf 85' lang='lat' dir='ltr'>sensum</span> <span class='ocrx_word' id='word_1_721' title='bbox 2345 1522 2444 1560; x_wconf 90' lang='lat' dir='ltr'>circa</span> <span class='ocrx_word' id='word_1_722' title='bbox 2463 1533 2546 1559; x_wconf 87' lang='lat' dir='ltr'>cor-</span> 
     </span>
     <span class='ocr_line' id='line_1_102' title="bbox 1477 1575 2548 1629; baseline -0.005 -12"><span class='ocrx_word' id='word_1_723' title='bbox 1477 1592 1572 1629; x_wconf 90' lang='lat' dir='ltr'>pora</span> <span class='ocrx_word' id='word_1_724' title='bbox 1588 1578 1771 1616; x_wconf 88' lang='lat' dir='ltr'>caelestia.</span> <span class='ocrx_word' id='word_1_725' title='bbox 1785 1577 1997 1625; x_wconf 90' lang='lat' dir='ltr'>Quomodo</span> <span class='ocrx_word' id='word_1_726' title='bbox 2009 1577 2124 1614; x_wconf 89' lang='lat' dir='ltr'>etiam</span> <span class='ocrx_word' id='word_1_727' title='bbox 2141 1583 2240 1613; x_wconf 89' lang='lat' dir='ltr'>esset</span> <span class='ocrx_word' id='word_1_728' title='bbox 2248 1575 2429 1626; x_wconf 90' lang='lat' dir='ltr'>possibile</span> <span class='ocrx_word' id='word_1_729' title='bbox 2439 1575 2548 1624; x_wconf 91' lang='lat' dir='ltr'>quod</span> 
     </span>
     <span class='ocr_line' id='line_1_103' title="bbox 1476 1629 2547 1679; baseline -0.005 -9"><span class='ocrx_word' id='word_1_730' title='bbox 1476 1641 1603 1670; x_wconf 90' lang='lat' dir='ltr'>motus</span> <span class='ocrx_word' id='word_1_731' title='bbox 1625 1632 1842 1669; x_wconf 87' lang='lat' dir='ltr'>caelestium</span> <span class='ocrx_word' id='word_1_732' title='bbox 1863 1642 2070 1679; x_wconf 89' lang='lat' dir='ltr'>corporum</span> <span class='ocrx_word' id='word_1_733' title='bbox 2091 1637 2188 1667; x_wconf 89' lang='lat' dir='ltr'>esset</span> <span class='ocrx_word' id='word_1_734' title='bbox 2217 1641 2354 1666; x_wconf 89' lang='lat' dir='ltr'>eorum</span> <span class='ocrx_word' id='word_1_735' title='bbox 2373 1629 2547 1666; x_wconf 86' lang='lat' dir='ltr'>substan-</span> 
     </span>
    </p>
   </div>
   <div class='ocr_carea' id='block_1_19' title="bbox 1477 1681 2658 1734">
    <p class='ocr_par' dir='ltr' id='par_1_26' title="bbox 1477 1681 2658 1734">
     <span class='ocr_line' id='line_1_104' title="bbox 1477 1681 2658 1734; baseline -0.004 -11"><span class='ocrx_word' id='word_1_736' title='bbox 1477 1687 1538 1734; x_wconf 89' lang='lat' dir='ltr'>tia,</span> <span class='ocrx_word' id='word_1_737' title='bbox 1561 1698 1649 1723; x_wconf 91' lang='lat' dir='ltr'>cum</span> <span class='ocrx_word' id='word_1_738' title='bbox 1677 1685 1723 1722; x_wconf 89' lang='lat' dir='ltr'>sit</span> <span class='ocrx_word' id='word_1_739' title='bbox 1747 1684 1839 1733; x_wconf 93' lang='lat' dir='ltr'>quid</span> <span class='ocrx_word' id='word_1_740' title='bbox 1856 1686 1875 1706; x_wconf 59' lang='grc' dir='ltr'><em>Ὗ</em></span> <span class='ocrx_word' id='word_1_741' title='bbox 1894 1681 2292 1733; x_wconf 83' lang='lat' dir='ltr'>imperfectissimum?</span> <span class='ocrx_word' id='word_1_742' title='bbox 2316 1683 2548 1731; x_wconf 89' lang='lat' dir='ltr'>Sequeretur</span> <span class='ocrx_word' id='word_1_743' title='bbox 2574 1689 2584 1699; x_wconf 93' lang='grc'>·</span> <span class='ocrx_word' id='word_1_744' title='bbox 2599 1687 2658 1716; x_wconf 63' lang='grc' dir='ltr'><em>Μ</em></span> 
     </span>
    </p>
   </div>
   <div class='ocr_carea' id='block_1_20' title="bbox 1476 1736 2588 2902">
    <p class='ocr_par' dir='ltr' id='par_1_27' title="bbox 1476 1736 2550 2160">
     <span class='ocr_line' id='line_1_105' title="bbox 1478 1736 2548 1788; baseline -0.004 -12"><span class='ocrx_word' id='word_1_745' title='bbox 1478 1740 1591 1776; x_wconf 89' lang='lat' dir='ltr'>etiam</span> <span class='ocrx_word' id='word_1_746' title='bbox 1616 1738 1721 1788; x_wconf 93' lang='lat' dir='ltr'>quod</span> <span class='ocrx_word' id='word_1_747' title='bbox 1747 1738 1851 1775; x_wconf 91' lang='lat' dir='ltr'>idem</span> <span class='ocrx_word' id='word_1_748' title='bbox 1881 1744 1979 1774; x_wconf 89' lang='lat' dir='ltr'>esset</span> <span class='ocrx_word' id='word_1_749' title='bbox 2006 1737 2044 1773; x_wconf 91' lang='lat' dir='ltr'>in</span> <span class='ocrx_word' id='word_1_750' title='bbox 2073 1737 2153 1773; x_wconf 91' lang='lat' dir='ltr'>sole</span> <span class='ocrx_word' id='word_1_751' title='bbox 2181 1736 2321 1784; x_wconf 87' lang='lat' dir='ltr'>figura,</span> <span class='ocrx_word' id='word_1_752' title='bbox 2351 1736 2483 1772; x_wconf 87' lang='lat' dir='ltr'>lumen</span> <span class='ocrx_word' id='word_1_753' title='bbox 2511 1742 2548 1772; x_wconf 91' lang='lat' dir='ltr'>et</span> 
     </span>
     <span class='ocr_line' id='line_1_106' title="bbox 1478 1787 2546 1839; baseline -0.003 -10"><span class='ocrx_word' id='word_1_754' title='bbox 1478 1800 1616 1839; x_wconf 87' lang='lat' dir='ltr'>motus,</span> <span class='ocrx_word' id='word_1_755' title='bbox 1648 1804 1735 1828; x_wconf 90' lang='lat' dir='ltr'>curn</span> <span class='ocrx_word' id='word_1_756' title='bbox 1764 1790 1877 1827; x_wconf 89' lang='lat' dir='ltr'>unius</span> <span class='ocrx_word' id='word_1_757' title='bbox 1897 1790 1949 1826; x_wconf 92' lang='lat' dir='ltr'>rei</span> <span class='ocrx_word' id='word_1_758' title='bbox 1968 1802 2047 1826; x_wconf 92' lang='lat' dir='ltr'>non</span> <span class='ocrx_word' id='word_1_759' title='bbox 2067 1789 2112 1826; x_wconf 90' lang='lat' dir='ltr'>sit</span> <span class='ocrx_word' id='word_1_760' title='bbox 2139 1789 2211 1826; x_wconf 92' lang='lat' dir='ltr'>nisi</span> <span class='ocrx_word' id='word_1_761' title='bbox 2229 1801 2308 1826; x_wconf 88' lang='lat' dir='ltr'>una</span> <span class='ocrx_word' id='word_1_762' title='bbox 2327 1787 2546 1826; x_wconf 81' lang='lat' dir='ltr'>substantia.</span> 
     </span>
     <span class='ocr_line' id='line_1_107' title="bbox 1477 1841 2546 1893; baseline -0.005 -10"><span class='ocrx_word' id='word_1_763' title='bbox 1477 1846 1588 1883; x_wconf 91' lang='lat' dir='ltr'>Unde</span> <span class='ocrx_word' id='word_1_764' title='bbox 1603 1852 1706 1893; x_wconf 90' lang='lat' dir='ltr'>patet</span> <span class='ocrx_word' id='word_1_765' title='bbox 1722 1846 1741 1866; x_wconf 68' lang='lat'>³⁵</span> <span class='ocrx_word' id='word_1_766' title='bbox 1756 1843 1916 1880; x_wconf 91' lang='lat' dir='ltr'>omnino</span> <span class='ocrx_word' id='word_1_767' title='bbox 1930 1841 2167 1891; x_wconf 89' lang='lat' dir='ltr'>impossibile</span> <span class='ocrx_word' id='word_1_768' title='bbox 2183 1854 2264 1878; x_wconf 91' lang='lat' dir='ltr'>esse</span> <span class='ocrx_word' id='word_1_769' title='bbox 2280 1841 2387 1890; x_wconf 92' lang='lat' dir='ltr'>quod</span> <span class='ocrx_word' id='word_1_770' title='bbox 2406 1841 2506 1879; x_wconf 88' lang='lat' dir='ltr'>dicit.</span> <span class='ocrx_word' id='word_1_771' title='bbox 2521 1861 2546 1870; x_wconf 91' lang='lat'>-</span> 
     </span>
     <span class='ocr_line' id='line_1_108' title="bbox 1478 1893 2547 1946; baseline -0.003 -11"><span class='ocrx_word' id='word_1_772' title='bbox 1478 1898 1581 1935; x_wconf 89' lang='lat' dir='ltr'>Nihil</span> <span class='ocrx_word' id='word_1_773' title='bbox 1600 1905 1727 1934; x_wconf 89' lang='lat' dir='ltr'>autem</span> <span class='ocrx_word' id='word_1_774' title='bbox 1746 1896 1924 1946; x_wconf 90' lang='lat' dir='ltr'>prohibet</span> <span class='ocrx_word' id='word_1_775' title='bbox 1943 1907 2106 1944; x_wconf 88' lang='lat' dir='ltr'>corpora</span> <span class='ocrx_word' id='word_1_776' title='bbox 2125 1894 2300 1932; x_wconf 90' lang='lat' dir='ltr'>caelestia</span> <span class='ocrx_word' id='word_1_777' title='bbox 2328 1893 2547 1944; x_wconf 84' lang='lat' dir='ltr'>specificam</span> 
     </span>
     <span class='ocr_line' id='line_1_109' title="bbox 1476 1947 2549 1997; baseline -0.004 -8"><span class='ocrx_word' id='word_1_778' title='bbox 1476 1952 1656 1989; x_wconf 90' lang='lat' dir='ltr'>virtutem</span> <span class='ocrx_word' id='word_1_779' title='bbox 1684 1951 1839 1997; x_wconf 89' lang='lat' dir='ltr'>habere,</span> <span class='ocrx_word' id='word_1_780' title='bbox 1869 1957 1905 1986; x_wconf 93' lang='lat' dir='ltr'>et</span> <span class='ocrx_word' id='word_1_781' title='bbox 1932 1957 2062 1986; x_wconf 90' lang='lat' dir='ltr'>tamen</span> <span class='ocrx_word' id='word_1_782' title='bbox 2090 1948 2283 1996; x_wconf 89' lang='lat' dir='ltr'>quaedam</span> <span class='ocrx_word' id='word_1_783' title='bbox 2309 1947 2516 1986; x_wconf 81' lang='lat' dir='ltr'>accidentia</span> <span class='ocrx_word' id='word_1_784' title='bbox 2532 1953 2549 1968; x_wconf 55' lang='grc' dir='ltr'><em>Ὗ</em></span> 
     </span>
     <span class='ocr_line' id='line_1_110' title="bbox 1477 2000 2550 2050; baseline -0.004 -8"><span class='ocrx_word' id='word_1_785' title='bbox 1477 2005 1515 2042; x_wconf 91' lang='lat' dir='ltr'>in</span> <span class='ocrx_word' id='word_1_786' title='bbox 1535 2005 1589 2042; x_wconf 87' lang='lat' dir='ltr'>eis</span> <span class='ocrx_word' id='word_1_787' title='bbox 1618 2016 1718 2041; x_wconf 90' lang='lat' dir='ltr'>esse:</span> <span class='ocrx_word' id='word_1_788' title='bbox 1748 2016 1838 2041; x_wconf 91' lang='lat' dir='ltr'>nam</span> <span class='ocrx_word' id='word_1_789' title='bbox 1869 2002 1907 2040; x_wconf 92' lang='lat' dir='ltr'>in</span> <span class='ocrx_word' id='word_1_790' title='bbox 1944 2002 2184 2040; x_wconf 88' lang='lat' dir='ltr'>inferioribus</span> <span class='ocrx_word' id='word_1_791' title='bbox 2213 2000 2437 2050; x_wconf 89' lang='lat' dir='ltr'>corporibus</span> <span class='ocrx_word' id='word_1_792' title='bbox 2461 2007 2550 2038; x_wconf 90' lang='lat' dir='ltr'>sunt</span> 
     </span>
     <span class='ocr_line' id='line_1_111' title="bbox 1479 2053 2550 2107; baseline -0.003 -12"><span class='ocrx_word' id='word_1_793' title='bbox 1479 2058 1669 2107; x_wconf 91' lang='lat' dir='ltr'>quaedam</span> <span class='ocrx_word' id='word_1_794' title='bbox 1697 2056 1959 2102; x_wconf 88' lang='lat' dir='ltr'>accidentalia,</span> <span class='ocrx_word' id='word_1_795' title='bbox 1989 2056 2075 2092; x_wconf 92' lang='lat' dir='ltr'>licet</span> <span class='ocrx_word' id='word_1_796' title='bbox 2102 2055 2140 2092; x_wconf 92' lang='lat' dir='ltr'>in</span> <span class='ocrx_word' id='word_1_797' title='bbox 2178 2054 2232 2092; x_wconf 88' lang='lat' dir='ltr'>eis</span> <span class='ocrx_word' id='word_1_798' title='bbox 2261 2054 2306 2092; x_wconf 90' lang='lat' dir='ltr'>sit</span> <span class='ocrx_word' id='word_1_799' title='bbox 2341 2054 2462 2092; x_wconf 90' lang='lat' dir='ltr'>virtus</span> <span class='ocrx_word' id='word_1_800' title='bbox 2499 2053 2550 2092; x_wconf 85' lang='lat' dir='ltr'>ad</span> 
     </span>
     <span class='ocr_line' id='line_1_112' title="bbox 1478 2107 2225 2160; baseline -0.005 -11"><span class='ocrx_word' id='word_1_801' title='bbox 1478 2110 1740 2160; x_wconf 90' lang='lat' dir='ltr'>generandum</span> <span class='ocrx_word' id='word_1_802' title='bbox 1769 2110 1839 2147; x_wconf 91' lang='lat' dir='ltr'>sibi</span> <span class='ocrx_word' id='word_1_803' title='bbox 1868 2109 1991 2146; x_wconf 91' lang='lat' dir='ltr'>simile</span> <span class='ocrx_word' id='word_1_804' title='bbox 2019 2108 2058 2145; x_wconf 94' lang='lat' dir='ltr'>in</span> <span class='ocrx_word' id='word_1_805' title='bbox 2086 2107 2225 2158; x_wconf 90' lang='lat' dir='ltr'>specie.</span> 
     </span>
    </p>

    <p class='ocr_par' dir='ltr' id='par_1_28' title="bbox 1478 2160 2588 2902">
     <span class='ocr_line' id='line_1_113' title="bbox 1534 2160 2550 2213; baseline -0.003 -12"><span class='ocrx_word' id='word_1_806' title='bbox 1534 2177 1569 2213; x_wconf 87' lang='lat'>9.</span> <span class='ocrx_word' id='word_1_807' title='bbox 1600 2163 1749 2201; x_wconf 88' lang='lat' dir='ltr'>Deinde</span> <span class='ocrx_word' id='word_1_808' title='bbox 1779 2175 1867 2200; x_wconf 91' lang='lat' dir='ltr'>cum</span> <span class='ocrx_word' id='word_1_809' title='bbox 1897 2162 2002 2200; x_wconf 85' lang='lat' dir='ltr'>dicit:</span> <span class='ocrx_word' id='word_1_810' title='bbox 2032 2162 2107 2198; x_wconf 87' lang='lat' dir='ltr'>Sed</span> <span class='ocrx_word' id='word_1_811' title='bbox 2133 2160 2406 2199; x_wconf 83' lang='lat' dir='ltr'>rationabiliter</span> <span class='ocrx_word' id='word_1_812' title='bbox 2429 2172 2550 2210; x_wconf 86' lang='lat' dir='ltr'>neque</span> 
     </span>
     <span class='ocr_line' id='line_1_114' title="bbox 1479 2214 2549 2264; baseline -0.003 -10"><span class='ocrx_word' id='word_1_813' title='bbox 1479 2218 1653 2255; x_wconf 84' lang='lat' dir='ltr'>audimus</span> <span class='ocrx_word' id='word_1_814' title='bbox 1673 2217 1755 2263; x_wconf 91' lang='lat' dir='ltr'>eic.,</span> <span class='ocrx_word' id='word_1_815' title='bbox 1778 2215 2004 2253; x_wconf 90' lang='lat' dir='ltr'>determinat</span> <span class='ocrx_word' id='word_1_816' title='bbox 2021 2215 2233 2252; x_wconf 88' lang='lat' dir='ltr'>veritatem.</span> <span class='ocrx_word' id='word_1_817' title='bbox 2255 2215 2305 2252; x_wconf 91' lang='lat' dir='ltr'>Et</span> <span class='ocrx_word' id='word_1_818' title='bbox 2319 2214 2445 2264; x_wconf 88' lang='lat' dir='ltr'>primo</span> <span class='ocrx_word' id='word_1_819' title='bbox 2460 2226 2549 2264; x_wconf 91' lang='lat' dir='ltr'>pro-</span> 
     </span>
     <span class='ocr_line' id='line_1_115' title="bbox 1478 2267 2551 2320; baseline -0.003 -12"><span class='ocrx_word' id='word_1_820' title='bbox 1478 2270 1586 2320; x_wconf 91' lang='lat' dir='ltr'>ponit</span> <span class='ocrx_word' id='word_1_821' title='bbox 1604 2271 1710 2319; x_wconf 92' lang='lat' dir='ltr'>quod</span> <span class='ocrx_word' id='word_1_822' title='bbox 1738 2269 1911 2315; x_wconf 91' lang='lat' dir='ltr'>intendit;</span> <span class='ocrx_word' id='word_1_823' title='bbox 1941 2268 2111 2306; x_wconf 90' lang='lat' dir='ltr'>secundo</span> <span class='ocrx_word' id='word_1_824' title='bbox 2141 2267 2356 2305; x_wconf 89' lang='lat' dir='ltr'>manifestat</span> <span class='ocrx_word' id='word_1_825' title='bbox 2377 2267 2551 2317; x_wconf 90' lang='lat' dir='ltr'>proposi-</span> 
     </span>
     <span class='ocr_line' id='line_1_116' title="bbox 1479 2320 2588 2373; baseline -0.004 -12"><span class='ocrx_word' id='word_1_826' title='bbox 1479 2332 1572 2371; x_wconf 86' lang='lat' dir='ltr'>tum,</span> <span class='ocrx_word' id='word_1_827' title='bbox 1602 2323 1667 2360; x_wconf 92' lang='lat' dir='ltr'>ibi:</span> <span class='ocrx_word' id='word_1_828' title='bbox 1693 2323 1961 2373; x_wconf 86' lang='lat' dir='ltr'>Quaecumque</span> <span class='ocrx_word' id='word_1_829' title='bbox 1989 2322 2138 2370; x_wconf 84' lang='lat' dir='ltr'>quidem</span> <span class='ocrx_word' id='word_1_830' title='bbox 2159 2321 2179 2342; x_wconf 85' lang='grc'><em>*</em></span> <span class='ocrx_word' id='word_1_831' title='bbox 2200 2329 2267 2358; x_wconf 89' lang='lat' dir='ltr'>etc.</span> <span class='ocrx_word' id='word_1_832' title='bbox 2285 2342 2309 2348; x_wconf 98' lang='lat'>-</span> <span class='ocrx_word' id='word_1_833' title='bbox 2330 2320 2430 2358; x_wconf 88' lang='lat' dir='ltr'>Dicit</span> <span class='ocrx_word' id='word_1_834' title='bbox 2459 2333 2549 2370; x_wconf 85' lang='lat' dir='ltr'>ergo</span> <span class='ocrx_word' id='word_1_835' title='bbox 2578 2333 2588 2343; x_wconf 91' lang='lat'><strong>·</strong></span> 
     </span>
     <span class='ocr_line' id='line_1_117' title="bbox 1480 2373 2550 2426; baseline -0.002 -13"><span class='ocrx_word' id='word_1_836' title='bbox 1480 2377 1606 2426; x_wconf 91' lang='lat' dir='ltr'>primo</span> <span class='ocrx_word' id='word_1_837' title='bbox 1641 2376 1746 2425; x_wconf 90' lang='lat' dir='ltr'>quod</span> <span class='ocrx_word' id='word_1_838' title='bbox 1781 2375 2001 2412; x_wconf 88' lang='lat' dir='ltr'>rationabile</span> <span class='ocrx_word' id='word_1_839' title='bbox 2036 2382 2092 2411; x_wconf 92' lang='lat' dir='ltr'>est</span> <span class='ocrx_word' id='word_1_840' title='bbox 2126 2374 2231 2422; x_wconf 91' lang='lat' dir='ltr'>quod</span> <span class='ocrx_word' id='word_1_841' title='bbox 2265 2386 2345 2411; x_wconf 91' lang='lat' dir='ltr'>non</span> <span class='ocrx_word' id='word_1_842' title='bbox 2373 2373 2550 2412; x_wconf 86' lang='lat' dir='ltr'>audimus</span> 
     </span>
     <span class='ocr_line' id='line_1_118' title="bbox 1481 2426 2551 2476; baseline -0.003 -9"><span class='ocrx_word' id='word_1_843' title='bbox 1481 2442 1621 2467; x_wconf 91' lang='lat' dir='ltr'>sonum</span> <span class='ocrx_word' id='word_1_844' title='bbox 1641 2435 1654 2450; x_wconf 63' lang='grc' dir='ltr'><em>υ</em></span> <span class='ocrx_word' id='word_1_845' title='bbox 1678 2429 1896 2466; x_wconf 86' lang='lat' dir='ltr'>caelestium</span> <span class='ocrx_word' id='word_1_846' title='bbox 1926 2439 2145 2476; x_wconf 88' lang='lat' dir='ltr'>corporum,</span> <span class='ocrx_word' id='word_1_847' title='bbox 2175 2435 2212 2464; x_wconf 91' lang='lat' dir='ltr'>et</span> <span class='ocrx_word' id='word_1_848' title='bbox 2240 2427 2346 2475; x_wconf 90' lang='lat' dir='ltr'>quod</span> <span class='ocrx_word' id='word_1_849' title='bbox 2374 2426 2551 2465; x_wconf 85' lang='lat' dir='ltr'>inferiora</span> 
     </span>
     <span class='ocr_line' id='line_1_119' title="bbox 1483 2479 2550 2531; baseline -0.001 -12"><span class='ocrx_word' id='word_1_850' title='bbox 1483 2494 1644 2531; x_wconf 87' lang='lat' dir='ltr'>corpora</span> <span class='ocrx_word' id='word_1_851' title='bbox 1671 2482 1814 2527; x_wconf 83' lang='lat' dir='ltr'>nullam</span> <span class='ocrx_word' id='word_1_852' title='bbox 1841 2481 2050 2518; x_wconf 90' lang='lat' dir='ltr'>violentam</span> <span class='ocrx_word' id='word_1_853' title='bbox 2078 2479 2298 2529; x_wconf 86' lang='lat' dir='ltr'>passionem</span> <span class='ocrx_word' id='word_1_854' title='bbox 2327 2480 2375 2517; x_wconf 93' lang='lat' dir='ltr'>ab</span> <span class='ocrx_word' id='word_1_855' title='bbox 2400 2480 2454 2518; x_wconf 90' lang='lat' dir='ltr'>eis</span> <span class='ocrx_word' id='word_1_856' title='bbox 2472 2480 2550 2530; x_wconf 90' lang='lat' dir='ltr'>pati</span> 
     </span>
     <span class='ocr_line' id='line_1_120' title="bbox 1481 2532 2548 2583; baseline -0.002 -11"><span class='ocrx_word' id='word_1_857' title='bbox 1481 2536 1670 2582; x_wconf 89' lang='lat' dir='ltr'>videntur,</span> <span class='ocrx_word' id='word_1_858' title='bbox 1690 2542 1844 2583; x_wconf 89' lang='lat' dir='ltr'>propter</span> <span class='ocrx_word' id='word_1_859' title='bbox 1859 2535 1934 2571; x_wconf 93' lang='lat' dir='ltr'>hoc</span> <span class='ocrx_word' id='word_1_860' title='bbox 1949 2533 2053 2583; x_wconf 90' lang='lat' dir='ltr'>quod</span> <span class='ocrx_word' id='word_1_861' title='bbox 2073 2534 2221 2570; x_wconf 90' lang='lat' dir='ltr'>nullum</span> <span class='ocrx_word' id='word_1_862' title='bbox 2242 2545 2381 2570; x_wconf 90' lang='lat' dir='ltr'>sonum</span> <span class='ocrx_word' id='word_1_863' title='bbox 2396 2532 2548 2571; x_wconf 89' lang='lat' dir='ltr'>faciunt.</span> 
     </span>
     <span class='ocr_line' id='line_1_121' title="bbox 1484 2586 2551 2636; baseline -0.002 -11"><span class='ocrx_word' id='word_1_864' title='bbox 1484 2588 1606 2626; x_wconf 89' lang='lat' dir='ltr'>Simul</span> <span class='ocrx_word' id='word_1_865' title='bbox 1638 2596 1766 2625; x_wconf 89' lang='lat' dir='ltr'>autem</span> <span class='ocrx_word' id='word_1_866' title='bbox 1801 2595 1836 2624; x_wconf 92' lang='lat' dir='ltr'>et</span> <span class='ocrx_word' id='word_1_867' title='bbox 1867 2599 1937 2636; x_wconf 92' lang='lat' dir='ltr'>per</span> <span class='ocrx_word' id='word_1_868' title='bbox 1970 2587 2073 2624; x_wconf 89' lang='lat' dir='ltr'>idem</span> <span class='ocrx_word' id='word_1_869' title='bbox 2107 2586 2407 2623; x_wconf 89' lang='lat' dir='ltr'>manifestabitur</span> <span class='ocrx_word' id='word_1_870' title='bbox 2435 2598 2551 2624; x_wconf 86' lang='lat' dir='ltr'>causa</span> 
     </span>
     <span class='ocr_line' id='line_1_122' title="bbox 1482 2639 2550 2689; baseline -0.001 -11"><span class='ocrx_word' id='word_1_871' title='bbox 1482 2642 1641 2688; x_wconf 93' lang='lat' dir='ltr'>horum,</span> <span class='ocrx_word' id='word_1_872' title='bbox 1671 2640 1808 2678; x_wconf 89' lang='lat' dir='ltr'>scilicet</span> <span class='ocrx_word' id='word_1_873' title='bbox 1836 2641 1943 2689; x_wconf 90' lang='lat' dir='ltr'>quod</span> <span class='ocrx_word' id='word_1_874' title='bbox 1970 2652 2050 2677; x_wconf 90' lang='lat' dir='ltr'>non</span> <span class='ocrx_word' id='word_1_875' title='bbox 2078 2639 2257 2677; x_wconf 91' lang='lat' dir='ltr'>audimus</span> <span class='ocrx_word' id='word_1_876' title='bbox 2285 2652 2402 2677; x_wconf 86' lang='lat' dir='ltr'>sonos</span> <span class='ocrx_word' id='word_1_877' title='bbox 2430 2640 2550 2677; x_wconf 90' lang='lat' dir='ltr'>caele-</span> 
     </span>
     <span class='ocr_line' id='line_1_123' title="bbox 1484 2692 2550 2743; baseline -0.001 -11"><span class='ocrx_word' id='word_1_878' title='bbox 1484 2694 1597 2732; x_wconf 90' lang='lat' dir='ltr'>stium</span> <span class='ocrx_word' id='word_1_879' title='bbox 1627 2706 1854 2743; x_wconf 90' lang='lat' dir='ltr'>corporum,</span> <span class='ocrx_word' id='word_1_880' title='bbox 1889 2705 2014 2742; x_wconf 90' lang='lat' dir='ltr'>neque</span> <span class='ocrx_word' id='word_1_881' title='bbox 2043 2693 2091 2729; x_wconf 92' lang='lat' dir='ltr'>ab</span> <span class='ocrx_word' id='word_1_882' title='bbox 2123 2693 2176 2730; x_wconf 91' lang='lat' dir='ltr'>eis</span> <span class='ocrx_word' id='word_1_883' title='bbox 2205 2692 2427 2730; x_wconf 82' lang='lat' dir='ltr'>violentiam</span> <span class='ocrx_word' id='word_1_884' title='bbox 2455 2692 2550 2742; x_wconf 85' lang='lat' dir='ltr'>pati-</span> 
     </span>
     <span class='ocr_line' id='line_1_124' title="bbox 1484 2746 2550 2796; baseline 0 -12"><span class='ocrx_word' id='word_1_885' title='bbox 1484 2760 1585 2793; x_wconf 88' lang='lat' dir='ltr'>mur;</span> <span class='ocrx_word' id='word_1_886' title='bbox 1608 2755 1643 2784; x_wconf 92' lang='lat' dir='ltr'>et</span> <span class='ocrx_word' id='word_1_887' title='bbox 1662 2747 1921 2784; x_wconf 88' lang='lat' dir='ltr'>testimonium</span> <span class='ocrx_word' id='word_1_888' title='bbox 1942 2746 2174 2795; x_wconf 89' lang='lat' dir='ltr'>accipiemus</span> <span class='ocrx_word' id='word_1_889' title='bbox 2193 2751 2208 2776; x_wconf 70' lang='lat' dir='ltr'><em>P</em></span> <span class='ocrx_word' id='word_1_890' title='bbox 2229 2747 2275 2784; x_wconf 95' lang='lat' dir='ltr'>de</span> <span class='ocrx_word' id='word_1_891' title='bbox 2299 2746 2456 2784; x_wconf 89' lang='lat' dir='ltr'>veritate</span> <span class='ocrx_word' id='word_1_892' title='bbox 2475 2746 2550 2796; x_wconf 88' lang='lat' dir='ltr'>pri-</span> 
     </span>
     <span class='ocr_line' id='line_1_125' title="bbox 1484 2799 2553 2848; baseline -0.001 -10"><span class='ocrx_word' id='word_1_893' title='bbox 1484 2813 1637 2838; x_wconf 89' lang='lat' dir='ltr'>morum</span> <span class='ocrx_word' id='word_1_894' title='bbox 1681 2812 1928 2847; x_wconf 90' lang='lat' dir='ltr'>sermonum,</span> <span class='ocrx_word' id='word_1_895' title='bbox 1976 2799 2114 2836; x_wconf 87' lang='lat' dir='ltr'>scilicet</span> <span class='ocrx_word' id='word_1_896' title='bbox 2155 2800 2262 2848; x_wconf 92' lang='lat' dir='ltr'>quod</span> <span class='ocrx_word' id='word_1_897' title='bbox 2303 2800 2431 2837; x_wconf 87' lang='lat' dir='ltr'>stellae</span> <span class='ocrx_word' id='word_1_898' title='bbox 2472 2811 2553 2837; x_wconf 89' lang='lat' dir='ltr'>non</span> 
     </span>
     <span class='ocr_line' id='line_1_126' title="bbox 1484 2852 2554 2902; baseline 0 -12"><span class='ocrx_word' id='word_1_899' title='bbox 1484 2861 1688 2891; x_wconf 91' lang='lat' dir='ltr'>moventur</span> <span class='ocrx_word' id='word_1_900' title='bbox 1715 2866 1783 2902; x_wconf 89' lang='lat' dir='ltr'>per</span> <span class='ocrx_word' id='word_1_901' title='bbox 1811 2853 1963 2902; x_wconf 90' lang='lat' dir='ltr'>seipsas.</span> <span class='ocrx_word' id='word_1_902' title='bbox 1995 2853 2090 2890; x_wconf 90' lang='lat' dir='ltr'>lllud</span> <span class='ocrx_word' id='word_1_903' title='bbox 2119 2853 2219 2890; x_wconf 90' lang='lat' dir='ltr'>enim</span> <span class='ocrx_word' id='word_1_904' title='bbox 2244 2853 2350 2902; x_wconf 92' lang='lat' dir='ltr'>quod</span> <span class='ocrx_word' id='word_1_905' title='bbox 2378 2860 2458 2890; x_wconf 86' lang='lat' dir='ltr'>erat</span> <span class='ocrx_word' id='word_1_906' title='bbox 2486 2852 2554 2890; x_wconf 89' lang='lat' dir='ltr'>du-</span> 
     </span>
    </p>
   </div>
   <div class='ocr_carea' id='block_1_21' title="bbox 1484 3025 2560 3667">
    <p class='ocr_par' dir='ltr' id='par_1_29' title="bbox 1484 3025 2557 3169">
     <span class='ocr_line' id='line_1_127' title="bbox 1484 3025 2556 3065; baseline 0 -10"><span class='ocrx_word' id='word_1_907' title='bbox 1484 3030 1600 3065; x_wconf 76' lang='grc' dir='ltr'>φοτέροις</span> <span class='ocrx_word' id='word_1_908' title='bbox 1619 3028 1661 3055; x_wconf 72' lang='grc' dir='ltr'>καὶ</span> <span class='ocrx_word' id='word_1_909' title='bbox 1682 3027 1706 3055; x_wconf 82' lang='grc' dir='ltr'>ἐν</span> <span class='ocrx_word' id='word_1_910' title='bbox 1726 3032 1762 3064; x_wconf 79' lang='grc' dir='ltr'>τῷ</span> <span class='ocrx_word' id='word_1_911' title='bbox 1782 3025 1857 3063; x_wconf 71' lang='grc' dir='ltr'>ἀϊδίῳ</span> <span class='ocrx_word' id='word_1_912' title='bbox 1877 3031 1913 3064; x_wconf 80' lang='grc' dir='ltr'>τῷ</span> <span class='ocrx_word' id='word_1_913' title='bbox 1933 3026 1985 3054; x_wconf 76' lang='grc' dir='ltr'>ἄνω</span> <span class='ocrx_word' id='word_1_914' title='bbox 2003 3029 2118 3064; x_wconf 80' lang='grc' dir='ltr'><strong>σώματι;</strong></span> <span class='ocrx_word' id='word_1_915' title='bbox 2140 3030 2234 3055; x_wconf 83' lang='lat' dir='ltr'>eadem</span> <span class='ocrx_word' id='word_1_916' title='bbox 2255 3030 2323 3055; x_wconf 74' lang='lat' dir='ltr'>male</span> <span class='ocrx_word' id='word_1_917' title='bbox 2341 3037 2395 3054; x_wconf 86' lang='lat' dir='ltr'>om.</span> <span class='ocrx_word' id='word_1_918' title='bbox 2407 3030 2445 3060; x_wconf 73' lang='lat' dir='ltr'>A3</span> <span class='ocrx_word' id='word_1_919' title='bbox 2463 3037 2512 3063; x_wconf 81' lang='lat' dir='ltr'>pro</span> <span class='ocrx_word' id='word_1_920' title='bbox 2529 3032 2556 3055; x_wconf 71' lang='lat' dir='ltr'>et</span> 
     </span>
     <span class='ocr_line' id='line_1_128' title="bbox 1485 3063 2555 3098; baseline -0.001 -7"><span class='ocrx_word' id='word_1_921' title='bbox 1485 3067 1510 3091; x_wconf 84' lang='lat' dir='ltr'>in</span> <span class='ocrx_word' id='word_1_922' title='bbox 1521 3069 1651 3098; x_wconf 80' lang='lat' dir='ltr'>perpetuo</span> <span class='ocrx_word' id='word_1_923' title='bbox 1661 3069 1686 3091; x_wconf 82' lang='lat' dir='ltr'>et</span> <span class='ocrx_word' id='word_1_924' title='bbox 1696 3066 1829 3098; x_wconf 78' lang='lat' dir='ltr'>superiori</span> <span class='ocrx_word' id='word_1_925' title='bbox 1842 3073 1962 3098; x_wconf 82' lang='lat' dir='ltr'>corpore,</span> <span class='ocrx_word' id='word_1_926' title='bbox 1975 3069 2002 3091; x_wconf 84' lang='lat' dir='ltr'>et</span> <span class='ocrx_word' id='word_1_927' title='bbox 2014 3066 2040 3090; x_wconf 87' lang='lat' dir='ltr'>in</span> <span class='ocrx_word' id='word_1_928' title='bbox 2057 3069 2156 3091; x_wconf 84' lang='lat' dir='ltr'>natura</span> <span class='ocrx_word' id='word_1_929' title='bbox 2170 3065 2292 3098; x_wconf 80' lang='lat' dir='ltr'>superius</span> <span class='ocrx_word' id='word_1_930' title='bbox 2306 3072 2419 3098; x_wconf 83' lang='lat' dir='ltr'>corpore</span> <span class='ocrx_word' id='word_1_931' title='bbox 2433 3065 2474 3091; x_wconf 82' lang='lat' dir='ltr'>ed.</span> <span class='ocrx_word' id='word_1_932' title='bbox 2488 3063 2555 3091; x_wconf 77' lang='lat'>1516</span> 
     </span>
     <span class='ocr_line' id='line_1_129' title="bbox 1485 3099 2557 3134; baseline 0 -8"><span class='ocrx_word' id='word_1_933' title='bbox 1485 3106 1510 3127; x_wconf 88' lang='lat' dir='ltr'>et</span> <span class='ocrx_word' id='word_1_934' title='bbox 1529 3102 1603 3126; x_wconf 90' lang='lat' dir='ltr'>codd.</span> <span class='ocrx_word' id='word_1_935' title='bbox 1622 3109 1674 3126; x_wconf 84' lang='lat' dir='ltr'>exc.</span> <span class='ocrx_word' id='word_1_936' title='bbox 1695 3102 1730 3132; x_wconf 71' lang='lat' dir='ltr'>A;</span> <span class='ocrx_word' id='word_1_937' title='bbox 1751 3102 1770 3126; x_wconf 90' lang='lat' dir='ltr'>P</span> <span class='ocrx_word' id='word_1_938' title='bbox 1790 3109 1853 3126; x_wconf 89' lang='lat' dir='ltr'>vero</span> <span class='ocrx_word' id='word_1_939' title='bbox 1872 3101 1933 3134; x_wconf 87' lang='lat' dir='ltr'>legit</span> <span class='ocrx_word' id='word_1_940' title='bbox 1956 3101 2048 3126; x_wconf 83' lang='lat' dir='ltr'>eadem</span> <span class='ocrx_word' id='word_1_941' title='bbox 2069 3101 2095 3126; x_wconf 83' lang='lat' dir='ltr'>in</span> <span class='ocrx_word' id='word_1_942' title='bbox 2116 3101 2157 3126; x_wconf 83' lang='lat' dir='ltr'>his</span> <span class='ocrx_word' id='word_1_943' title='bbox 2176 3101 2327 3134; x_wconf 81' lang='lat' dir='ltr'>utriusque,</span> <span class='ocrx_word' id='word_1_944' title='bbox 2352 3104 2379 3126; x_wconf 76' lang='lat' dir='ltr'>et</span> <span class='ocrx_word' id='word_1_945' title='bbox 2402 3101 2428 3126; x_wconf 84' lang='lat' dir='ltr'>in</span> <span class='ocrx_word' id='word_1_946' title='bbox 2455 3099 2557 3126; x_wconf 68' lang='lat' dir='ltr'>natura</span> 
     </span>
     <span class='ocr_line' id='line_1_130' title="bbox 1484 3137 1777 3169; baseline 0 -7"><span class='ocrx_word' id='word_1_947' title='bbox 1484 3137 1629 3169; x_wconf 79' lang='lat' dir='ltr'>superioris</span> <span class='ocrx_word' id='word_1_948' title='bbox 1648 3137 1777 3169; x_wconf 78' lang='lat' dir='ltr'>corporis.</span> 
     </span>
    </p>

    <p class='ocr_par' dir='ltr' id='par_1_30' title="bbox 1486 3172 2560 3273">
     <span class='ocr_line' id='line_1_131' title="bbox 1539 3172 2560 3207; baseline -0.002 -9"><span class='ocrx_word' id='word_1_949' title='bbox 1539 3172 1565 3207; x_wconf 88' lang='grc' dir='ltr'>σ)</span> <span class='ocrx_word' id='word_1_950' title='bbox 1578 3172 1773 3198; x_wconf 74' lang='lat' dir='ltr'>mathematica.</span> <span class='ocrx_word' id='word_1_951' title='bbox 1782 3186 1801 3191; x_wconf 95' lang='lat'><em>-</em></span> <span class='ocrx_word' id='word_1_952' title='bbox 1811 3173 1883 3198; x_wconf 81' lang='lat' dir='ltr'>entia</span> <span class='ocrx_word' id='word_1_953' title='bbox 1897 3172 2124 3198; x_wconf 78' lang='lat' dir='ltr'>mathematicalia</span> <span class='ocrx_word' id='word_1_954' title='bbox 2138 3172 2157 3197; x_wconf 91' lang='lat' dir='ltr'>P</span> <span class='ocrx_word' id='word_1_955' title='bbox 2165 3180 2172 3204; x_wconf 75' lang='lat'><em>3</em></span> <span class='ocrx_word' id='word_1_956' title='bbox 2184 3172 2216 3197; x_wconf 90' lang='lat' dir='ltr'>cf.</span> <span class='ocrx_word' id='word_1_957' title='bbox 2224 3172 2267 3197; x_wconf 88' lang='lat' dir='ltr'>lib.</span> <span class='ocrx_word' id='word_1_958' title='bbox 2278 3172 2317 3202; x_wconf 83' lang='lat'>111.</span> <span class='ocrx_word' id='word_1_959' title='bbox 2328 3172 2387 3197; x_wconf 78' lang='lat' dir='ltr'>lect.</span> <span class='ocrx_word' id='word_1_960' title='bbox 2397 3179 2434 3201; x_wconf 82' lang='lat' dir='ltr'>m.</span> <span class='ocrx_word' id='word_1_961' title='bbox 2449 3177 2503 3198; x_wconf 81' lang='lat' dir='ltr'>not.</span> <span class='ocrx_word' id='word_1_962' title='bbox 2512 3179 2560 3205; x_wconf 45' lang='grc' dir='ltr'>ι.-,</span> 
     </span>
     <span class='ocr_line' id='line_1_132' title="bbox 1486 3206 2558 3242; baseline 0 -10"><span class='ocrx_word' id='word_1_963' title='bbox 1486 3208 1536 3232; x_wconf 86' lang='lat' dir='ltr'>Pro</span> <span class='ocrx_word' id='word_1_964' title='bbox 1562 3207 1755 3241; x_wconf 73' lang='lat' dir='ltr'>indifferentes,</span> <span class='ocrx_word' id='word_1_965' title='bbox 1783 3208 1965 3242; x_wconf 69' lang='lat' dir='ltr'>indifferenter</span> <span class='ocrx_word' id='word_1_966' title='bbox 1983 3208 2002 3232; x_wconf 91' lang='grc' dir='ltr'>Ρ</span> <span class='ocrx_word' id='word_1_967' title='bbox 2022 3213 2047 3232; x_wconf 82' lang='lat' dir='ltr'>et</span> <span class='ocrx_word' id='word_1_968' title='bbox 2071 3207 2145 3233; x_wconf 88' lang='lat' dir='ltr'>codd.</span> <span class='ocrx_word' id='word_1_969' title='bbox 2165 3215 2218 3234; x_wconf 85' lang='lat' dir='ltr'>exc.</span> <span class='ocrx_word' id='word_1_970' title='bbox 2239 3209 2271 3233; x_wconf 84' lang='lat' dir='ltr'>A.</span> <span class='ocrx_word' id='word_1_971' title='bbox 2288 3221 2308 3227; x_wconf 93' lang='lat'>-</span> <span class='ocrx_word' id='word_1_972' title='bbox 2325 3207 2362 3232; x_wconf 85' lang='lat' dir='ltr'>Ibi</span> <span class='ocrx_word' id='word_1_973' title='bbox 2384 3207 2447 3232; x_wconf 77' lang='lat' dir='ltr'>Item</span> <span class='ocrx_word' id='word_1_974' title='bbox 2466 3206 2490 3232; x_wconf 77' lang='lat' dir='ltr'>si</span> <span class='ocrx_word' id='word_1_975' title='bbox 2507 3207 2558 3233; x_wconf 80' lang='lat' dir='ltr'>hoc</span> 
     </span>
     <span class='ocr_line' id='line_1_133' title="bbox 1487 3244 1953 3273; baseline 0.002 -5"><span class='ocrx_word' id='word_1_976' title='bbox 1487 3247 1566 3273; x_wconf 77' lang='lat' dir='ltr'>esset,</span> <span class='ocrx_word' id='word_1_977' title='bbox 1589 3244 1672 3268; x_wconf 89' lang='lat' dir='ltr'>Immo</span> <span class='ocrx_word' id='word_1_978' title='bbox 1690 3244 1833 3269; x_wconf 81' lang='lat' dir='ltr'>secundum</span> <span class='ocrx_word' id='word_1_979' title='bbox 1853 3244 1901 3269; x_wconf 87' lang='lat' dir='ltr'>hoc</span> <span class='ocrx_word' id='word_1_980' title='bbox 1921 3245 1953 3269; x_wconf 87' lang='grc' dir='ltr'>Α.</span> 
     </span>
    </p>

    <p class='ocr_par' dir='ltr' id='par_1_31' title="bbox 1487 3277 2558 3381">
     <span class='ocr_line' id='line_1_134' title="bbox 1540 3277 2555 3313; baseline 0 -10"><span class='ocrx_word' id='word_1_981' title='bbox 1540 3279 1566 3313; x_wconf 87' lang='grc' dir='ltr'>τ)</span> <span class='ocrx_word' id='word_1_982' title='bbox 1586 3279 1743 3304; x_wconf 83' lang='lat' dir='ltr'>accidentia.</span> <span class='ocrx_word' id='word_1_983' title='bbox 1757 3293 1776 3298; x_wconf 96' lang='lat'><em>-</em></span> <span class='ocrx_word' id='word_1_984' title='bbox 1789 3279 1878 3304; x_wconf 79' lang='lat' dir='ltr'>activa</span> <span class='ocrx_word' id='word_1_985' title='bbox 1893 3279 2010 3309; x_wconf 81' lang='lat' dir='ltr'>BCDGl;</span> <span class='ocrx_word' id='word_1_986' title='bbox 2025 3279 2174 3304; x_wconf 78' lang='lat' dir='ltr'>accidentia</span> <span class='ocrx_word' id='word_1_987' title='bbox 2193 3279 2283 3304; x_wconf 81' lang='lat' dir='ltr'>activa</span> <span class='ocrx_word' id='word_1_988' title='bbox 2296 3278 2324 3307; x_wconf 81' lang='lat' dir='ltr'>F.</span> <span class='ocrx_word' id='word_1_989' title='bbox 2338 3278 2385 3303; x_wconf 87' lang='lat' dir='ltr'>sed</span> <span class='ocrx_word' id='word_1_990' title='bbox 2403 3277 2555 3303; x_wconf 71' lang='lat' dir='ltr'>accidentia</span> 
     </span>
     <span class='ocr_line' id='line_1_135' title="bbox 1487 3313 2558 3348; baseline -0.001 -9"><span class='ocrx_word' id='word_1_991' title='bbox 1487 3315 1618 3347; x_wconf 85' lang='lat' dir='ltr'>expungit.</span> <span class='ocrx_word' id='word_1_992' title='bbox 1626 3327 1644 3333; x_wconf 77' lang='lat'>—</span> <span class='ocrx_word' id='word_1_993' title='bbox 1655 3315 1717 3339; x_wconf 86' lang='lat' dir='ltr'>Post</span> <span class='ocrx_word' id='word_1_994' title='bbox 1730 3322 1808 3339; x_wconf 78' lang='lat' dir='ltr'>unam</span> <span class='ocrx_word' id='word_1_995' title='bbox 1824 3315 1868 3340; x_wconf 85' lang='lat' dir='ltr'>lin.</span> <span class='ocrx_word' id='word_1_996' title='bbox 1882 3323 1930 3348; x_wconf 86' lang='lat' dir='ltr'>pro</span> <span class='ocrx_word' id='word_1_997' title='bbox 1943 3314 2128 3344; x_wconf 78' lang='lat' dir='ltr'>accidentalia,</span> <span class='ocrx_word' id='word_1_998' title='bbox 2141 3314 2231 3340; x_wconf 80' lang='lat' dir='ltr'>activa</span> <span class='ocrx_word' id='word_1_999' title='bbox 2243 3313 2394 3340; x_wconf 74' lang='lat' dir='ltr'>accidentia</span> <span class='ocrx_word' id='word_1_1000' title='bbox 2404 3313 2458 3343; x_wconf 83' lang='grc' dir='ltr'>ΑΕ,</span> <span class='ocrx_word' id='word_1_1001' title='bbox 2468 3313 2558 3339; x_wconf 77' lang='lat' dir='ltr'>activa</span> 
     </span>
     <span class='ocr_line' id='line_1_136' title="bbox 1488 3350 2392 3381; baseline 0.002 -7"><span class='ocrx_word' id='word_1_1002' title='bbox 1488 3351 1528 3374; x_wconf 81' lang='lat' dir='ltr'>vel</span> <span class='ocrx_word' id='word_1_1003' title='bbox 1541 3350 1690 3375; x_wconf 78' lang='lat' dir='ltr'>accidentia</span> <span class='ocrx_word' id='word_1_1004' title='bbox 1708 3350 1823 3381; x_wconf 77' lang='lat' dir='ltr'>BCFGI,</span> <span class='ocrx_word' id='word_1_1005' title='bbox 1842 3350 1931 3376; x_wconf 78' lang='lat' dir='ltr'>activa</span> <span class='ocrx_word' id='word_1_1006' title='bbox 1949 3350 2117 3376; x_wconf 80' lang='lat' dir='ltr'>accidentiva</span> <span class='ocrx_word' id='word_1_1007' title='bbox 2131 3350 2163 3375; x_wconf 92' lang='lat' dir='ltr'>D.</span> <span class='ocrx_word' id='word_1_1008' title='bbox 2388 3357 2392 3362; x_wconf 92' lang='lat'>·</span> 
     </span>
    </p>

    <p class='ocr_par' dir='ltr' id='par_1_32' title="bbox 1485 3381 2559 3525">
     <span class='ocr_line' id='line_1_137' title="bbox 1541 3381 2559 3419; baseline 0.001 -10"><span class='ocrx_word' id='word_1_1009' title='bbox 1541 3385 1567 3419; x_wconf 89' lang='lat' dir='ltr'>u)</span> <span class='ocrx_word' id='word_1_1010' title='bbox 1588 3393 1639 3410; x_wconf 86' lang='lat' dir='ltr'>non</span> <span class='ocrx_word' id='word_1_1011' title='bbox 1658 3385 1783 3410; x_wconf 80' lang='lat' dir='ltr'>audimus</span> <span class='ocrx_word' id='word_1_1012' title='bbox 1801 3393 1905 3411; x_wconf 82' lang='lat' dir='ltr'>sonum.</span> <span class='ocrx_word' id='word_1_1013' title='bbox 1922 3399 1941 3406; x_wconf 82' lang='lat'>-</span> <span class='ocrx_word' id='word_1_1014' title='bbox 1960 3393 2011 3411; x_wconf 83' lang='lat' dir='ltr'>non</span> <span class='ocrx_word' id='word_1_1015' title='bbox 2032 3385 2175 3411; x_wconf 78' lang='lat' dir='ltr'>audiamus</span> <span class='ocrx_word' id='word_1_1016' title='bbox 2198 3391 2292 3410; x_wconf 80' lang='lat' dir='ltr'>sonum</span> <span class='ocrx_word' id='word_1_1017' title='bbox 2312 3381 2340 3414; x_wconf 78' lang='grc' dir='ltr'>Ρ,</span> <span class='ocrx_word' id='word_1_1018' title='bbox 2360 3391 2412 3409; x_wconf 80' lang='lat' dir='ltr'>non</span> <span class='ocrx_word' id='word_1_1019' title='bbox 2431 3383 2559 3410; x_wconf 68' lang='lat' dir='ltr'>audimus</span> 
     </span>
     <span class='ocr_line' id='line_1_138' title="bbox 1488 3419 2556 3454; baseline -0.002 -8"><span class='ocrx_word' id='word_1_1020' title='bbox 1488 3428 1568 3446; x_wconf 84' lang='lat' dir='ltr'>sonus</span> <span class='ocrx_word' id='word_1_1021' title='bbox 1582 3422 1614 3446; x_wconf 86' lang='grc' dir='ltr'>Α.</span> <span class='ocrx_word' id='word_1_1022' title='bbox 1624 3435 1643 3441; x_wconf 85' lang='lat'><em>-</em></span> <span class='ocrx_word' id='word_1_1023' title='bbox 1658 3422 1718 3454; x_wconf 86' lang='lat' dir='ltr'>Seq.</span> <span class='ocrx_word' id='word_1_1024' title='bbox 1734 3422 1778 3447; x_wconf 90' lang='lat' dir='ltr'>lin.</span> <span class='ocrx_word' id='word_1_1025' title='bbox 1796 3429 1844 3454; x_wconf 85' lang='lat' dir='ltr'>pro</span> <span class='ocrx_word' id='word_1_1026' title='bbox 1861 3421 2019 3450; x_wconf 79' lang='lat' dir='ltr'>violentam,</span> <span class='ocrx_word' id='word_1_1027' title='bbox 2039 3422 2177 3446; x_wconf 71' lang='lat' dir='ltr'>molestam</span> <span class='ocrx_word' id='word_1_1028' title='bbox 2193 3420 2221 3445; x_wconf 88' lang='lat' dir='ltr'>P.</span> <span class='ocrx_word' id='word_1_1029' title='bbox 2235 3433 2254 3441; x_wconf 82' lang='lat'>-</span> <span class='ocrx_word' id='word_1_1030' title='bbox 2275 3420 2326 3445; x_wconf 85' lang='lat' dir='ltr'>Pro</span> <span class='ocrx_word' id='word_1_1031' title='bbox 2340 3419 2403 3452; x_wconf 75' lang='lat' dir='ltr'>pati</span> <span class='ocrx_word' id='word_1_1032' title='bbox 2422 3419 2556 3449; x_wconf 70' lang='lat' dir='ltr'>videntur,</span> 
     </span>
     <span class='ocr_line' id='line_1_139' title="bbox 1485 3454 2557 3488; baseline 0 -8"><span class='ocrx_word' id='word_1_1033' title='bbox 1485 3456 1628 3488; x_wconf 80' lang='lat' dir='ltr'>patiantur</span> <span class='ocrx_word' id='word_1_1034' title='bbox 1642 3457 1669 3486; x_wconf 82' lang='lat' dir='ltr'>P,</span> <span class='ocrx_word' id='word_1_1035' title='bbox 1685 3457 1747 3488; x_wconf 83' lang='lat' dir='ltr'>pati</span> <span class='ocrx_word' id='word_1_1036' title='bbox 1762 3457 1867 3482; x_wconf 76' lang='lat' dir='ltr'>videtui·</span> <span class='ocrx_word' id='word_1_1037' title='bbox 1882 3457 1957 3482; x_wconf 85' lang='lat' dir='ltr'>codd.</span> <span class='ocrx_word' id='word_1_1038' title='bbox 1971 3465 2023 3482; x_wconf 88' lang='lat' dir='ltr'>exc.</span> <span class='ocrx_word' id='word_1_1039' title='bbox 2038 3457 2074 3487; x_wconf 78' lang='lat' dir='ltr'>A;</span> <span class='ocrx_word' id='word_1_1040' title='bbox 2088 3456 2120 3481; x_wconf 82' lang='lat' dir='ltr'>cf.</span> <span class='ocrx_word' id='word_1_1041' title='bbox 2133 3461 2193 3482; x_wconf 80' lang='lat' dir='ltr'>text.</span> <span class='ocrx_word' id='word_1_1042' title='bbox 2206 3469 2226 3474; x_wconf 97' lang='lat'>-</span> <span class='ocrx_word' id='word_1_1043' title='bbox 2239 3455 2289 3480; x_wconf 87' lang='lat' dir='ltr'>Pro</span> <span class='ocrx_word' id='word_1_1044' title='bbox 2309 3455 2405 3484; x_wconf 88' lang='lat' dir='ltr'>Simul,</span> <span class='ocrx_word' id='word_1_1045' title='bbox 2425 3454 2557 3480; x_wconf 71' lang='lat' dir='ltr'>Similiter</span> 
     </span>
     <span class='ocr_line' id='line_1_140' title="bbox 1490 3490 2485 3525; baseline 0 -9"><span class='ocrx_word' id='word_1_1046' title='bbox 1490 3492 1508 3516; x_wconf 83' lang='lat' dir='ltr'>P</span> <span class='ocrx_word' id='word_1_1047' title='bbox 1529 3490 1585 3525; x_wconf 86' lang='lat' dir='ltr'>(hic</span> <span class='ocrx_word' id='word_1_1048' title='bbox 1604 3497 1628 3516; x_wconf 84' lang='lat' dir='ltr'>et</span> <span class='ocrx_word' id='word_1_1049' title='bbox 1647 3492 1671 3516; x_wconf 92' lang='lat' dir='ltr'>in</span> <span class='ocrx_word' id='word_1_1050' title='bbox 1690 3492 1770 3524; x_wconf 84' lang='lat' dir='ltr'>vers.)</span> <span class='ocrx_word' id='word_1_1051' title='bbox 1790 3497 1815 3517; x_wconf 83' lang='lat' dir='ltr'>et</span> <span class='ocrx_word' id='word_1_1052' title='bbox 1835 3492 1909 3517; x_wconf 91' lang='lat' dir='ltr'>codd.</span> <span class='ocrx_word' id='word_1_1053' title='bbox 1925 3500 1979 3518; x_wconf 85' lang='lat' dir='ltr'>exc.</span> <span class='ocrx_word' id='word_1_1054' title='bbox 1993 3493 2028 3521; x_wconf 84' lang='grc' dir='ltr'>Α;</span> <span class='ocrx_word' id='word_1_1055' title='bbox 2048 3492 2110 3517; x_wconf 79' lang='lat' dir='ltr'>item</span> <span class='ocrx_word' id='word_1_1056' title='bbox 2129 3499 2177 3524; x_wconf 81' lang='lat' dir='ltr'>pm</span> <span class='ocrx_word' id='word_1_1057' title='bbox 2191 3498 2244 3523; x_wconf 76' lang='lat' dir='ltr'>per</span> <span class='ocrx_word' id='word_1_1058' title='bbox 2263 3491 2341 3521; x_wconf 83' lang='lat' dir='ltr'>idem,</span> <span class='ocrx_word' id='word_1_1059' title='bbox 2357 3490 2485 3524; x_wconf 69' lang='lat' dir='ltr'>perfecte.</span> 
     </span>
    </p>

    <p class='ocr_par' dir='ltr' id='par_1_33' title="bbox 1489 3523 2560 3667">
     <span class='ocr_line' id='line_1_141' title="bbox 1543 3523 2560 3561; baseline -0.002 -9"><span class='ocrx_word' id='word_1_1060' title='bbox 1543 3527 1570 3561; x_wconf 80' lang='grc' dir='ltr'>φ)</span> <span class='ocrx_word' id='word_1_1061' title='bbox 1584 3530 1610 3552; x_wconf 81' lang='lat' dir='ltr'>et</span> <span class='ocrx_word' id='word_1_1062' title='bbox 1622 3527 1800 3552; x_wconf 81' lang='lat' dir='ltr'>testimonium</span> <span class='ocrx_word' id='word_1_1063' title='bbox 1811 3528 2002 3560; x_wconf 83' lang='lat' dir='ltr'>accipiemus.-</span> <span class='ocrx_word' id='word_1_1064' title='bbox 2012 3528 2035 3553; x_wconf 81' lang='lat' dir='ltr'>si</span> <span class='ocrx_word' id='word_1_1065' title='bbox 2049 3526 2228 3552; x_wconf 72' lang='lat' dir='ltr'>testimonium</span> <span class='ocrx_word' id='word_1_1066' title='bbox 2239 3526 2418 3559; x_wconf 77' lang='lat' dir='ltr'>acciperemus</span> <span class='ocrx_word' id='word_1_1067' title='bbox 2431 3525 2471 3551; x_wconf 83' lang='lat' dir='ltr'>ed.</span> <span class='ocrx_word' id='word_1_1068' title='bbox 2483 3523 2560 3554; x_wconf 78' lang='lat'>1516.</span> 
     </span>
     <span class='ocr_line' id='line_1_142' title="bbox 1489 3560 2558 3595; baseline -0.002 -8"><span class='ocrx_word' id='word_1_1069' title='bbox 1489 3562 1512 3587; x_wconf 86' lang='lat' dir='ltr'>si</span> <span class='ocrx_word' id='word_1_1070' title='bbox 1531 3563 1709 3588; x_wconf 82' lang='lat' dir='ltr'>testimonium</span> <span class='ocrx_word' id='word_1_1071' title='bbox 1723 3563 1902 3595; x_wconf 80' lang='lat' dir='ltr'>acceperimus</span> <span class='ocrx_word' id='word_1_1072' title='bbox 1916 3563 1935 3587; x_wconf 87' lang='lat' dir='ltr'>P</span> <span class='ocrx_word' id='word_1_1073' title='bbox 1943 3570 1950 3593; x_wconf 69' lang='grc' dir='ltr'><strong><em>ς</em></strong></span> <span class='ocrx_word' id='word_1_1074' title='bbox 1964 3563 1995 3588; x_wconf 85' lang='lat' dir='ltr'>cf.</span> <span class='ocrx_word' id='word_1_1075' title='bbox 2009 3568 2116 3588; x_wconf 85' lang='lat' dir='ltr'>textum.</span> <span class='ocrx_word' id='word_1_1076' title='bbox 2130 3576 2149 3581; x_wconf 94' lang='lat'><em>-</em></span> <span class='ocrx_word' id='word_1_1077' title='bbox 2162 3561 2212 3587; x_wconf 86' lang='lat' dir='ltr'>Pro</span> <span class='ocrx_word' id='word_1_1078' title='bbox 2227 3562 2261 3587; x_wconf 83' lang='lat' dir='ltr'>de</span> <span class='ocrx_word' id='word_1_1079' title='bbox 2273 3562 2395 3590; x_wconf 66' lang='lat' dir='ltr'>veritate,</span> <span class='ocrx_word' id='word_1_1080' title='bbox 2413 3560 2558 3586; x_wconf 73' lang='lat' dir='ltr'>secundum</span> 
     </span>
     <span class='ocr_line' id='line_1_143' title="bbox 1491 3595 2559 3631; baseline -0.002 -9"><span class='ocrx_word' id='word_1_1081' title='bbox 1491 3598 1628 3623; x_wconf 80' lang='lat' dir='ltr'>veritatem</span> <span class='ocrx_word' id='word_1_1082' title='bbox 1651 3599 1668 3623; x_wconf 88' lang='lat' dir='ltr'>P</span> <span class='ocrx_word' id='word_1_1083' title='bbox 1688 3603 1713 3623; x_wconf 91' lang='lat' dir='ltr'>et</span> <span class='ocrx_word' id='word_1_1084' title='bbox 1732 3598 1806 3623; x_wconf 87' lang='lat' dir='ltr'>codd.</span> <span class='ocrx_word' id='word_1_1085' title='bbox 1827 3606 1879 3623; x_wconf 86' lang='lat' dir='ltr'>exc.</span> <span class='ocrx_word' id='word_1_1086' title='bbox 1899 3599 1930 3623; x_wconf 83' lang='lat' dir='ltr'>A.</span> <span class='ocrx_word' id='word_1_1087' title='bbox 1949 3613 1967 3617; x_wconf 98' lang='lat'>—</span> <span class='ocrx_word' id='word_1_1088' title='bbox 1988 3598 2094 3623; x_wconf 79' lang='lat' dir='ltr'>inferius</span> <span class='ocrx_word' id='word_1_1089' title='bbox 2117 3605 2165 3630; x_wconf 87' lang='lat' dir='ltr'>pro</span> <span class='ocrx_word' id='word_1_1090' title='bbox 2183 3597 2249 3630; x_wconf 82' lang='lat' dir='ltr'>fieri</span> <span class='ocrx_word' id='word_1_1091' title='bbox 2271 3596 2473 3631; x_wconf 77' lang='lat' dir='ltr'>symphoniam,</span> <span class='ocrx_word' id='word_1_1092' title='bbox 2492 3595 2559 3629; x_wconf 78' lang='lat' dir='ltr'>steri</span> 
     </span>
     <span class='ocr_line' id='line_1_144' title="bbox 1490 3633 2415 3667; baseline -0.001 -9"><span class='ocrx_word' id='word_1_1093' title='bbox 1490 3634 1625 3666; x_wconf 81' lang='lat' dir='ltr'>quandam</span> <span class='ocrx_word' id='word_1_1094' title='bbox 1644 3634 1829 3667; x_wconf 72' lang='lat' dir='ltr'>symphoniam</span> <span class='ocrx_word' id='word_1_1095' title='bbox 1850 3634 1885 3665; x_wconf 74' lang='grc' dir='ltr'>Ας</span> <span class='ocrx_word' id='word_1_1096' title='bbox 1905 3634 1924 3658; x_wconf 93' lang='lat' dir='ltr'>P</span> <span class='ocrx_word' id='word_1_1097' title='bbox 1944 3634 2086 3666; x_wconf 81' lang='lat' dir='ltr'>transponit</span> <span class='ocrx_word' id='word_1_1098' title='bbox 2102 3633 2168 3666; x_wconf 79' lang='lat' dir='ltr'>fieri</span> <span class='ocrx_word' id='word_1_1099' title='bbox 2186 3638 2247 3665; x_wconf 86' lang='lat' dir='ltr'>post</span> <span class='ocrx_word' id='word_1_1100' title='bbox 2265 3639 2415 3665; x_wconf 76' lang='lat' dir='ltr'>corporum.</span> 
     </span>
    </p>
   </div>
   <div class='ocr_carea' id='block_1_22' title="bbox 2569 410 2782 461">
    <p class='ocr_par' dir='ltr' id='par_1_34' title="bbox 2569 410 2782 461">
     <span class='ocr_line' id='line_1_145' title="bbox 2569 410 2782 440; baseline 0 -7"><span class='ocrx_word' id='word_1_1101' title='bbox 2569 412 2580 423; x_wconf 73' lang='lat'>⁴⁵</span> <span class='ocrx_word' id='word_1_1102' title='bbox 2599 410 2636 433; x_wconf 64' lang='lat' dir='ltr'>est</span> <span class='ocrx_word' id='word_1_1103' title='bbox 2653 418 2674 439; x_wconf 69' lang='grc' dir='ltr'>Ρ,</span> <span class='ocrx_word' id='word_1_1104' title='bbox 2690 413 2736 433; x_wconf 83' lang='lat' dir='ltr'>‘nec</span> <span class='ocrx_word' id='word_1_1105' title='bbox 2754 418 2782 440; x_wconf 76' lang='grc' dir='ltr'>ιι,</span> 
     </span>
     <span class='ocr_line' id='line_1_146' title="bbox 2570 442 2770 461; baseline 0 -1"><span class='ocrx_word' id='word_1_1106' title='bbox 2570 444 2619 460; x_wconf 89' lang='lat' dir='ltr'>om.</span> <span class='ocrx_word' id='word_1_1107' title='bbox 2629 442 2673 460; x_wconf 79' lang='lat' dir='ltr'>cet.</span> <span class='ocrx_word' id='word_1_1108' title='bbox 2688 444 2738 460; x_wconf 84' lang='lat' dir='ltr'>exc.</span> <span class='ocrx_word' id='word_1_1109' title='bbox 2747 445 2770 461; x_wconf 76' lang='grc' dir='ltr'>Α.</span> 
     </span>
    </p>
   </div>
   <div class='ocr_carea' id='block_1_23' title="bbox 2571 676 2782 726">
    <p class='ocr_par' dir='ltr' id='par_1_35' title="bbox 2571 676 2782 726">
     <span class='ocr_line' id='line_1_147' title="bbox 2571 676 2782 726; baseline 0.005 -1"><span class='ocrx_word' id='word_1_1110' title='bbox 2571 676 2629 725; x_wconf 55' lang='lat' dir='ltr'>’sci</span> <span class='ocrx_word' id='word_1_1111' title='bbox 2649 682 2782 726; x_wconf 51' lang='lat' dir='ltr'>raa..</span> 
     </span>
    </p>
   </div>
   <div class='ocr_carea' id='block_1_24' title="bbox 2574 1693 2782 1744">
    <p class='ocr_par' dir='ltr' id='par_1_36' title="bbox 2574 1693 2782 1744">
     <span class='ocr_line' id='line_1_148' title="bbox 2574 1693 2782 1744; baseline 0 -8"><span class='ocrx_word' id='word_1_1112' title='bbox 2574 1693 2765 1744; x_wconf 55' lang='lat' dir='ltr'>imperfegffiin⁴i&gt;</span> <span class='ocrx_word' id='word_1_1113' title='bbox 2769 1699 2782 1736; x_wconf 47' lang='lat'>‚⁴</span> 
     </span>
    </p>
   </div>
   <div class='ocr_carea' id='block_1_25' title="bbox 2574 1852 2750 1875">
    <p class='ocr_par' dir='ltr' id='par_1_37' title="bbox 2574 1852 2750 1875">
     <span class='ocr_line' id='line_1_149' title="bbox 2574 1852 2750 1875; baseline -0.006 -1"><span class='ocrx_word' id='word_1_1114' title='bbox 2574 1852 2586 1864; x_wconf 79' lang='lat'>⁸</span> <span class='ocrx_word' id='word_1_1115' title='bbox 2601 1852 2646 1874; x_wconf 71' lang='lat' dir='ltr'>hoc</span> <span class='ocrx_word' id='word_1_1116' title='bbox 2659 1852 2712 1875; x_wconf 74' lang='lat' dir='ltr'>add.</span> <span class='ocrx_word' id='word_1_1117' title='bbox 2725 1858 2750 1874; x_wconf 71' lang='grc' dir='ltr'>Α.</span> 
     </span>
    </p>
   </div>
   <div class='ocr_carea' id='block_1_26' title="bbox 2603 2331 2746 2360">
    <p class='ocr_par' dir='ltr' id='par_1_38' title="bbox 2603 2331 2746 2360">
     <span class='ocr_line' id='line_1_150' title="bbox 2603 2331 2746 2360; baseline 0 -6"><span class='ocrx_word' id='word_1_1118' title='bbox 2603 2331 2675 2354; x_wconf 82' lang='lat' dir='ltr'>Num.</span> <span class='ocrx_word' id='word_1_1119' title='bbox 2691 2337 2746 2360; x_wconf 69' lang='lat' dir='ltr'>neq.</span> 
     </span>
    </p>
   </div>
  </div>
 </body>
</html>
