2782 4134
341 294 412 331 182

1034 294 1105 331 DE
1135 291 1310 329 CAELO
1339 291 1410 327 ET
1439 288 1633 326 MUNDO
1663 289 1758 325 LIB.
1789 289 1821 324 ΙΙ

956 551 1257 608 LECTIO
1295 549 1897 608 DECIMASEXTA

756 716 838 746 PER
862 714 1107 751 RATIONEM,
1131 714 1189 744 ET
1212 713 1295 743 PER
1318 713 1375 743 EA
1399 713 1518 751 QUAE
1543 713 1834 744 SENSIBILITER
1857 713 2103 752 APPARENT,

887 771 1122 802 PROBATUR
1146 770 1335 801 STELLAS
1358 770 1458 801 ESSE
1483 770 1752 802 SPHAERICAE
1776 771 1965 802 FIGURAE

343 914 388 946 Τό
413 909 450 946 δὲ
474 914 592 958 σχῆμα.
618 912 682 944 τῶν
710 911 841 953 οἴστρων
869 909 1017 942 ἐκοίστου
1038 905 1246 954 σφαιροειδὲς
1264 908 1401 954 μάλιστ’

411 959 449 990 ἄν
475 970 525 995 τις
550 955 694 1001 εὐλόγως
721 953 903 995 ὑπολάβοι.
939 955 1035 986 Ἐπεὶ
1060 954 1124 1000 γὰρ
1150 949 1326 986 δέδεικται
1353 953 1406 986 ὅτι

410 1003 448 1035 οὗ
474 1000 640 1045 πεφύκασι
663 998 826 1030 κινεῖσθαι
851 994 888 1030 δι’
919 1000 1054 1040 αὐτῶν,
1081 1000 1101 1035 ἡ
1128 995 1164 1029 δὲ
1190 998 1283 1043 φύσις
1310 993 1406 1030 οὐδὲν

412 1045 540 1091 ἀλόγως
573 1039 650 1077 οὐδὲ
682 1043 795 1087 μα’,την
829 1047 938 1084 ποιεῖ,
973 1039 1077 1079 δῆλον
1115 1042 1168 1075 ὅτι
1199 1044 1258 1074 καὶ
1288 1043 1407 1088 σχῆμα

409 1092 566 1123 τοιοῦτον
594 1083 749 1121 ἀπέδωκε
776 1092 846 1126 τοῖς
874 1087 1050 1125 ἀκινήτοις
1076 1088 1092 1119 ἃ
1117 1087 1245 1125 ἦκιστοί
1261 1088 1336 1120 ἐστι
1360 1099 1410 1118 κι-

408 1134 556 1172 νητικόν.
587 1133 738 1165 ’Ἠκιστα
763 1128 800 1164 δὲ
824 1132 995 1170 κινητικὸν
1023 1134 1043 1169 ἡ
1069 1137 1194 1177 σφαῖρα
1212 1129 1271 1164 διαὶ
1288 1132 1329 1164 τὸ
1348 1144 1409 1175 μη-

409 1175 464 1211 δὲν
495 1178 581 1223 ἔχειν
616 1177 757 1222 ὄργανον
791 1177 871 1221 πρὸς
903 1177 968 1213 τήν
999 1180 1139 1214 κίνησιν.
1174 1176 1278 1209 ‘'Oe-rs
1303 1172 1407 1213 δῆλον

411 1223 462 1256 ὅτι
487 1219 683 1267 σφαιροειδῆ
711 1220 750 1253 ἂν
776 1223 826 1258 εἴη
852 1221 912 1254 τὸν
939 1221 1050 1267 ὄγκον.

335 1268 412 1301 Ἔτι
436 1263 466 1299 δ’
490 1268 608 1309 ὁμοίως
633 1267 691 1311 μὲν
720 1264 863 1298 ἅπαντα
887 1267 945 1297 καὶ
971 1264 1017 1307 ἕν,
1037 1266 1057 1302 ἠ
1076 1261 1113 1297 δὲ
1134 1264 1258 1303 σελήνη
1285 1261 1410 1297 δείκνυ-

410 1324 470 1344 ται
494 1307 553 1343 διαὶ
578 1312 643 1343 τῶν
669 1311 743 1353 περὶ
769 1310 832 1346 τήν
859 1309 930 1353 ὄψιν
951 1309 1004 1343 ὅτι
1021 1305 1254 1354 σφαιροειδής·
1283 1310 1321 1341 οὐ
1345 1310 1410 1356 γάρ

410 1356 449 1389 ὀὲν
472 1357 602 1402 ἐγίνετο
622 1353 835 1397 αὐξανομένη
860 1356 920 1386 καὶ
940 1354 1100 1398 φθίνουσα
1121 1355 1170 1386 τοὶ
1185 1354 1244 1398 μὲν
1263 1356 1411 1387 πλεῖστα

410 1396 587 1445 μηνοειδής
612 1399 633 1435 ’ἢ
661 1400 887 1443 ἀμφίκυρτος,
916 1397 1010 1440 ἅπαξ
1042 1394 1080 1430 δέ
1105 1394 1303 1443 διχότομος.
1344 1400 1410 1430 Καὶ

410 1445 512 1477 πάλιν
537 1441 596 1476 8ιοί
628 1445 693 1475 τῶν
728 1443 1000 1489 ἀστρολογικῶν,
1029 1442 1082 1476 ὅτι
1110 1443 1168 1475 οὑκ
1196 1442 1235 1476 οἳν
1262 1440 1349 1481 ἦσαν
1377 1445 1411 1475 αἱ

411 1491 474 1522 τοῦ
499 1490 595 1526 ἡλίου
621 1487 779 1532 ἐκλείψεις
806 1483 1004 1530 μηνοειδεῖς.
1038 1486 1134 1520 ‘'Qu-'r'
1164 1489 1255 1531 εἴπερ
1281 1488 1315 1519 ἓν
1343 1499 1414 1519 τοι-

411 1535 533 1575 οῦτον,
559 1528 662 1570 δῆλον
689 1531 742 1566 ὅτι
766 1533 825 1564 καὶ
851 1530 967 1565 τᾶλλα
994 1531 1032 1564 ἂν
1059 1534 1108 1569 εἴη
1135 1527 1345 1577 σφαιροειδῆ.

404 1633 553 1660 SYNOPSIS.
575 1647 610 1652 —
638 1640 662 1658 1.
685 1631 898 1668 Argumentum
919 1637 947 1658 et
969 1630 1071 1658 divisio
1093 1636 1195 1658 textus.
1210 1647 1230 1652 -
1253 1638 1279 1658 2.
1303 1630 1412 1659 Stellae

345 1677 411 1701 sunt
425 1671 593 1709 sphaericae
602 1670 737 1710 figurae.
754 1671 896 1699 Probatur
906 1670 1006 1708 pr1'mo
1020 1679 1072 1706 per
1086 1670 1238 1698 rationem.
1254 1671 1413 1698 Ostensum

345 1719 388 1741 est
409 1712 503 1740 stellas
524 1720 585 1739 non
606 1710 716 1739 moveri
737 1719 789 1747 per
810 1710 928 1747 seipsas,
950 1711 1001 1739 sed
1022 1719 1074 1747 per
1089 1717 1186 1738 motus
1207 1710 1412 1747 sphaerarumz

346 1762 411 1781 cum
426 1751 510 1789 igitur
531 1757 633 1779 natura
654 1750 724 1778 nihil
745 1750 976 1779 irrationabiliter
996 1759 1091 1787 neque
1112 1750 1217 1778 frustra
1236 1750 1330 1786 faciat,
1346 1750 1413 1779 ideo

346 1792 424 1820 dedit
446 1791 531 1819 stellis
551 1791 639 1819 talem
667 1790 788 1827 figuram
802 1812 809 1826 ,
838 1799 912 1827 quae
941 1790 1060 1818 minime
1081 1796 1149 1826 apta
1170 1796 1212 1818 est
1240 1791 1277 1818 ad
1299 1797 1413 1818 motum

346 1831 571 1869 progressivum,
594 1837 622 1859 et
643 1839 717 1867 quae
744 1830 868 1858 maxime
889 1836 956 1866 apta
977 1836 1020 1858 est
1040 1830 1077 1858 ad
1099 1836 1213 1858 motum
1235 1829 1412 1859 circularem.

345 1871 434 1909 Atqui
448 1871 511 1899 talis
525 1877 568 1899 est
582 1870 672 1908 figura
690 1870 847 1906 sphaerica.
869 1871 946 1907 Ergo
961 1870 1058 1898 stellae
1073 1876 1139 1898 sunt
1160 1869 1326 1906 sphaericae
1341 1869 1414 1908 figu-

346 1921 403 1940 rae.
425 1928 444 1933 -
467 1912 492 1939 3.
516 1910 665 1939 Obiicitur.
687 1910 808 1938 Videtur
828 1910 899 1938 haec
920 1910 1055 1946 probatio
1077 1919 1139 1938 esse
1160 1909 1321 1938 circularis:
1344 1919 1413 1938 nam

348 1960 435 1988 supra
456 1951 604 1987 (lect.x11)
627 1950 758 1987 probavit
778 1950 947 1978 Aristoteles
969 1950 1064 1978 stellas
1085 1959 1146 1978 non
1168 1949 1278 1978 moveri
1299 1959 1351 1986 per
1369 1959 1414 1978 se-

347 1992 438 2028 ipsas,
461 1990 529 2027 quia
549 1997 615 2018 sunt
634 1990 799 2026 sphaericae
820 1989 946 2027 figurae3
963 1989 1009 2018 hic
1023 1996 1119 2018 autem
1134 1990 1239 2026 probat
1253 1990 1334 2027 quod
1348 1996 1416 2018 sunt

348 2031 512 2068 sphaericae
532 2030 649 2067 figurae,
664 2030 732 2067 quia
747 2036 814 2058 sunt
834 2030 995 2058 secundum
1016 2039 1046 2058 se
1061 2029 1234 2058 immobiles.
1249 2046 1269 2051 -
1283 2030 1414 2066 Respon-

348 2072 396 2100 det
418 2071 579 2099 Alexander
603 2079 636 2098 ex
660 2070 717 2098 hoc
744 2070 856 2098 nullum
882 2069 964 2106 sequi
991 2069 1213 2098 inconveniens:
1234 2069 1303 2106 quia
1327 2069 1415 2098 etiarn

347 2120 400 2148 per
424 2110 479 2139 alia
506 2110 600 2138 media
624 2116 777 2147 utramque
805 2110 1024 2138 conclusionem
1052 2109 1194 2146 probavit.
1214 2126 1234 2130 -
1254 2119 1283 2145 4.
1308 2109 1415 2138 Obiicit

297 2159 301 2163 ’
349 2150 511 2187 Simplicius
533 2150 613 2187 quod
633 2159 684 2186 per
698 2150 772 2178 hanc
785 2149 941 2178 Alexandri
962 2149 1105 2178 rationem
1127 2158 1188 2177 non
1209 2149 1319 2178 tollitur
1338 2150 1413 2178 ratio

113 2658 124 2668 ⁸
139 2659 213 2679 motus
226 2664 248 2679 Ρ.

116 2715 127 2726 ⁸
142 2714 177 2737 ef.
187 2715 239 2736 lect.
246 2721 269 2742 x,
277 2720 300 2736 n.
309 2720 325 2736 ι.

117 2926 129 2937 ’
142 2925 213 2948 Num.
227 2931 246 2953 5.

122 3138 130 3146 ·
138 3136 271 3164 Lect.x,n.2
279 3143 330 3165 sqq.

122 3190 131 3198 '¹
146 3188 239 3210 Lect.xi
254 3195 304 3217 sqq.

349 2190 492 2219 circularis
506 2189 769 2218 demonstrationis.
783 2207 802 2211 —
815 2190 862 2218 Ad
877 2190 957 2226 quod
972 2190 1164 2226 respondetur
1178 2190 1268 2226 quod,
1283 2189 1415 2226 quamvis

348 2240 409 2259 non
429 2230 545 2258 tollatur
565 2229 665 2258 vitium
686 2229 716 2257 in
738 2229 1000 2264 demonstratione,
1024 2229 1133 2257 tollitur
1155 2236 1253 2257 tamen
1278 2229 1416 2258 inconve-

348 2270 431 2298 niens
452 2270 532 2307 quod
546 2279 579 2298 ex
600 2269 649 2298 tali
670 2276 841 2306 argumento
863 2269 1001 2306 sequitur.
1024 2269 1234 2298 Inconveniens
1251 2269 1329 2298 enim
1345 2278 1415 2298 con-

349 2310 421 2338 sistit
441 2309 471 2338 in
492 2310 548 2338 hoc
570 2310 650 2346 quod
670 2309 741 2337 nihil
762 2309 938 2345 manifestat,
961 2309 1030 2346 quia
1050 2309 1121 2337 nihil
1143 2309 1338 2338 manifestatur
1359 2309 1415 2338 nisi

349 2359 400 2386 per
420 2349 528 2386 aliquid
549 2349 661 2384 notius3
687 2350 738 2377 sed
764 2349 832 2386 quia
855 2356 1009 2386 utramque
1037 2349 1255 2378 conclusionem
1282 2349 1415 2386 probavit

349 2389 542 2426 Philosophus
562 2399 614 2426 per
633 2389 689 2418 alia
709 2389 820 2424 media,
841 2398 901 2418 una
922 2395 1016 2426 potest
1037 2389 1113 2417 sumi
1133 2395 1273 2426 tanquam
1295 2388 1416 2418 manife-

350 2429 450 2457 stativa
470 2429 594 2458 alterius.
616 2445 633 2449 —
658 2430 683 2457 5.
705 2430 848 2458 Probatur
869 2429 995 2458 secundo
1020 2438 1072 2466 per
1092 2438 1127 2457 ea
1148 2438 1223 2466 quae
1244 2428 1416 2457 sensibiliter

349 2476 497 2506 apparent.
519 2470 555 2497 Et
570 2468 692 2497 sumitur
713 2475 914 2506 argumentum
935 2477 969 2497 ex
990 2468 1024 2497 iis
1046 2478 1120 2506 quae
1135 2468 1210 2497 circa
1226 2469 1326 2497 lunam
1341 2468 1416 2497 acci-

350 2509 438 2537 dunt:
468 2509 639 2545 supponitur
660 2508 737 2537 enim
766 2509 847 2546 quod
875 2508 975 2537 omnia
995 2515 1072 2537 astra
1092 2508 1222 2536 similiter
1248 2517 1277 2536 se
1299 2509 1414 2537 habent.

560 2711 568 2725 ³
588 2746 598 2757 f
615 2707 677 2744 hic
696 2707 924 2744 determinat
943 2707 990 2744 de
1011 2707 1132 2754 figura
1153 2718 1284 2743 earum
1306 2707 1338 2743 ἢ
1369 2707 1418 2743 Et

431 2796 434 2797 ⁷
559 2758 597 2789 ἔν’
617 2761 715 2797 circa
743 2761 818 2797 hoc
855 2760 932 2797 duo
962 2759 1063 2797 facit:
1093 2759 1218 2808 primo
1255 2759 1419 2797 ostendit

355 2814 476 2851 stellas
505 2826 586 2851 esse
614 2814 757 2861 figurae
782 2813 1014 2862 sphaericae,
1040 2825 1109 2861 per
1132 2813 1335 2859 rationem;
1361 2825 1418 2850 se-

356 2867 480 2904 cundo
495 2879 563 2916 per
579 2879 623 2904 ea
637 2879 734 2916 quae
751 2866 973 2903 sensibiliter
987 2873 1182 2915 apparent,
1198 2866 1268 2903 ibi:
1283 2867 1419 2903 Adhuc

355 2926 478 2957 autem
505 2920 673 2957 similiter
700 2920 847 2968 quidem
876 2921 896 2941 ’¹²
925 2927 994 2957 etc.

411 2985 444 3009 2.
470 2973 568 3010 Dicit
596 2985 684 3020 ergo
713 2973 838 3022 primo
868 2973 973 3021 quod
998 2972 1130 3021 aliquis
1155 2980 1279 3021 potest
1308 2973 1418 3010 ratio-

356 3025 524 3063 nabiliter
543 3026 754 3062 existimare
783 3026 945 3074 figuram
966 3025 1261 3075 uniuscuiusque
1290 3028 1419 3064 stellae

360 3091 441 3115 esse
469 3079 717 3127 sphaericam;
748 3091 827 3115 non
860 3080 985 3116 solum
1014 3087 1170 3128 propter
1201 3081 1276 3117 hoc
1313 3080 1418 3129 quod

359 3138 443 3167 sunt
459 3133 505 3169 de
520 3139 651 3168 natura
668 3132 771 3178 caeli,
787 3139 829 3168 ut
848 3145 962 3182 supra
979 3134 997 3154 ¹*
1012 3132 1205 3181 probavit;
1222 3134 1287 3171 sed
1305 3133 1418 3170 etiam

360 3184 447 3232 quia
466 3197 578 3232 supra
597 3186 616 3205 '¹¹‘
644 3192 839 3222 ostensum
861 3193 915 3222 est
939 3186 1043 3234 quod
1072 3187 1197 3223 stellae
1227 3199 1305 3224 non
1334 3195 1420 3224 sunt

359 3244 467 3273 natae
489 3237 637 3274 moveri
664 3250 732 3286 per
751 3238 905 3287 seipsas,
926 3239 993 3276 sed
1015 3247 1220 3276 moventur
1253 3240 1421 3277 motibus

362 3288 585 3326 circulorum
612 3290 691 3327 sive
720 3292 978 3339 sphaerarum.
1006 3293 1152 3330 Natura
1173 3301 1300 3330 autern
1330 3293 1420 3330 nihil

362 3341 447 3377 facit
471 3341 767 3380 irrationabiliter
792 3357 915 3393 neque
936 3346 1081 3391 frustra,
1103 3346 1192 3394 quia
1210 3354 1289 3383 tota
1314 3354 1421 3384 natu·

363 3405 427 3429 rae
455 3395 621 3441 operatio
642 3403 697 3432 est
716 3397 886 3434 ordinata
906 3399 953 3434 ab
974 3399 1099 3446 aliquo
1121 3399 1307 3436 intellectu
1334 3412 1422 3449 pro-

363 3453 446 3494 pter
465 3446 581 3483 finem
602 3457 780 3496 operante
800 3455 835 3486 “z
855 3451 956 3487 unde
977 3452 1221 3489 manifestum
1243 3460 1297 3490 est
1317 3453 1422 3502 quod

420 3595 446 3627 α)
464 3599 576 3627 propter
587 3596 671 3628 finem
691 3601 823 3629 operante.
837 3611 855 3618 —-
864 3603 977 3631 propter
985 3602 1070 3633 finem
1089 3606 1241 3633 operantem
1261 3605 1297 3632 Α,
1313 3607 1426 3636 propter

359 3630 443 3663 finem
464 3637 604 3662 operarum
620 3632 640 3656 B
656 3636 680 3656 et
700 3633 740 3657 ed.
758 3632 830 3662 1516,
839 3638 952 3666 propter
964 3635 1047 3667 finem
1065 3642 1202 3668 operatum
1216 3644 1272 3667 cet..
1286 3647 1352 3671 quae
1367 3645 1426 3664 sunt

1460 910 1479 929 ’κ’
1502 911 1654 951 Figuram
1669 918 1777 942 autem
1801 911 2053 953 uniuscuiusque
2068 919 2227 943 astrorum
2251 912 2448 953 sphaericam
2467 923 2535 943 ma·
2563 920 2573 930 ·
2587 918 2680 947 ειμι.
2693 917 2764 941 Text.

1526 956 1610 986 xime
1624 956 1734 997 utique
1742 956 1814 996 quis
1826 956 2053 987 rationabiliter
2063 956 2262 987 existimabit.
2274 957 2439 994 Quoniam
2449 957 2535 988 enim
2562 951 2600 975 ⁵⁹·

1529 1007 1694 1031 ostensum
1723 1007 1770 1031 est
1797 1000 1872 1041 quia
1895 1010 1962 1031 non
1990 1007 2063 1031 nata
2086 1008 2161 1032 sunt
2183 1001 2306 1031 moveri
2333 1011 2390 1042 per
2413 1002 2535 1042 seipsa,

1529 1051 1641 1075 natura
1665 1051 1772 1075 autem
1800 1044 1880 1075 nihil
1902 1044 2156 1075 irrationabiliter
2183 1055 2289 1086 neque
2312 1045 2427 1076 frustra
2450 1046 2535 1085 facit,

1529 1089 1636 1129 palam
1660 1089 1735 1129 quia
1758 1088 1948 1129 etsfiguram
1972 1089 2068 1120 talem
2095 1089 2182 1120 dedit
2205 1089 2437 1128 immobilibus,
2453 1100 2536 1131 quae

1530 1133 1662 1163 minime
1682 1140 1728 1163 est
1744 1132 1875 1164 motiva.
1895 1133 2029 1164 Minime
2053 1140 2161 1164 autem
2180 1140 2227 1164 est
2249 1133 2371 1164 motiva
2392 1134 2536 1175 sphaera,

1530 1185 1698 1218 propterea
1728 1177 1818 1218 quod
1849 1177 1977 1208 nullum
2007 1177 2102 1208 habet
2133 1187 2290 1218 organum
2323 1178 2364 1208 ad
2396 1185 2536 1210 motum.

1530 1223 1637 1260 Quare
1660 1222 1767 1262 palam
1790 1221 1867 1262 quia
1890 1222 2053 1262 sphaerica
2077 1221 2188 1262 utique
2212 1229 2305 1265 erunt
2327 1223 2425 1254 mole.

1465 1266 1580 1298 Adhuc
1609 1273 1736 1304 autem,
1763 1266 1905 1297 similiter
1938 1266 2071 1307 quidem
2099 1266 2209 1297 omnia
2239 1273 2271 1297 et
2295 1276 2409 1298 unum.
2444 1268 2537 1299 Luna

1533 1318 1641 1341 autem
1671 1310 1848 1342 ostenditur
1877 1321 1933 1351 per
1964 1321 2000 1342 ea
2030 1321 2112 1352 quae
2146 1311 2226 1342 circa
2252 1311 2359 1342 visum
2382 1311 2539 1352 quoniam

1533 1355 1711 1396 sphaerica:
1731 1365 1797 1386 non
1814 1355 1901 1386 enirn
1917 1355 2028 1396 utique
2046 1354 2144 1394 fieret,
2161 1365 2303 1386 crescens
2324 1362 2355 1386 et
2378 1354 2538 1395 deficiens,

1533 1400 1711 1440 plurimum
1727 1400 1859 1440 quidem
1882 1400 2037 1431 lunularis
2053 1407 2108 1431 aut
2123 1399 2353 1440 amphicurtos,
2369 1399 2468 1431 semel
2482 1410 2538 1432 au-

1533 1451 1598 1475 tern
1622 1444 1838 1475 dichotomus.
1863 1444 1904 1475 Et
1920 1444 2037 1475 iterum
2059 1454 2116 1484 per
2141 1444 2345 1485 astrologica:
2375 1444 2451 1485 quia
2471 1454 2540 1476 non

1533 1489 1644 1529 utique
1660 1495 1764 1519 essent
1787 1489 1862 1519 solis
1879 1489 2010 1529 eclipses
2029 1489 2201 1520 lunulares.
2227 1489 2348 1530 Itaque,
2365 1489 2392 1519 si
2407 1489 2540 1530 quidem

1534 1543 1638 1566 unum
1656 1533 1728 1572 tale,
1752 1534 1859 1574 palam
1882 1533 1958 1574 quia
1981 1539 2012 1564 et
2035 1533 2146 1574 utique
2170 1533 2231 1564 alia
2254 1540 2347 1564 erunt
2366 1532 2539 1574 sphaerica.

1466 1630 1610 1658 Probatur
1624 1629 1783 1666 dupliciter.
1799 1631 1827 1665 a)
1849 1631 1904 1658 Per
1918 1639 1952 1658 ea
1967 1639 2042 1667 quae
2056 1629 2251 1658 communiter
2264 1630 2301 1658 ab
2317 1629 2454 1659 omnibus
2468 1639 2541 1660 con-

1467 1669 1637 1705 siderantur,
1659 1670 1732 1698 idest
1746 1679 1780 1698 ex
1799 1669 1898 1706 figuris
1912 1678 1984 1706 quas
2006 1676 2098 1698 mutat
2119 1670 2188 1698 luna
2209 1679 2243 1698 ex
2261 1676 2419 1707 augmento
2440 1676 2470 1699 et
2489 1670 2541 1699 de-

1467 1716 1624 1738 cremento.
1653 1709 1792 1738 Videmus
1820 1710 1920 1737 lunam
1948 1710 2127 1746 quandoque
2155 1709 2334 1745 lunulas-em,
2361 1710 2541 1748 quandoque

1467 1749 1681 1786 amphicurton,
1697 1750 1875 1786 quandoque
1897 1748 2102 1783 dichotomon;
2125 1759 2194 1787 ergo
2216 1755 2259 1778 est
2280 1749 2446 1786 sphaericae
2466 1749 2541 1788 figu-

1467 1798 1525 1817 rae.
1547 1806 1566 1810 —
1588 1786 1715 1824 Quando
1737 1789 1807 1817 luna
1827 1789 1940 1817 dicatur
1960 1789 2133 1818 dichotoma.
2153 1805 2174 1810 —-
2195 1790 2222 1818 6.
2246 1790 2346 1818 Lunae
2367 1798 2484 1826 cursus,
2505 1799 2540 1818 ac

1466 1828 1562 1857 variae
1583 1829 1687 1865 phases
1709 1838 1743 1857 ex
1764 1828 1878 1856 diversa
1898 1828 2067 1857 habitudine
2089 1829 2127 1857 ad
2147 1829 2249 1857 solem.
2264 1845 2284 1850 —
2299 1838 2326 1866 7.
2342 1829 2541 1859 Manifestatur

1468 1868 1677 1905 consequentia
1698 1868 1861 1905 argumenti
1882 1867 1968 1905 positi
1990 1878 2070 1896 num.
2088 1869 2114 1897 5.
2130 1868 2160 1897 Si
2175 1868 2244 1897 luna
2258 1877 2320 1897 non
2341 1875 2417 1898 esset
2437 1869 2542 1906 sphae-

1467 1908 1543 1937 ricae
1564 1908 1688 1946 figurae,
1710 1918 1772 1936 non
1793 1908 1952 1936 successive
1978 1914 2131 1946 augeretur
2151 1907 2265 1937 claritas
2286 1908 2348 1937 eius
2368 1909 2414 1937 vel
2435 1909 2542 1938 obseu-

1467 1948 1536 1976 ritas
1557 1957 1609 1986 per
1630 1947 1802 1977 continuum
1823 1955 2012 1986 augmentum
2028 1955 2056 1976 et
2069 1949 2298 1984 decrementum,
2313 1949 2365 1977 sed
2378 1954 2442 1978 tota
2454 1948 2543 1978 simul

1467 1988 1542 2017 foret
1563 1988 1639 2016 clara
1659 1988 1703 2016 vel
1732 1989 1869 2024 obscura;
1896 1987 1977 2017 cuius
2006 1988 2184 2017 contrarium
2205 1988 2309 2028 :tamen
2330 1988 2463 2018 videmus
2489 1997 2544 2026 per

1468 2037 1595 2056 sensum.
1610 2045 1630 2050 -
1644 2028 1672 2056 8.
1688 2029 1766 2056 Idem
1789 2028 1835 2064 (cf.
1852 2038 1933 2056 num.
1950 2029 1978 2064 5)
1999 2029 2142 2065 probatur
2162 2029 2191 2064 b)
2205 2038 2258 2066 per
2278 2028 2467 2066 astrologica
2488 2029 2542 2057 ob-

1468 2067 1660 2103 servationes,
1690 2068 1795 2105 quibus
1823 2068 1943 2105 eclipses
1972 2069 2041 2097 solis
2062 2069 2208 2097 lunulares
2236 2077 2299 2097 esse
2319 2068 2462 2097 videntur.
2490 2067 2544 2097 Sol

1468 2107 1547 2137 enirn
1575 2107 1675 2145 incipit
1695 2108 1844 2137 obscurari
1870 2109 2032 2137 secundum
2053 2108 2176 2146 figuram
2196 2109 2359 2144 arcualem,
2381 2117 2434 2146 per
2453 2108 2546 2138 inter-

1467 2147 1645 2185 positionem
1666 2148 1752 2176 lunae
1773 2148 1847 2176 inter
1867 2157 1922 2176 nos
1937 2154 1966 2176 et
1987 2148 2095 2184 solem;
2117 2149 2170 2177 sed
2190 2149 2247 2178 hoc
2267 2158 2329 2177 non
2351 2148 2542 2186 contingeret,

1468 2188 1492 2216 si
1513 2188 1583 2216 luna
1603 2197 1664 2216 non
1689 2194 1764 2216 esset
1785 2187 1952 2225 sphaericae
1980 2188 2096 2225 figurae.
2126 2189 2217 2223 Quod
2241 2195 2320 2225 patet
2341 2188 2410 2225 quia
2437 2197 2455 2216 a
2480 2196 2544 2216 rna·

1467 2227 1629 2256 thematicis
1650 2229 1790 2264 probatur
1810 2229 1891 2265 quod
1913 2237 2037 2265 corpora
2058 2228 2209 2265 sphaerica
2229 2229 2391 2257 secundum
2412 2228 2545 2258 arcunles

1467 2267 1610 2296 sectiones
1631 2277 1662 2296 se
1682 2267 1806 2296 invicem
1827 2275 1935 2297 secant.
1951 2285 1971 2289 —
1985 2277 2012 2305 9.
2028 2268 2223 2305 Multipliciter
2236 2268 2377 2298 refutatur
2389 2269 2543 2303 Averroes,

1468 2307 1567 2336 dicens
1589 2317 1692 2336 omnes
1713 2308 1808 2336 stellas
1830 2317 1892 2336 esse
1914 2307 2044 2336 eiusdem
2068 2315 2189 2337 naturae
2210 2308 2240 2337 in
2262 2308 2372 2345 specie,
2401 2308 2441 2337 ita
2461 2308 2544 2346 quod

1468 2357 1572 2376 omnes
1593 2354 1660 2376 sunt
1681 2347 1754 2376 sicut
1774 2347 1924 2376 individua
1945 2347 2075 2376 eiusdem
2097 2347 2212 2385 speciei.
2227 2365 2246 2370 -
2265 2348 2435 2377 Ostendimr
2454 2347 2545 2376 ratio-

1468 2397 1537 2416 nem
1559 2397 1647 2424 quam
1675 2387 1786 2416 inducit
1806 2397 1869 2416 esse
1895 2387 2091 2416 ridiculosam.
2114 2395 2134 2410 -·
2154 2388 2288 2425 Corpora
2316 2387 2450 2416 caelestia
2476 2393 2546 2416 suut

1468 2427 1554 2456 unius
1576 2434 1696 2456 naturae
1717 2428 1878 2456 secundum
1899 2436 1999 2465 genus,
2018 2427 2197 2456 diversarum
2218 2437 2287 2456 vero
2308 2434 2477 2456 naturarum
2498 2436 2544 2456 se-

1469 2468 1598 2495 cundum
1613 2466 1748 2503 speciem.
1764 2467 1868 2505 Figura
1883 2473 1980 2496 autem
1996 2467 2145 2504 sphaerica
2158 2467 2346 2505 consequitur
2361 2467 2391 2496 in
2406 2466 2545 2496 omuibus

1469 2513 1605 2535 naturam
1626 2506 1748 2544 generis.

1472 2599 1584 2636 stellis
1610 2599 1872 2646 immobilibus,
1894 2599 1991 2637 idest
2010 2612 2109 2649 quae
2133 2611 2203 2649 per
2222 2612 2263 2637 se
2283 2611 2362 2637 non
2381 2611 2544 2638 moven-

1472 2660 1542 2699 tur,
1579 2652 1682 2690 dedit
1706 2653 1820 2690 talem
1854 2653 2017 2701 figuram
2045 2665 2145 2701 quae
2178 2653 2337 2690 minime
2366 2660 2422 2690 est
2457 2660 2546 2702 apta

1473 2706 1521 2743 ad
1550 2714 1700 2743 motum
1721 2706 2018 2755 progressivum.
2041 2706 2146 2743 Talis
2166 2714 2308 2754 autem,
2328 2714 2371 2744 ut
2389 2719 2505 2756 supra
2524 2707 2545 2728 ¹*

1473 2759 1575 2806 dixit,
1598 2767 1653 2796 est
1681 2759 1802 2807 figura
1830 2759 2038 2808 sphaerica,
2059 2767 2216 2809 propter
2233 2760 2309 2796 hoc
2328 2760 2434 2808 quod
2461 2760 2544 2798 nul-

1473 2814 1552 2850 lum
1586 2813 1701 2850 habet
1733 2825 1920 2860 organum
1950 2813 2170 2850 deserviens
2198 2814 2248 2851 ad
2276 2820 2427 2851 motum
2455 2825 2545 2862 pro·

1473 2866 1702 2915 gressivum:
1731 2866 1816 2903 licet
1842 2866 1926 2903 talis
1945 2867 2067 2915 figura
2085 2866 2132 2904 sit
2158 2865 2326 2903 maxime
2350 2874 2439 2915 apta
2455 2867 2477 2888 ⁸¹
2494 2866 2544 2904 ad
2575 2877 2584 2887 ·

1473 2927 1623 2956 motum
1644 2920 1879 2966 circularem,
1900 2932 1978 2968 quo
2007 2919 2150 2968 aliquid
2178 2919 2391 2957 secundum
2419 2926 2544 2958 totum

1474 2985 1553 3010 non
1590 2980 1712 3010 mutat
1744 2973 1883 3010 locum.
1913 2973 2024 3010 Unde
2063 2973 2308 3010 manifestum
2346 2980 2403 3010 est
2439 2972 2545 3023 quod

1474 3027 1600 3064 stellae
1625 3027 1838 3063 secundum
1865 3026 2010 3063 molem
2039 3038 2130 3063 suae
2159 3026 2431 3075 magnitudinis
2459 3033 2547 3064 sunt

1475 3079 1694 3129 sphaericae
1723 3079 1879 3127 figurae.

1531 3134 1564 3170 3.
1585 3132 1744 3170 Videtur
1763 3139 1891 3169 autem
1920 3133 2016 3169 haec
2035 3132 2210 3181 probatio
2239 3145 2318 3170 non
2344 3145 2426 3170 esse
2455 3144 2546 3170 con-

1475 3186 1647 3223 veniens.
1669 3186 1772 3223 Nam
1801 3198 1916 3235 supra
1938 3187 1956 3207 ²⁹·
1977 3186 2197 3223 Aristoteles
2224 3186 2404 3235 probavit
2422 3186 2546 3223 stellas
2573 3197 2584 3208 ·

1476 3252 1555 3276 non
1583 3239 1732 3276 moveri
1751 3251 1820 3288 per
1847 3239 2002 3288 seipsas,
2025 3252 2070 3276 ex
2098 3252 2145 3276 eo
2170 3239 2276 3288 quod
2296 3246 2384 3276 sunt
2410 3239 2546 3288 sphae-

1477 3293 1575 3330 ricae
1595 3293 1758 3340 figurae:
1781 3293 1883 3330 unde
1903 3305 1991 3330 cum
2011 3293 2072 3330 hic
2092 3293 2228 3342 probet
2247 3305 2268 3330 e
2289 3300 2420 3330 contra
2439 3291 2547 3342 quod

1477 3346 1550 3383 sint
1578 3345 1797 3394 sphaericae
1818 3346 1974 3394 figurae,
1995 3358 2064 3395 per
2082 3347 2157 3383 hoc
2176 3345 2283 3394 quod
2302 3352 2389 3382 sunt
2407 3345 2546 3383 immo-

1477 3399 1571 3436 biles
1608 3399 1821 3436 secundum
1859 3399 2022 3448 seipsas,
2057 3399 2209 3437 videtur
2241 3398 2348 3447 quod
2385 3398 2431 3436 sit
2458 3411 2546 3448 pro-

1477 3452 1578 3489 batio
1618 3452 1816 3490 circularis.
1850 3473 1874 3480 -
1910 3452 2134 3502 Respondet
2171 3459 2299 3490 autem
2337 3452 2386 3489 ad
2422 3452 2497 3489 hoc
2526 3453 2546 3474 ¹⁸

1480 3604 1818 3664 evidentesAi-orruptiones.
1831 3618 1850 3623 -
1865 3605 1927 3630 Post
1942 3612 2021 3630 unam
2041 3605 2084 3629 lin.
2099 3612 2147 3637 pro
2159 3607 2232 3637 apta,
2247 3607 2313 3637 apta
2327 3606 2393 3629 nata
2406 3603 2439 3634 G,
2452 3605 2548 3636 aptata

1480 3644 1528 3664 cet.
1540 3647 1594 3664 exc.
1656 3658 1662 3665 ι

2574 3460 2782 3487 'aduncum-h
