2690 4062
1055 231 1166 268 CAP.
1198 232 1229 279 1,
1259 232 1412 271 LECT.
1444 234 1475 270 11

2304 256 2389 280 CXIII

931 421 1229 478 LECTIO
1269 424 1651 483 SECUNDA

320 559 378 590 DE
403 559 754 592 OPERATIONIBUS
778 561 1073 599 QUALITATUM
1096 565 1356 598 ACTIVARUM
1381 569 1424 599 IN
1447 569 1600 610 MIXTO,
1624 571 1682 602 ET
1707 572 1841 604 PRIMO
1866 573 1923 604 DE
1948 573 2259 608 GENERATIONE

629 618 813 650 SIMPLICI
837 619 895 650 ET
920 621 1144 652 NATURALI
1169 623 1227 654 ET
1251 624 1308 654 DE
1333 624 1644 665 CORRUPTIONE
1668 630 1708 660 ΕΙ
1733 630 1947 662 OPPOSITA

185 736 412 785 διωρισμένων
437 734 476 772 δὲ
501 738 659 781 τούτων,
685 739 838 777 ληπτέον
871 740 909 773 ἄν
936 743 986 780 εἴη
1015 743 1077 782 τοίς
1104 743 1265 789 ἐργασίας

255 783 391 826 αὐτῶν,
419 785 472 823 αἶς
498 783 705 830 ἐργάζονται
731 785 779 818 τά
810 787 996 829 ποιητικά,
1021 791 1079 820 καὶ
1106 792 1173 823 τῶν
1200 803 1266 823 πα-

252 828 400 867 θητικῶν
426 830 475 863 τοὶ
499 827 585 868 εἴδη.
612 830 750 874 Πρῶτον
777 831 836 875 μὲν
863 830 920 863 οὖν
944 831 1094 865 καθόλου
1120 835 1141 872 ἦ
1169 835 1263 873 οἱπλῆ

252 873 381 921 γένεσις
406 876 513 912 zoth-l)
540 874 661 921 φυσική
687 875 867 920 μεταβολή
901 875 1036 910 τούτων
1063 880 1130 910 τῶν
1163 874 1265 913 δυνά-

252 918 340 963 μεών
375 920 468 953 ἐστιν
501 921 619 968 ἔργον,
650 922 708 953 καὶ
735 921 756 958 ἡ
784 919 1001 966 ἀντικειμένη
1032 921 1139 967 φθορά
1168 925 1266 958 κατά

252 963 362 1009 φύσιν.
390 964 503 998 Αὖται
527 966 587 1011 μὲν
615 963 672 997 οὖν
699 968 771 1003 τοῖς
789 978 828 998 τε
845 970 962 1010 φυτοῖς
990 967 1182 1014 ὑπάρχουσι
1206 972 1265 1003 καὶ

251 1008 350 1052 ζῴοις
374 1011 434 1042 καὶ
459 1015 531 1050 τοϊς
557 1009 689 1055 μέρεσιν
709 1010 836 1044 αὐτῶν.
865 1011 965 1044 Ἔστι
990 1007 1018 1043 δ’
1041 1014 1062 1050 ἡ
1085 1015 1180 1051 άπλῆ
1205 1017 1264 1047 καὶ

253 1055 376 1099 φυσική
401 1054 531 1102 γένεσις
549 1055 729 1101 μεταβολή
749 1056 816 1088 ιῖπό
834 1055 969 1089 τούτων
988 1058 1055 1090 τῶν
1074 1053 1263 1103 δυνάμεων,

254 1100 341 1134 ὅταν
368 1100 470 1146 ἔχωσι
494 1101 613 1148 λόγον,
633 1099 669 1133 ἐκ
695 1101 758 1139 τῆς
785 1100 1007 1146 ὑποκειμένης
1034 1101 1113 1141 ὕλης
1132 1102 1264 1147 ἑκάστῃ

253 1145 367 1192 φύσει·
396 1145 504 1178 αὗται
528 1142 560 1186 {J
580 1146 662 1178 εἰσὶν
689 1147 724 1178 αἱ
742 1145 917 1190 εἰρημέναι
933 1142 1092 1192 δυνάμεις
1118 1147 1264 1186 παθητι-

251 1192 326 1225 καί.
362 1191 504 1222 Ρτννῶοῑι
534 1187 572 1224 δὲ
597 1190 638 1223 τὰ
663 1189 783 1234 θερμὸν
817 1192 877 1223 καὶ
907 1190 1031 1237 ψυχρόν
1063 1194 1264 1237 κρατοῦντα

254 1235 319 1273 τῆς
345 1233 443 1273 ὕλης·
473 1234 558 1270 ὅταν
583 1230 620 1267 δὲ
646 1235 695 1280 μή
718 1236 847 1281 κρατῇ,
873 1237 970 1268 κατά
993 1235 1092 1281 μέρος
1117 1238 1176 1282 μέν
1199 1238 1265 1282 μώ-

251 1281 346 1318 λυσις
370 1282 428 1312 καὶ
457 1280 587 1326 ἀπεψία
631 1282 755 1314 ίνεται.
783 1281 834 1323 Τῇ
854 1275 883 1312 δ’
907 1281 1001 1324 ἀπλῇ
1044 1281 1148 1314 ενέσει
1170 1282 1264 1315 ἐναν-

254 1327 328 1359 τίον
346 1324 504 1378 μάλιστα
527 1337 640 1358 κοινον
658 1324 775 1370 σῆψις·
803 1326 901 1358 πᾶσα
918 1326 983 1371 γάρ
1009 1340 1030 1364 η
1055 1327 1152 1360 κατά
1168 1327 1263 1372 φύσιν

277 1369 363 1416 θορα
385 1370 430 1408 εἰς
458 1369 552 1403 τοῦθ’
575 1370 651 1409 ὁδός
669 1371 778 1412 ἐστιν,
798 1370 867 1402 οἷον
892 1372 1000 1417 γῆρας
1024 1373 1083 1403 καὶ
1110 1372 1263 1410 αὔανσις.

253 1381 358 1453 {aaa
384 1409 422 1447 δὲ
447 1416 514 1448 τῶν
543 1416 654 1448 ἄλλων
681 1414 845 1448 ἀπάντων
871 1415 1064 1460 σαπρότης,
1092 1415 1131 1449 ἀν
1157 1416 1205 1460 μή
1231 1429 1266 1449 τι

254 1460 313 1503 βίᾳ
350 1459 438 1506 θαρῇ
456 1461 523 1493 τῶν
537 1460 634 1505 φύσει
651 1458 872 1492 συνεστώτων
886 1471 893 1479 ·
912 1460 987 1494 ἔστι
999 1461 1065 1508 γάρ
1082 1462 1141 1494 καὶ
1154 1461 1266 1507 σάρκα

252 1507 311 1539 καὶ
353 1505 458 1538 στοῦν
483 1507 543 1538 καὶ
565 1506 680 1539 ὁτιοῦν
704 1505 944 1547 κατακαῦσαι,
963 1505 1006 1538 ὧν
1025 1506 1066 1539 τό
1084 1506 1183 1545 τέλος
1203 1508 1266 1545 τῆς

251 1550 351 1584 κατά
374 1552 469 1595 φύσιν
503 1549 625 1595 φθορᾶς
652 1547 750 1593 σῆψίς
776 1547 888 1582 ἐστιν·
914 1545 967 1583 διὸ
993 1550 1081 1598 ὑγροὶ
1114 1553 1264 1597 πρῶτον,

196 1618 200 1623 ,
253 1592 332 1629 εἶτα
356 1593 444 1649 ξηροὶ
467 1594 567 1633 τέλος
591 1597 728 1642 γίνεται
761 1593 810 1626 τά.
839 1594 1039 1640 σηπόμενα·
1067 1596 1104 1629 ἐκ
1128 1596 1263 1630 τούτων

279 1639 321 1685 ἀρ
344 1639 507 1687 ἐγενετο,
532 1641 592 1672 καὶ
616 1637 738 1682 ὠρίσθη
765 1640 812 1681 τῷ
842 1640 929 1686 ὑγρῷ
955 1640 997 1674 τό
1022 1639 1136 1686 ξηρόν,
1163 1642 1264 1688 ἐργα-

251 1652 402 1730 Ξομένων
428 1685 495 1717 τῶν
523 1685 723 1723 ποιητικῶν.
757 1685 895 1717 Γίνεται
919 1680 950 1718 δ’
979 1686 999 1723 ἡ
1025 1685 1150 1731 φθορά,
1179 1685 1263 1720 ὅταν

251 1729 366 1775 κρατῇ
393 1730 457 1761 τοῦ
484 1730 654 1773 ὁρίζοντος
681 1729 722 1763 τό
745 1728 936 1774 ὁριζόμενον
954 1725 1015 1764 διά
1031 1731 1072 1763 τό
1092 1744 1133 1764 πε
1156 1731 1263 1786 ιε’χον.

251 1773 299 1808 Οὐ
315 1774 383 1819 μὴν
403 1774 476 1806 ἀλλ’
498 1770 588 1813 ἰδίως
605 1774 749 1821 λέγεται
767 1773 865 1818 σῆψις
887 1773 943 1808 ἐπὶ
962 1776 1029 1808 τῶν
1053 1788 1150 1810 κατα
1166 1789 1264 1822 μερος

252 1818 490 1866 φθειρομένων,
510 1819 596 1854 ὅταν
621 1818 772 1865 χωρισθῇ
799 1820 862 1858 τῆς
879 1819 1026 1875 ιρόσεως·
1052 1816 1105 1853 διὰ
1130 1823 1190 1854 καὶ
1206 1821 1266 1859 σή-

252 1875 360 1899 πεται
386 1864 506 1898 πάντα
536 1863 653 1898 τάλλα
686 1863 775 1900 πλὴν
806 1876 927 1909 πυρος·
952 1868 1011 1898 καὶ
1036 1866 1101 1912 γάρ
1126 1867 1172 1913 γῆ
1205 1868 1265 1899 καὶ

253 1905 341 1954 ὕδωρ
372 1910 431 1941 καὶ
467 1906 530 1955 ἀήρ
564 1908 737 1946 σήπεται·
765 1908 887 1942 πάντα
917 1910 984 1957 γάρ
1017 1909 1080 1949 ὕλη
1114 1913 1162 1953 τῷ
1189 1914 1266 1957 πυρί

253 1951 328 1989 ὶστι
353 1954 488 1988 ταῦτα.

180 1990 290 2045 ’Σῆψις
314 1993 344 2032 δ’
373 1999 447 2032 ἐστὶ
472 1997 595 2053 φθοράΙ
612 1998 676 2036 τῆς
703 1996 737 2031 ἐν
763 1996 898 2040 ἑκάστῳ
931 2000 1018 2045 ὑγρῷ
1046 2000 1172 2039 οἰκείας
1206 2003 1265 2034 καὶ

249 2043 349 2078 κατ-οὶ
396 2042 469 2077 όσιν
493 2043 705 2089 θερμοτητος
731 2042 788 2076 ὑπ’
819 2041 1003 2087 ἀλλοτρίας
1033 2043 1263 2090 θερμότητος·

253 2088 344 2127 αὕτη
398 2089 406 2100 ’
436 2086 530 2121 ἐστὶν
556 2089 577 2126 ἡ
602 2088 667 2121 τοῦ
700 2088 794 2133 περιέ
824 2100 939 2127 οντος·
965 2088 1045 2122 ὥστ’
1075 2090 1148 2123 ἐπεὶ
1182 2091 1261 2125 κατ’

252 2129 384 2168 ἔνδειαν
410 2133 540 2180 πάσχει
564 2132 701 2176 θερμοῦ,
722 2133 763 2167 τὰ
787 2101 820 2166 ἔ
838 2130 948 2173 ἐνδεὲς
974 2134 1143 2173 τοιαύτης
1166 2130 1265 2169 δυνά-

250 2191 339 2226 μεως
363 2178 488 2225 ψυχρὰν
507 2180 590 2221 πᾶν,
612 2179 710 2224 ἄμφω
738 2177 777 2211 ἀῖν
804 2180 903 2212 αἴτια
928 2181 977 2217 εἴη
1003 2182 1062 2212 καὶ
1086 2180 1198 2212 κοινὸν
1222 2181 1264 2214 τὸ

252 2222 362 2264 πάθος
380 2225 401 2262 η’
419 2223 532 2269 σῆψις,
547 2223 763 2270 ψυχρότητός
782 2225 813 2258 τ’
835 2225 958 2263 οἰκείας
978 2226 1038 2257 καὶ
1055 2224 1265 2270 θερμότητος

254 2266 458 2313 ἀλλοτρίας·
484 2264 544 2301 διά
563 2270 673 2302 τοῦτο
696 2269 763 2315 γοὶρ
787 2270 846 2302 καὶ
867 2267 1036 2323 ξηρότερα
1056 2273 1192 2316 γίνεται
1218 2271 1266 2303 τοὶ

174 2335 176 2337 -
253 2313 434 2360 σηπόμενα
451 2313 586 2356 πάντα,
603 2316 663 2347 καὶ
681 2313 779 2352 τέλος
822 2315 843 2352 ἧ
863 2315 923 2346 καὶ
942 2326 1085 2359 κοπρος·
1113 2313 1264 2356 ἐξιόντος

278 2358 318 2404 ἀρ
343 2360 408 2393 τοῦ
435 2360 557 2392 οἰκείου
582 2358 703 2405 θερμοῦ
729 2372 804 2392 συνε
829 2360 967 2403 ατμίζει
985 2360 1027 2393 τό
1051 2361 1148 2393 κατά
1167 2359 1263 2405 φύσιν

230 2404 376 2451 ,υγρόν,
409 2406 470 2437 καὶ
502 2404 544 2437 τὸ
577 2406 671 2437 σπῶν
698 2404 762 2442 ττῖν
796 2403 976 2453 ὑγρότητα
1009 2403 1122 2438 οὐκέτ’
1151 2404 1263 2438 ἔστιν·

254 2447 379 2496 ἐπάγει
403 2450 469 2495 γάρ
495 2448 643 2482 ἕλκουσα
668 2450 689 2487 -ἠ
715 2450 826 2484 οἰκεία
849 2449 1028 2494 θερμότης.
1055 2452 1123 2482 Καὶ
1141 2450 1264 2491 ἐντοῖς

252 2493 374 2540 ψύχεσι
398 2491 428 2529 δ’
453 2494 563 2532 ἧττον
589 2493 744 2532 σήπεται
769 2495 790 2532 ἦ
817 2496 850 2528 ἐν
877 2498 956 2533 ταῖς
983 2494 1118 2533 ἀλέαις·
1145 2495 1178 2528 ἐν
1203 2495 1264 2538 μὲν

279 2538 320 2584 ἀρ
345 2539 395 2582 τῷ
425 2540 565 2586 χειμῶνι
589 2540 703 2586 ὀλίγον
736 2539 770 2572 ἐν
803 2541 852 2582 τῷ
878 2539 1075 2585 περιέχοντι
1101 2539 1174 2584 ἀέρι
1204 2543 1263 2573 καὶ

254 2579 360 2618 υδατι
385 2585 427 2618 τὸ
452 2583 586 2629 θερμὸν,
604 2583 688 2618 ὥστ’
711 2581 809 2617 οὐδὲν
833 2584 958 2631 ἰσχύει,
987 2588 1019 2618 έν
1045 2580 1083 2617 δὲ
1108 2587 1156 2627 τῷ
1178 2583 1264 2629 θέρει

254 2627 374 2663 πλέον.
397 2631 466 2662 Καὶ
493 2630 573 2662 οὔτε
600 2629 641 2662 τὸ
667 2629 839 2677 πεπηγός·
866 2631 998 2674 μᾶλλον
1015 2630 1081 2676 γάρ
1100 2629 1224 2676 ψυχρὸν
1243 2629 1263 2667 ἦ

255 2675 273 2708 ὀ
300 2673 366 2719 ‚oi-rip
390 2673 528 2719 θερμός·
558 2673 676 2706 οὔκουν
701 2679 899 2719 κρατεῖται,
918 2675 961 2708 τό
985 2672 1023 2708 δὲ
1046 2677 1159 2707 κινοῦν
1183 2687 1264 2720 κρα-

254 2722 319 2753 τεῖ.
345 2719 435 2752 Οὔτε
461 2718 504 2752 τὸ
526 2717 603 2762 ζέον
624 2717 647 2755 ἦ
667 2717 805 2764 θερμόν·
832 2719 992 2752 ἐλάττων
1017 2719 1082 2766 γάρ
1108 2721 1129 2758 ἡ
1156 2720 1188 2752 ἐν
1215 2722 1264 2762 τῷ

257 2763 296 2799 ἀέ
318 2775 329 2796 ι
353 2762 520 2809 θερμότης
538 2764 604 2801 τῆν
623 2764 656 2796 ἑν
675 2765 723 2805 τῷ
745 2763 941 2810 πράγματι,
960 2764 1046 2798 ὥστ’
1066 2764 1104 2797 οὐ
1128 2769 1262 2809 κρατεῖ,

254 2776 337 2843 οὐδὲ
361 2813 453 2842 ποιεῖ’
475 2808 676 2852 μεταβολήν
703 2803 877 2853 οὐδεμίαν.
913 2810 1053 2854 Ὁμοίως
1079 2805 1117 2842 δὲ
1142 2812 1201 2842 καὶ
1220 2810 1261 2843 τό

253 2853 449 2899 κινούμενον
474 2855 532 2886 καὶ
557 2852 632 2899 ῥέον
650 2853 760 2890 ἧττον
781 2853 937 2892 σήπεται
962 2855 1026 2887 τοῦ
1053 2855 1264 2897 ἀκινητίζον-

253 2912 332 2939 τος·
359 2898 589 2941 ἀσθενεστέρα
603 2898 670 2945 γάρ
694 2901 830 2945 γίνεται
847 2900 867 2936 ἡ
887 2899 955 2932 ὑπό
982 2900 1043 2938 τῆς
1062 2899 1096 2933 ἐν
1122 2901 1170 2942 τῷ
1191 2899 1263 2944 ἀέρι

253 2943 466 2988 θερμότητος
483 2946 611 2982 κίνησις
628 2945 692 2982 τῆς
707 2943 739 2976 ἐν
756 2945 806 2986 τῷ
825 2944 1006 2991 πράγματι
1024 2944 1265 2990 προϋπαρχού-

253 3002 326 3031 σης,
345 2988 426 3022 ὥστ’
452 2986 548 3021 οὐθὲν
567 2993 659 3022 ποιεῖ
674 2988 920 3034 μεταβάλλειν.
936 2990 978 3020 Ἡ
995 2985 1025 3021 δ’
1047 2987 1140 3027 αὐτῆ
1163 2991 1263 3022 αἰτία

252 3035 312 3067 καὶ
333 3035 397 3067 τοῦ
415 3034 457 3067 τὸ
475 3034 563 3066 πολῦ
582 3033 691 3071 ἧττον
710 3035 774 3066 τοῦ
792 3035 907 3080 ὀλίγου
928 3033 1116 3071 σήπεσθαι·
1145 3034 1177 3066 ἑν
1196 3035 1261 3081 γάρ

255 3080 304 3121 τῷ
322 3081 453 3112 πλείονι
471 3077 588 3111 πλεῖόν
604 3079 678 3112 ἑστι
695 3079 760 3124 πῦρ
775 3079 896 3112 οἰκεῖον
917 3081 975 3111 καὶ
992 3078 1116 3125 ψυχρόν
1134 3078 1155 3116 ἢ
1173 3078 1262 3112 ὥστε

253 3128 392 3167 κρατεῖν
417 3123 482 3161 τοίς
508 3123 540 3155 ἐν
568 3124 616 3165 τῷ
642 3125 845 3168 περιεστῶτι
870 3119 1046 3168 δυνάμεις·
1077 3119 1131 3156 διὸ
1155 3126 1214 3156 καὶ
1240 3126 1260 3161 ἦ

254 3163 415 3202 θάλασσα
438 3168 536 3201 κατά
552 3167 649 3213 μέρος
668 3168 728 3212 μέν
746 3164 963 3213 διαιρουμένη
981 3170 1076 3215 ταχυ
1093 3168 1260 3210 σήπεται,

255 3212 380 3246 ἅπασα
404 3207 434 3245 δ’
457 3212 509 3254 οὗ,
526 3214 587 3245 καὶ
613 3213 730 3246 τᾶλλα
756 3209 872 3247 ὕδατα
897 3213 1074 3252 ὡσαύτως.
1102 3215 1169 3245 Καὶ
1189 3214 1261 3256 ζῷα

255 3258 430 3305 ἐγγίνεται
456 3261 529 3295 τοῖς
546 3257 751 3301 σηπομένοις
774 3254 835 3291 διά
850 3258 892 3293 τὸ
910 3259 974 3296 τήν
994 3258 1260 3303 ἀποκεκριμένην

253 3301 454 3347 θερμότητα
471 3302 611 3347 φυσικήν
631 3300 736 3335 οὖσαν
757 3303 960 3337 συνιστάναι
981 3303 1030 3336 τά
1047 3302 1258 3347 ἐκκριθέντα.

253 3349 291 3379 Τί
317 3347 377 3392 μὲν
404 3345 461 3380 οὖν
488 3348 562 3380 ἐστι
586 3346 729 3394 γένεσις,
754 3350 813 3380 καὶ
838 3351 873 3381 τί
898 3347 1016 3393 φθορά,
1044 3350 1192 3392 εἴρηται.

1322 750 1337 768 *
1353 754 1576 786 Determinatis
1600 764 1707 788 autem
1730 759 1790 798 his,
1808 762 2001 792 sumendum
2017 763 2127 804 utique
2151 764 2208 795 erit
2231 766 2388 806 operatio-

1389 809 1444 829 nes
1467 799 1632 839 ipsorum,
1656 803 1772 843 quibus
1796 813 1968 845 operantur
1990 807 2113 846 factiva,
2136 815 2166 839 et
2189 810 2389 849 passivorum

1389 843 1518 883 species.
1533 845 1640 875 Primo
1664 847 1795 887 quidem
1817 847 1912 889 igitur
1935 851 2152 883 universaliter
2180 853 2314 894 simplex
2337 866 2389 896 ge-

1388 888 1509 919 neratio
1523 895 1554 920 et
1565 891 1715 921 naturalis
1731 895 1923 932 permutatio
1938 895 2053 926 harum
2064 896 2219 928 virtutum
2232 906 2278 930 est
2293 909 2388 940 opus,

1389 939 1419 963 et
1435 933 1584 973 opposita
1599 936 1760 976 corruptio
1779 939 1957 970 secundum
1972 946 2128 972 naturam.
2146 942 2234 973 Haec
2257 943 2389 984 quidem

1387 976 1483 1017 igitur
1506 978 1622 1018 plantis
1646 980 1782 1012 existunt
1804 989 1835 1013 et
1857 983 2046 1015 animalibus
2077 992 2108 1016 et
2130 987 2271 1026 partibus
2298 988 2388 1028 ipso-

1387 1031 1469 1052 rum.
1489 1022 1546 1053 Est
1569 1030 1676 1054 autem
1700 1025 1833 1066 simplex
1856 1034 1886 1058 et
1909 1029 2058 1059 naturalis
2081 1031 2240 1070 generatio
2263 1042 2392 1072 permu-

1387 1066 1463 1097 tatio
1481 1067 1519 1097 ab
1536 1067 1585 1097 his
1601 1067 1780 1109 virtutibus,
1801 1081 1874 1101 cum
1890 1072 2026 1104 habeant
2044 1074 2211 1114 rationem,
2231 1086 2268 1106 ex
2283 1077 2389 1108 subie-

1378 1117 1437 1145 ,cta
1459 1111 1591 1142 materia
1614 1113 1788 1154 unicuique
1812 1122 1951 1147 naturae.
1970 1118 2038 1148 Hae
2061 1125 2168 1150 autem
2191 1127 2266 1154 sunt
2289 1121 2390 1152 dictae

1386 1155 1517 1186 virtutes
1541 1156 1693 1196 passivae.
1711 1158 1869 1191 Generant
1891 1168 1999 1192 autem
2022 1162 2161 1194 calidum
2184 1171 2215 1195 et
2236 1164 2389 1205 frigidum

1387 1199 1563 1231 obtinentia
1581 1202 1760 1234 materiam:
1786 1214 1861 1235 cum
1876 1212 1984 1236 autem
1999 1216 2065 1237 non
2090 1208 2263 1248 obtineant,
2279 1220 2390 1241 secun-

1388 1244 1467 1274 dum
1483 1251 1606 1285 partem
1621 1247 1753 1287 quidem
1768 1249 1923 1290 molynsis
1943 1258 1973 1281 et
1991 1250 2159 1291 indigestio
2181 1252 2226 1283 fit.
2244 1253 2388 1294 Simplici

1386 1295 1495 1319 autem
1517 1291 1711 1330 generationi
1740 1293 1934 1324 contrarium
1961 1295 2098 1326 maxime
2127 1307 2299 1328 commune
2326 1309 2388 1339 pu-

1387 1332 1540 1365 trefactio.
1559 1334 1674 1366 Omnis
1697 1337 1783 1367 enim
1804 1339 1981 1369 secundum
1999 1347 2145 1370 naturam
2169 1342 2329 1382 corruptio
2353 1343 2387 1373 in

1387 1377 1448 1408 hoc
1471 1378 1522 1408 via
1546 1386 1603 1418 est,
1619 1387 1698 1420 puta
1721 1389 1864 1412 senectus
1888 1390 1919 1413 et
1942 1384 2078 1415 auansis.
2101 1384 2187 1415 Finis
2206 1393 2314 1417 autem
2328 1387 2387 1418 ho-

1388 1432 1462 1452 rum
1485 1433 1504 1453 o
1565 1423 1633 1454 ‘um
1663 1424 1800 1456 aliorum
1828 1427 1982 1466 putredo,
2006 1428 2067 1458 nisi
2089 1429 2208 1470 aliquid
2237 1431 2387 1462 violentia

1389 1476 1517 1498 corrum
1560 1474 1611 1498 tur
1634 1475 1746 1500 natura
1770 1471 1993 1502 constantium.
2019 1472 2076 1503 Est
2099 1474 2184 1504 enim
2208 1481 2238 1505 et
2260 1485 2387 1507 carnem

1388 1517 1419 1542 et
1438 1521 1474 1542 os
1499 1519 1529 1542 et
1551 1513 1782 1554 quodcumque
1805 1516 2002 1554 comburere,
2019 1527 2159 1557 quorum
2181 1517 2252 1549 finis
2276 1530 2386 1551 secun-

1387 1556 1468 1586 dum
1484 1563 1630 1587 naturam
1645 1558 1868 1598 corruptionis,
1883 1560 2070 1600 putrefactio
2082 1568 2138 1592 est.
2151 1563 2283 1603 Propter
2298 1565 2388 1605 quod

1388 1600 1522 1631 humida
1545 1601 1671 1641 primo,
1691 1603 1804 1634 deinde
1827 1604 1923 1643 sicca,
1944 1606 2072 1635 tandem
2099 1607 2272 1646 putrefacta
2293 1608 2385 1640 fiunt.

1388 1645 1437 1675 Ex
1460 1645 1509 1677 his
1533 1646 1619 1676 enim
1649 1646 1730 1678 facta
1754 1655 1841 1679 erant
1869 1656 1900 1680 et
1929 1650 2133 1681 terminatum
2162 1651 2222 1683 fuit
2251 1652 2386 1684 humido

1388 1689 1520 1728 siccum,
1537 1691 1742 1731 operantibus
1766 1692 1897 1724 factivis.
1917 1694 1967 1724 Fit
1990 1701 2097 1725 autem
2120 1697 2292 1737 corruptio,
2313 1707 2388 1728 cum

1387 1733 1420 1764 id
1443 1735 1533 1775 quod
1549 1735 1736 1767 terminatur
1759 1737 1900 1768 obtineat
1915 1738 2086 1769 terminans
2110 1747 2239 1780 propter
2254 1741 2388 1772 circum-

1389 1779 1477 1810 dans.
1499 1779 1689 1816 Quinimmo
1714 1781 1911 1821 singulariter
1934 1783 2048 1814 dicitur
2075 1784 2261 1824 putrefactio
2284 1785 2317 1816 in
2339 1786 2388 1817 his

1388 1834 1470 1865 quae
1487 1825 1664 1855 secundum
1687 1832 1809 1865 partem
1830 1834 2089 1868 corrumpuntur,
2109 1838 2184 1859 cum
2206 1837 2389 1870 separentur

1388 1878 1407 1898 a
1430 1875 1552 1900 natura.
1569 1870 1702 1910 Propter
1716 1871 1806 1910 quod
1829 1878 1859 1902 et
1882 1878 2068 1911 putrescunt
2086 1873 2195 1904 omnia
2217 1874 2277 1904 alia
2301 1885 2388 1905 exce-

1388 1919 1445 1953 pto
1461 1913 1551 1953 igne:
1576 1914 1694 1944 etenim
1710 1922 1790 1945 terra
1809 1922 1839 1946 et
1855 1926 1937 1956 aqua
1953 1923 1984 1947 et
2003 1927 2055 1947 aer
2070 1924 2265 1958 putrescunt,
2281 1919 2389 1949 omnia

1389 1957 1476 1988 enim
1498 1958 1576 1990 haec
1599 1965 1674 1990 sunt
1696 1959 1827 1990 materia
1849 1960 1924 2000 igni.

1321 2002 1512 2033 Putrefactio
1544 2010 1652 2034 autem
1675 2010 1722 2034 est
1752 2005 1915 2045 corruptio
1939 2005 2096 2046 quaedam
2125 2006 2158 2036 in
2189 2016 2388 2048 unoquoque

1388 2047 1524 2078 humido
1538 2047 1686 2088 propriae
1701 2049 1878 2079 secundum
1892 2056 2039 2080 naturam
2056 2050 2218 2081 caliditatis
2235 2051 2273 2082 ab
2288 2052 2389 2083 aliena

1389 2091 1562 2122 caliditate:
1586 2092 1664 2123 haec
1688 2099 1795 2123 autem
1819 2100 1865 2124 est
1879 2104 1960 2134 quae
1984 2094 2160 2125 ambientis.
2178 2095 2284 2133 Quare
2307 2106 2388 2137 quo-

1388 2136 1476 2166 niam
1506 2137 1684 2167 secundum
1715 2137 1923 2177 indigentiam
1958 2138 2075 2178 patitur
2106 2139 2214 2178 calidi;
2244 2140 2388 2181 indigens

1389 2188 1498 2212 autem
1520 2181 1575 2212 tali
1590 2181 1705 2212 virtute
1729 2182 1879 2222 frigidum
1899 2182 2031 2213 existens
2055 2191 2171 2222 omne;
2195 2185 2306 2215 ambae
2329 2185 2388 2216 uti-

1387 2236 1451 2266 que
1475 2235 1587 2256 causae
1610 2233 1712 2265 erunt,
1733 2233 1764 2257 et
1786 2227 1974 2267 putrefactio
1999 2227 2186 2258 communis·
2203 2229 2308 2268 passio
2332 2229 2386 2260 fri-

1387 2270 1589 2311 giditatisque
1605 2271 1751 2311 propriae
1775 2278 1806 2302 et
1825 2271 1988 2302 caliditatis
2005 2271 2133 2302 alienae.
2151 2273 2283 2313 Propter
2298 2274 2388 2314 quod

1388 2315 1519 2345 sicciora
1532 2314 1614 2346 fiunt
1628 2315 1802 2355 putrefacta
1817 2316 1936 2355 omnia,
1952 2323 1983 2347 et
1997 2317 2126 2347 tandem
2141 2323 2222 2347 terra
2234 2324 2264 2348 et
2278 2317 2384 2349 fimus.

1387 2360 1531 2390 Exeunte
1547 2359 1632 2390 enim
1656 2360 1786 2400 proprio
1810 2360 1923 2399 calido,
1945 2368 2134 2401 coevaporat
2163 2362 2253 2402 quod
2276 2372 2386 2393 secun—

1388 2404 1466 2435 dum
1490 2410 1636 2435 naturam
1658 2404 1848 2444 humidum,
1869 2411 1900 2436 et
1925 2405 2050 2436 trahens
2073 2405 2296 2437 humiditatem
2319 2417 2386 2437 non

1388 2455 1450 2480 est:
1476 2449 1604 2479 adducit
1627 2449 1713 2479 enim
1736 2449 1862 2480 trahens
1885 2449 2012 2490 propria
2036 2449 2185 2481 caliditas.
2209 2451 2250 2481 Et
2277 2450 2310 2481 in
2333 2451 2384 2481 fri-

1386 2493 1517 2534 goribus
1550 2500 1658 2524 autem
1689 2493 1796 2525 minus
1830 2500 2016 2535 putrescunt
2038 2504 2136 2535 quam
2166 2494 2199 2524 in
2222 2501 2320 2526 aestu.
2350 2496 2385 2526 In

1386 2538 1492 2569 hieme
1515 2538 1647 2579 quidem
1671 2538 1757 2568 enim
1772 2549 1913 2579 paucum
1935 2539 1969 2569 in
1987 2538 2144 2569 ambiente
2168 2549 2237 2569 aere
2257 2546 2287 2570 et
2302 2550 2385 2580 aqua

1388 2583 1542 2621 calidum,
1566 2593 1663 2623 quare
1680 2582 1758 2613 nihil
1781 2590 1899 2623 potest:
1923 2583 1956 2614 in
1973 2590 2087 2623 aestate
2111 2590 2218 2614 autem
2236 2584 2384 2624 amplius.

1382 2628 1423 2659 Et
1441 2638 1546 2668 neque
1562 2628 1651 2668 quod
1667 2628 1888 2667 coagulatum:
1905 2628 2005 2668 magis
2022 2628 2107 2658 enim
2123 2628 2272 2668 frigidum
2287 2639 2385 2669 quam

1386 2682 1439 2703 aer
1461 2672 1599 2703 calidus:
1624 2682 1691 2703 non
1706 2672 1803 2712 igitur
1819 2672 1995 2711 obtinetur;
2019 2682 2153 2703 movens
2176 2679 2283 2703 autem
2302 2673 2384 2704 obti-

1386 2723 1450 2748 net.
1469 2717 1582 2758 Neque
1605 2716 1728 2747 fervens
1760 2727 1859 2758 quam
1882 2717 2036 2748 calidum:
2062 2717 2167 2747 minor
2194 2717 2280 2747 enim
2303 2727 2384 2758 quae

1384 2761 1418 2792 in
1435 2772 1506 2792 aere
1521 2761 1661 2792 caliditas
1677 2771 1713 2792 ea
1727 2772 1809 2802 quae
1824 2762 1858 2792 in
1874 2769 1924 2800 re;
1941 2771 2038 2802 quare
2052 2771 2117 2791 non
2133 2761 2263 2800 obtinet,
2279 2771 2383 2802 neque

1350 2844 1352 2846 Ι
1386 2806 1460 2837 facit
1490 2806 1759 2847 permutationem
1782 2816 1885 2847 neque
1914 2816 2022 2837 unam.
2047 2805 2194 2836 Similiter
2222 2813 2329 2836 autem
2353 2812 2383 2836 et

1385 2851 1475 2892 quod
1497 2857 1645 2882 movetur
1668 2857 1699 2881 et
1721 2850 1801 2889 fluit,
1817 2851 1924 2881 minus
1940 2850 2091 2890 putrescit
2113 2860 2211 2890 quam
2226 2860 2292 2880 non
2310 2860 2382 2880 mo-

1385 2902 1474 2926 tum:
1499 2895 1632 2926 debilior
1655 2895 1740 2926 enim
1762 2894 1799 2926 fit
1820 2902 1928 2926 motus
1951 2895 2006 2935 qui
2030 2895 2068 2924 ab
2093 2904 2128 2924 ea
2151 2904 2233 2935 quae
2255 2894 2288 2924 in
2312 2904 2382 2925 aere

1385 2940 1551 2979 caliditate,
1569 2950 1667 2981 quam
1683 2940 1739 2981 qui
1762 2939 1795 2970 in
1818 2950 1850 2970 re
1873 2939 2066 2980 praeexistit:
2091 2949 2188 2979 quare
2210 2938 2289 2968 nihil
2308 2938 2382 2969 facit

1384 2985 1567 3026 permutari.
1585 2984 1706 3014 Eadem
1725 2991 1832 3014 autem
1849 2994 1941 3014 causa
1958 2990 1988 3014 et
2010 2993 2106 3023 quare
2121 2983 2260 3014 multum
2274 2983 2380 3013 minus

1384 3030 1535 3070 putrescit
1558 3036 1678 3069 pauco:
1702 3028 1736 3058 in
1751 3028 1864 3058 maiori
1888 3028 1972 3058 enim
1989 3027 2124 3067 amplior
2147 3034 2193 3057 est
2215 3027 2294 3067 ignis
2310 3037 2381 3067 pro-

1384 3074 1472 3114 prius
1496 3081 1526 3104 et
1549 3073 1709 3112 frigidum,
1726 3083 1824 3113 quam
1848 3078 1883 3102 ut
1906 3072 2068 3102 obtineant
2087 3081 2168 3112 quae
2191 3071 2223 3101 in
2247 3071 2379 3101 circum-

1385 3125 1485 3149 stante
1507 3118 1647 3148 virtutes.
1671 3117 1804 3156 Propter
1827 3117 1915 3157 quod
1943 3126 2029 3146 mare
2056 3115 2232 3146 secundum
2258 3122 2380 3155 partem

1384 3163 1515 3203 quidem
1539 3161 1677 3192 divisum
1705 3161 1767 3191 cito
1790 3160 1956 3201 putrescit,
1978 3166 2084 3190 totum
2107 3166 2214 3190 autem
2242 3166 2326 3198 non;
2351 3166 2381 3190 et

1384 3207 1462 3237 aliae
1485 3216 1586 3247 aquae
1610 3205 1725 3236 eodem
1741 3206 1851 3235 modo.
1871 3205 1913 3235 Et
1928 3202 2075 3234 animalia
2090 3203 2172 3234 fiunt
2187 3204 2220 3234 in
2234 3204 2282 3234 his
2298 3213 2380 3244 quae

1383 3257 1579 3292 putrescunt,
1596 3256 1762 3290 propterea
1777 3249 1866 3290 quod
1889 3255 2048 3288 segregata
2070 3248 2207 3278 caliditas
2230 3248 2380 3278 naturalis

1384 3295 1517 3326 existens
1542 3301 1684 3325 constare
1708 3293 1781 3324 facit
1811 3300 1978 3333 segregata.
2011 3292 2099 3330 Quid
2122 3292 2253 3333 quidem
2285 3292 2381 3332 igitur

1383 3346 1429 3370 est
1463 3338 1640 3379 generatio,
1664 3344 1695 3368 et
1718 3338 1795 3378 quid
1819 3337 2000 3378 corruptio,
2030 3337 2151 3367 dictum
2174 3343 2229 3368 est.

2417 772 2426 781 ·
2442 771 2495 799 Seq.
2510 777 2561 800 cap.
2572 778 2589 794 x.

1315 3444 1389 3466 rum
1404 3433 1438 3465 in
1456 3433 1575 3472 mixt03
1591 3432 1625 3464 in
1641 3431 1784 3464 secunda
1801 3430 1994 3463 determinat
2010 3430 2050 3463 de
2066 3431 2219 3473 passione
2235 3432 2379 3475 passiva-

1314 3489 1400 3517 rum,
1418 3476 1476 3509 ibi:
1496 3477 1692 3509 Passivorum
1715 3477 1931 3515 autem*etc.;
1956 3475 1990 3507 in
2006 3475 2100 3507 tertia
2124 3474 2317 3508 determinat
2340 3475 2379 3509 de
2407 3486 2542 3508 *Lecnwn

1314 3521 1560 3554 homoeomeris
1578 3529 1739 3564 quantum
1755 3519 1795 3552 ad
1811 3519 1990 3563 praedictas
2008 3519 2190 3563 qualitates,
2207 3519 2268 3552 ibi:
2292 3520 2376 3562 Quo-

1313 3567 1398 3598 niam
1422 3571 1522 3598 autem
1545 3565 1579 3598 de
1602 3565 1646 3597 his
1661 3566 1678 3585 *
1694 3573 1753 3596 etc.
1780 3563 1876 3597 Circa
1900 3564 2044 3607 primum
2064 3563 2131 3596 duo
2155 3563 2243 3596 facit:
2269 3565 2377 3607 primo
2405 3575 2416 3586 *
2430 3574 2551 3595 tecum.

1315 3610 1511 3643 determinat
1527 3608 1566 3642 de
1587 3609 1834 3653 operationibus
1860 3607 2136 3652 consequentibus
2156 3619 2225 3641 rem
2249 3609 2283 3641 in
2300 3619 2377 3641 con-

248 3461 266 3475 ,,
285 3452 306 3473 ,κ
316 3451 419 3485 ης,
429 3435 561 3468 ecundo
577 3446 654 3468 cum
669 3435 761 3468 dicit:
777 3435 994 3469 Determinatis
1011 3441 1111 3467 autem
1127 3434 1172 3467 his
1186 3442 1259 3474 etc„

260 3478 277 3519 *J
315 3471 418 3527 *33:253ss
430 3480 642 3524 prosequitur
680 3481 891 3524 propositum
904 3506 913 3519 ‚
938 3478 1187 3512 determinando
1219 3478 1258 3511 de

317 3548 320 3550 Δ
348 3515 404 3554 W}
417 3523 678 3568 operationibus
702 3525 771 3557 sive
815 3524 1000 3557 assionibus
1017 3522 1258 3566 praedictarum

290 3568 329 3606 ’Σὲ
343 3584 354 3610 ᾗ
391 3570 413 3601 f.
430 3568 636 3612 qualitatum.
654 3571 696 3602 Et
711 3536 867 3602 dividitur
879 3568 913 3600 in
929 3576 993 3600 tres
1011 3575 1132 3610 partes:
1146 3567 1180 3599 in
1193 3567 1257 3610 pri-

383 3611 406 3629 ““”·
430 3625 484 3646 ma
505 3613 701 3647 determinat
718 3613 758 3646 de
777 3614 906 3646 actione
927 3611 1122 3657 qualitatum
1138 3612 1256 3644 activa-

330 3675 400 3709 Opp.
419 3676 451 3701 D.
470 3676 585 3701 Tuomst:
604 3676 636 3701 T.
656 3677 696 3701 III.
715 3677 861 3701 Apmzsmx.
2146 3671 2173 3695 15
2187 3671 2200 3686 *
