2782 4134
309 295 383 330 124

1002 275 1071 311 DE
1102 271 1276 310 CAELO
1306 270 1376 306 ET
1405 266 1599 305 MUNDO
1629 265 1724 302 LIB.
1756 266 1787 301 Il

1034 478 1329 536 LECTIO
1368 474 1751 531 SECUNDA

641 638 696 668 DE
720 632 1004 667 DIVERSITATE
1028 630 1222 661 PARTIUM
1247 629 1374 660 CAELI
1399 627 1637 659 SECUNDUM
1661 628 1987 659 DIVERSITATEM
2011 627 2148 666 SITUS;

854 691 910 720 ET
934 688 1067 719 PRIMO
1092 688 1227 718 IUXTA
1251 685 1491 717 OPINIONEM
1515 685 1930 717 PYTHAGORICORUM

298 825 439 865 Ἐπειδὴ
464 822 501 858 δέ
526 823 612 861 τινές
638 823 716 853 εἰσιν
742 821 770 852 οἳ
796 831 893 864 φασιν
920 816 1005 850 εἶναί
1022 830 1057 850 τι
1080 813 1189 858 δεξιὸν
1214 819 1270 848 καὶ
1291 817 1358 860 ἀρι-

371 872 486 917 στερὸν
513 870 573 902 τοῦ
598 866 758 911 οὐρανοῦ,
784 864 938 908 καθάπερ
964 866 993 895 οἱ
1026 862 1228 906 καλούμενοι
1252 859 1360 914 Πυθα-

370 918 492 965 γόρειοι
519 915 664 956 (ἐκείνων
689 910 753 955 γάρ
776 909 874 946 οὗτος
894 911 909 941 ὁ
925 907 1026 955 λόγος
1041 908 1172 948 ἐστίν),
1191 917 1358 938 σκεπτεον

371 963 511 1003 πότερον
536 958 657 989 τοῦτον
684 957 751 999 ἔχει
770 954 828 986 τᾶν
847 954 973 998 τρόπον
992 954 1032 990 ὠς
1052 952 1169 984 ἐκεῖνοι
1188 950 1357 996 λέγουσιν,

371 1007 391 1045 ἧ
417 1006 542 1050 μᾶλλον
561 1000 691 1044 ἑτέρως,
711 1001 802 1043 εἴπερ
828 994 880 1030 δεῖ
896 997 1107 1042 προσάπτειν
1126 996 1174 1037 τῷ
1193 997 1255 1028 τοῦ
1274 1006 1361 1027 παν-

370 1052 427 1089 τὸς
452 1049 583 1092 σώματι
607 1043 741 1081 ταύτας
762 1043 822 1080 τοὶς
847 1044 885 1088 ἀρ
916 1042 965 1080 άς.
1000 1040 1103 1079 Εύθύς
1124 1041 1187 1086 γάρ
1210 1041 1357 1083 πρῶτον,

370 1098 398 1128 εἰ
422 1095 462 1127 τὸ
487 1089 592 1131 δεξιὸν
611 1089 755 1135 ὑπάρχει
778 1090 835 1119 καὶ
854 1101 897 1120 το
919 1085 1105 1132 ἀριστερόν,
1126 1086 1177 1118 ἔτι
1196 1084 1358 1138 πρότερον

371 1140 432 1176 τοὶς
457 1135 621 1180 προτέρας
647 1132 866 1170 ὑποληπτέον
888 1131 1050 1177 ὑπάρχειν
1074 1131 1179 1176 ἀρχάς
1198 1130 1229 1162 ἐν
1249 1130 1356 1182 αὐτο).

304 1185 479 1230 Διώρισται
513 1180 570 1213 μὲν
597 1176 652 1210 οὖν
686 1179 759 1220 περὶ
789 1177 920 1210 τούτων
948 1177 979 1208 ἐν
1005 1179 1075 1213 τοῖς
1102 1177 1175 1221 περὶ
1205 1174 1268 1212 τοὶς
1293 1185 1359 1206 των

368 1230 457 1272 ζῶων
481 1216 624 1261 κινήσεις
650 1218 708 1255 διά
734 1221 774 1254 τό
796 1222 857 1259 τῆς
878 1221 1003 1266 φύσεως
1023 1221 1129 1252 οἰκεῖα
1145 1221 1208 1258 τῆς
1228 1218 1359 1252 ἐκείνων

368 1260 469 1306 εἶναι·
497 1268 639 1313 φανερῶς
665 1268 728 1314 γάρ
755 1267 787 1299 ἔν
808 1278 846 1312 γε
863 1270 934 1304 τοῖς
951 1265 1045 1308 ζῴοις
1066 1264 1268 1311 ὑπάρχοντα
1286 1265 1361 1308 φαί-

367 1328 462 1349 νεται
487 1318 556 1350 τοῖς
582 1312 640 1356 μὲν
670 1313 788 1344 πάντα
813 1311 861 1343 τά
885 1312 1035 1343 τοιαῦτα
1065 1310 1186 1354 μόρια,
1212 1310 1302 1355 λέγω
1326 1304 1355 1340 δ’

369 1363 434 1394 οἶον
460 1359 501 1392 τό
527 1370 564 1390 τε
589 1353 697 1398 δεξιὸν
729 1357 787 1387 καὶ
820 1355 860 1387 τὸ
891 1354 1086 1399 ἀριστερόν,
1115 1359 1186 1392 τοῖς
1211 1349 1241 1386 δ’
1271 1353 1356 1395 ἔνια,

368 1409 438 1443 τοῖς
462 1399 499 1435 δὲ
523 1406 636 1447 φυτοῖς
661 1401 702 1433 τὸ
729 1401 795 1432 ἄνω
819 1402 876 1431 καὶ
902 1400 943 1433 τὸ
966 1400 1062 1432 κάτω
1087 1398 1199 1443 μόνον.

301 1451 337 1482 Εἰ
362 1446 398 1483 δὲ
423 1446 474 1480 δεῖ
495 1449 553 1479 καὶ
578 1447 624 1488 τῷ
650 1446 778 1491 οὐρανῷ
804 1445 1013 1489 προσάπτειν
1033 1456 1066 1476 τι
1089 1445 1155 1477 τῶν
1175 1443 1356 1484 τοιούτων,

365 1497 421 1527 καὶ
454 1492 495 1525 τὸ
527 1493 680 1536 πρῶτον,
712 1488 866 1533 καθάπερ
903 1492 1058 1533 εἴπομεν,
1095 1489 1127 1521 ἑν
1161 1492 1230 1526 τοῖς
1261 1487 1358 1531 ζῴοις

366 1538 516 1582 ὑπάρχον
541 1536 678 1582 εὔλογον
705 1534 867 1579 ύπάρχειν
894 1535 927 1567 ὲν
955 1534 1070 1575 αὐτῷ’·
1097 1534 1196 1577 τριῶν
1221 1533 1285 1579 γάρ
1308 1532 1360 1565 ὅν-

367 1595 431 1617 των
459 1582 601 1614 ἕκαστον
629 1581 695 1612 οἷον
723 1579 810 1625 ἀρχή
836 1591 886 1617 τις
912 1580 1022 1611 ἐστίν·
1049 1578 1139 1625 λέγω
1157 1573 1194 1611 δὲ
1216 1578 1263 1610 τά
1281 1580 1358 1623 τρία

367 1628 407 1661 τὸ
435 1626 500 1659 ἄνω
525 1627 582 1658 καὶ
607 1625 648 1657 το
672 1623 780 1665 κάτω,
807 1625 864 1656 καὶ
890 1624 930 1657 τὸ
957 1622 1096 1668 πρόσθεν
1122 1626 1178 1655 καὶ
1204 1623 1245 1656 τό
1265 1623 1359 1656 ἀντι-

359 1673 535 1714 κείμενον,
561 1672 617 1701 καὶ
643 1669 684 1701 τὸ
714 1663 822 1710 δεξιὸν
854 1671 910 1701 καὶ
936 1669 977 1701 τὸ
1005 1668 1194 1713 ἀριστερόν·
1222 1667 1357 1706 ταύτας

366 1717 429 1763 γάρ
455 1716 516 1752 τάς
542 1710 737 1751 διαστάσεις
763 1713 901 1759 εὔλογον
935 1712 1098 1758 ὑπάρχειν
1125 1717 1195 1751 τοῖς
1225 1712 1358 1756 σώμασι

366 1764 436 1798 τοῖς
463 1761 602 1796 τελείοις
627 1757 751 1795 πάσας.

293 1805 390 1838 Ἔστι
414 1801 451 1836 δὲ
476 1803 517 1836 τὸ
542 1803 600 1847 μὲν
628 1802 693 1834 ἄνω
727 1802 788 1833 τοῦ
821 1800 947 1843 μήκους
983 1800 1092 1846 ἀρχή,
1119 1802 1160 1834 τὸ
1186 1797 1223 1834 δὲ
1248 1797 1357 1843 δεξιὸν

366 1850 427 1882 τοῦ
452 1847 621 1888 πλάτους,
647 1846 687 1878 τὸ
712 1846 750 1877 δὲ
775 1844 916 1889 πρόσθεν
943 1847 1004 1878 τοῦ
1030 1845 1165 1887 βάθους.

293 1894 368 1927 Ἔτι
392 1889 420 1925 δ’
451 1893 557 1930 ἄλλως
580 1891 676 1924 κατά
706 1890 769 1928 τοίς
801 1889 964 1928 κινήσεις·
994 1888 1098 1937 ἀρχάς
1124 1891 1188 1937 γάρ
1221 1889 1357 1929 ταύτας

363 1938 452 1984 λέγω
479 1937 549 1969 ὅθεν
578 1936 741 1981 ἄρχονται
766 1936 897 1979 πρῶτον
925 1937 960 1967 αἱ
988 1935 1135 1974 κινήσεις
1162 1940 1233 1974 τοῖς
1264 1935 1358 1981 ἔχου-

365 1994 426 2015 σιν.
460 1982 557 2014 Ἔστι
581 1978 618 2013 δὲ
645 1979 712 2013 ἀπὸ
737 1979 795 2024 μὲν
820 1981 883 2012 τοῦ
910 1980 977 2012 ἄνω
1002 1981 1023 2018 ή
1050 1980 1203 2022 αὔξησις,
1230 1980 1299 2013 ἀπὸ
1319 1975 1358 2014 δὲ

367 2028 431 2059 τῶν
457 2021 570 2067 δεξιῶν
596 2027 616 2062 ή
641 2023 735 2056 κατά
760 2023 887 2066 τύπον,
916 2025 985 2057 ἀπὸ
1009 2020 1047 2058 δὲ
1072 2026 1139 2058 τῶν
1173 2025 1357 2070 ἔμπροσθεν

367 2072 387 2108 τ’)
411 2070 506 2103 κατα
530 2069 593 2107 τήν
619 2068 786 2106 αἴσθησιν·
814 2068 998 2113 ἔμπροσθεν
1015 2069 1080 2117 γάρ
1099 2069 1189 2117 λέγω
1217 2070 1264 2115 ἐφ’
1287 2071 1303 2103 ὃ
1321 2073 1356 2103 αἰ

367 2114 547 2152 αἰσθήσεις.

300 2160 355 2191 Διό
379 2161 436 2192 καὶ
461 2157 520 2191 οὐκ
545 2159 577 2190 ἐν
604 2157 732 2190 ἅπαντι
757 2156 889 2202 σώματι
915 2159 956 2191 vd
983 2159 1051 2192 ἄνω
1083 2161 1140 2191 καὶ
1170 2158 1267 2191 κάτω
1298 2161 1358 2192 καὶ

366 2204 406 2237 τὸ
430 2200 536 2245 δεξιὸν
561 2204 618 2234 καὶ
646 2202 816 2246 ἀριστερὸν
842 2205 899 2235 καὶ
926 2203 967 2236 τὰ
993 2203 1177 2258 ἔμπροσθεν
1202 2205 1261 2236 καὶ
1286 2205 1359 2237 ὄπι-

365 2248 438 2280 σθεν
467 2247 656 2291 ζητητέον,
692 2246 762 2278 ἀλλ’
793 2245 856 2286 ὅσα
889 2247 959 2293 ἔχει
990 2260 1151 2287 κινησεως
1183 2248 1290 2294 ἀρχὴν
1324 2250 1357 2282 ἐν

367 2294 482 2330 αὐτοῖς
518 2291 650 2337 ἔμψυχα
683 2290 784 2324 ὄντα·
811 2292 891 2324 τῶν.
912 2292 976 2339 γάρ
1013 2292 1151 2348 ἀψύχων
1184 2291 1216 2326 ἑν
1249 2294 1357 2327 οὐθενὶ

366 2338 486 2381 ὁρῶμεν
506 2335 577 2368 ὅθεν
602 2339 622 2374 ἠ
647 2335 734 2381 ἀρχή
753 2336 815 2373 τῆς
838 2337 1011 2376 κινήσεως.
1045 2340 1097 2371 Τα
1113 2338 1172 2383 μὲν
1189 2338 1255 2385 γάρ
1274 2337 1357 2378 ὅλως

366 2382 402 2413 οὗ
426 2385 580 2422 κινεῖται,
600 2381 647 2414 τά
670 2379 707 2415 δὲ
730 2385 874 2413 κινεῖται
899 2382 958 2426 μὲν
983 2383 1055 2415 ἀλλ’
1079 2383 1117 2415 οὗ
1136 2383 1357 2429 πανταχόθεν

367 2427 507 2469 ὁμοίως,
538 2426 604 2457 οἷον
631 2427 672 2458 τὸ
697 2427 760 2470 πῦρ
795 2425 861 2457 ἄνω
894 2426 995 2470 μόνον
1022 2429 1086 2459 ’καὶ
1111 2429 1131 2464 ἡ
1156 2428 1202 2474 γῆ
1236 2428 1292 2460 ἐπὶ
1318 2429 1359 2462 τὸ

365 2469 478 2514 μέσον.

294 2513 382 2546 Ἀλλ’
404 2515 436 2546 ἐν
461 2514 519 2558 μὲν
544 2513 681 2552 τούτοις
704 2513 848 2561 λέγομεν
874 2514 915 2547 τὸ
942 2514 1009 2547 ἄνω
1034 2517 1091 2547 καὶ
1116 2515 1214 2548 κάτω
1237 2518 1296 2548 καὶ
1318 2517 1360 2550 τὸ

364 2554 470 2600 δεξιὸν
494 2559 551 2590 καὶ
584 2558 755 2614 ἀριστερὸν
790 2571 814 2591 π
838 2558 870 2596 ὃς
899 2560 989 2602 ἡμᾶς
1022 2559 1311 2605 ἑπαναφέροντες·
1339 2561 1360 2598 ἡ

364 2603 411 2649 γοὶ
451 2602 545 2636 κατοὶ
569 2615 616 2635 τα
640 2604 792 2647 ήμετερα
817 2569 934 2645 geisae,
961 2603 1072 2649 ὥσπερ
1100 2606 1128 2636 οἱ
1153 2604 1311 2649 μάντεις,
1339 2605 1360 2643 ἦ

365 2616 437 2679 καθ’
460 2646 649 2691 ὁμοιότητα
670 2652 741 2686 τοῖς
759 2647 951 2692 ἧμετέροις,
971 2649 1038 2680 οἷον
1057 2648 1105 2681 τοὶ
1121 2650 1185 2682 τοῦ
1208 2644 1362 2694 ἀνδριάν-

366 2703 438 2732 τος,
459 2690 480 2728 ἦ
498 2692 544 2724 τά
568 2692 725 2730 ἐναντίως
752 2693 880 2737 ἔχοντα
906 2694 951 2735 τῇ
977 2691 1080 2734 θέσει,
1099 2688 1208 2770 δεξιόν
1234 2693 1293 2736 μὲν
1318 2695 1359 2727 τὸ

365 2735 460 2768 κατά
482 2735 522 2768 τὰ
548 2735 651 2779 ἢμέτε
675 2748 709 2768 ον
736 2735 926 2783 ἀριστερόν,
947 2736 1121 2794 ἀριστερόν
1167 2738 1241 2772 ὲτό
1265 2739 1362 2772 κατοί

367 2779 407 2812 τὸ
432 2779 593 2824 ἡμέτερον
618 2749 739 2823 δεξιόν,
769 2784 846 2822 [καὶ
872 2781 1007 2815 ὄπισθεν
1034 2794 1075 2815 το
1099 2783 1196 2817 κατά
1220 2782 1261 2816 τὸ
1279 2783 1362 2827 ἡμέ-

366 2835 459 2868 τερον
490 2824 704 2868 ἔμπροσθεν].
737 2827 794 2858 Ἐν
821 2827 939 2864 αὑτοῖς
965 2821 1005 2859 δὲ
1027 2826 1166 2866 τούτοις
1200 2823 1360 2873 οὐδεμίαν

367 2869 489 2912 ὁρῶμεν
520 2863 700 2914 διαφοράν·
729 2868 785 2903 ἑοὶν
817 2871 881 2918 γοὶρ
917 2870 1089 2904 ἀνάπαλιν
1122 2873 1281 2917 στραφῇ,
1314 2873 1361 2907 τοὶ

367 2913 506 2944 ἐναντία
538 2914 672 2958 ἐροῦμεν
704 2909 802 2956 δεξιοὶ
830 2918 889 2948 καὶ
923 2916 944 2948 ἁ
965 2917 1085 2962 ιστεροὶ
1115 2919 1174 2949 καὶ
1204 2917 1271 2950 ἄνω
1302 2920 1359 2950 καὶ

365 2955 459 2989 κάτω
483 2958 540 2989 καὶ
566 2957 748 3003 ἔμπροσθεν
773 2962 832 2992 καὶ
857 2960 935 2993 ὄπισ
959 2973 1005 2993 εν.

302 2998 356 3032 Διὸ
386 3002 443 3032 καὶ
474 3002 539 3033 τῶν
571 3002 799 3048 Πυθαγορείων
833 3005 872 3038 ἄν
906 3017 956 3043 τις
990 3004 1053 3037 θαυ
1084 3004 1193 3038 άσειεν
1220 3005 1273 3040 ὅτι
1298 3001 1359 3039 δύο

366 3044 468 3087 μόνας
493 3045 626 3084 ταύτας
654 3048 759 3101 ἀρχάς
785 3048 915 3096 ἔλεγον,
941 3049 982 3081 τὸ
1006 3017 1115 3091 &zellehe
1140 3051 1199 3083 καὶ
1224 3050 1266 3084 τὸ
1294 3051 1361 3096 ἀρι-

368 3101 426 3121 στε
450 3088 501 3130 όν,
529 3090 589 3127 τοὶς
638 3092 651 3123 ἐ
677 3105 852 3137 τετταρας
877 3093 1065 3139 παρέλιπον

304 3130 396 3164 οὐθὲν
422 3145 526 3169 ηττον
550 3137 662 3177 κυρίας
689 3135 807 3175 οὔσας·

306 3175 397 3207 οὐθὲν
422 3177 484 3223 γάρ
511 3178 644 3211 ἐλάττω
670 3176 831 3225 διαφοράν
850 3182 920 3227 ἔχει
941 3182 990 3215 τοὶ
1008 3182 1075 3215 ἅνω
1093 3182 1173 3226 προς
1193 3183 1239 3216 τά
1263 3182 1360 3216 κάτω

369 3223 424 3251 καὶ
450 3220 497 3252 τοὶ
520 3222 700 3276 ἔμπροσθεν
727 3225 805 3269 πρὸς
831 3227 879 3258 τοὶ
902 3226 1036 3259 ὄπισθεν
1056 3226 1077 3264 ἦ
1100 3227 1147 3259 τά
1163 3223 1261 3269 δεξιά
1281 3228 1361 3273 πρὸς

372 3264 418 3295 τά
444 3265 600 3309 ἀριστερά
625 3268 656 3298 ἐν
684 3267 790 3301 ἅπασι
815 3275 885 3308 τοῖς
916 3270 1025 3313 ζῴοις.
1064 3271 1115 3303 Τά
1139 3272 1198 3316 μὲν
1224 3272 1289 3319 γάρ
1315 3275 1361 3316 τῇ

371 3302 508 3351 δυνάμει
533 3305 677 3355 διαφέρει
702 3312 814 3355 μόνον,
841 3315 889 3347 τά
912 3311 949 3347 δὲ
973 3317 1031 3348 καὶ
1057 3320 1127 3354 τοῖς
1153 3315 1326 3363 σχήμασι·

307 3389 363 3419 καὶ
390 3387 430 3419 τὸ
454 3388 511 3431 μὲν
539 3390 604 3421 ἄνω
628 3394 684 3422 καὶ
710 3392 749 3424 τὸ
773 3393 867 3427 κάτω
889 3397 972 3428 πᾶσι
993 3401 1064 3435 τοῖς
1084 3397 1243 3443 ἐμψύχοις
1270 3397 1361 3432 ἐστὶν

375 3431 490 3485 ὁμοίως
514 3433 609 3474 ζῴοις
632 3437 688 3466 καὶ
714 3442 847 3479 φυτοῖς,
873 3440 913 3472 τὸ
937 3436 975 3472 δὲ
1000 3436 1107 3482 δεξιον
1140 3445 1198 3475 καὶ
1224 3443 1266 3476 τὸ
1293 3444 1362 3487 ἀρι-

374 3486 490 3518 στερον
516 3477 574 3508 οὐκ
599 3478 776 3524 ἐνυπάρχει
802 3486 870 3520 τοῖς
895 3489 1021 3526 φυτοῖς.

301 3517 378 3550 Ἔτι
402 3513 430 3548 δ’
456 3520 496 3555 ὠς
522 3520 562 3552 τὸ
587 3522 689 3563 μῆκος
715 3525 776 3555 τοῦ
803 3526 952 3565 πλάτους
979 3541 1002 3560 π
1026 3529 1154 3573 ότερον,
1181 3532 1209 3563 εἱ
1235 3532 1276 3565 τὸ
1301 3532 1359 3576 μὲν

378 3561 443 3593 ἄνω
469 3564 530 3594 τοῦ
555 3563 677 3608 μήκους
705 3567 810 3612 ἀρχή,
837 3570 878 3601 τὸ
902 3566 939 3603 δὲ
963 3541 1071 3613 δεξιὸν
1098 3577 1159 3607 τοῦ
1185 3576 1358 3618 πλάτους,

376 3606 396 3642 ἢ
421 3601 458 3637 δὲ
483 3607 543 3639 τοῦ
570 3609 729 3653 προτέρου
756 3612 842 3656 ἀρχή
868 3617 1029 3659 προτέρα,
1056 3618 1217 3662 πρότερον
1245 3621 1283 3653 ἂν
1309 3622 1358 3659 εἴη

1413 818 1431 836 *
1454 819 1619 856 Quoniam
1642 826 1751 851 autem
1783 820 1916 861 quidam
1938 827 2014 851 sunt
2045 821 2102 862 qui
2135 821 2246 852 dicunt
2277 831 2344 852 esse
2371 820 2493 862 aliquid

1482 864 1628 894 dextrum
1652 871 1683 895 et
1705 864 1870 896 sinistrum
1893 865 1983 904 caeli,
2006 866 2286 906 quemadmodum
2308 866 2413 897 vocati
2431 866 2492 907 Py-

1482 907 1636 948 thagorici
1658 907 1806 951 (illorum
1824 909 1910 940 enim
1929 909 1987 940 iste
2003 920 2109 941 sermo
2129 908 2206 953 est),
2223 909 2492 942 considerandum

1482 958 1593 982 utrum
1621 952 1683 983 hoc
1707 963 1740 984 se
1768 953 1863 984 habet
1885 954 1987 984 modo
2011 961 2048 985 ut
2074 954 2120 985 illi
2145 954 2274 994 dicunt,
2306 962 2361 986 aut
2390 955 2492 996 magis

1483 996 1588 1027 aliter:
1614 996 1640 1026 si
1663 997 1796 1038 quidem
1820 1004 1948 1038 oportet
1966 998 2114 1039 adaptare
2137 999 2237 1030 totius
2261 999 2389 1040 corpori
2413 999 2491 1031 haec

1482 1040 1647 1081 principia.
1672 1041 1853 1073 Confestim
1876 1042 1963 1073 enim
1986 1043 2144 1083 primum,
2169 1043 2195 1074 si
2218 1044 2364 1075 dextrum
2390 1044 2493 1076 existit

1483 1091 1514 1115 et
1532 1085 1707 1125 sinistrum,
1723 1086 1828 1118 adhuc
1850 1087 1939 1127 prius
1963 1087 2069 1128 priora
2092 1088 2338 1120 existimandum
2361 1088 2492 1121 existere

1481 1129 1637 1170 principia
1660 1130 1692 1160 in
1716 1130 1799 1172 ipso.
2154 1158 2158 1160 .

1414 1174 1670 1205 Determinatum
1694 1181 1741 1205 est
1763 1174 1896 1216 quidem
1918 1175 2013 1216 igitur
2037 1176 2076 1206 de
2100 1175 2148 1207 his
2171 1176 2204 1207 in
2232 1175 2281 1208 his
2305 1187 2388 1219 quae
2411 1177 2492 1210 circa

1482 1218 1670 1250 animalium
1693 1215 2007 1260 motus,‘propterea
2030 1221 2120 1262 quod
2143 1221 2272 1262 propria
2295 1229 2371 1253 sunt
2398 1229 2490 1254 natu-

1481 1273 1533 1294 rae
1556 1263 1698 1295 illorum.
1718 1263 1884 1295 Manifeste
1907 1264 1994 1295 enim
2017 1264 2049 1295 in
2074 1264 2264 1296 animalibus
2287 1265 2417 1298 existere
2445 1265 2492 1298 vi—

1481 1308 1615 1346 dentur,
1639 1308 1688 1339 his
1712 1308 1845 1350 quidem
1873 1319 1987 1340 omnes
2010 1309 2088 1340 tales
2120 1316 2225 1351 partes
2249 1308 2340 1353 (dico
2364 1317 2492 1350 autem,

1481 1359 1570 1393 puta,
1585 1353 1732 1384 dextrum
1747 1360 1779 1385 et
1795 1353 1984 1397 sinistrum),
2003 1354 2053 1386 his
2069 1361 2178 1386 autem
2191 1355 2362 1396 quaedam,
2376 1355 2492 1397 plan&

1481 1404 1591 1429 autem
1613 1408 1742 1429 sursum
1765 1405 1797 1429 et
1819 1399 1972 1430 deorsum
1995 1399 2113 1431 solum.
2181 1414 2183 1416 ·

1413 1441 1431 1460 *
1454 1441 1487 1474 Si
1511 1449 1619 1474 autem
1642 1450 1770 1484 oportet
1794 1443 1882 1475 caelo
1906 1444 2054 1485 adaptare
2076 1443 2198 1486 aliquid
2220 1444 2350 1484 talium,
2375 1451 2406 1476 et
2426 1442 2492 1486 pri-

1482 1497 1586 1526 mum,
1607 1488 1886 1529 quemadmodum
1909 1488 2058 1527 diximus,
2081 1488 2115 1520 in
2139 1488 2330 1520 animalibus
2357 1489 2492 1522 existens

1481 1531 1667 1564 rationabile
1682 1533 1812 1564 existere
1827 1532 1860 1563 in
1875 1532 1959 1574 ipso.
1975 1533 2095 1564 Tribus
2114 1533 2201 1564 enim
2217 1533 2354 1573 entibus,
2373 1535 2492 1566 untim—

1481 1577 1636 1618 quodque
1665 1577 1754 1609 velut
1779 1577 1972 1619 principium
2002 1578 2168 1619 quoddam
2190 1584 2255 1610 est:
2279 1578 2352 1610 dico
2383 1584 2492 1611 autem

1481 1621 1540 1652 tria
1563 1629 1692 1654 sursum
1715 1629 1747 1654 et
1769 1623 1940 1662 deorsum,
1965 1629 1996 1655 et
2018 1623 2158 1655 anterius
2180 1630 2213 1655 et
2235 1623 2437 1664 oppositum,
2460 1630 2492 1658 et

1481 1666 1628 1697 dextrum
1647 1673 1678 1698 et
1701 1667 1880 1699 sinistrum:
1897 1667 1954 1699 has
1970 1667 2058 1699 enim
2073 1668 2288 1700 dimensiones
2305 1667 2492 1701 rationabile

1482 1710 1611 1742 existere
1635 1711 1824 1753 corporibus
1846 1711 1993 1753 perfectis
2016 1723 2142 1744 omnes.

1398 1799 1471 1838 ,Est
1480 1806 1588 1831 autem
1605 1809 1733 1831 sursum
1749 1799 1883 1842 quidem
1897 1800 2107 1841 longitudinis
2122 1798 2328 1843 principium,
2343 1789 2491 1834 dextrum

1481 1851 1590 1876 autem
1612 1845 1799 1884 latitudinis,
1823 1845 1962 1877 anterius
1985 1852 2094 1876 autem
2117 1845 2354 1886 profunditatis.

1413 1889 1528 1925 Adhuc
1552 1896 1660 1921 autem
1683 1889 1773 1921 aliter
1795 1890 1973 1922 secundum
1989 1897 2110 1923 motus.
2130 1890 2290 1931 Principia
2307 1890 2395 1923 enim
2411 1890 2491 1925 haec

1481 1934 1553 1965 dico
1587 1934 1672 1966 unde
1702 1934 1861 1975 incipiunt
1889 1935 2031 1976 primum
2061 1942 2171 1967 motus
2201 1935 2413 1978 habentibus:
2442 1941 2492 1969 est

1480 1986 1589 2010 autem
1612 1989 1631 2009 a
1653 1989 1782 2010 sursum
1798 1979 1930 2021 quidem
1949 1979 2178 2021 augmentatio,
2202 1990 2221 2011 a
2244 1980 2358 2012 dextris
2382 1986 2492 2013 autem

1481 2023 1536 2064 qui
1561 2023 1739 2054 secundum
1762 2024 1891 2064 locum,
1922 2025 1961 2055 ab
1985 2025 2195 2056 anterioribus
2224 2031 2334 2056 autem
2362 2024 2420 2067 qui
2442 2034 2491 2057 se-

1481 2068 1625 2099 cundum
1649 2077 1779 2099 sensum
1803 2066 1961 2112 (anterius
1985 2068 2072 2100 enim
2100 2069 2172 2101 dico
2195 2069 2229 2100 in
2253 2079 2320 2111 quo
2349 2066 2489 2113 sensus).

1412 2157 1430 2176 *
1442 2158 1575 2198 Propter
1589 2158 1680 2199 quod
1696 2164 1727 2190 et
1745 2168 1812 2189 non
1828 2158 1861 2190 in
1878 2159 1969 2190 omni
1988 2169 2123 2200 corpore
2138 2169 2268 2191 sursum
2279 2166 2311 2192 et
2326 2161 2490 2201 deorsum,

1480 2209 1512 2233 et
1534 2202 1680 2234 dextrum
1703 2209 1735 2234 et
1750 2202 1925 2244 sinistrum,
1949 2211 1980 2236 et
2003 2204 2142 2236 anterius
2166 2211 2198 2236 et
2220 2204 2379 2246 posterius
2394 2214 2492 2248 quse-

1480 2247 1634 2285 rendum3
1659 2247 1714 2278 sed
1738 2258 1961 2290 quaecumque
1984 2249 2101 2281 habent
2124 2257 2234 2282 motus
2249 2249 2445 2292 principium
2458 2249 2492 2282 in

1481 2290 1557 2332 ipsis
1572 2291 1711 2323 animata
1736 2292 1830 2324 entia.
1849 2293 2101 2326 Inanimatorum
2124 2293 2211 2325 enim
2233 2294 2267 2325 in
2291 2294 2382 2326 nullo
2405 2293 2492 2326 vide-

1481 2345 1554 2366 mus
1569 2336 1655 2367 unde
1671 2335 1865 2377 principium
1877 2345 2000 2370 motus:
2012 2338 2089 2369 haec
2105 2337 2237 2379 quidem
2253 2338 2341 2370 enim
2355 2338 2491 2371 omnino

1481 2390 1549 2411 non
1572 2387 1757 2420 moventur;
1781 2381 1859 2413 haec
1882 2388 1990 2413 autem
2018 2389 2190 2414 moventur
2204 2382 2348 2425 quidem,
2372 2383 2428 2415 sed
2450 2383 2491 2415 ab

1482 2424 1572 2455 omni
1595 2431 1682 2465 parte
1706 2425 1860 2466 similiter,
1885 2433 1963 2467 puta
1977 2426 2059 2467 ignis
2075 2437 2204 2458 sursum
2225 2427 2332 2459 solum
2357 2434 2388 2459 et
2409 2434 2492 2459 terra

1482 2469 1521 2499 ad
1545 2468 1699 2500 medium.

1414 2512 1432 2532 *
1444 2512 1507 2544 Sed
1518 2513 1551 2544 in
1567 2513 1616 2544 his
1631 2513 1763 2555 quidem
1779 2514 1916 2546 dicimus
1931 2525 2060 2547 sursum
2073 2522 2104 2547 et
2117 2516 2281 2556 deorsum,
2297 2523 2329 2558 et
2344 2517 2491 2548 dextrum

1482 2564 1514 2588 et
1542 2557 1721 2597 sinistrum,
1745 2559 1786 2589 ad
1809 2568 1868 2590 nos
1898 2559 2077 2591 referentes.
2101 2562 2168 2592 Aut
2198 2560 2284 2592 enirn
2312 2561 2491 2593 secundum

1483 2609 1605 2633 nostras
1629 2603 1762 2642 dextras,
1779 2604 2057 2645 quemadmodum
2071 2605 2280 2644 divinatores3
2303 2612 2359 2637 aut
2378 2615 2490 2637 secun-

1484 2646 1562 2677 dum
1593 2646 1836 2678 similitudinem
1863 2649 1994 2689 nostris,
2021 2649 2299 2690 quemadmodum
2322 2660 2404 2692 quae
2427 2657 2490 2683 sta-

1483 2697 1572 2729 tuae;
1596 2698 1652 2722 aut
1674 2701 1756 2732 quae
1780 2693 1939 2724 contrario
1963 2693 2081 2725 habent
2103 2694 2317 2735 positionem,
2343 2695 2490 2727 dextrum

1483 2735 1614 2776 quidem
1638 2735 1724 2766 enim
1747 2737 1837 2778 quod
1853 2738 1893 2768 ad
1909 2745 2052 2770 nostram
2067 2738 2238 2778 sinistram,
2254 2739 2419 2771 sinistrum
2434 2749 2490 2772 ιιι-

1482 2786 1547 2811 tem
1571 2780 1781 2820 contrarium,
1806 2788 1837 2813 et
1864 2782 2022 2823 posterius
2052 2783 2142 2825 quod
2170 2784 2210 2815 ad
2233 2790 2381 2815 nostrum
2403 2790 2490 2816 ante-

1483 2823 1559 2855 rius.
1585 2825 1620 2855 In
1636 2824 1712 2865 ipsis
1728 2832 1836 2857 autem
1857 2826 1905 2858 his
1922 2827 2045 2858 nullam
2058 2828 2205 2859 videmus
2221 2827 2446 2860 differentiam:
2463 2827 2490 2860 si

1482 2869 1569 2899 enim
1592 2879 1609 2900 e
1633 2870 1791 2901 contrario
1807 2878 1979 2910 vertantur,
1997 2871 2152 2904 contraria
2171 2872 2314 2904 dicemus
2337 2873 2444 2905 dextra
2459 2879 2491 2905 et

1483 2913 1617 2953 sinistra,
1634 2921 1665 2946 et
1683 2925 1811 2946 sursum
1827 2922 1858 2947 et
1878 2916 2041 2956 deorsum,
2061 2923 2092 2948 et
2110 2917 2269 2958 posterius
2285 2924 2316 2949 et
2339 2917 2488 2950 anterius.

1414 3002 1431 3022 *
1452 3003 1585 3043 Propter
1608 3004 1697 3045 quod
1725 3011 1755 3036 et
1780 3004 2008 3046 Pythagoricos
2031 3006 2143 3048 utique
2167 3007 2240 3050 quis
2263 3007 2488 3050 admirabitur,

1482 3047 1557 3088 quia
1581 3048 1646 3079 duo
1670 3049 1738 3079 sola
1760 3049 1837 3080 haec
1860 3049 2015 3091 principia
2038 3051 2201 3092 dicebant,
2224 3052 2371 3085 dextrum
2393 3060 2426 3086 et
2447 3051 2488 3086 si-

1482 3091 1628 3131 nistrum,
1652 3100 1791 3134 quatuor
1814 3101 1922 3125 autem
1946 3095 2183 3138 dereliquerunt

1416 3135 1494 3166 nihil
1518 3136 1625 3168 minus
1649 3137 1833 3178 principalia
1857 3139 2029 3171 existentia.

1415 3179 1503 3211 Nihil
1526 3181 1611 3211 enim
1635 3181 1793 3213 minorem
1817 3183 2023 3215 differentiam
2046 3184 2164 3217 habent
2187 3195 2269 3228 quae
2297 3196 2425 3218 sursum
2448 3187 2488 3218 ad

1482 3235 1564 3266 quae
1595 3226 1765 3265 deorsum,
1798 3234 1828 3258 et
1855 3238 1937 3269 quae
1961 3229 2099 3260 anterius
2130 3231 2170 3261 ad
2202 3240 2285 3272 quae
2313 3230 2487 3272 posterius,

1483 3279 1581 3310 quam
1605 3271 1711 3302 dextra
1734 3271 1773 3302 ad
1797 3272 1920 3303 sinistra
1943 3273 1974 3304 in
1999 3274 2150 3306 omnibus
2174 3274 2375 3306 animalibus.
2400 3275 2488 3307 Haec

1482 3314 1615 3388 fquidem
1639 3315 1726 3346 enim
1752 3315 1867 3348 virtute
1899 3317 2047 3350 differunt
2069 3319 2197 3358 solum,
2220 3319 2298 3351 haec
2321 3327 2429 3351 autem
2457 3326 2488 3352 et

1504 3368 1598 3399 guns.

1414 3402 1431 3421 *
1460 3403 1500 3433 Et
1529 3413 1655 3434 sursum
1684 3411 1714 3435 et
1743 3404 1892 3436 deorsum
1921 3406 2072 3438 omnibus
2099 3407 2246 3439 animatis
2269 3408 2432 3448 similiter,
2457 3415 2488 3441 et

1482 3447 1671 3478 animalibus
1691 3456 1721 3480 et
1745 3450 1876 3490 plantis:
1897 3451 2043 3482 dextrum
2058 3458 2166 3483 autem
2190 3459 2221 3484 et
2239 3452 2403 3484 sinistrum
2419 3463 2486 3485 non

1483 3492 1583 3523 existit
1606 3492 1637 3523 in
1662 3493 1787 3533 plantis.

1415 3535 1528 3567 Adhuc
1557 3544 1680 3575 autem,
1711 3545 1746 3569 ut
1776 3539 1944 3579 longitudo
1976 3539 2142 3571 latitudine
2170 3540 2273 3581 prior,
2302 3541 2328 3572 si
2359 3551 2487 3573 sursum

1481 3581 1687 3621 longitudinis
1721 3583 1934 3624 principium,
1968 3584 2113 3616 dextrum
2149 3591 2257 3616 autem
2293 3585 2485 3624 latitudinis,

1482 3625 1593 3665 prioris
1610 3633 1717 3657 autem
1732 3627 1925 3669 principium
1941 3628 2040 3670 prius,
2051 3629 2139 3670 prius
2155 3629 2266 3671 utique
2286 3629 2343 3662 erit
2358 3640 2485 3662 sursum

2520 830 2529 839 ·
2541 828 2632 857 Capax.
2640 829 2735 859 Text-7.

2518 1451 2652 1478 'Textsso

2518 2167 2530 2179 ·
2543 2166 2612 2191 Tm.
2627 2173 2651 2197 9.

2517 2523 2529 2535 “
2541 2522 2611 2547 Text.
2625 2528 2657 2546 ιο.

2516 3013 2526 3023 ·
2540 3011 2609 3036 Text.
2623 3018 2650 3035 ιι.

2763 3212 2782 3390 &mh-...4
2777 3163 2782 3205 ..-
2776 3005 2782 3155 ..u—..u
2775 2956 2782 2997 A„
2778 2916 2782 2949 ..⁴

2514 3416 2607 3440 '‘rext.
2621 3421 2652 3439 rs.
