2782 4134
88 1383 98 1392 “
113 1387 198 1410 corpus
211 1387 260 1404 om.
269 1387 298 1403 pc

325 295 401 342 278

378 372 478 410 Dicit
505 384 594 420 ergo
621 371 767 421 primo:
798 372 837 408 Si
868 384 1004 420 corpus
1031 377 1197 419 ponatur
1229 369 1385 406 omnino

327 438 408 462 esse
438 425 621 472 divisum,
653 424 914 473 quaerendum
944 431 1057 460 restat
1085 422 1176 471 quid
1205 422 1274 458 erit
1301 421 1385 458 reli-

327 491 454 527 quum,
471 478 566 515 idest
584 477 690 527 quod
706 485 876 514 remanet
890 474 904 500 ⁵
917 483 1003 525 post
1023 475 1271 512 divisionem:
1291 474 1386 510 sicut

326 531 502 569 videmus
530 542 728 567 remanere
751 531 790 566 in
810 529 915 566 omni
945 528 1128 565 divisione
1158 539 1203 563 ea
1229 526 1267 563 in
1287 539 1385 575 quae

328 584 492 622 divisum
521 583 718 621 resolvitur
745 588 768 619 ⁰.
798 603 822 609 -
843 583 892 618 Et
925 581 1050 629 primo
1089 578 1252 616 ostendit
1280 580 1385 628 quod

326 650 407 674 non
426 643 620 673 remaneat
644 634 876 683 magnitudo.
899 635 985 670 Hoc
1014 632 1115 669 enim
1136 639 1191 669 est
1209 632 1385 680 impossi-

327 690 417 726 bile:
439 696 659 737 sequeretur
687 687 788 724 enim
814 686 919 735 quod
947 685 1072 722 adhuc
1101 692 1311 722 remaneret
1331 684 1384 722 di—

325 742 471 779 visibile
499 754 577 778 non
607 741 786 785 divisum,
815 740 877 776 vel
906 739 1009 787 quod
1037 738 1257 786 magnitudo
1288 746 1386 774 esset

327 794 468 843 aliquid
483 807 561 830 non
576 793 760 831 divisibile
776 798 811 838 ⁷³3
830 791 1025 828 dicebatur
1040 799 1168 828 autern
1184 792 1288 840 quod
1304 803 1385 827 cor-

325 860 397 897 pus
418 854 496 884 erat
514 846 671 883 omnino
691 844 892 882 divisibile:
914 852 950 881 et
976 844 1026 881 ita
1055 852 1204 893 oportet
1223 844 1328 893 quod
1347 843 1386 881 id

327 899 430 949 quod
459 906 628 936 remanet
663 905 751 947 post
778 897 1026 944 divisionem,
1057 898 1160 934 nullo
1190 897 1310 934 modo
1339 897 1386 933 sit

327 952 531 998 divisibile;
562 963 650 988 cum
678 958 807 987 tamen
831 958 1069 999 supponatur
1087 951 1135 987 ab
1165 949 1384 988 adversario

327 1005 431 1054 quod
450 1003 672 1052 magnitudo
693 1003 738 1040 sit
763 1003 921 1040 omnino
952 1003 1157 1041 divisibilis.

380 1058 557 1094 Secundo
583 1055 772 1093 concludit
790 1056 908 1104 quod,
929 1056 958 1093 si
975 1056 1066 1093 illud
1085 1055 1190 1103 quod
1210 1054 1385 1103 relinqui-

324 1118 384 1147 tur
410 1116 426 1141 Ρ
451 1117 539 1158 post
566 1109 819 1157 divisionem,
849 1121 974 1158 neque
1002 1109 1049 1146 sit
1085 1121 1223 1157 corpus
1259 1120 1386 1156 neque

325 1162 565 1211 magnitudo,
588 1169 624 1199 et
649 1169 780 1199 tamen
807 1162 853 1199 sit
880 1163 977 1199 facta
1009 1161 1144 1199 divisio
1173 1161 1385 1198 secundum

324 1223 458 1263 totum,
479 1215 574 1252 sicut
602 1215 744 1252 dictum
774 1222 843 1262 est;
873 1214 1095 1263 relinquitur
1115 1214 1228 1264 quod·
1250 1214 1385 1251 divisio

325 1269 392 1305 erit
420 1275 484 1305 aut
503 1280 547 1305 ex
566 1267 726 1317 punctis,
755 1268 807 1304 ita
839 1268 946 1316 quod
974 1280 1112 1317 corpus
1140 1267 1301 1305 finaliter
1329 1280 1386 1304 re-

324 1322 490 1359 solvetur
516 1321 556 1358 in
582 1328 734 1370 puncta,
761 1327 798 1357 et
823 1333 893 1369 per
912 1333 1151 1369 consequens
1172 1333 1218 1357 ea
1242 1333 1286 1357 ex
1305 1320 1387 1369 qui-

325 1375 398 1411 bus
427 1373 669 1423 componitur
688 1386 826 1423 corpus
840 1373 860 1395 '¹‘
881 1381 989 1410 erunt
1007 1373 1089 1411 sine
1108 1373 1385 1421 magnitudine,

324 1434 388 1464 aut
406 1427 574 1475 sequitur
588 1426 692 1475 quod
707 1426 745 1464 id
760 1426 865 1475 quod
885 1434 940 1463 est
967 1426 1163 1464 residuum
1181 1435 1269 1475 post
1293 1426 1386 1464 divi-

323 1480 488 1527 sionem,
518 1479 565 1516 sit
592 1479 750 1516 omnino
779 1479 879 1516 nihil.

376 1533 508 1570 Tertio
529 1532 692 1570 ostendit
709 1533 785 1569 hoc
803 1532 1016 1569 secundum
1036 1544 1119 1577 esse
1139 1532 1384 1581 impossibile.

325 1586 436 1633 Quia,
454 1598 542 1623 cum
560 1585 866 1635 unumquodque
882 1592 1082 1634 generetur
1097 1597 1142 1622 ex
1155 1585 1214 1623 his
1229 1585 1269 1622 in
1287 1598 1386 1634 quae

325 1638 538 1686 resolvitur,
569 1638 599 1675 si
627 1650 716 1686 ergo
746 1638 945 1676 resolvitur
968 1644 982 1658 ‘¹
1009 1638 1049 1675 in
1077 1638 1179 1686 nihil,
1210 1646 1388 1687 sequetur

326 1692 430 1741 quod
468 1691 581 1729 etiam
610 1698 810 1739 generetur
848 1704 893 1729 ex
930 1690 1058 1729 nihilo.
1098 1691 1215 1738 Quod
1257 1699 1386 1729 autem

326 1745 569 1794 componitur
597 1757 642 1781 ex
670 1744 807 1792 nihilo,
841 1744 932 1782 nihil
966 1751 1032 1781 est.
1072 1745 1260 1792 Sequetur
1296 1757 1385 1793 ergo

326 1798 432 1847 quod
466 1810 604 1847 corpus
633 1797 680 1834 de
708 1810 786 1846 quo
815 1797 954 1846 agitur,
984 1797 1030 1834 sit
1057 1797 1168 1843 nihi1;
1203 1805 1239 1834 et
1271 1797 1386 1835 etiam

325 1859 448 1888 totum
475 1850 698 1888 universum
732 1850 868 1887 eadem
902 1850 1067 1897 ratione;
1101 1850 1170 1887 sed
1202 1850 1388 1899 quidquid

327 1904 394 1941 erit
421 1904 459 1941 in
487 1916 615 1940 rerum
635 1910 783 1951 natura,
802 1903 869 1940 erit
888 1903 1101 1941 secundum
1126 1904 1387 1952 apparentiam

324 1964 470 1995 tanturn
497 1963 523 2003 τ,
555 1964 591 1993 et
618 1969 697 1994 non
725 1956 937 1994 secundum
967 1956 1212 1994 existentiam.
1252 1976 1259 1981 »

827 294 898 330 DE
928 292 1316 330 GENERATIONE
1345 291 1416 327 ET
1446 290 1828 327 CORRUPTIONE
1858 292 1952 328 LIB.
1983 293 1998 327 I

1441 380 1559 416 quam
1580 369 1770 416 quaedam
1791 369 1926 407 divisio
1942 369 2108 418 partium
2127 369 2261 416 lineae,
2284 381 2329 406 ex
2347 370 2422 407 hoc
2441 382 2507 407 au-

1440 428 1519 457 tem
1548 422 1652 469 quod
1671 421 1811 470 aliquid
1831 422 2008 460 dividitur
2027 422 2066 459 in
2085 423 2162 459 duo
2191 422 2254 459 vel
2281 423 2401 470 plura,
2427 435 2507 460 non

1442 473 1602 510 efficitur
1628 481 1752 512 totum
1776 487 1848 512 nec
1866 475 1990 512 maius
2015 487 2087 512 nec
2112 474 2238 511 minus
2258 487 2375 524 quam
2402 475 2506 524 prius

1440 526 1549 562 fuerit
1577 532 1609 563 ⁰:
1630 526 1680 564 ita
1700 527 1803 564 enim
1823 540 1962 577 corpus
1989 540 2167 577 parvum,
2188 527 2282 564 sicut
2309 539 2505 575 magnum,

1439 586 1565 628 potest
1580 579 1698 617 dividi
1716 580 1756 617 in
1777 580 1855 618 duo
1882 581 1945 618 vel
1973 582 2093 630 plura.
2114 581 2164 617 Et
2191 580 2243 617 sic
2269 587 2374 629 patet
2401 580 2507 629 quod

1439 639 1592 680 puncta,
1609 645 1710 682 quae
1725 633 1814 670 nihil
1833 633 1934 671 aliud
1949 642 2037 670 sunt
2055 645 2174 682 quam
2190 633 2410 681 divisiones,
2426 645 2506 670 non

1440 684 1582 721 faciunt
1615 685 1756 737 aliquid
1786 686 1910 723 maius
1938 691 1964 724 P.
1990 687 2102 724 Unde
2135 685 2357 735 relinquitur
2387 686 2505 735 quod,

1440 737 1471 774 si
1498 745 1638 786 puncta
1672 746 1953 790 componantur
1990 739 2224 787 adinvicem,
2254 751 2334 776 non
2366 739 2508 776 faciunt

1441 790 1580 838 aliquid
1608 791 1744 828 maius.

1495 843 1558 880 Sic
1584 843 1695 891 igitur
1711 844 1864 881 videtur
1883 856 1965 882 esse
1984 844 2220 894 impossibile
2239 844 2346 893 quod
2366 856 2506 894 corpus

1441 896 1486 932 sit
1513 896 1671 933 omnino
1705 896 1890 934 divisum:
1927 897 2017 945 quia
2052 910 2133 935 non
2167 904 2294 946 potest
2329 897 2508 946 assignari

1441 948 1534 997 quid
1553 949 1597 986 sit
1616 949 1812 986 residuum
1841 949 2048 998 divisionis,
2078 957 2262 1000 tanquam
2288 950 2508 1000 principalis
2551 946 2554 949 ⁴

1439 1002 1528 1050 par's
1557 1001 1728 1050 corporis
1757 1002 1876 1040 divisi.

1498 1055 1530 1092 5.
1548 1054 1698 1092 Deinde
1719 1067 1807 1091 cum
1828 1054 1933 1092 dicit:
1954 1055 2029 1092 Sed
2045 1061 2082 1092 et
2097 1056 2132 1092 si
2148 1067 2223 1104 qua
2244 1063 2327 1103 etc.,
2344 1055 2509 1094 ostendit

1442 1107 1547 1157 quod
1557 1120 1637 1144 non
1645 1115 1772 1156 potest
1786 1107 1967 1156 assignari
1977 1107 2070 1156 quid
2085 1108 2281 1146 residuum
2297 1108 2507 1156 divisionis,

1440 1168 1624 1209 tanquam
1648 1160 1789 1209 aliquid
1809 1161 1915 1210 quod
1935 1161 2102 1198 elabitur.
2133 1162 2183 1198 Et
2199 1161 2326 1210 primo
2346 1161 2510 1199 ostendit

1442 1214 1547 1263 quod
1565 1215 1637 1251 tale
1658 1213 1797 1263 aliquid
1819 1226 1898 1251 non
1914 1221 2041 1263 potest
2055 1226 2138 1251 esse
2158 1226 2316 1263 corpus;
2336 1213 2508 1252 secundo

1441 1267 1605 1305 ostendit
1624 1267 1729 1315 quod
1748 1279 1827 1304 non
1845 1274 1970 1316 potest
1989 1279 2071 1304 esse
2092 1267 2367 1317 quodcumque
2385 1267 2510 1305 incor-

1440 1332 1617 1369 poreum,
1645 1320 1718 1357 ibi:
1748 1320 1792 1356 Si
1816 1326 1942 1357 autem
1962 1332 2036 1358 non
2061 1326 2116 1357 est
2131 1332 2268 1369 corpus
2286 1319 2307 1342 ’¹‘
2326 1327 2396 1358 etc.

1494 1373 1593 1410 Dicit
1621 1385 1709 1421 ergo
1737 1373 1864 1422 primo
1893 1373 2000 1422 quod
2027 1373 2070 1421 si,
2092 1373 2214 1411 divisa
2240 1373 2401 1411 totaliter
2427 1385 2509 1411 ma-

1441 1426 1634 1474 gnitudine
1664 1438 1848 1475 corporea
1877 1426 1988 1464 divisi
2015 1426 2198 1476 corporis,
2223 1427 2290 1464 fiat
2317 1426 2427 1476 quasi
2445 1426 2509 1464 ali-

1442 1491 1518 1527 qua
1546 1491 1678 1516 rasura
1706 1491 1842 1527 serrae,
1864 1492 1963 1528 quae
1993 1480 2152 1517 elabitur
2180 1491 2226 1517 ex
2254 1479 2441 1517 divisione
2468 1484 2507 1528 Χ,

1440 1540 1591 1581 praeter
1603 1532 1829 1581 principales
1847 1540 1973 1582 partes
1991 1533 2030 1570 in
2045 1545 2140 1582 quas
2154 1532 2299 1582 lignum
2315 1532 2508 1580 dividitur;

1442 1593 1479 1622 et
1497 1585 1640 1623 dicatur
1659 1585 1765 1634 quod
1785 1598 1830 1623 ex
1859 1585 2115 1634 magnitudine
2141 1586 2327 1636 corporali
2349 1585 2510 1624 totaliter

1442 1638 1563 1676 divisa
1583 1638 1795 1687 egrediatur
1814 1638 1969 1688 aliquod
1989 1652 2140 1688 corpus,
2161 1638 2271 1688 quasi
2289 1639 2507 1683 residuum;

1441 1699 1620 1740 sequetur
1647 1691 1750 1729 idem
1779 1704 1907 1729 sermo
1937 1692 2002 1740 qui
2036 1699 2072 1729 et
2099 1704 2215 1742 supra
2237 1692 2278 1730 *ε
2308 1692 2509 1742 quomodo

1441 1744 1580 1781 scilicet
1598 1744 1772 1782 sustineri
1786 1745 1925 1794 poterit
1938 1745 2044 1794 quod
2058 1745 2149 1783 illud
2165 1757 2304 1795 corpus
2320 1745 2365 1783 sit
2383 1745 2510 1784 adhuc

1442 1797 1636 1844 divisibile,
1657 1798 1869 1835 secundum
1887 1805 2075 1847 ponentes
2099 1798 2247 1836 nullum
2267 1810 2407 1848 corpus
2425 1810 2509 1836 esse

1441 1850 1676 1898 indivisibile,
1697 1863 1786 1887 cum
1812 1851 1981 1899 positum
2005 1850 2050 1888 sit
2069 1863 2208 1900 corpus
2236 1851 2406 1888 naturale
2426 1863 2509 1890 esse

1443 1903 1606 1941 divisum
1635 1903 1805 1941 omnino.

1497 1957 1532 1994 6.
1562 1956 1710 1994 Deinde
1739 1968 1828 1993 cum
1857 1956 1959 1994 dicit:
1989 1957 2032 1993 Si
2065 1962 2192 1994 autem
2229 1968 2305 1994 non
2342 1962 2398 1994 est
2425 1967 2509 1995 cor-

379 2011 524 2057 Quarto
538 2011 722 2058 probatur
735 2009 903 2058 primum
917 2009 1230 2059 praemissorum,
1250 2009 1389 2047 scilicet
1436 2021 1511 2058 pus
1530 2017 1613 2057 etc.,
1635 2009 1797 2047 ostendit
1824 2009 1931 2058 quod
1957 2009 2178 2047 huiusmodi
2205 2009 2402 2047 residuum
2430 2021 2511 2048 non

325 2063 430 2111 quod
449 2075 527 2099 non
560 2063 627 2100 fiat
650 2062 828 2100 resolutio
843 2062 882 2100 in
909 2070 1062 2112 puncta.
1093 2063 1194 2110 Quia
1221 2062 1389 2100 similiter

324 2122 545 2164 sequeretur
558 2115 664 2164 quod
678 2115 724 2152 sit
738 2128 876 2164 corpus
892 2115 1146 2164 compositum
1163 2128 1207 2153 ex
1220 2116 1386 2164 punctis:

324 2177 361 2206 et
379 2169 430 2206 ita
457 2168 611 2205 ulterius
639 2176 860 2217 sequeretur
886 2168 992 2218 quod
1020 2181 1099 2206 non
1127 2168 1173 2205 sit
1201 2176 1387 2217 quantum

322 2222 449 2270 ipsum
469 2234 619 2270 corpus.
639 2223 739 2258 Ante
768 2221 870 2259 enim
891 2233 1008 2270 quam
1038 2234 1176 2270 corpus
1201 2221 1387 2259 dividere-

323 2283 392 2321 tur,
415 2281 451 2311 et
467 2281 609 2323 puncta
627 2274 830 2322 tangebant
853 2287 906 2322 se,
926 2281 1040 2324 prout
1061 2274 1200 2311 scilicet
1219 2282 1388 2312 extrema

324 2327 486 2365 duarum
510 2326 695 2364 linearum
715 2334 802 2364 sunt
829 2327 953 2374 simul,
976 2334 1011 2364 et
1040 2339 1086 2364 ex
1104 2328 1179 2364 hoc
1208 2335 1287 2365 erat
1310 2340 1387 2365 una

323 2379 543 2428 magnitudo
574 2380 763 2427 continua,
794 2388 830 2417 et
857 2380 969 2417 simul
998 2387 1104 2417 erant
1132 2380 1263 2418 omnia
1290 2393 1385 2430 pun-

324 2440 392 2480 cta,
423 2433 596 2470 nondum
626 2433 798 2470 distincta
826 2433 1067 2481 adinvicem,
1092 2446 1171 2470 non
1199 2433 1388 2471 faciebant

323 2493 446 2523 totum
488 2485 635 2522 maius:
673 2493 858 2535 punctum
902 2486 1005 2523 enim
1051 2486 1143 2523 nihil
1189 2494 1244 2523 est
1285 2486 1386 2524 aliud

379 2640 401 2674 ξ)
421 2648 458 2666 ex
476 2641 612 2670 divisione,
631 2648 699 2674 quae
711 2644 751 2666 est
764 2641 925 2674 principalis
938 2649 1040 2674 pars...
1055 2641 1124 2667 idest
1141 2642 1213 2674 quod
1228 2645 1357 2667 remanet.
1370 2656 1390 2661 -

325 2677 381 2702 Hoc
399 2684 452 2701 om.
471 2677 503 2707 A,
521 2676 611 2709 utique
630 2676 691 2709 quia
713 2676 909 2701 homoteleuton
928 2681 980 2708 est;
999 2685 1059 2702 nam
1078 2685 1131 2702 non
1150 2684 1208 2702 esse
1227 2677 1389 2710 superfluum

325 2712 366 2736 vel
381 2711 530 2742 addititium,
543 2716 613 2744 patet
627 2719 658 2736 ex
670 2719 743 2736 num.
757 2711 780 2736 5.
795 2711 864 2742 Quid
879 2711 1003 2745 significet
1015 2719 1083 2745 quae
1095 2715 1134 2738 est
1142 2712 1303 2745 principalis
1310 2720 1388 2745 pars,

326 2748 351 2772 in
369 2746 420 2771 fine
438 2754 511 2772 num.
524 2751 602 2779 patet.

379 2781 405 2814 ο)
425 2781 538 2806 divisum
557 2781 707 2807 resolvitur.
718 2795 737 2800 -
748 2782 892 2807 subiectum
911 2782 1055 2808 resolvitur
1074 2783 1104 2807 A.
1116 2797 1135 2801 -
1148 2783 1261 2816 Pergunt
1279 2783 1334 2808 Ca:
1353 2783 1389 2809 Et

322 2817 412 2850 primo
431 2817 581 2842 ostenditur
599 2817 670 2850 quod
688 2820 826 2842 remaneat
840 2817 998 2850 magnitudo
1013 2818 1095 2850 (quod
1113 2818 1170 2843 add.
1186 2818 1218 2851 C)
1233 2822 1273 2844 est
1291 2818 1389 2851 impos-

325 2853 415 2880 sibile:
433 2853 489 2877 A...
503 2852 564 2877 Non
583 2852 653 2877 enim
672 2852 721 2877 hoc
738 2855 778 2878 est
791 2852 924 2884 possibile.

379 2887 408 2919 π)
428 2888 468 2912 vel
486 2888 589 2920 quod...
604 2887 742 2913 divisibile.
754 2901 773 2906 -
786 2888 827 2912 vel
845 2887 949 2920 quod...
964 2888 1077 2913 divisum
1093 2889 1123 2918 A.
1138 2896 1191 2914 om.
1206 2889 1254 2914 Ca.
1273 2889 1309 2914 Pb
1321 2889 1388 2914 hanc

326 2923 518 2948 conclusionem
534 2927 558 2947 et
573 2927 726 2955 sequentem
745 2923 872 2948 minorem
892 2923 1062 2949 dicebatur...
1075 2923 1211 2954 divisibile,
1231 2925 1303 2949 aliter
1319 2925 1388 2950 ordi-

326 2963 387 2984 nant
406 2958 529 2990 legendo:
549 2958 686 2983 dicebatur
706 2957 820 2990 (dicetur
838 2958 868 2991 P)
888 2961 977 2983 autem
997 2959 1038 2983 vel
1056 2959 1127 2991 quod
1145 2960 1303 2992 magnitudo
1318 2963 1386 2985 esset

325 2993 427 3025 aliquid
445 3000 497 3018 non
517 2993 655 3022 divisibile,
675 2993 746 3026 quod
763 3000 860 3025 corpus
880 2991 939 3026 (vel
956 3001 1053 3026 corpus
1072 3001 1122 3019 non
1142 2994 1178 3027 P)
1198 2995 1306 3020 omnino
1328 2998 1388 3020 erat

325 3028 454 3054 divisibile
459 3036 469 3058 ‚·
488 3029 534 3053 sed
553 3028 621 3053 istud
634 3036 648 3053 a
660 3033 729 3053 textu
743 3029 826 3053 multo
840 3028 941 3061 longius
960 3029 1036 3054 distat
1055 3037 1136 3062 quam
1154 3030 1230 3054 lectio
1243 3031 1265 3055 A
1279 3030 1321 3055 vel
1340 3031 1388 3056 Ca.

379 3063 404 3096 ρ)
423 3063 502 3096 quod,
516 3063 540 3088 si
554 3063 620 3088 illud
634 3064 705 3096 quod
722 3063 890 3096 relinquitur.
903 3077 923 3083 -
933 3064 1006 3096 quod
1018 3065 1042 3089 si
1055 3065 1158 3098 aliquid
1175 3065 1247 3097 quod
1265 3069 1386 3091 remanet

325 3098 371 3127 Ca,
385 3098 456 3131 quod
469 3099 632 3124 remanendo
646 3099 686 3124 ed.
700 3099 723 3129 b,
737 3099 810 3132 quod
823 3099 890 3124 illud
904 3099 976 3132 quod
987 3103 1108 3125 remanet
1123 3100 1155 3131 P;
1169 3100 1205 3125 Pb
1217 3101 1275 3125 ideo
1290 3108 1387 3134 expun-

325 3139 389 3166 gunt
402 3133 432 3163 si,
444 3133 504 3166 quia
517 3133 580 3158 infra
594 3141 642 3167 pro
655 3134 822 3167 relinquitur,
838 3142 897 3159 cum
908 3134 947 3159 Ca
959 3135 1049 3168 legunt
1061 3135 1221 3168 relinquitur
1233 3139 1356 3161 autem.—
1364 3137 1387 3161 A

325 3177 378 3194 om.
389 3170 470 3202 sacta
489 3174 514 3193 et
533 3169 633 3194 dictum
653 3173 702 3195 est.
719 3183 738 3188 -
755 3170 864 3194 Inferius
882 3177 930 3202 pro
946 3170 1053 3200 punctis
1072 3175 1098 3196 et
1111 3174 1222 3203 puncta,
1236 3172 1387 3204 praedictis

325 3209 349 3229 et
364 3204 505 3236 praedicta
524 3204 577 3233 Ca;
595 3212 644 3237 pro
662 3205 816 3235 resolvetur,
836 3205 987 3230 resolvatur
1005 3205 1089 3231 PCab.

378 3239 403 3271 σ)
423 3239 447 3264 si
464 3246 530 3272 ergo
548 3240 699 3265 resolvitur.
712 3253 732 3258 —
746 3240 802 3265 Hoc
820 3239 1017 3265 homoteleuton
1035 3249 1089 3266 om.
1107 3241 1145 3272 A,
1165 3245 1191 3266 et
1209 3241 1326 3267 similiter
1344 3250 1386 3267 se·

325 3281 407 3306 quens
429 3274 506 3304 Quod
525 3278 613 3300 autem
633 3275 802 3308 componitur
819 3283 856 3300 ex
876 3275 972 3306 nihilo,·
991 3276 1032 3301 ed.
1047 3283 1064 3301 a
1083 3284 1137 3301 om.
1154 3276 1178 3301 si
1198 3283 1263 3310 ergo
1278 3278 1386 3303 resolvi-

326 3312 378 3340 tur,
392 3310 462 3342 quod
481 3310 501 3334 C
514 3310 623 3334 restituit
641 3318 688 3342 per
705 3314 732 3335 et
748 3311 773 3335 si
791 3311 942 3336 resolvitur.
961 3310 1000 3336 Ca
1018 3317 1130 3344 pergunt
1148 3311 1330 3345 (interpunctio
1347 3318 1387 3338 est

326 3344 420 3368 codicis
442 3344 485 3377 C):
506 3345 532 3370 in
553 3344 618 3370 nihil
635 3349 760 3378 sequetur
777 3346 857 3371 etiam
883 3346 955 3379 quod
974 3344 1138 3380 (sequeretur
1156 3347 1228 3379 quod
1251 3348 1332 3373 etiam
1352 3348 1383 3381 C)

326 3382 468 3412 generetur
489 3386 525 3404 ex
547 3379 637 3405 nihilo.
658 3384 684 3406 et
708 3388 767 3406 cum
792 3381 996 3414 unumquodque
1024 3383 1181 3408 resolvatur.
1202 3383 1275 3415 quod
1296 3386 1385 3409 autem

326 3414 494 3473 coinponitur
511 3422 548 3439 ex
567 3415 638 3440 nullo
657 3416 730 3441 nihil.
749 3421 874 3449 sequetur
892 3416 963 3449 quod
982 3424 1011 3442 eo
1030 3417 1070 3450 (id
1082 3418 1113 3451 C)
1129 3418 1162 3443 de
1176 3424 1227 3450 quo
1245 3418 1338 3452 agitur
1350 3419 1386 3444 sit

326 3449 354 3473 ni
373 3449 399 3474 il.

378 3485 403 3516 τ)
423 3487 536 3510 tantum.
550 3499 569 3503 -
581 3485 665 3510 solum
680 3487 711 3514 A,
725 3489 811 3511 tamen
827 3487 868 3512 ed.
882 3494 908 3512 a.
918 3500 936 3507 —
946 3487 997 3512 Pro
1011 3488 1192 3517 existentiam,
1207 3489 1247 3514 rei
1264 3489 1382 3515 existen—

327 3518 391 3543 tiam
410 3519 441 3543 A.
459 3533 478 3538 -
496 3519 546 3544 Pro
567 3520 700 3551 probatur
721 3522 841 3553 primum
865 3523 1089 3554 praemissorum,
1116 3524 1249 3556 improbat
1264 3525 1384 3557 primum

327 3553 420 3579 horum
440 3554 471 3583 A,
487 3555 586 3586 probat
601 3555 719 3586 primum
735 3557 945 3588 praemissorum
965 3558 993 3582 C.
1007 3571 1026 3577 —-
1039 3559 1090 3583 Pro
1103 3562 1207 3591 puncta
1229 3564 1254 3584 et
1268 3560 1385 3592 punctis,

322 3589 465 3629 praedicta
484 3593 509 3613 et
523 3590 670 3621 praedictis
690 3591 743 3621 Ca,-
762 3599 809 3623 pro
827 3596 988 3624 sequeretur.
1008 3593 1047 3618 bis
1066 3597 1190 3627 sequetur
1202 3595 1233 3626 A,
1251 3595 1295 3628 qui
1309 3596 1385 3620 etiam

325 3631 379 3648 om.
399 3631 483 3656 ipsum
503 3631 606 3656 corpus.

1441 2069 1567 2112 potest
1587 2074 1668 2100 esse
1688 2062 1841 2111 aliquod
1865 2062 2136 2112 incorporeum
2161 2062 2454 2112 quodcumque3
2475 2069 2513 2100 et

1441 2116 1517 2152 hoc
1535 2115 1653 2153 tribus
1673 2115 1890 2153 rafionibus.
1901 2137 1926 2144 -
1942 2116 2052 2154 Circa
2067 2128 2230 2165 quarum
2244 2115 2410 2165 primam
2425 2115 2512 2154 dicit

1442 2168 1559 2217 quod,
1580 2168 1611 2206 si
1628 2168 1666 2207 id
1686 2169 1792 2218 quod
1812 2168 1999 2217 egreditur
2017 2182 2040 2206 a
2059 2169 2321 2218 magnitudine
2348 2168 2512 2207 totaliter

1443 2221 1562 2259 divisa
1588 2233 1668 2259 non
1697 2221 1742 2259 sit
1770 2234 1929 2271 corpus,
1964 2222 2034 2260 sed
2061 2222 2188 2272 aliqua
2220 2222 2381 2271 species,
2414 2221 2512 2260 idest

1441 2275 1577 2322 forma,
1606 2274 1875 2325 segregamus,
1903 2275 2000 2313 idest
2028 2275 2247 2325 separabilis
2276 2288 2299 2313 a
2327 2275 2510 2323 subiecto,

1441 2335 1506 2365 aut
1534 2327 1646 2365 etiam
1669 2327 1793 2377 aliqua
1820 2328 1963 2377 passio,
1992 2328 2088 2366 sicut
2110 2329 2237 2378 posuit
2263 2330 2511 2377 Anaxagoras

1440 2381 1638 2430 passiones
1655 2388 1690 2418 et
1704 2380 1853 2418 habitus
1867 2381 2033 2431 separari
2054 2389 2090 2419 et
2109 2381 2393 2428 commisceri*;
2415 2388 2451 2419 et
2469 2393 2510 2420 se
2538 2392 2549 2402 ·

1440 2434 1556 2471 habet
1573 2433 1793 2471 huiusmodi
1818 2434 1945 2482 passio
1965 2434 2150 2472 secedens
2178 2447 2201 2471 a
2229 2433 2510 2483 magnitudine,

1440 2499 1510 2535 per
1524 2486 1687 2523 modum
1707 2486 1838 2535 puncti
1851 2487 1915 2524 vel
1928 2485 2159 2539 tactusi‘iilli
2174 2487 2239 2536 qui
2253 2487 2329 2524 hoc
2348 2494 2510 2537 ponunt,

1494 2642 1521 2677 υ)
1535 2643 1605 2668 Ante
1619 2643 1688 2668 enim
1704 2651 1816 2676 quam...
1826 2643 1906 2676 prius
1913 2644 2012 2678 suerit.
2024 2658 2044 2663 -
2056 2644 2093 2669 Pb
2106 2643 2174 2669 hanc
2188 2645 2438 2678 argumentationem
2451 2645 2512 2671 fun-

1442 2678 1510 2703 ditus
1524 2678 1679 2709 reformant;
1699 2684 1821 2704 notamus
1833 2680 1970 2710 variantes,
1983 2679 2114 2704 recitando
2127 2684 2244 2704 nostram
2257 2680 2407 2706 lectionem:
2418 2690 2433 2705 ι
2442 2681 2511 2707 Ante

1442 2714 1512 2739 enim
1531 2721 1610 2747 quam
1630 2715 1700 2745 (Aut
1718 2714 1787 2740 enim
1811 2714 1875 2747 quia
1893 2715 1947 2744 Ca,
1965 2715 2022 2740 Aut
2044 2715 2115 2740 enim
2133 2718 2202 2740 esset
2225 2718 2354 2748 quantum
2373 2716 2437 2749 quia
2454 2716 2511 2750 Pb)

1442 2756 1536 2782 corpus
1557 2749 1723 2779 divideretur,
1743 2754 1769 2774 et
1787 2750 1852 2781 (aut
1874 2750 1938 2783 quia
1956 2749 2051 2782 PCab)
2071 2754 2166 2782 puncta
2189 2750 2330 2783 tangebant
2347 2751 2510 2785 (tangerent

1441 2784 1535 2816 PCab)
1555 2792 1597 2814 se.
1617 2789 1693 2817 prout
1711 2785 1808 2810 scilicet
1825 2785 1896 2817 (duo
1915 2785 2010 2817 PCab)
2029 2788 2143 2810 exn-ema
2168 2785 2278 2811 duarum
2303 2786 2430 2812 linearum
2447 2791 2511 2813 sunt

1441 2820 1528 2851 simul,
1542 2824 1567 2845 et
1581 2820 1651 2851 (non
1670 2820 1786 2846 secundo
1801 2820 1880 2846 modo
1893 2820 1956 2854 quia
1969 2820 2017 2852 Pb)
2032 2828 2062 2846 ex
2076 2820 2127 2846 hoc
2141 2826 2196 2846 erat
2208 2829 2261 2846 una
2274 2822 2425 2854 magnitudo
2437 2821 2510 2856 (erat

1442 2861 1505 2879 vera
1524 2855 1683 2888 magnitudo
1701 2855 1732 2885 A,
1751 2858 1812 2880 erat
1831 2863 1885 2880 una
1903 2855 2090 2889 magnitudine
2105 2856 2146 2881 ed.
2158 2863 2185 2887 a,
2204 2859 2283 2881 erant
2301 2864 2355 2882 una
2373 2857 2509 2891 magnitu-

1442 2890 1504 2915 dine
1526 2890 1557 2923 C)
1579 2890 1714 2920 continua,
1738 2895 1764 2915 et
1783 2889 1822 2924 (et
1840 2891 1878 2916 sic
1896 2890 1983 2925 PCab)
2004 2891 2082 2916 simul
2101 2896 2174 2916 erant
2191 2892 2279 2916 omnia
2304 2897 2412 2925 puncta,
2442 2900 2509 2918 non-

1441 2925 1503 2950 dum
1518 2925 1636 2951 distincta
1650 2924 1689 2957 (et
1702 2926 1820 2951 nondum
1834 2926 1961 2952 distincta
1974 2929 2053 2951 erant
2066 2926 2154 2959 PCab)
2167 2926 2319 2956 adinvicem.
2334 2935 2387 2952 non
2401 2928 2440 2959 (et
2455 2935 2508 2954 non

1440 2960 1528 2992 PCab)
1547 2960 1672 2986 faciebant
1690 2966 1773 2986 totum
1792 2962 1889 2986 maius:
1909 2966 2037 2995 punctum
2051 2961 2121 2987 enim
2135 2962 2217 2993 (enim
2231 2965 2362 2994 punctum
2376 2962 2405 2995 C,
2418 2963 2464 2988 sed
2478 2970 2509 2989 se

1441 2996 1544 3028 corrigit
1561 2996 1657 3021 etenim
1671 2997 1815 3029 punctum)
1834 2996 1896 3022 nihil
1911 3002 1951 3022 est
1963 2997 2031 3022 uliud
2045 3004 2124 3030 quam
2143 2997 2273 3030 quaedam
2292 2997 2384 3022 divisio
2395 2997 2509 3031 partium

1441 3031 1536 3062 lineae,
1556 3039 1586 3056 ex
1605 3031 1654 3056 hoc
1673 3037 1760 3057 autem
1778 3032 1838 3063 (nec
1851 3032 1944 3064 primo
1963 3032 2042 3057 modo
2060 3032 2124 3064 quia
2141 3039 2180 3058 ex
2197 3033 2247 3058 hoc
2260 3033 2309 3065 Pb)
2325 3033 2398 3066 quod
2410 3033 2508 3067 aliquid
2555 3029 2568 3032 ”

1441 3066 1560 3091 dividitur
1574 3067 1599 3091 in
1609 3067 1661 3091 duo
1670 3067 1712 3092 vel
1727 3067 1802 3099 plura
1816 3067 1855 3098 (in
1865 3068 1950 3100 plura
1963 3067 2059 3099 PCab),
2075 3075 2128 3092 non
2142 3066 2252 3093 efficitur
2262 3072 2347 3093 totum
2360 3075 2408 3094 nec
2421 3069 2507 3094 maius

1441 3109 1488 3126 nec
1506 3101 1592 3127 minus
1612 3110 1691 3134 quam
1710 3102 1781 3135 prius
1800 3102 1877 3128 fuerit
1895 3102 1994 3137 (suerit
2011 3110 2065 3128 om.
2079 3102 2122 3135 A).
2134 3111 2148 3127 s
2167 3103 2284 3128 Lectioni
2298 3103 2335 3129 Pb
2353 3111 2444 3129 ansam
2463 3104 2509 3130 do-

1441 3137 1510 3162 disse
1523 3138 1715 3170 corruptionem
1726 3139 1782 3162 Aut
1795 3138 1866 3163 enim
1881 3138 1945 3171 quia
1954 3139 1980 3163 in
1989 3145 2006 3163 a
2019 3138 2129 3163 dubitari
2141 3139 2232 3172 nequit
2237 3146 2245 3170 ς
2259 3139 2306 3164 sed
2321 3139 2507 3165 correctionem

1440 3180 1492 3196 non
1510 3173 1597 3197 valere
1615 3177 1684 3205 patet
1703 3173 1844 3198 conferenti
1863 3178 1971 3198 textum.

1493 3208 1521 3241 φ)
1541 3207 1579 3232 ita
1598 3208 1700 3233 enim...
1713 3208 1817 3241 aquuid
1835 3209 1930 3234 maius.
1943 3222 1962 3228 ·—
1981 3209 2019 3234 ita
2038 3209 2107 3234 enim
2126 3215 2224 3241 cor-pus
2242 3215 2370 3243 magnum
2389 3209 2506 3243 (magni-

1440 3242 1528 3268 tudini
1541 3243 1581 3267 ed.
1595 3244 1625 3275 a)
1639 3243 1707 3269 sicut
1721 3251 1838 3276 parvum
1852 3247 1944 3276 potest
1962 3244 2048 3269 dividi
2066 3244 2092 3269 in
2108 3244 2162 3270 duo
2174 3244 2215 3270 vel
2223 3245 2316 3276 plura.
2332 3245 2369 3270 Β
2380 3244 2421 3270 sic

1439 3278 1511 3311 quod
1523 3282 1627 3310 puncta
1651 3278 1718 3303 nihil
1735 3282 1798 3304 sunt
1815 3279 1892 3305 aliud
1915 3287 1995 3312 quam
2014 3279 2172 3310 divisiones,
2191 3282 2218 3304 et
2241 3279 2312 3312 quod
2330 3286 2383 3305 non
2396 3279 2507 3314 faciunt

1439 3313 1542 3346 aliquid
1560 3314 1646 3339 maius
1664 3314 1740 3339 PCab
1753 3328 1772 3335 —-
1791 3315 1909 3348 Sequens
1933 3314 2128 3340 homoteleuton
2150 3315 2271 3340 Unde...
2291 3315 2395 3348 aIIquid
2419 3315 2507 3341 maius

1439 3356 1493 3374 om.
1512 3349 1543 3373 A.

1491 3384 1520 3419 χ)
1541 3384 1615 3410 Dicit
1633 3391 1698 3418 ergo
1712 3385 1834 3417 primo...
1848 3392 1890 3410 ex*
1905 3385 2041 3411 divisione.
2059 3399 2078 3404 -
2097 3385 2172 3411 Dicit
2196 3392 2262 3418 ergo
2282 3385 2374 3417 primo
2392 3385 2464 3418 quod
2481 3385 2507 3411 si

1440 3418 1535 3445 divisio
1554 3419 1651 3451 (diviso
1670 3420 1746 3452 PCb)
1765 3420 1885 3445 totaliter
1906 3427 2019 3453 corpore
2038 3420 2134 3446 divisio
2150 3420 2272 3453 corporis
2287 3420 2344 3454 fiat
2361 3420 2433 3453 quod
2451 3420 2506 3453 (ita

1438 3455 1510 3487 quod
1527 3455 1571 3485 Pb,
1585 3455 1662 3488 quasi
1680 3455 1712 3488 C)
1730 3456 1822 3488 aliqua
1841 3463 1938 3481 rasura
1956 3456 2100 3482 secundum
2119 3463 2176 3482 rem
2195 3462 2271 3489 quem
2286 3455 2400 3481 elabitur
2418 3456 2507 3489 (quae

1439 3490 1553 3515 elabitur
1567 3490 1596 3521 C,
1610 3490 1731 3515 elabatur
1750 3491 1799 3523 Pb)
1812 3498 1850 3516 ex
1862 3491 1992 3516 divisione
2006 3491 2081 3516 PCab
2094 3505 2113 3511 -
2124 3491 2175 3516 Pro
2187 3494 2310 3524 sequetur
2325 3491 2394 3516 idem
2407 3498 2503 3521 sermo,

1439 3528 1593 3558 sequeretur
1611 3526 1753 3558 (sequetur
1771 3526 1812 3552 ed.
1832 3527 1867 3558 a)
1887 3526 1956 3552 idem
1976 3533 2067 3552 sensus
2085 3526 2161 3552 Pesb
2174 3540 2193 3547 -
2216 3526 2267 3551 Pro
2286 3526 2388 3551 nullum
2406 3532 2505 3558 corpus

1439 3567 1494 3586 esse
1513 3561 1679 3590 indivisibile.
1697 3568 1794 3593 corpus
1812 3568 1868 3587 esse
1886 3561 2017 3587 divisibile
2034 3561 2119 3587 PCab.

1493 3594 1521 3629 ψ)
1540 3599 1566 3621 et
1578 3603 1606 3621 se
1619 3596 1697 3621 habet
1715 3596 1867 3622 huiusmodi
1882 3597 2007 3629 passio..
2026 3597 2068 3622 vel
2085 3599 2172 3622 tactus
2189 3610 2208 3615 -
2226 3599 2253 3622 et
2271 3602 2299 3621 se
2317 3595 2395 3621 habet
2412 3595 2504 3621 huius-

1440 3631 1513 3656 modi
1526 3631 1620 3663 passio
1634 3632 1676 3657 vel
1693 3631 1791 3664 species
1809 3632 1931 3657 secedens
1942 3632 1980 3657 ad
1993 3631 2205 3665 magnitudinem
2220 3638 2272 3663 per
2285 3631 2392 3656 modum
2406 3631 2504 3664 puncti

2537 1323 2634 1347 ‘Num-
2649 1329 2702 1353 seq.

2534 1702 2545 1713 ⁶
2562 1701 2634 1725 Nm.
2649 1706 2730 1730 praee.
