2782 4134
70 812 83 823 ¹*
110 815 196 838 magna
221 816 235 831 P
258 812 280 831 et

71 837 138 859 codd.
153 842 202 857 exc.
215 842 237 857 Α.

71 865 80 873 “
91 863 153 885 Lect.
163 868 210 890 vui,
225 868 248 884 n.
256 861 279 884 8.

73 1019 83 1031 ’
97 1018 201 1040 immutat
212 1024 233 1040 r.

70 1281 79 1291 ’
93 1282 118 1302 et
128 1279 215 1308 inquid
227 1285 275 1301 mo-

68 1594 77 1602 ·
91 1592 178 1614 scilicet
194 1598 220 1618 m
243 1591 274 1613 cf.

66 1622 121 1640 text.

306 265 356 301 70

304 335 433 379 posset
459 327 590 376 aliquis
614 325 769 363 obviare
798 337 842 361 ex
869 330 976 360 motu
995 318 1173 365 circulari,
1193 316 1256 365 qui
1275 328 1354 374 non

305 382 453 419 videtur
472 392 553 417 esse
573 390 618 415 ex
637 378 810 427 opposito
834 377 872 412 in
892 373 1119 423 oppositum,
1139 369 1206 407 sed
1234 380 1353 426 magis

308 447 353 471 ex
372 433 508 472 eodem
535 432 574 468 in
600 431 713 467 idem.
733 450 757 457 -
779 429 854 466 Sed
881 428 959 476 ipse
979 425 1097 463 dicits*
1115 421 1219 479 quod
1239 427 1351 478 etiarn

307 493 431 523 motus
469 483 653 521 circularis
689 481 893 530 aliqualiter
926 478 1039 516 habet
1067 480 1285 524 opposltum
1313 483 1351 507 1n

306 538 477 576 termino.
516 535 614 573 Dicit
648 542 773 572 autem
806 531 1031 580 aliqualiter,
1068 533 1228 583 propter·
1249 524 1348 583 duo.

306 591 434 628 Primo
462 588 617 637 quidem
653 587 739 634 quia
771 597 848 622 non
883 581 1069 620 invenitur
1096 584 1284 636 oppositlo
1305 588 1350 635 *ln

305 650 412 680 motu
438 640 613 678 ‘circulari
645 638 850 676 secundum
887 635 1010 682 aliqua
1044 638 1183 682 puncta
1215 642 1254 689 in
1282 641 1349 687 eir-

307 696 389 732 culo
419 693 625 740 designata,
653 698 765 740 prout
792 695 876 726 sunt
901 693 1040 736 puncta
1066 684 1182 742 ipsius
1211 682 1347 728 circuli,

306 747 373 784 sed
399 747 521 782 solum
547 751 658 793 prout
693 749 777 779 sunt
804 748 969 777 extrema
997 738 1187 783 diametri,
1217 746 1348 792 secun-

307 799 399 836 dum
435 809 548 847 quam
584 801 818 833 mensuratur
852 791 1018 829 maxima
1047 792 1064 810 ’⁵
1104 788 1274 826 distantia
1309 799 1348 823 in

307 851 463 898 circulo,
490 857 531 886 ut
557 860 667 897 supra
684 848 704 868 '²
731 846 870 883 dictum
899 852 974 881 est:
1002 843 1103 880 unde
1132 840 1274 878 subdit:
1302 851 1347 876 ea

305 915 400 953 quae
420 901 618 939 secundum
645 900 877 943 diametrum,
905 896 1044 934 scilicet
1071 902 1248 940 extrema,
1278 904 1348 940 op-

303 955 425 1004 posita
461 961 554 990 sunt.
589 951 763 989 Secundo
800 950 904 998 quia,
934 949 1028 985 sicut
1060 954 1181 984 totum
1210 956 1346 994 corpus

305 1006 537 1056 sphaericum
564 1017 641 1042 non
665 1004 822 1040 mutat*
849 1003 976 1039 locum
996 1000 1163 1038 subiecto
1192 997 1258 1035 sed
1286 1009 1346 1034 so—

303 1061 382 1098 lum
415 1058 574 1105 ratione,
611 1063 734 1105 partes
771 1063 896 1092 autem
932 1054 1010 1091 eius
1037 1052 1182 1090 variant
1221 1051 1346 1109 locum

304 1111 415 1148 etiam
442 1109 624 1155 subiect03
653 1109 703 1145 ita
721 1108 751 1145 si
780 1108 981 1156 accipiatur
999 1113 1098 1142 totus
1121 1110 1246 1140 motus
1276 1115 1342 1161 clr-

303 1163 443 1210 culatis,
463 1174 540 1199 non
566 1161 753 1198 invenitur
788 1160 911 1209 aliqua
938 1157 1125 1208 oppositio
1154 1156 1193 1193 in
1219 1164 1346 1193 termi-

302 1216 357 1253 nis
384 1215 452 1252 nisi
481 1215 686 1251 secundum
714 1213 909 1259 rationem,
929 1218 1040 1260 prout
1067 1209 1204 1247 scilicet
1230 1208 1344 1255 idern,

301 1281 324 1305 a
338 1279 411 1316 quo
429 1274 463 1303 et
480 1266 519 1303 in
537 1266 639 1314 quod
659 1273 712 1303 est
731 1266 885 1302 motus*
895 1263 1092 1311 circularis,
1110 1262 1288 1310 accipitur
1305 1268 1346 1298 ut

299 1319 519 1369 principium
538 1326 574 1355 et
590 1326 631 1355 ut
657 1318 758 1364 finis;
788 1318 855 1355 sed
873 1317 1092 1365 accipiendo
1115 1322 1239 1364 partes
1262 1327 1345 1351 mo-

300 1380 356 1409 tus
385 1371 589 1418 circularis,
617 1371 793 1419 accipitur
823 1370 874 1407 ibi
910 1369 1098 1419 oppositio
1135 1367 1344 1406 secundum

299 1425 434 1462 lineam
453 1431 604 1471 rectam,
623 1431 665 1460 ut
683 1436 795 1472 supra
814 1423 955 1460 dictum
975 1430 1047 1468 est;
1068 1429 1104 1458 et
1117 1421 1203 1459 ideo
1220 1419 1346 1457 subdit

300 1476 401 1525 quod
428 1477 494 1513 toti
522 1476 748 1513 circulationi
766 1489 845 1514 non
864 1483 919 1512 est
937 1474 1076 1523 aliquid
1101 1473 1340 1511 contrarium.

301 1529 362 1566 Sic
381 1541 468 1577 ergo
490 1536 591 1577 patet
613 1529 717 1577 quod
736 1529 848 1566 etiam
867 1529 905 1566 in
924 1528 981 1565 his
1000 1540 1098 1576 quae
1122 1526 1344 1564 circulariter

299 1582 476 1628 feruntur,
495 1582 649 1618 mutatio
670 1589 726 1618 est
743 1582 867 1630 aliquo
886 1581 1004 1618 modo
1023 1580 1062 1617 in
1081 1579 1254 1629 opposita
1274 1587 1310 1616 et
1323 1581 1343 1599 ⁴

299 1634 508 1671 finita-Et
534 1634 587 1671 sic
613 1634 868 1671 universaliter
887 1633 1075 1671 concludit
1100 1633 1205 1682 quod
1222 1632 1343 1669 inten-

299 1687 362 1734 dit,
391 1686 527 1723 scilicet
553 1687 656 1735 quod
683 1699 835 1724 necesse
865 1694 920 1724 est
944 1699 1024 1723 esse
1044 1686 1207 1735 aliquem
1225 1685 1343 1722 finem

299 1746 422 1776 motus
445 1739 588 1785 localis;
608 1752 686 1776 non
713 1747 838 1776 autem
860 1740 897 1776 in
917 1740 1099 1788 infinitum
1118 1739 1234 1776 fertur
1261 1750 1341 1775 cor-

297 1803 367 1840 pus
394 1792 578 1839 naturale,
604 1792 699 1829 idest
725 1792 773 1829 ad
806 1792 959 1841 aliquod
992 1791 1340 1839 indeterminatum,

298 1843 390 1880 sicut
415 1844 539 1893 posuit
565 1845 803 1882 Democritus
829 1853 976 1882 motum
1005 1853 1232 1882 atomorum.

355 1908 410 1934 10.
427 1897 571 1934 Deinde
592 1910 677 1934 cum
698 1897 803 1934 dicit:
822 1898 1098 1948 Argumentum
1117 1903 1241 1935 autem
1257 1904 1338 1944 etc„

297 1949 432 1997 probat
457 1949 558 1987 idem
584 1962 652 1999 per
684 1950 847 1998 signum:
881 1963 995 2000 quam
1022 1950 1175 1999 quidem
1203 1950 1340 1999 proba-

297 2001 437 2038 tionem
469 2010 580 2039 vocat
609 2009 894 2052 argumentum,
933 2016 978 2040 eo
1012 2004 1115 2052 quod
1146 2003 1227 2040 talis
1255 2015 1341 2052 pro-

296 2053 397 2090 batio
423 2062 477 2091 est
495 2055 599 2103 quasi
623 2056 888 2093 coniecturalis.
919 2057 967 2093 Et
994 2056 1081 2094 dicit
1103 2056 1208 2105 quod
1236 2068 1342 2104 argu-

297 2114 464 2144 mentum
492 2108 569 2144 eius
597 2108 700 2156 quod
737 2121 872 2157 corpus
909 2110 1075 2146 naturale
1103 2122 1181 2147 non
1204 2109 1341 2146 feratur

296 2159 334 2196 in
351 2159 537 2197 infinitum
556 2161 621 2198 sed
637 2162 684 2198 ad
699 2161 849 2209 aliquod
866 2170 1017 2209 certum,
1035 2169 1090 2199 est
1107 2162 1211 2212 quod
1230 2170 1339 2211 terra,

297 2219 435 2260 quanto
454 2213 572 2261 magis
599 2214 873 2262 appropinquat
896 2216 944 2252 ad
963 2215 1151 2262 medium,
1172 2215 1339 2253 velocius

296 2264 409 2302 fertur
426 2267 543 2314 (quod
560 2266 680 2315 potuit
698 2267 926 2316 deprehendi
955 2279 999 2304 ex
1021 2267 1154 2305 maiori
1174 2268 1252 2306 eius
1270 2268 1339 2305 im-

294 2317 414 2365 pulsu,
433 2326 545 2366 prout
562 2319 698 2356 scilicet
715 2332 737 2356 a
755 2321 858 2367 gravi
878 2319 1032 2358 cadente
1051 2320 1181 2358 fortius
1204 2321 1338 2370 impel-

294 2369 376 2406 litur
393 2370 531 2419 aliquid
548 2372 648 2409 iuxta
671 2373 871 2410 terminum
891 2373 948 2410 sui
966 2376 1123 2420 motus):
1148 2381 1185 2411 et
1204 2375 1338 2412 eadem

295 2422 386 2459 ratio
415 2431 469 2460 est
495 2425 541 2462 de
568 2425 668 2473 igne,
697 2426 801 2474 quod
826 2434 951 2463 motus
980 2426 1059 2464 eius
1082 2427 1120 2464 in
1148 2435 1251 2464 tanto
1281 2434 1337 2464 est

295 2475 479 2524 velocior,
514 2485 652 2526 quanto
686 2478 804 2526 magis
832 2479 1107 2528 appropinquat
1134 2480 1182 2517 ad
1209 2481 1337 2518 locum

296 2539 452 2566 sursum.
470 2529 508 2566 Si
524 2542 611 2578 ergo
626 2530 664 2567 in
677 2530 864 2568 infinitum
878 2532 1032 2569 ferretur
1045 2540 1141 2570 terra
1153 2534 1216 2570 vel
1230 2533 1336 2582 ignis,

296 2579 334 2616 in
351 2579 535 2619 infinitum
552 2591 679 2631 posset
695 2584 871 2621 velocitas
891 2584 970 2622 eius
989 2586 1125 2633 augeri.
1142 2587 1189 2623 Et
1204 2599 1248 2623 ex
1262 2587 1337 2624 hoc

297 2773 315 2798 d
350 2737 378 2771 μ.)
397 2738 450 2763 Sed
469 2739 522 2771 ipse
535 2739 629 2766 dicit.-
641 2739 699 2771 Ipse
713 2740 777 2766 dicit
786 2741 885 2767 codices
897 2750 949 2768 exc.
962 2743 992 2775 Α,
1005 2744 1075 2777 quod
1088 2745 1107 2769 P
1120 2744 1221 2777 corrigit
1235 2745 1259 2770 in
1276 2744 1338 2770 Ideo

316 2773 368 2798 icit.

348 2808 372 2843 ν)
393 2809 428 2834 Et
445 2815 482 2834 ex
499 2809 581 2835 hoc..
594 2810 689 2843 augeri
706 2812 834 2843 gravitas.
845 2826 864 2832 -
877 2813 926 2838 Pro
945 2813 984 2838 his
998 2813 1017 2838 P
1036 2813 1112 2839 habet
1129 2817 1155 2839 et
1173 2815 1252 2840 etiam
1272 2822 1336 2848 gra-

297 2844 371 2874 vitas,
385 2845 453 2876 quod
471 2849 555 2877 potest
573 2846 676 2878 intelligi
690 2848 870 2873 correctionem
885 2856 943 2874 esse
961 2849 1108 2874 omissionis
1120 2849 1286 2876 homoteleuti
1301 2851 1338 2876 Et

297 2885 333 2904 ex
346 2879 427 2905 hoc...
441 2880 541 2912 augeri,
556 2882 625 2912 quod
643 2886 727 2906 tamen
745 2890 835 2908 omnes
855 2883 933 2908 nostri
953 2885 1051 2909 codices
1069 2884 1170 2910 habent.
1190 2885 1227 2910 Cf.
1241 2886 1337 2910 versio-

296 2922 369 2946 nem,
388 2922 453 2946 quae
471 2916 609 2949 respondet
625 2917 701 2941 textui
737 2925 810 2943 raeco
834 2918 973 2944 Tauchnitz
992 2924 1017 2944 et
1035 2919 1119 2945 Prantl
1139 2920 1226 2953 (Lips.
1245 2920 1336 2953 1881).

296 2945 317 2973 εἷ
335 2948 357 2973 δ’
378 2946 477 2984 ἄπειρον
495 2950 532 2982 ἠν,
553 2947 654 2985 ἄπειρος
673 2947 702 2976 ἂν
719 2960 748 2986 ην
767 2950 809 2978 καὶ
828 2952 842 2985 ἡ
862 2951 980 2988 ταχυτὴς,
999 2950 1019 2979 εἷ
1038 2954 1060 2979 δ’
1076 2953 1090 2987 ἡ
1112 2963 1144 2980 τα
1164 2954 1231 2987 υτής,
1246 2954 1287 2981 καὶ
1303 2954 1333 2982 τὸ

297 2980 371 3017 βάρος
389 2983 430 3010 καὶ
449 2984 463 3017 ἠ
483 2984 615 3018 κουφότης.
634 2987 703 3012 Idem
719 2989 805 3013 Prantl
819 2989 897 3013 errori
917 2989 1098 3023 typographico
1113 2991 1143 3015 tri
1162 2991 1198 3016 uit
1215 2992 1334 3017 omissio-

296 3027 355 3044 nem
373 3021 508 3046 verborum
527 3018 547 3046 εἷ
566 3019 586 3045 δ’
606 3020 621 3053 ἡ
641 3022 750 3057 ταχυτής
768 3023 794 3048 in
813 3024 853 3050 ed.
867 3024 1029 3051 Bekkeriana.

998 243 1068 280 DE
1097 239 1270 278 CAELO
1300 238 1370 274 ET
1398 234 1590 272 MUNDO
1621 232 1714 267 LIB.
1746 231 1759 265 I

1407 310 1596 349 concludit
1631 307 1736 357 quod
1769 307 1807 344 in
1840 307 2031 345 infinitum
2057 313 2189 356 posset
2227 306 2356 354 augeri
2389 318 2471 354 gra-

1405 365 1501 402 vitas
1525 369 1536 382 ⁹
1558 362 1620 399 vel
1644 360 1777 397 levitas
1798 360 1968 409 corporis
1988 359 2178 396 naturalis.
2207 359 2312 396 Sicut
2326 359 2347 381 ¹⁸¹
2368 359 2470 396 enirn

1403 415 1584 454 velocitas
1613 412 1783 461 corporis
1802 413 1924 461 gravis
1953 421 2009 450 est
2027 412 2161 460 maior,
2182 419 2327 460 quanto
2354 423 2471 459 grave

1405 479 1541 516 corpus
1570 465 1733 514 amplius
1771 465 1982 513 descendit,
2013 465 2119 515 quod
2146 465 2303 513 quidem
2333 477 2471 514 corpus

1403 532 1516 568 grave
1546 526 1601 555 est
1627 519 1741 555 velox
1766 530 1837 567 per
1864 531 1975 556 suam
2001 518 2244 567 gravitatem3
2273 517 2327 554 sic
2356 518 2471 555 etiam

1402 574 1452 609 ita
1478 571 1616 621 poterit
1635 583 1718 608 esse
1746 571 1888 609 additio
1916 572 2063 609 infinita
2083 571 2133 609 ad
2159 570 2415 618 velocitatem,
2440 570 2472 607 si

1402 626 1448 662 sit
1483 624 1624 662 additio
1662 623 1809 660 infinita
1837 624 1886 661 ad
1913 625 2138 673 gravitatem
2156 625 2218 662 vel
2238 623 2430 661 levitatem
2443 620 2468 660 ε.

1403 679 1610 715 Ostensum
1629 683 1685 712 est
1713 684 1842 714 autem
1861 689 1976 726 supra
2002 678 2108 727 quod
2127 689 2206 715 non
2233 684 2360 726 potest
2388 685 2470 713 esse

1401 730 1563 779 gravitas
1590 729 1654 766 vel
1671 729 1806 766 levitas
1833 729 1980 767 infinita
1999 731 2032 778 *,
2054 738 2091 768 et
2118 730 2224 779 quod
2243 742 2323 767 non
2346 736 2472 778 potest

1402 782 1542 831 aliquid
1560 781 1709 818 moveri
1738 783 1786 819 ad
1805 782 1845 819 id
1873 783 1923 820 ad
1950 784 2056 832 quod
2074 796 2154 821 non
2181 790 2308 833 potest
2329 782 2469 832 pertin-

1399 848 1487 884 gere
1507 836 1537 871 *.
1559 834 1622 871 Sic
1639 834 1751 881 igitur
1769 835 1911 872 additio
1931 836 2122 884 gravitatis
2140 848 2220 874 non
2237 843 2363 886 potest
2387 847 2469 873 esse

1400 889 1438 926 in
1456 888 1645 925 infinitum
1659 888 1694 933 *3
1725 895 1761 924 et
1778 900 1848 937 per
1875 900 2115 939 consequens
2134 901 2207 926 nec
2232 888 2377 927 additio
2403 900 2470 926 ve-

1399 940 1567 978 locitatis.
1606 940 1718 977 Unde
1746 952 1819 977 nec
1849 949 1978 979 motus
2007 954 2213 992 corporum
2242 941 2470 979 naturalium

1398 1001 1524 1043 potest
1552 1005 1633 1029 esse
1662 992 1700 1029 in
1728 992 1932 1031 infinitum.

1459 1059 1471 1083 1
1485 1059 1515 1084 1.
1546 1045 1754 1083 Sciendum
1782 1054 1840 1084 est
1873 1054 2000 1084 autem
2033 1047 2139 1097 quod
2167 1059 2323 1085 causam
2357 1046 2470 1084 huius

1400 1098 1621 1146 accidentis,
1652 1098 1758 1147 quod
1785 1106 1885 1136 terra
1919 1100 2092 1138 velocius
2118 1108 2297 1139 movetur
2325 1107 2468 1149 quanto

1399 1152 1519 1206 tnagis
1534 1151 1772 1189 descenderit
1780 1153 1811 1200 ⁴³,
1824 1153 2069 1202 Hipparchus
2084 1153 2288 1201 assignavit
2302 1165 2348 1190 ex
2361 1160 2469 1202 parte

1399 1205 1590 1243 moventis
1603 1217 1673 1253 per
1685 1204 1925 1252 violentiam;
1941 1218 2053 1254 aquo
2069 1213 2256 1254 quantum
2272 1207 2470 1254 elongatur

1399 1266 1525 1296 motus
1539 1263 1564 1305 ⁰,
1584 1265 1688 1295 tanto
1708 1258 1836 1295 minus
1850 1266 2022 1296 remanet
2041 1259 2089 1296 de
2103 1258 2243 1297 virtute
2262 1258 2467 1307 moventis,

1400 1319 1436 1348 et
1463 1311 1516 1348 sic
1543 1318 1670 1348 motus
1688 1311 1733 1348 fit
1758 1311 1917 1358 tardi0r;
1936 1311 2039 1349 unde
2067 1318 2196 1350 motus
2217 1310 2409 1350 violentus
2426 1311 2468 1349 in
2503 1310 2507 1314 ’

1397 1364 1582 1414 principio
1603 1363 1759 1413 quidem
1786 1363 2004 1413 intenditur,
2025 1365 2064 1402 in
2083 1365 2162 1402 fine
2181 1372 2312 1402 autem
2341 1364 2469 1402 remit·

1398 1417 1485 1454 titur
1520 1417 1707 1454 intantum
1735 1417 1842 1465 quod
1875 1418 2040 1456 finaliter
2071 1430 2188 1466 grave
2226 1430 2306 1456 non
2341 1424 2469 1467 potest

1397 1471 1481 1519 plus
1509 1482 1661 1507 sursum
1689 1470 1798 1519 ferri,
1825 1470 1894 1508 sed
1920 1471 2051 1520 incipit
2078 1471 2229 1510 moveri
2263 1471 2466 1518 deorsum,

1396 1531 1552 1573 propter
1568 1523 1797 1572 parvitatem
1817 1524 1898 1562 eius
1917 1524 2024 1573 quod
2042 1532 2275 1562 remanserat
2289 1525 2310 1547 ¹⁸
2325 1524 2373 1562 de
2390 1522 2467 1561 vir-

1397 1584 1474 1614 tute
1502 1576 1662 1613 motoris
1689 1576 1863 1624 violenti3
1893 1589 1993 1626 quae
2019 1584 2163 1627 quanto
2191 1577 2313 1627 magis
2340 1577 2467 1615 mino-

1397 1638 1509 1677 ratur,
1521 1636 1624 1667 tanto
1635 1630 1795 1667 *motus
1814 1631 2024 1668 contrarius
2037 1631 2082 1668 fit
2099 1630 2282 1669 velocior.
2304 1631 2382 1669 Sed
2396 1630 2467 1668 ista

1397 1682 1490 1720 ratio
1511 1690 1566 1719 est
1591 1682 1826 1731 particularis
1853 1684 1980 1721 solum
1999 1683 2039 1721 in
2057 1683 2116 1721 his
2135 1696 2234 1734 quae
2259 1691 2467 1723 moventur

1396 1735 1611 1773 naturaliter
1628 1743 1716 1785 post
1734 1744 1885 1774 motum
1902 1737 2132 1784 violentum;
2152 1749 2232 1775 non
2251 1745 2381 1775 autem
2397 1739 2466 1776 ha·

1395 1790 1460 1826 bet
1486 1790 1615 1826 locum
1650 1789 1690 1826 in
1717 1789 1776 1827 his
1803 1802 1904 1839 quae
1939 1797 2147 1828 moventur
2173 1790 2390 1828 naturaliter
2417 1802 2465 1830 eo

1395 1842 1500 1891 quod
1515 1850 1744 1890 generantur
1763 1850 1868 1881 extra
1880 1843 2036 1893 propria
2050 1843 2175 1881 loca·
2185 1843 2260 1882 Alii
2272 1844 2466 1883 vero‘as·
2491 1856 2503 1868 ⁸

1394 1896 1638 1943 signaverunt
1655 1895 1766 1933 huius
1786 1908 1942 1934 causam
1962 1908 2007 1933 ex
2031 1896 2238 1946 quantitate
2259 1896 2378 1934 medii
2394 1908 2466 1947 per

1395 1948 1500 1997 quod
1515 1949 1558 1986 fit
1570 1956 1709 1996 motus,
1720 1956 1813 1998 puta
1828 1949 1936 1998 aeris,
1947 1949 2013 1999 qui
2027 1949 2155 1987 minor
2169 1955 2464 2000 restat⁷‘quanto

1393 2003 1478 2051 plus
1505 2002 1723 2051 proceditur
1749 2002 1789 2039 in
1814 2010 1924 2040 motu
1950 2002 2127 2050 naturali3
2152 2010 2190 2040 et
2220 2002 2309 2040 ideo
2337 2002 2465 2041 minus

1394 2063 1518 2104 potest
1544 2055 1730 2104 impedire
1763 2063 1914 2093 motum
1942 2057 2166 2094 naturalem.
2196 2055 2275 2094 Sed
2303 2063 2340 2094 et
2366 2057 2464 2094 haec

1394 2108 1488 2146 ratio
1508 2121 1587 2145 non
1615 2108 1742 2146 minus
1763 2116 1998 2158 competeret
2024 2108 2063 2147 in
2091 2108 2260 2147 motibus
2287 2108 2464 2148 violentis

1393 2174 1510 2211 quam
1538 2161 1787 2208 naturalibus;
1816 2161 1857 2199 in
1873 2162 2046 2211 *quibus
2073 2169 2204 2200 tamen
2233 2160 2464 2200 contrarium

1393 2280 1482 2305 cum
1509 2267 1712 2305 Aristotele
1739 2268 1847 2317 quod
1876 2280 1991 2306 causa
2018 2268 2130 2306 huius
2158 2268 2364 2306 accidentis
2393 2276 2461 2317 est,

1392 2319 1497 2370 quod
1521 2328 1663 2370 quanto
1684 2333 1824 2370 corpus
1851 2332 1967 2369 grave
1986 2321 2107 2370 magis
2131 2321 2338 2369 descendit,
2358 2328 2464 2360 tanto

1393 2373 1512 2422 magis
1541 2374 1774 2412 confortatur
1801 2374 1965 2422 gravitas
1993 2373 2095 2421 eius,
2122 2381 2281 2424 propter
2307 2374 2464 2424 propin·

1392 2427 1574 2476 quitatem
1601 2427 1650 2465 ad
1676 2426 1876 2476 proprium
1905 2427 2046 2464 locum.
2068 2428 2118 2464 Et
2143 2427 2232 2465 ideo
2261 2439 2462 2476 argumen-

1390 2487 1490 2517 tatur
1504 2479 1610 2528 quod
1628 2479 1659 2517 si
1679 2487 1865 2517 cresceret
1877 2479 1917 2518 in
1934 2479 2126 2517 infinitum
2143 2479 2339 2529 velocitas,
2355 2480 2463 2529 quod

1393 2540 1578 2570 cresceret
1606 2532 1720 2570 etiam
1746 2532 1786 2570 in
1821 2532 2011 2571 infinitum
2039 2532 2216 2582 gravitas.
2246 2534 2296 2571 Et
2324 2533 2462 2572 eadem

1392 2586 1486 2624 ratio
1516 2593 1572 2623 est
1600 2586 1647 2624 de
1675 2586 1838 2623 levitate.

1444 2743 1468 2780 Ε)
1483 2745 1521 2770 ad
1531 2745 1695 2779 gravitatem
1710 2745 1752 2770 ve!
1764 2745 1909 2772 levitatem.
1919 2759 1939 2765 -
1952 2745 1989 2771 Ita
2001 2745 2058 2777 PA3
2071 2746 2236 2780 gravitatem
2246 2746 2287 2772 vel
2300 2753 2355 2772 om.
2365 2745 2460 2778 DFG13

1390 2780 1455 2806 BCE
1474 2780 1570 2806 habent
1587 2781 1625 2806 sic
1649 2781 1730 2806 etiam
1749 2780 1788 2807 ita
1802 2781 1906 2813 poterit
1923 2787 1979 2806 esse
1996 2780 2102 2807 additio
2125 2781 2232 2815 infinita
2254 2781 2292 2807 ad
2315 2781 2459 2812 levitatem,

1390 2816 1461 2849 quod
1480 2816 1604 2849 supponit
1622 2816 1759 2841 lectionem
1778 2816 1815 2848 ὓς
1833 2816 1956 2842 omitmnt
1974 2823 2070 2850 nempe
2083 2816 2280 2842 homoteleuton
2293 2817 2459 2842 velocitatem

1388 2851 1412 2876 si
1429 2851 1465 2877 sit
1482 2851 1588 2877 additio
1607 2851 1714 2885 infinita
1732 2851 1777 2877 ad.

1443 2886 1469 2919 o)
1482 2894 1500 2912 a
1514 2894 1566 2919 quo
1585 2890 1713 2919 quantum
1726 2887 1870 2921 elongatur
1882 2891 1978 2913 motus.
1991 2900 2011 2907 -
2023 2886 2088 2921 quia
2099 2890 2199 2920 quanto
2213 2887 2356 2920 elongatur
2371 2890 2459 2913 motus

1390 2922 1423 2951 Ρ,
1443 2922 1528 2947 minus
1547 2922 1614 2947 bene
1632 2930 1712 2956 quam
1731 2923 1842 2954 codices,
1861 2922 1922 2956 quia
1940 2930 1993 2948 non
2011 2923 2045 2948 it-
2063 2929 2187 2955 expreue
2208 2920 2335 2956 significat
2352 2922 2459 2956 elonga-

1389 2957 1485 2982 tionem
1505 2965 1519 2983 a
1538 2963 1668 2983 movente.

1442 2992 1472 3027 π)
1491 2993 1570 3022 aeris,
1589 2993 1636 3026 qui
1654 2993 1742 3018 minor
1760 2996 1853 3019 restat.
1867 3007 1886 3012 -
1897 2993 1968 3019 aeris
1978 2993 2033 3027 ‘qui
2051 2993 2140 3019 minor
2158 2992 2259 3019 resistit
2277 2993 2310 3024 P;
2330 2993 2376 3018 sed
2394 2993 2459 3019 haec

1389 3028 1463 3053 lectio
1482 3029 1569 3054 minus
1589 3028 1707 3061 congruit
1725 3036 1784 3054 cum
1803 3028 1872 3054 dicto
1890 3028 1933 3054 lin.
1948 3029 2075 3063 praeced..
2094 3035 2132 3054 ex
2150 3028 2302 3062 quantitate
2320 3028 2413 3055 medii.

2497 742 2507 751 '¹
2522 741 2587 764 Lect.
2596 747 2639 769 xn,
2653 747 2678 764 n.
2685 748 2711 765 ιο

2498 774 2550 796 “tq-

2497 848 2507 858 *
2518 847 2583 868 Lect-
2590 853 2643 875 xm,
2657 853 2710 876 ὡς.

2496 903 2507 913 ⁸
2528 902 2553 923 in
2573 901 2674 929 infinitis
2686 907 2711 929 o,

2498 928 2592 955 infinita
2605 934 2629 950 r.

2498 1163 2508 1173 ·
2522 1161 2645 1185 descendit
2656 1168 2678 1185 ιι.

2493 1535 2708 1585 ewa*

2493 1642 2503 1652 ·
2517 1643 2584 1664 mm
2598 1647 2648 1664 on.
2661 1646 2707 1665 ret

2493 1667 2687 1691 codd-mut.

2493 2176 2503 2186 ·
2513 2175 2542 2198 ἀι
2555 2171 2605 2198 oni.
2618 2181 2641 2198 r.

1393 2214 1538 2262 accidit,
1562 2221 1604 2252 ut
1630 2215 1727 2252 infra
1740 2215 1761 2236 ⁸
1775 2214 1931 2253 dicetur.
1947 2236 1972 2243 -
1987 2216 2038 2253 Et
2065 2215 2153 2253 ideo
2183 2214 2389 2253 dicendum
2408 2222 2466 2254 est
2491 2226 2706 2265 ·u0t.·eq5,n.3.
