2782 4134
103 1861 111 1870 ”
130 1859 193 1881 Lect.
209 1858 317 1886 praeced.

104 1893 128 1908 n.
138 1892 151 1914 3
165 1892 214 1914 seq.

101 2120 113 2131 ‘⁴¹
127 2119 187 2141 Ibid.
203 2125 226 2141 n.
238 2120 252 2141 6
264 2125 315 2147 sqq.

200 2227 216 2244 α

106 2546 117 2558 ⁸
131 2546 201 2567 Num.
216 2552 239 2572 4.

102 2600 113 2611 ⁸
118 2598 266 2630 praedictam
275 2604 317 2620 ra-

105 2628 190 2648 tionem
196 2632 243 2647 orn.
250 2626 316 2647 καὶ).

103 2758 115 2769 “
129 2757 200 2780 Num.
215 2764 235 2787 3.

359 291 433 330 268

423 383 568 404 τουτων.
608 369 651 413 'H
676 380 717 411 με
704 369 735 401 ἐν
761 369 825 423 γάρ
851 371 892 407 ὠς
919 368 979 407 ὕλη
1011 369 1115 401 υπόκε
1120 381 1214 408 ιται,
1243 368 1276 408 ἐξ
1303 367 1340 399 οὗ
1366 379 1421 410 με·

423 415 648 456 vatinium-cz
673 413 732 448 διαὶ
757 414 819 451 τήν
845 417 971 451 κίνησιν
1001 417 1155 467 γίνοντιιι
1180 414 1225 458 γῆ
1250 414 1308 444 καὶ
1335 413 1418 455 πῦρ,

422 461 464 493 τὸ
491 461 522 492 ἓν
548 471 664 504 στοιχε
652 465 736 493 λον·
765 459 784 501 ᾗ
811 454 847 490 δέ
874 460 980 491 τοῦτο
1005 470 1046 501 με
1036 470 1064 488 -ν
1098 455 1134 489 ἐκ
1165 455 1263 488 συνθέ
1251 469 1346 493 -σεως
1372 458 1423 502 γί-

421 517 478 550 γνε
465 517 542 537 ται
567 505 747 538 συνιόντων
778 502 830 535 ez:
833 508 927 543 ἴνων,
956 501 1008 534 ἐεκ
1012 506 1067 533 ἵνα
1093 497 1120 532 δ’
1151 502 1186 532 ἐκ
1211 496 1350 532 διαλυσε
1340 513 1397 538 -ςω
1385 524 1419 541 ‚‚

421 546 620 595 στοιχειω)ε
607 549 683 583 isa-r
687 561 768 592 ραι
755 549 806 580 eze
809 552 864 580 ἵνα
889 550 946 578 καὶ
973 546 1075 590 πρότε
1079 558 1122 589 ραι
1147 545 1210 581 τήν
1237 556 1345 589 φυσιν.

407 706 556 733 ΞΥΝοΡειε.
575 721 609 724 -
631 713 654 732 ι.
676 704 887 744 Argumentum
914 707 941 729 et
967 700 1070 728 divisio
1092 706 1194 728 textus.
1217 717 1236 721 -
1258 707 1285 728 2.
1308 700 1419 728 Omnes

353 745 403 783 qui
424 750 537 781 ponunt
564 753 597 771 ex
625 753 684 771 uno
713 739 864 770 materiali
880 740 1022 785 principio
1051 739 1151 768 omnia
1177 749 1239 768 esse
1261 740 1419 777 producta,

353 794 468 814 necesse
491 790 532 812 est
553 783 646 811 dicere
668 783 747 819 quod
769 780 915 818 generatio
938 787 966 809 et
987 780 1134 817 corruptio
1156 779 1214 808 sint
1234 780 1311 808 idem
1330 789 1364 808 ac
1377 781 1419 808 al-

352 825 463 853 teratio.
487 825 559 851 Nam
581 829 694 859 ponunt
715 822 795 858 quod
820 821 891 848 illud
912 820 1086 857 principium
1108 827 1136 848 et
1156 820 1193 848 sit
1213 829 1264 848 ens
1285 820 1315 848 in
1337 826 1418 855 actu,

352 871 381 893 et
402 865 436 892 sit
458 863 615 891 substantia
637 861 769 890 omnium
790 870 865 898 quae
881 870 914 888 ex
929 861 993 897 ipso
1007 867 1189 898 generantur,
1206 866 1233 888 et
1248 861 1327 897 quod
1342 869 1420 888 sem-

351 914 404 942 per
425 909 539 932 maneat
559 912 650 930 unum
673 908 700 929 et
721 901 814 929 idem.
837 910 871 928 ex
893 901 948 929 hoc
970 907 1067 928 autem
1089 900 1219 937 sequitur
1240 901 1320 937 quod
1339 900 1418 928 nulla

351 942 552 972 transmutatio
573 942 664 979 possit
686 941 741 969 dici
762 940 909 978 generatio
932 947 959 969 et
981 940 1139 977 corruptio,
1158 941 1209 968 sed
1230 941 1325 968 solum
1347 940 1418 968 alte-

351 984 433 1012 ratio.
448 999 467 1004 —
482 982 641 1017 Quomodo
663 991 679 1009 e
701 981 846 1009 contrario
868 981 987 1017 ponitur
1007 990 1025 1009 a
1045 980 1131 1008 nobis
1145 979 1278 1008 omnium
1297 989 1416 1017 genera-

351 1023 452 1052 bilium
473 1029 500 1050 et
521 1021 749 1058 corruptibilium
766 1030 828 1049 esse
847 1030 939 1049 unum
955 1020 1115 1049 subiectum
1130 1020 1266 1057 primum.
1281 1036 1301 1040 -
1317 1020 1342 1048 3.
1360 1019 1418 1055 Qui

350 1063 457 1091 faciunt
477 1061 567 1090 multa
587 1070 693 1098 genera
713 1060 923 1098 principiorum
949 1060 1150 1095 materialium,
1171 1069 1288 1088 necesse
1310 1060 1417 1088 habent

350 1103 444 1131 dicere
466 1102 547 1139 quod
567 1101 714 1139 generatio
736 1100 849 1129 differat
870 1102 906 1129 ab
935 1101 1112 1129 alteratione.
1142 1101 1316 1137 Inquantum
1338 1100 1416 1128 enim

349 1143 398 1171 illa
418 1142 448 1170 in
468 1152 559 1170 unum
581 1141 772 1176 conveniunt,
795 1140 990 1178 compositum
1016 1140 1152 1177 acquirit,
1174 1140 1334 1168 secundum
1356 1149 1416 1175 eos,

348 1182 496 1219 propriam
510 1183 634 1210 formam
650 1190 701 1209 seu
715 1187 858 1226 naturam,
870 1188 898 1209 et
909 1180 1049 1226 contingit
1062 1180 1226 1217 generatio:
1242 1179 1415 1225 inquantum

349 1229 445 1251 autern
457 1221 660 1256 dissolvuntur,
672 1220 777 1249 amittit
789 1221 910 1249 mixtum
921 1221 1069 1258 propriam
1082 1227 1225 1256 naturam,
1237 1226 1265 1248 et
1276 1219 1417 1257 contingit

348 1262 504 1299 corruptio.
526 1261 735 1290 Alterationem
750 1268 847 1289 autem
859 1261 919 1289 fieri
934 1261 1083 1297 ponebant
1103 1270 1155 1297 per
1175 1261 1269 1288 solam
1290 1260 1416 1305 partium

347 1302 629 1330 transmutationem.
644 1310 703 1336 —.4
726 1301 868 1329 Obiicitur
882 1307 984 1329 contra
998 1307 1139 1337 ponentes
1153 1301 1237 1337 plura
1258 1299 1414 1345 principia:

348 1348 376 1370 et
396 1342 492 1379 primo
514 1341 707 1370 communiter
728 1347 830 1369 contra
850 1350 964 1369 omnes.
987 1341 1132 1368 Ponentes
1154 1340 1245 1368 multa
1265 1340 1415 1377 principia,

347 1391 463 1410 necesse
485 1383 592 1410 habent
613 1390 723 1418 ponere
745 1381 825 1418 quod
847 1380 994 1418 generatio
1015 1380 1051 1408 sit
1071 1380 1150 1409 aliud
1171 1381 1207 1408 ab
1229 1380 1414 1408 alteratione.

347 1423 397 1450 sed
419 1428 515 1450 tamen
537 1423 593 1450 hoc
615 1427 657 1450 est
678 1421 866 1458 impossibile,
887 1421 1047 1454 secundum
1070 1429 1109 1448 ea
1125 1429 1200 1457 quae
1221 1421 1257 1448 ab
1279 1420 1348 1457 ipsis
1372 1420 1414 1448 di-

347 1468 458 1490 cuntur.
482 1463 555 1490 Nam
577 1464 604 1497 a)
628 1461 728 1490 dicunt
748 1462 828 1498 quod
850 1460 999 1498 passibiles
1020 1460 1171 1498 qualitates
1193 1460 1344 1505 (calidum,
1366 1459 1415 1488 fri-

346 1502 455 1539 gidum,
471 1502 570 1530 album
591 1508 619 1530 et
640 1501 827 1537 huiusmodi),
850 1501 1010 1529 secundum
1032 1510 1105 1538 quas
1126 1499 1230 1529 dicitur
1247 1500 1415 1537 contingere

346 1542 489 1578 alteratio,
504 1548 571 1570 sunt
591 1541 769 1570 differentiae
785 1541 920 1578 propriae
935 1541 1162 1569 elementorum:
1185 1540 1305 1568 dicunt'
1298 1549 1416 1577 insuper

346 1583 427 1618 quod
447 1581 548 1619 nequit
568 1591 660 1610 unum
675 1581 885 1609 elementorum
900 1581 1028 1609 converti
1046 1580 1076 1608 in
1091 1580 1178 1609 aliud.
1201 1580 1311 1617 Atqui'
1304 1590 1414 1617 impos-

346 1621 427 1650 sibile
449 1629 491 1650 est
511 1621 628 1658 propria
649 1621 808 1650 accidentia
834 1620 956 1649 inveniri
982 1621 1037 1648 nisi
1058 1620 1088 1648 in
1109 1620 1234 1657 propriis
1262 1620 1412 1648 subiectis:

345 1671 424 1699 ergo,
446 1662 469 1690 si
491 1671 525 1690 ex
545 1671 606 1690 uno
629 1662 772 1690 elemento
794 1661 894 1698 nequit
915 1660 977 1689 fieri
998 1661 1086 1695 aliud,
1102 1660 1174 1688 nihil
1189 1660 1294 1688 mutari
1315 1666 1413 1697 potest

345 1710 379 1729 ex
400 1711 460 1730 una
480 1701 692 1738 praedictarum
722 1701 894 1746 qualitatum
922 1700 952 1728 in
973 1700 1069 1729 aliam.
1092 1701 1315 1737 Consequenter
1334 1700 1415 1728 nulla

345 1741 397 1769 erit
418 1741 558 1777 alteratio,
574 1751 648 1778 quae
669 1751 730 1770 non
751 1741 893 1778 contingit
906 1740 962 1769 nisi
976 1741 1137 1769 secundum
1158 1740 1326 1769 varietatem
1341 1750 1413 1777 qua-

373 1878 381 1886 .
407 1860 410 1863 ⁴
449 1862 469 1883 ἴ
487 1847 727 1899 2:1³5*
746 1847 967 1884 Aristoteles
996 1846 1201 1895 assignavit
1225 1846 1410 1883 rationem

411 1906 463 1950 ‘f'-
479 1887 711 1950 *2³
739 1900 897 1950 quidam
926 1900 1070 1948 antiqui
1071 1875 1316 1949 t’philosophi
1343 1912 1411 1948 po-

402 1948 565 2014 *²³35*
555 1962 749 2001 :xsuerunt
786 1953 1071 2002 generationem
1109 1955 1158 1990 ab
1191 1953 1411 1990 alteratione

422 2004 514 2045 <³³³⁵
543 2006 577 2041 ὠ
594 2007 761 2055 differre,
797 2007 955 2056 quidam
990 2015 1118 2044 autem
1152 2019 1249 2054 non,
1285 2019 1329 2043 ex
1365 2019 1411 2043 eo

344 2062 450 2110 quod
478 2062 633 2111 quidam
660 2069 871 2110 posuerunt
898 2073 1020 2097 unum
1043 2060 1273 2120 principium
1294 2067 1412 2097 mate—

344 2115 446 2162 riale,
464 2115 621 2164 quidam
637 2121 765 2151 autem
781 2115 912 2151 multa.
931 2115 1042 2150 Hanc
1060 2113 1247 2151 rationem
1264 2126 1379 2162 supra
1392 2113 1413 2135 '¹‘

343 2144 598 2205 manifestavit
617 2175 803 2217 quantum
824 2167 872 2205 ad
888 2167 1069 2215 radicem,
1090 2167 1296 2204 ostendens
1317 2179 1411 2216 quo—

343 2221 499 2258 mod00‘
520 2221 676 2270 quidam
705 2221 1025 2270 philosophorum
1053 2228 1264 2280 posuerunt
1293 2221 1412 2257 multa

341 2274 543 2324 principia:
570 2287 660 2311 nam
687 2274 918 2323 ponentibus
945 2286 1067 2310 unum
1096 2273 1324 2334 principium
1347 2274 1413 2310 ab·

342 2327 499 2365 solutior
532 2335 611 2365 est.
618 2339 755 2364 sermo.
789 2328 903 2364 Nunc
937 2334 1064 2364 autem
1099 2327 1259 2365 intendit
1290 2326 1413 2387 ipsam

343 2381 529 2418 rationem
561 2380 578 2410 β
611 2381 824 2418 secundum
859 2392 899 2417 se
938 2380 1191 2417 manifestare.
1231 2381 1281 2417 Et
1314 2380 1412 2417 circa

342 2435 417 2471 hoc
440 2434 517 2472 duo
547 2434 648 2471 facit:
677 2434 802 2484 primo
831 2434 1073 2471 manifestat
1065 2446 1188 2483 ipsam
1208 2433 1411 2480 rationem;

343 2488 512 2524 secundo
541 2487 669 2524 obiicit
698 2495 829 2524 contra
858 2500 956 2534 eam,
986 2487 1054 2524 ibi:
1084 2487 1248 2524 Necesse
1275 2492 1330 2524 est
1345 2499 1412 2523 au-

344 2540 455 2578 tem*
475 2549 544 2578 etc.
570 2540 681 2578 Circa
709 2540 877 2589 primum
907 2540 985 2615 dua?
1014 2540 1123 2576 facit:
1144 2539 1269 2589 primo
1291 2539 1411 2576 mani-

344 2594 453 2630 festat
480 2594 714 2653 praedictam
743 2593 970 2630 rationem*
990 2600 1175 2641 quantum
1196 2593 1244 2629 ad
1264 2605 1411 2642 ponen-

344 2654 400 2684 tes
427 2659 550 2684 unum
578 2646 830 2706 principium3
861 2646 1030 2683 secundo
1061 2653 1248 2694 quantum
1274 2646 1324 2683 ad
1342 2658 1411 2695 po-

344 2707 476 2737 nentes
510 2701 618 2749 plura
637 2699 833 2748 principia,
855 2698 922 2736 ibi:
945 2700 1022 2736 His
1040 2705 1165 2736 autem
1185 2699 1251 2747 qui
1267 2711 1411 2749 genera

344 2752 502 2790 multa*
522 2761 590 2790 etc.

400 2818 434 2843 2.
455 2806 556 2843 Dicit
575 2818 664 2854 ergo
684 2805 809 2865 primo
830 2805 936 2855 quod
956 2805 1135 2842 omnibus
1157 2805 1225 2842 illis
1244 2805 1411 2865 philoso-

342 2859 426 2909 phis
446 2859 510 2909 qui
530 2871 575 2896 ex
594 2871 672 2896 uno
692 2858 877 2908 principio
907 2858 1090 2896 materiali
1114 2866 1262 2907 ponunt
1281 2859 1411 2896 omnia

344 2925 426 2950 esse
450 2912 647 2962 producta,
679 2923 832 2950 necesse
854 2919 909 2948 est
938 2912 1062 2949 dicere
1083 2912 1188 2960 quod
1216 2912 1409 2960 generatio

344 2974 381 3003 et
400 2966 591 3015 corruptio
616 2965 719 3003 idem
746 2965 791 3002 sit
810 2965 1032 3002 alterationi.
1064 2965 1158 3002 Illud
1188 2965 1289 3003 enim
1308 2965 1410 3014 prin-

345 3019 485 3068 cipium
500 3025 514 3046 ⁷
531 3019 722 3056 materiale
741 3019 937 3068 ponebant
952 3031 1034 3055 esse
1055 3017 1209 3067 aliquod
1230 3031 1297 3056 ens
1312 3027 1410 3066 acm,

398 3193 426 3228 α)
446 3194 586 3219 ostendens
605 3194 745 3227 quomodo.
760 3209 778 3213 -
791 3194 932 3220 ostendens
945 3195 1017 3227 quod
1029 3195 1072 3220 BC
1086 3199 1111 3219 et
1126 3195 1194 3225 edd.,
1208 3195 1254 3220 sed
1274 3195 1411 3228 legendum

345 3237 404 3254 esse
422 3230 568 3262 quomodo,
589 3234 656 3262 patet
680 3237 710 3254 ex
729 3230 786 3254 lect.
808 3237 893 3262 praec.
914 3238 986 3255 num.
1007 3229 1032 3255 6.
1054 3244 1073 3249 —·
1092 3230 1142 3255 Pro
1168 3238 1229 3256 nam
1251 3231 1411 3263 ponentibus

345 3272 425 3289 unum
432 3265 594 3297 principium
609 3265 756 3290 absolutior
770 3269 809 3290 est
819 3272 914 3295 sermo,
926 3273 987 3290 nam
1002 3266 1035 3291 de
1045 3265 1204 3298 ponentibus
1218 3274 1298 3291 unum
1309 3266 1412 3298 princi-

340 3301 417 3332 pium
431 3300 469 3325 ad
480 3301 637 3325 solutionem
650 3301 702 3325 erit
715 3308 802 3326 sermo
817 3302 847 3330 A,
859 3308 920 3326 nam
935 3301 969 3326 de
979 3302 1139 3333 ponentibus
1155 3309 1236 3327 unum
1246 3301 1410 3334 principium

345 3335 493 3360 absolutum
512 3339 571 3360 erat
595 3336 643 3361 hoc
668 3337 746 3361 modo
766 3337 798 3367 B;
818 3344 865 3369 pro
884 3337 1045 3366 absolutior,
1065 3337 1197 3363 absolutio
1215 3338 1256 3363 ed.
1275 3345 1307 3368 a,·
1331 3344 1410 3370 quam

346 3370 391 3402 qui
404 3371 488 3402 plura
506 3371 565 3395 add.
584 3371 667 3400 PCab,
688 3371 719 3396 cf.
735 3372 792 3397 lect.
807 3380 891 3404 praec.
906 3377 958 3396 not.
974 3381 1000 3406 φ.

400 3404 425 3440 β)
447 3406 530 3437 ipsam
550 3406 688 3431 rationem.
702 3407 760 3431 —in
776 3407 869 3438 prima
888 3407 1019 3432 rationem
1039 3408 1080 3433 ed.
1094 3415 1124 3437 a,
1140 3408 1259 3440 primam
1279 3408 1411 3434 rationem

347 3440 381 3471 C;
401 3441 484 3472 ipsam
504 3449 556 3466 om.
572 3442 601 3466 B.
620 3441 703 3466 Etiam
722 3442 826 3466 inferius
847 3450 894 3475 pro
914 3443 1006 3474 ipsam,
1022 3443 1142 3475 primam
1162 3443 1209 3468 Ca.

399 3474 426 3509 γ)
441 3475 646 3508 principium.-
627 3477 715 3501 -Hoc
733 3485 787 3502 om.
801 3478 865 3502 Α.-
846 3486 924 3511 —pro
942 3478 1052 3511 aliquod
1069 3486 1115 3504 ens
1133 3482 1210 3508 actu,
1229 3479 1339 3512 aliquod
1357 3486 1413 3504 esse

346 3513 407 3536 actu
427 3511 468 3536 ed.
482 3518 507 3540 a,
527 3511 629 3543 aliquid
647 3515 708 3537 actu
727 3512 779 3537 BC.

400 3544 424 3579 δ)
444 3550 617 3578 generantur.
634 3560 653 3565 -
670 3548 868 3579 generabantur
888 3548 972 3573 PCab.
990 3563 1009 3569 ·-
1027 3556 1131 3582 semper
1149 3558 1202 3575 om.
1221 3551 1259 3580 A;
1278 3558 1326 3583 pro
1344 3557 1412 3582 quae

347 3588 384 3606 ex
403 3581 516 3606 materia
527 3582 609 3614 fiunt,
629 3589 696 3614 quae
708 3582 780 3615 fiunt
798 3590 835 3607 ex
853 3590 884 3608 ea
903 3584 934 3608 A.

400 3615 423 3657 ε)
443 3617 502 3641 Hoc
520 3620 607 3641 autem
628 3617 769 3642 dicimus...
783 3618 854 3642 circa
867 3619 1029 3652 sormamn-
1009 3620 1100 3645 ·-Hoc
1118 3624 1205 3645 autem
1222 3620 1334 3645 dicimus
1346 3621 1412 3646 alte-

348 3651 419 3682 rari,
440 3652 547 3684 quando
570 3652 732 3677 substantiae
756 3654 887 3678 manentis
913 3654 938 3678 in
962 3657 1024 3679 actu
1043 3655 1078 3679 sit
1096 3655 1187 3688 aliqua
1206 3656 1321 3680 variatio
1339 3657 1411 3681 circa

863 293 934 329 DE
964 292 1354 329 GENERATIONE
1383 291 1454 327 ET

1484 290 1869 328 CORRUPTIONE
1899 292 1994 328 LIB.
2025 291 2038 327 1

1544 369 1673 400 horum.
1698 369 1881 400 Secundum
1905 370 1938 400 id
1961 370 2048 400 enirn
2071 370 2161 410 quod
2186 376 2221 400 ut
2244 369 2375 401 materia
2394 370 2548 411 supponi-

1543 419 1605 450 tur,
1630 423 1667 443 ex
1690 423 1768 454 quo,
1792 414 2033 445 transmutantia
2052 421 2182 454 propter
2205 421 2343 453 motum,
2366 414 2475 446 fiunt*
2466 414 2548 455 1gnis

1543 463 1574 487 et
1597 463 1677 487 terra
1693 464 1724 488 et
1740 468 1833 499 aqua,
1851 469 1955 489 unum
1971 459 2179 489 elementum:
2197 459 2375 489 secundum
2390 459 2423 490 id
2439 467 2548 490 autem

1543 502 1632 542 quod
1649 502 1711 532 hoc
1730 511 1767 532 ex
1783 503 2017 543 compositione
2040 502 2086 542 fit,
2112 503 2374 534 convenientibus
2397 503 2470 540 illis,
2493 503 2548 534 illa

1543 553 1650 576 autem
1673 555 1710 576 ex
1729 546 1950 586 dissolutione,
1970 547 2070 588 magis
2090 547 2246 578 elementa
2274 554 2413 589 quatuor
2430 548 2494 586 illa,
2516 554 2548 579 et

1542 590 1646 630 prima
1668 597 1789 622 natura.

1475 699 1587 728 litatum
1609 699 1684 728 circa
1705 700 1783 729 idem
1805 701 1977 730 subiectum.
1991 718 2011 723 ·-
2028 702 2054 730 5.
2071 702 2099 737 b)
2121 701 2281 730 Contrariis
2302 701 2433 730 terminis
2447 707 2546 730 motus

1474 748 1592 768 necesse
1620 746 1662 768 est
1682 739 1713 768 in
1735 740 1862 777 qualibet
1890 741 2052 770 mutatione
2073 751 2239 778 supponere
2259 751 2350 770 unam
2377 741 2544 777 materiam,

1473 788 1525 807 seu
1545 789 1637 808 unum
1660 779 1831 809 subiectum.
1854 781 1929 809 Cum
1951 791 2020 819 ergo
2043 782 2224 819 qualitatum,
2240 782 2400 811 secundum
2415 791 2489 819 quas
2502 788 2545 810 at-

1472 819 1600 847 tenditur
1620 819 1768 856 alteratio,
1789 830 1851 849 non
1871 828 1983 858 ponant
2004 821 2043 850 illi
2064 831 2157 850 unum
2178 822 2357 857 subiectum,
2379 822 2430 850 sed
2451 821 2545 858 plura,

1473 869 1534 887 non
1555 866 1677 896 possunt
1698 869 1807 896 ponere
1829 861 2038 897 alterationem,
2054 871 2108 890 nec
2123 869 2335 899 consequenter
2352 861 2545 890 differentiam

1472 899 1546 927 inter
1566 899 1783 937 generationem
1799 907 1827 928 et
1840 900 2050 929 alterationem.
2064 918 2085 923 —
2098 903 2130 930 In
2145 911 2205 939 quo
2220 903 2291 930 haec
2304 901 2379 930 ratio
2400 901 2514 930 differat
2527 910 2546 930 a

1472 939 1574 975 prima.
1596 957 1615 961 -
1639 941 1667 968 6.
1684 939 1828 968 Obiicitur
1841 940 2002 977 specialiter
2015 948 2117 970 contra
2131 942 2349 979 Empedoclem.
2372 943 2401 976 a)
2422 942 2546 970 Videtur

1471 988 1532 1007 non
1547 979 1644 1007 solum
1657 979 1702 1008 his
1723 988 1799 1017 quae
1819 987 1960 1017 apparent
1981 982 2142 1009 secundum
2156 991 2284 1017 sensum,
2300 982 2331 1010 in
2345 982 2451 1020 quibus
2465 981 2546 1010 vide·

1472 1029 1537 1047 mus
1551 1029 1643 1047 unum
1659 1020 1833 1048 elementum
1846 1020 1908 1048 fieri
1922 1030 1956 1049 ex
1970 1021 2038 1056 alio,
2050 1022 2100 1049 sed
2112 1021 2199 1050 etiam
2212 1021 2289 1050 sibi
2282 1022 2337 1058 ipsi
2351 1022 2544 1059 Empedocles

1471 1059 1616 1097 contraria
1630 1059 1733 1088 dicere.
1749 1061 1825 1088 Nam
1839 1069 1873 1088 ex
1888 1060 1949 1088 eius
1963 1060 2046 1089 dictis
2060 1061 2249 1098 consequitur
2262 1063 2344 1099 quod
2358 1071 2392 1090 ex
2407 1062 2457 1091 illo
2472 1071 2543 1098 uno,

1470 1100 1501 1128 in
1523 1109 1582 1136 quo
1597 1109 1614 1128 a
1629 1099 1771 1136 principio
1787 1100 1888 1128 omnia
1904 1107 1987 1129 erant
2000 1101 2122 1129 confusa
2143 1110 2195 1138 per
2208 1101 2375 1136 amicitiam,
2390 1111 2442 1139 per
2456 1111 2544 1139 quas-

1471 1141 1539 1168 dam
1561 1139 1738 1168 differentias
1752 1146 1780 1168 et
1794 1139 1946 1176 passiones
1960 1140 2204 1177 supervenientes,
2219 1141 2327 1170 factum
2341 1141 2378 1170 sit
2391 1151 2444 1178 per
2463 1141 2544 1179 litem

1471 1186 1668 1217 segregantem
1690 1180 1771 1217 quod
1785 1180 1842 1208 hoc
1856 1186 1931 1208 esset
1944 1189 2022 1218 aqua
2035 1187 2063 1209 et
2076 1181 2155 1209 aliud
2169 1187 2244 1209 esset
2264 1181 2348 1218 ignis.
2368 1181 2446 1216 Quia
2458 1181 2545 1219 igitur

1470 1220 1534 1248 illae
1550 1219 1736 1255 differentiae,
1751 1226 1852 1265 utpote
1867 1220 1903 1248 de
1917 1229 1996 1249 novo
2014 1220 2137 1258 genitae,
2159 1227 2283 1257 possunt
2303 1221 2408 1250 auferri
2430 1227 2458 1250 et
2477 1230 2544 1258 per-

1471 1259 1586 1296 mutari,
1598 1269 1714 1288 necesse
1730 1266 1780 1295 est,
1792 1259 1816 1288 si
1830 1260 1997 1288 auferantur
2011 1266 2039 1288 et
2053 1267 2262 1297 permutentur,
2274 1260 2336 1289 fieri
2348 1267 2376 1289 et
2389 1269 2497 1298 aquam
2509 1269 2545 1289 ex

1469 1307 1546 1328 terra
1566 1306 1594 1328 et
1615 1306 1721 1328 terram
1743 1309 1776 1328 ex
1797 1309 1882 1338 aqua,
1905 1306 1934 1328 et
1947 1300 2079 1329 similiter
2099 1301 2332 1338 unumquodque
2347 1300 2471 1329 aliorum
2485 1300 2544 1329 ele-

1471 1346 1637 1368 mentorum
1651 1349 1685 1368 ex
1699 1340 1768 1368 alio.
1786 1341 1875 1375 Quod
1886 1347 1983 1369 autem
1997 1340 2062 1368 talis
2075 1340 2256 1377 permutatio.
2266 1340 2436 1378 passionum
2451 1340 2545 1378 possit

1470 1380 1531 1408 fieri
1553 1380 1640 1408 etiam
1661 1389 1748 1416 nunc,
1763 1381 1904 1416 probatur
1924 1387 1953 1408 et
1974 1390 2008 1409 ex
2022 1387 2127 1409 natura
2147 1380 2250 1409 talium
2270 1381 2452 1418 passionum,
2466 1389 2544 1418 quae

1469 1427 1592 1457 possunt
1610 1421 1646 1448 de
1659 1429 1738 1448 novo
1753 1420 1897 1455 advenire,
1913 1427 1941 1448 et
1954 1429 1988 1449 ex
2003 1430 2090 1449 causa
2104 1420 2249 1467 ipsas-unu
2264 1429 2334 1449 nam
2356 1421 2444 1450 etiarn
2464 1429 2544 1450 nunc

1470 1460 1683 1489 contrariantur
1703 1460 1737 1488 lis
1759 1467 1787 1488 et
1807 1460 1943 1495 amicitia,
1958 1460 2031 1489 sicut
2052 1460 2082 1489 in
2097 1460 2251 1498 principio.
2265 1477 2286 1481 -
2300 1470 2328 1498 7.
2351 1461 2380 1497 b)
2402 1460 2544 1496 Quamvis

1469 1500 1662 1537 Empedocles
1690 1500 1782 1528 multa
1806 1500 1948 1537 principia
1967 1500 2110 1537 posuerit,
2132 1507 2230 1529 tamen
2258 1500 2401 1529 incertum
2429 1500 2544 1530 videtur

1468 1547 1566 1568 utrum
1582 1540 1714 1568 debuerit
1727 1549 1836 1577 ponere
1850 1550 1943 1568 unum
1961 1541 2006 1569 vel
2019 1541 2119 1569 multa.
2139 1542 2315 1578 Inquantum
2331 1550 2409 1570 emm
2423 1539 2544 1578 ponitur

1468 1590 1502 1609 ex
1522 1590 1583 1608 uno
1599 1579 1669 1615 fieri,
1691 1580 1764 1608 sicut
1778 1590 1812 1608 ex
1827 1579 1955 1616 materia,
1970 1587 2097 1617 quatuor
2111 1581 2262 1617 elementa,
2277 1580 2392 1609 videtur
2410 1581 2493 1618 quod
2507 1579 2544 1610 sit

1468 1630 1561 1648 unum
1582 1619 1772 1657 principium:
1795 1621 1847 1648 sed
1867 1620 2041 1658 inquantum
2069 1620 2139 1649 illud
2160 1630 2253 1649 unum
2282 1619 2314 1648 fit
2335 1630 2369 1649 ex
2394 1620 2543 1658 composi-

1468 1660 1548 1688 tione
1562 1660 1773 1688 elementorum
1794 1659 1824 1688 in
1845 1670 1937 1689 unum
1959 1660 2194 1689 convenientium
2216 1669 2268 1698 per
2289 1660 2462 1696 amicitiam,
2484 1660 2543 1690 ele-

1469 1707 1567 1728 menta
1588 1706 1686 1728 autern
1707 1700 1780 1728 fiunt
1801 1709 1853 1737 per
1874 1701 2022 1738 quandam
2043 1700 2266 1729 dissolutionem
2288 1710 2322 1729 ex
2343 1700 2393 1729 illo
2413 1709 2476 1729 uno
2490 1709 2543 1738 per

1469 1739 1670 1777 operationem
1690 1740 1757 1775 litis,
1772 1740 1864 1778 magis
1882 1740 1996 1768 videtur
2016 1741 2098 1778 quod
2118 1740 2167 1769 illa
2181 1747 2309 1778 quatuor
2320 1740 2378 1769 sint
2390 1739 2542 1778 principia.

1466 1854 1558 1895 puta
1586 1846 1714 1894 ignem
1734 1847 1797 1884 vel
1832 1859 1962 1884 aerem
1996 1854 2061 1884 aut
2088 1858 2251 1895 aquam:
2282 1853 2318 1883 et
2345 1846 2543 1895 ponebant

1467 1900 1572 1948 quod
1600 1900 1691 1937 illud
1722 1907 1820 1937 esset
1847 1899 2056 1937 substantia
2084 1899 2260 1936 omnium
2289 1911 2388 1948 quae
2417 1911 2465 1936 ex
2493 1911 2540 1937 eo

1466 1961 1694 2001 generantur
1721 1951 1754 1990 ⁶:
1786 1961 1822 1990 et
1850 1953 1947 1990 sicut
1974 1953 2134 1990 materia
2161 1965 2316 2002 semper
2343 1960 2476 1990 manet
2501 1952 2541 1994 in

1467 2006 1525 2043 his
1544 2019 1643 2055 quae
1664 2019 1709 2043 ex
1729 2006 1889 2044 materia
1907 2007 2016 2053 fiunt,
2038 2006 2087 2043 ita
2106 2007 2304 2056 ponebant
2322 2006 2430 2054 quod
2449 2005 2542 2044 illud

1467 2060 1681 2097 subiectum
1719 2072 1873 2109 semper
1910 2067 2040 2097 manet
2075 2072 2199 2097 unum
2237 2067 2275 2097 et
2307 2059 2430 2097 idem.·
2454 2060 2541 2098 Hoc

1460 2121 1596 2150 eutem
1617 2113 1779 2151 dicimus
1798 2112 1958 2160 alterari,
1979 2112 2146 2173 quando,
2167 2121 2347 2150 manente
2366 2113 2541 2151 substan-

1466 2166 1517 2204 tia
1531 2174 1617 2204 actu
1632 2166 1834 2214 existentis,
1846 2167 1890 2204 fit
1904 2166 2030 2215 aliqua
2043 2166 2205 2204 variatio
2221 2166 2321 2204 circa
2335 2166 2538 2205 formam.
2515 2172 2528 2188 “

1466 2220 1579 2258 Unde
1598 2221 1768 2270 sequitur
1787 2220 1893 2270 quod
1912 2221 2015 2257 nulla
2034 2219 2298 2258 transmutatio
2319 2232 2402 2257 esse
2421 2219 2542 2270 possit

1467 2285 1566 2323 quae
1596 2273 1731 2311 dicitur
1758 2273 1919 2323 simplex
1946 2273 2140 2322 generatio
2171 2280 2208 2310 et
2236 2273 2442 2323 corruptio,
2471 2273 2542 2311 sed

1467 2327 1547 2364 sola
1567 2326 1736 2364 alteratio
1757 2327 1781 2365 ς.
1802 2328 1933 2364 -Nos
1960 2334 2089 2364 autern
2110 2326 2293 2376 ponimus
2319 2326 2497 2364 omnium
2519 2325 2542 2348 *

1466 2379 1741 2429 generabilium
1762 2388 1799 2418 et
1822 2380 2125 2429 corruptibilium
2154 2392 2236 2418 esse
2264 2392 2387 2418 unum
2409 2379 2541 2418 subie-

1468 2442 1572 2471 ctum
1587 2434 1755 2493 primum
1764 2433 1796 2481 *‚
1813 2433 1921 2482 quod
1940 2441 2070 2471 tamen
2088 2445 2167 2471 non
2187 2441 2244 2470 est
2263 2446 2330 2471 ens
2350 2440 2448 2480 actu,
2469 2433 2540 2471 sed

1467 2487 1505 2524 in
1523 2486 1705 2536 potentia.
1736 2487 1785 2523 Et
1804 2487 1892 2523 ideo
1918 2497 1964 2523 ex
1983 2498 2030 2523 eo
2050 2487 2180 2535 quod*
2199 2486 2334 2535 accipit
2361 2487 2538 2534 formam,

1467 2552 1536 2599 per
1562 2551 1680 2588 quam
1707 2539 1751 2576 fit
1780 2551 1847 2576 ens
1871 2546 1969 2586 actu,
1991 2539 2125 2576 dicitur
2143 2539 2363 2588 simpliciter
2381 2551 2538 2588 genera-

1466 2593 1536 2630 tio:
1567 2605 1612 2629 ex
1640 2593 1715 2629 hoc
1744 2600 1873 2630 autem
1902 2591 2024 2641 quod,
2053 2599 2260 2642 postquam
2290 2599 2346 2630 est
2366 2605 2433 2630 ens
2452 2600 2540 2630 actu

1466 2646 1621 2692 factum,
1642 2645 1798 2695 suscipit
1821 2646 1934 2683 aliam
1962 2658 2250 2695 quamcumque
2274 2646 2453 2694 formam,
2484 2646 2539 2684 di-

1467 2699 1561 2736 citur
1588 2676 1771 2736 alteratio.

1522 2754 1556 2790 3.
1587 2752 1736 2790 Deinde
1771 2764 1859 2789 cum
1893 2752 2001 2790 dicit:
2034 2752 2111 2789 His
2138 2758 2264 2789 autem
2294 2759 2382 2800 etc.,

2418 2752 2539 2791 mani·
2551 2755 2554 2758 ’

2665 2333 2682 2364 t

2567 2368 2782 2391 'ommam-n.

2567 2444 2691 2493 'prinum
2704 2444 2782 2468 omitt.

2665 2507 2681 2532 ’l

1466 2806 1574 2843 festat
1601 2805 1838 2866 praedictam
1866 2806 2054 2842 rationem
2075 2813 2261 2854 quantum
2282 2805 2331 2843 ad
2349 2813 2538 2866 ponentes
2563 2841 2565 2845 Α

1466 2860 1575 2908 plura
1613 2859 1809 2909 principia.
1845 2859 1894 2896 Et
1931 2858 2020 2896 dicit
2053 2858 2159 2908 quod
2192 2858 2262 2896 illis
2295 2859 2362 2909 qui
2395 2858 2539 2897 faciunt

1467 2914 1586 2950 multa
1623 2924 1763 2961 genera
1804 2911 2080 2962 principiorum
2119 2911 2372 2950 materIalium
2409 2910 2449 2958 ⁰,
2489 2912 2537 2950 de

1467 2966 1606 3015 quibus
1640 2978 1755 3015 supra
1781 2965 1802 2988 '¹‘
1835 2965 1979 3004 dictum
2013 2974 2090 3014 est,
2129 2977 2290 3003 necesse
2321 2973 2377 3003 est
2409 2964 2537 3004 dicere

1467 3020 1571 3068 quod
1607 3019 1756 3057 differat
1789 3019 1982 3067 generatio
2017 3019 2066 3056 ab
2104 3019 2336 3056 alteratione.
2374 3020 2538 3068 Inquan—

1461 3196 1583 3229 sormam
1598 3197 1634 3226 Α;
1654 3196 1714 3221 Hoc
1726 3198 1815 3221 autem
1835 3198 1875 3221 est
1891 3196 2013 3226 alterari,
2033 3195 2106 3229 quod
2123 3196 2275 3222 substantia
2287 3199 2411 3222 manente
2427 3197 2540 3223 subiecti

1466 3234 1528 3256 actu
1547 3231 1699 3261 existentis,
1713 3232 1749 3265 fit
1767 3231 1822 3256 alia
1841 3231 1957 3257 variatio
1976 3232 2048 3257 circa
2065 3231 2187 3266 sormam
2206 3232 2240 3264 ¹33
2260 3239 2308 3265 pro
2327 3236 2465 3264 manente,
2485 3239 2538 3258 me-

1467 3266 1558 3292 diante
1577 3267 1629 3297 Ca,·
1649 3274 1696 3299 pro
1708 3267 1844 3300 sormam,
1859 3267 1967 3301 sor-mas
1985 3267 2071 3292 PCab.

1519 3301 1545 3335 ζ)
1569 3302 1667 3327 Unde.
1670 3302 1826 3327 ..alteratio
1839 3316 1859 3321 -
1876 3302 1951 3327 Unde
1964 3302 2084 3335 sequitur
2097 3302 2170 3335 quod
2187 3303 2262 3328 nulla
2281 3302 2398 3328 variatio
2415 3303 2536 3328 substan-

1467 3337 1539 3362 tialis
1552 3345 1606 3363 esse
1622 3338 1716 3370 possit,
1735 3345 1804 3370 quae
1819 3338 1918 3364 dicitur
1930 3338 2047 3370 simplex
2060 3338 2208 3371 generatio,
2222 3338 2270 3364 sed
2287 3338 2346 3363 sola
2359 3338 2486 3364 alteratio
2501 3339 2537 3370 B;

1522 3373 1639 3405 simplex
1656 3373 1795 3406 generatio
1810 3374 1855 3398 vel
1873 3374 2021 3406 corruptio,
2036 3373 2083 3399 sed
2095 3373 2222 3399 alteratio
2239 3374 2326 3399 solum
2344 3374 2382 3404 A3
2401 3381 2450 3407 pro
2468 3381 2538 3407 quae

1468 3408 1580 3438 dicitur,
1602 3416 1669 3441 quae
1686 3409 1792 3434 dicatur
1811 3409 1845 3440 C;
1864 3408 1982 3441 simplex
2000 3417 2054 3434 om.
2069 3408 2153 3434 Peab.

1521 3443 1547 3478 η)
1568 3452 1605 3469 ex
1621 3451 1651 3469 eo
1670 3445 1750 3477 quod.
1769 3459 1787 3463 -
1805 3428 1913 3477 qu’ando
1926 3445 1957 3470 A.
1976 3459 1995 3463 -
2013 3445 2092 3469 Linea
2111 3443 2230 3477 sequenti
2250 3451 2298 3477 pro
2316 3444 2473 3477 simpliciter
2490 3451 2538 3478 ge-

1467 3480 1586 3509 neratio,
1612 3480 1729 3512 simplex
1752 3480 1892 3513 generatio
1910 3481 1947 3511 A,
1967 3487 2023 3505 esse
2041 3479 2198 3511 simpliciter
2215 3479 2356 3513 generatio
2374 3481 2408 3511 133
2433 3487 2482 3513 pro
2500 3487 2538 3505 ex

1467 3515 1515 3540 hoc
1533 3518 1637 3545 autem,
1656 3519 1682 3541 et
1701 3523 1738 3540 ex
1756 3516 1805 3541 hoc
1823 3515 1914 3546 PCab3
1933 3523 1981 3548 pro
1999 3522 2046 3541 ens
2064 3518 2126 3540 actu
2144 3514 2265 3549 sactum,
2285 3518 2347 3541 actu
2363 3515 2395 3547 A,
2413 3518 2476 3541 actu
2488 3515 2537 3549 sa-

1466 3554 1537 3575 ctum
1558 3551 1586 3575 B.

1520 3584 1544 3620 0)
1566 3586 1618 3611 illis
1666 3586 1852 3611 materialium.
1866 3599 1885 3606 —-·
1899 3586 1951 3611 illis
1965 3585 2011 3618 qui
2019 3585 2129 3620 jaciunt
2138 3585 2222 3618 plura
2232 3585 2370 3618 principia
2384 3585 2536 3610 materialia

1467 3622 1496 3650 A,
1516 3622 1557 3646 his
1575 3622 1622 3654 qui
1631 3622 1743 3655 saciant
1756 3622 1840 3654 plura
1859 3621 1997 3654 principia
2018 3620 2214 3653 principiorum
2235 3620 2414 3646 materialium
2433 3620 2468 3651 Β;
2487 3627 2536 3654 pro

1467 3656 1526 3685 illis,
1547 3657 1586 3681 1'111·
1605 3657 1652 3682 Ca.
1666 3670 1685 3676 -
1703 3657 1753 3681 Pro
1772 3663 1855 3689 supra
1875 3657 1974 3681 dictum
1994 3659 2040 3686 est,
2060 3659 2100 3681 est
2118 3662 2202 3688 supra
2221 3656 2321 3681 dictum
2341 3655 2425 3680 PCab.

2567 2978 2654 3001 ·Loet.

2669 2978 2782 3008 φηςι-ιδ.

2565 3011 2589 3028 ¹²·
2598 3011 2615 3033 4
2629 3011 2682 3034 “lq-
