2782 4134
77 354 86 362 ⁶
101 358 130 380 qu
117 352 192 373 uidem
206 358 253 373 om.
265 358 287 372 A.

77 380 96 388 ''
112 379 287 430 “dfflssuss

77 409 101 452 {i
113 411 165 453 ggd.
180 438 201 452 Ρ.

77 510 159 532 ‘sim

77 725 87 733 “
108 724 218 745 sanitatis
240 730 253 745 Ρ
268 728 289 745 et

77 750 145 771 codd.
161 756 210 772 exc.
225 757 269 772 Asi.

75 987 86 998 ⁴
101 987 124 1009 in
139 988 192 1009 add.
207 994 229 1009 P.

76 1094 85 1103 ⁸
100 1092 150 1114 sive
164 1093 234 1115 codd.

74 1409 180 1430 horum
191 1415 238 1430 om.
248 1415 284 1431 A.-

74 1436 158 1457 ordine
179 1436 284 1463 ed.1516

73 1466 95 1483 et
111 1462 179 1484 codd
195 1468 244 1483 exc.
260 1469 282 1484 A.

75 1834 84 1842 ·
98 1831 158 1853 illud
170 1838 191 1853 A.

73 1860 93 1869 ·”
108 1859 197 1880 scilicet
205 1864 252 1879 om.
264 1864 285 1879 Ρ.

69 2050 81 2061 ⁴⁵
96 2052 119 2071 et
133 2055 180 2071 om.
195 2055 216 2071 Ρ.

70 2156 81 2167 ⁴
96 2155 137 2183 qui
149 2161 170 2176 Ρ.

72 2371 83 2381 “
97 2369 200 2391 creando
214 2376 236 2391 A.

73 2484 82 2492 '¹
98 2482 145 2503 tr1'a
156 2488 204 2504 om.
215 2481 284 2503 codd.

74 2515 125 2529 exc.
140 2515 163 2530 A.

74 2537 83 2544 '
95 2535 197 2562 primum
211 2541 239 2561 1’3
254 2534 285 2555 cf.

74 2564 131 2582 text.

78 2792 87 2801 ·
107 2791 201 2812 omnino
221 2791 290 2813 codd.

170 3066 203 3083 αα

323 277 395 313 194

316 352 432 381 tatem
458 343 653 392 quidem*
674 341 943 390 adipiscitur*‘³
941 349 1035 388 per
1060 339 1380 385 extenuationem,

316 397 383 434 sed
412 396 460 434 ad
488 397 562 432 hoc
591 395 695 444 quod
717 401 936 430 extenuetur
963 393 1104 440 indiget
1124 404 1247 438 cursu,
1274 399 1310 427 et
1333 368 1382 428 ad

315 451 390 487 hoc
427 449 532 498 quod
570 455 692 485 currat
725 444 924 495 requiritur
961 445 1066 494 quod
1099 444 1241 492 aliquid
1279 443 1381 480 aliud

317 510 412 551 agat,
429 503 502 539 ut··
517 502 562 538 sit
581 509 712 550 aptum
732 500 778 537 ad
801 511 970 545 cursum;
994 506 1029 534 et
1048 498 1100 534 sic
1120 498 1235 534 habet
1253 497 1380 544 plures

317 563 443 592 motus
463 555 600 603 quibus
619 553 792 602 pervenit
812 552 860 589 ad
879 552 996 588 finem
1018 550 1196 587 sanitatis.
1214 550 1380 596 Quartus

317 616 444 645 autem
473 608 609 656 gradus
639 614 694 643 est
721 607 824 654 quod
850 617 927 641 non
955 611 1079 663 potest
1101 602 1302 652 pervenire
1331 602 1380 638 ad

316 663 390 698 hoc
419 661 524 710 quod
543 667 704 706 sanetur,
721 660 788 695 sed
806 658 980 717 pervenit
1008 658 1055 694 ad
1084 655 1224 705 aliquid
1245 667 1379 691 eorum

316 727 414 763 quae
443 721 530 750 sunt
556 712 709 761 praevia
737 711 882 747 sanitati
905 712 938 756 9,
968 718 1060 759 puta
1079 710 1127 747 ad
1151 710 1227 746 hoc
1255 709 1379 745 solum

316 768 418 816 quod
447 774 581 813 currat,
601 766 662 802 vel
692 764 805 800 etiam
833 764 987 800 ulterius
1012 763 1118 811 quod
1143 769 1378 807 extenuetur;

315 832 481 868 quorum
509 826 684 856 neutrum
714 825 770 854 est
796 817 894 863 finis,
916 817 984 853 sed
1008 828 1142 853 eorum
1163 823 1219 852 est
1246 814 1380 862 aliquis

315 874 418 920 finis,
449 872 586 909 scilicet
614 871 763 916 sanitas,
793 877 835 906 ut
864 870 1005 906 dictum
1034 877 1100 906 est.

368 928 417 963 Et
444 927 582 962 horum
612 924 796 960 rationem
817 923 991 970 assignat,
1014 923 1143 960 dicens
1173 921 1277 970 quod
1298 933 1378 957 ma-

314 979 414 1015 xime
439 978 627 1026 optimum
657 984 712 1013 est
741 978 760 997 9··
787 976 964 1013 omnibus
991 976 1110 1012 finem
1140 974 1262 1011 sortiri
1287 986 1378 1023 qua—

315 1032 580 1080 litercumque,
615 1029 754 1066 scilicet
793 1029 873 1066 sive
912 1029 992 1065 sine
1030 1036 1159 1075 motu,
1194 1028 1275 1065 sive
1309 1039 1378 1075 per

313 1097 472 1134 paucos,
509 1084 588 1120 sive
615 1095 684 1132 per
714 1083 855 1119 multos
883 1090 1023 1119 motus.
1059 1082 1098 1118 Si
1126 1093 1220 1118 vero
1251 1082 1270 1101 9
1299 1093 1378 1117 non

315 1138 504 1185 contingat
537 1136 691 1185 adipisci
729 1136 869 1181 finem,
908 1147 1061 1193 semper
1094 1142 1198 1171 tanto
1236 1134 1378 1182 aliquid

315 1191 381 1227 erit
407 1190 557 1237 melius,
587 1196 729 1238 quanto
757 1188 877 1247 magis
902 1188 1182 1246 appropinquat
1209 1187 1258 1224 ad
1283 1187 1377 1236 opti—

314 1256 438 1289 mum;
459 1251 549 1303 puta
569 1242 674 1302 quod
689 1241 871 1300 pertingit
879 1241 927 1278 acl
945 1240 1262 1286 extenuationem,
1279 1252 1377 1289 quae

315 1305 369 1334 est
387 1295 708 1356 propinquissima
728 1294 884 1341 sanitati,
907 1302 962 1331 est
980 1294 1116 1331 melius
1135 1306 1251 1342 quam
1273 1294 1377 1342 quod

312 1350 486 1409 pertingit
510 1350 559 1386 ad
589 1360 751 1386 cursum.
791 1349 849 1384 Ex
878 1359 955 1395 quo
986 1348 1100 1384 etiam
1132 1354 1235 1395 patet
1272 1347 1377 1395 quod

313 1404 351 1440 in
387 1414 622 1451 unoquoque
658 1402 798 1438 horum
829 1401 849 1421 9
885 1400 1062 1437 ordinum
1096 1407 1258 1448 possunt
1295 1412 1377 1436 esse

314 1457 420 1493 multi
448 1456 598 1514 gradus.

368 1511 402 1546 8.
424 1511 473 1546 Et
500 1508 589 1557 quia
616 1516 715 1545 terra
735 1506 900 1543 maxime
921 1506 1031 1543 distat
1059 1506 1191 1542 ordine
1220 1513 1377 1542 naturae

313 1575 335 1600 a
354 1575 507 1599 summo
528 1561 660 1598 ordine
689 1572 828 1607 rerum,
858 1559 945 1596 ideo
965 1559 1126 1596 totaliter
1145 1571 1224 1596 non
1243 1571 1377 1596 move-

313 1625 373 1653 tur
386 1623 416 1662 ⁶¹,
434 1615 540 1664 quasi
556 1627 634 1651 non
647 1615 780 1651 valens
800 1613 1107 1672 appropinquare
1124 1613 1172 1649 ad
1188 1613 1377 1661 optimum

313 1682 382 1718 per
409 1671 511 1706 hunc
548 1667 710 1705 modum
748 1666 854 1725 quod
883 1666 927 1702 sit
956 1678 1070 1702 causa
1099 1665 1272 1702 aliorum.
1313 1666 1377 1702 Illa

313 1735 407 1759 vero
436 1734 534 1769 quae
571 1728 657 1757 sunt
685 1719 901 1778 propinqua
929 1726 1069 1765 terrae,
1099 1731 1196 1767 quae
1226 1726 1312 1755 sunt
1339 1718 1378 1755 in

313 1783 447 1825 quarto
486 1774 639 1820 ordine,
668 1772 798 1821 paucis
835 1772 1002 1808 motibus
1031 1779 1259 1808 moventur:
1289 1772 1378 1820 quia

313 1841 391 1865 non
405 1827 589 1875 attingunt
604 1826 654 1863 ad
668 1826 863 1862 alterum*
879 1833 1104 1884 extremum,
1125 1833 1165 1861 ut
1184 1824 1323 1861 scilicet
1340 1826 1379 1846 9*

313 1882 384 1919 sint
407 1880 639 1918 universales
655 1890 803 1924 dcausae
832 1878 1116 1926 permanentiae
1137 1890 1281 1924 rerum;
1311 1879 1379 1915 sed

311 1935 497 1971 intantum
535 1940 759 1978 moventur,
796 1931 1022 1991 inquantum
1059 1938 1220 1980 possunt
1256 1931 1378 1968 sortiri

312 1987 455 2047 aliquid
483 1987 530 2023 de
559 1985 800 2022 similitudine
828 1984 941 2033 primi
970 1992 1006 2021 et
1034 1984 1258 2022 divinissimi
1278 1985 1377 2033 prin-

313 2041 417 2100 cipii,
447 2040 484 2076 in
512 2036 587 2076 hoc
615 2038 755 2075 scilicet
782 2039 887 2087 quod
917 2045 952 2074 et
975 2038 994 2058 9
1014 2038 1095 2086 ipsa
1124 2037 1197 2074 sint
1216 2037 1377 2074 aliorum

311 2093 504 2143 principia.
523 2092 600 2129 Sed
614 2091 782 2140 primum
803 2091 950 2127 caelum
970 2090 1094 2127 statim
1111 2091 1262 2127 sortitur
1280 2092 1378 2128 hanc

312 2146 595 2184 similitudinem
624 2157 693 2194 per
711 2157 833 2181 unum
859 2151 1029 2181 motum:
1057 2144 1161 2192 quod
1180 2145 1200 2165 9
1219 2144 1379 2192 pertinet

312 2201 360 2237 ad
381 2200 591 2236 secundum
621 2198 791 2257 gradum.
823 2198 887 2233 Illa
915 2210 1008 2234 vero
1034 2209 1132 2244 quae
1161 2205 1248 2234 sunt
1267 2197 1377 2234 inter—

311 2253 438 2290 media
457 2252 552 2289 inter
580 2251 748 2300 primum
774 2251 921 2287 caelum
944 2258 979 2286 et
998 2258 1167 2286 extrema
1196 2262 1376 2299 corpora,

312 2319 410 2355 quae
439 2313 525 2342 sunt
559 2305 597 2341 in
626 2304 734 2341 tertio
768 2303 919 2350 ordine,
954 2303 1136 2351 attingunt
1169 2303 1378 2341 similitudi—

311 2371 401 2396 nem
435 2358 547 2407 primi
579 2350 752 2407 principii
781 2356 819 2393 in
853 2356 1095 2393 causando*
1083 2373 1114 2404 ·,
1150 2368 1218 2405 per
1251 2358 1378 2406 plures

312 2420 448 2449 motus.

367 2477 402 2513 9.
424 2466 467 2501 ln
486 2463 543 2500 his
563 2471 690 2500 autem
709 2474 808 2511 quae
825 2462 922 2499 dicta
942 2470 1041 2508 sunt,
1061 2462 1164 2498 tria*
1180 2463 1377 2510 expressit:

314 2518 452 2554 scilicet
485 2516 713 2574 principium
743 2517 782 2560 9,
820 2515 926 2562 quod
963 2515 1077 2551 habet
1113 2522 1150 2551 et
1182 2515 1379 2564 participat

315 2570 480 2619 optimo:
518 2570 594 2605 hoc
631 2568 733 2604 enim
771 2567 944 2626 exposuit
988 2579 1069 2603 esse
1107 2567 1377 2604 divinissimum

310 2622 551 2671 principium.
583 2620 759 2657 Similiter
793 2620 904 2656 etiam
938 2619 1150 2656 secundum
1185 2616 1376 2666 ordinem,

316 2675 381 2723 qui
410 2687 478 2722 per
500 2686 644 2732 paucos
672 2679 799 2708 motus
823 2672 965 2719 attingit
983 2672 1192 2731 perfectum
1218 2673 1377 2720 bonum,

317 2727 483 2764 attribuit
510 2726 634 2774 primo
665 2726 781 2762 caelo.
813 2724 998 2771 Quintum
1035 2724 1147 2761 etiam
1183 2725 1377 2773 ordinem,

319 2780 384 2828 qui
411 2787 565 2828 propter
593 2778 919 2827 imperfectionem
949 2778 1054 2814 omni
1077 2779 1097 2799 ’²²
1127 2786 1226 2814 caret
1253 2787 1378 2826 motu,

318 2833 482 2870 attribuit
509 2840 641 2868 terrae.
672 2833 861 2867 Remanet
880 2839 1007 2867 autem
1030 2830 1213 2868 dubitatio
1234 2832 1281 2868 de
1302 2832 1380 2868 aliis

319 2886 469 2924 duobus
499 2884 711 2930 ordinibus,
742 2884 879 2933 quibus
909 2884 981 2920 sint
1009 2884 1244 2921 attribuendi.
1276 2885 1379 2922 Nam

319 2939 348 2976 si
368 2939 519 2976 tertium
547 2937 721 2974 ordinem
746 2937 993 2974 attribuamus
1017 2937 1274 2986 superioribus
1302 2938 1380 2986 pla-

319 2992 433 3038 netis,
465 3004 510 3028 eo
540 2991 644 3039 quod
676 3002 744 3039 per
775 2991 902 3039 plures
935 2998 1061 3026 motus
1097 2999 1382 3039 consequuntur

318 3045 527 3094 perfectum
557 3044 702 3080 bonum
732 3050 767 3079 et
796 3042 964 3080 durabile
984 3049 1035 3089 ⁰⁴¹²,
1065 3043 1254 3080 videbitur
1282 3044 1379 3081 attri-

319 3100 435 3134 buere
460 3105 635 3156 quartum
657 3095 830 3133 ordinem
855 3095 924 3132 soli
945 3104 981 3132 et
1000 3097 1128 3143 lunae,
1149 3104 1189 3133 ut
1209 3097 1380 3134 dicamus

321 3151 425 3201 quod
448 3162 526 3187 non
555 3149 739 3197 attingunt
767 3149 814 3186 ad
842 3149 1052 3198 perfectum
1082 3150 1246 3186 bonum:
1276 3151 1380 3199 quod

319 3203 494 3240 videtur
487 3202 771 3250 inconveniens,
792 3202 1013 3251 praesertim
1030 3215 1117 3239 cum
1138 3204 1193 3240 sol
1208 3203 1382 3240 videatur

373 3315 405 3347 ω)
418 3315 512 3340 ordine
531 3318 667 3341 naturae..
670 3315 815 3340 ,totaliter
833 3323 884 3340 non
905 3319 1065 3341 movetur.—
1078 3317 1096 3341 Ρ
1110 3318 1204 3342 omittit
1222 3317 1316 3344 ordine
1335 3325 1383 3342 na-

322 3353 413 3378 turae5
432 3351 453 3374 A
472 3350 593 3374 omittita
611 3357 712 3374 summo
731 3351 839 3380 ordine,
859 3357 884 3376 et
902 3359 950 3384 pro
970 3352 1028 3376 ideo
1047 3352 1167 3377 totaliter
1190 3360 1242 3378 non
1262 3356 1383 3378 movetur

322 3385 383 3417 legit
402 3385 460 3410 ideo
479 3393 529 3410 non
550 3386 668 3410 totaliter
686 3393 737 3410 non
758 3390 885 3411 movetur.

376 3421 421 3452 αα)
441 3424 466 3445 et
485 3421 612 3445 durabile.
630 3434 648 3439 -
667 3424 692 3445 et
711 3421 838 3453 optimum
859 3422 887 3452 P,
907 3422 1003 3446 durum
1027 3424 1057 3447 A.
1071 3436 1090 3441 —
1108 3423 1189 3448 Paulo
1208 3422 1314 3448 inferius
1333 3431 1381 3456 pro

323 3455 475 3487 attingunt
500 3456 637 3488 attingant
656 3456 685 3480 A.
699 3469 716 3474 -
737 3457 807 3488 quod
828 3457 933 3482 videtur
958 3458 1142 3483 inconveniens
1164 3458 1284 3483 omittunt
1309 3459 1380 3484 codi—

323 3498 376 3515 ces.
387 3503 429 3550 XI
431 3490 492 3514 Post
516 3498 592 3515 unam
612 3491 705 3515 lineam
724 3499 771 3524 pro
789 3492 943 3522 videantur,
964 3493 1087 3518 videatur
1106 3494 1124 3518 Ρ
1144 3499 1169 3518 et
1187 3494 1288 3519 codices
1308 3502 1380 3519 exce-

323 3530 368 3557 pto

378 3558 418 3592 ββ)
433 3561 472 3585 vel
485 3560 636 3586 levitatis.-
647 3564 673 3585 et
685 3562 800 3586 levitatis
815 3562 873 3587 P.—
887 3563 948 3587 Post
963 3571 1040 3588 unam
1059 3564 1112 3594 lim,
1128 3564 1161 3588 ibi
1180 3565 1249 3590 sicut
1268 3565 1336 3598 ignis
1355 3569 1381 3590 et

323 3596 453 3627 superior,
469 3596 542 3620 codd.
562 3604 614 3621 exc.
634 3596 679 3620 Asl
699 3600 760 3621 sunt
779 3605 825 3629 pro
844 3598 926 3627 sicut,·
946 3599 966 3622 E
981 3606 1034 3624 om.
1054 3599 1122 3632 ignis
1141 3602 1182 3630 et‚·
1201 3606 1248 3625 cet.
1264 3608 1318 3626 exc.
1332 3601 1381 3626 Asl

1405 3317 1414 3634 „

1014 262 1085 298 DE
1115 261 1290 297 CAELO
1320 261 1391 296 ET
1420 261 1616 298 MUNDO
1647 261 1741 299 LIB.
1773 263 1804 298 II

1440 351 1521 375 esse
1550 339 1807 377 nobilissimus
1834 341 2086 398 planetarum,
2118 346 2154 375 et
2181 346 2260 376 tam
2288 339 2369 388 ipse
2390 350 2507 388 quam

1438 392 1527 428 luna
1559 392 1760 429 videantur
1793 394 1936 430 habere
1974 393 2182 430 maximam
2220 392 2432 430 efficaciam
2468 393 2507 430 in

1436 444 1676 482 inferioribus
1705 446 1940 494 corporibus.

1496 509 1553 534 10.
1575 499 1624 534 Et
1650 498 1736 535 ideo
1757 499 1777 520 '¹‘
1805 502 1997 536 Averroes
2018 499 2131 536 dicit
2123 511 2162 535 1n
2183 505 2405 535 commento
2434 511 2505 535 suo

1437 546 1543 597 quod
1576 558 1731 599 quartus
1759 552 1878 599 ordo,

1436 603 1620 651 attingunt
1655 605 1867 653 perfectum
1905 606 2051 642 bonurn
2093 605 2161 642 sed
2198 604 2507 653 appropinquant

1436 656 1485 692 ad
1519 657 1644 704 ipsum
1677 669 1747 706 per
1779 670 1924 706 paucos
1959 666 2106 705 motus,
2141 657 2353 695 attribuitur
2386 657 2505 694 tribus

1437 709 1643 757 elementis,
1665 710 1804 747 scilicet
1827 723 1962 760 aquae,
1985 713 2004 732 9
2024 711 2101 748 aeri
2123 719 2159 748 et
2177 711 2270 759 igni;
2300 722 2398 759 quae
2422 710 2505 758 qui-

1436 762 1525 799 dem
1553 771 1758 800 moventur
1786 764 1926 812 duplici
1954 773 2082 811 motu,
2113 764 2251 801 scilicet
2279 771 2388 800 motu
2415 775 2505 811 pro·

1433 815 1517 863 prio
1537 817 1750 854 secundum
1780 824 1955 853 naturam
1982 793 2173 865 gravitatis
2190 818 2255 854 vel
2278 817 2437 854 levitatis
2456 814 2503 863 1³¹³,

1436 875 1471 904 et
1498 876 1607 905 motu
1635 881 1752 918 quem
1782 878 2066 929 consequuntur
2094 883 2140 907 ex
2169 870 2392 907 caelestibus
2423 882 2505 906 cor-

1433 921 1612 969 poribus;
1636 922 1732 958 sicut
1751 922 1846 970 ignis
1870 930 1907 959 et
1929 923 2103 972 superior
2120 936 2208 972 pars
2228 923 2324 960 aeris
2341 935 2504 960 moven-

1433 982 1494 1010 tur
1517 974 1744 1012 circulariter
1772 975 1984 1012 secundum
2014 984 2165 1013 motum
2193 977 2302 1023 caeli,
2332 984 2368 1013 et
2396 988 2503 1013 mare

1434 1027 1515 1064 fluit
1544 1036 1580 1064 et
1603 1028 1726 1065 refluit
1754 1028 1966 1065 secundum
1995 1036 2145 1066 motum
2173 1030 2297 1067 lunae.
2327 1029 2503 1066 Tertium

1434 1089 1562 1117 autem
1596 1080 1771 1118 ordinem
1805 1081 1971 1118 attribuit
2004 1082 2182 1119 omnibus
2219 1082 2399 1131 planetis,
2438 1081 2505 1130 qui

1434 1142 1719 1183 consequuntur
1745 1134 1957 1182 perfectum
1985 1135 2154 1182 bonum,
2183 1134 2280 1172 idest
2308 1134 2504 1172 causalita-

1433 1195 1510 1223 tem
1530 1187 1787 1224 universalem
1811 1200 1926 1236 super
1953 1188 2048 1224 haec
2077 1187 2265 1235 inferiora,
2286 1200 2356 1236 per
2374 1188 2502 1237 plures

1434 1248 1572 1277 motus.

1493 1306 1549 1330 ιι.
1581 1293 1659 1330 Sed
1683 1293 1895 1330 secundum
1921 1294 2026 1330 hunc
2043 1293 2288 1340 intellectum,
2317 1292 2503 1330 dubitatio

1433 1359 1549 1395 quam
1571 1346 1694 1383 movit
1711 1346 1932 1383 Aristoteles
1952 1354 2125 1384 remanet
2151 1346 2326 1384 insoluta.
2348 1347 2398 1383 Et
2415 1345 2504 1383 ideo

1433 1400 1645 1437 secundum
1674 1399 1922 1437 intentionem
1950 1399 2161 1437 Aristotelis
2199 1399 2324 1437 dicere
2353 1405 2505 1448 oportet

1433 1454 1538 1501 quod
1567 1461 1722 1502 quartus
1759 1453 1898 1500 gradus
1935 1453 2157 1490 attribuatur
2197 1453 2268 1490 soli
2306 1460 2343 1490 et
2371 1453 2502 1499 lunae,

1918 565 2052 589 eorum
2082 551 2220 588 scilicet
2249 563 2348 600 quae
2378 552 2398 572 9
2425 563 2505 588 non

1433 1507 1497 1555 qui
1517 1506 1758 1543 secundum
1749 1518 1877 1554 lpsum
1897 1514 1984 1543 sunt
2003 1506 2126 1543 infimi
2144 1507 2396 1555 planetarum.
2417 1506 2468 1543 Et
2483 1506 2503 1528 *
2530 1511 2540 1521 ·

1432 1560 1644 1596 secundum
1677 1559 1862 1608 principia
1893 1559 2121 1606 Aristotelis,
2162 1570 2297 1596 eorum
2330 1559 2427 1596 ordo
2464 1558 2504 1596 in

1433 1613 1609 1661 dignitate
1630 1621 1684 1650 est
1703 1613 1915 1649 secundum
1943 1612 2118 1650 ordinem
2151 1612 2253 1650 situs
2275 1624 2425 1658 eorum;
2454 1624 2503 1649 eo

1432 1667 1537 1725 quod
1558 1665 1730 1714 superior
1749 1666 1911 1714 sphaera
1935 1665 2102 1702 continet
2128 1665 2346 1702 inferiorem
2361 1665 2392 1711 9,
2414 1677 2504 1703 con-

1433 1719 1555 1756 tinens
1584 1726 1711 1755 autem
1740 1726 1796 1755 est
1823 1718 1987 1756 nobilius
2011 1726 2048 1755 et
2075 1718 2272 1755 formalius
2302 1725 2502 1766 contento,

1434 1773 1529 1809 sicut
1558 1772 1692 1809 dicitur
1719 1771 1757 1808 in
1787 1771 1838 1808 IV
1864 1771 2014 1819 Physic.
2038 1773 2070 1817 ’,
2101 1779 2136 1808 et
2164 1772 2261 1808 sicut
2287 1778 2423 1820 postea
2446 1770 2502 1809 di—

1434 1833 1538 1862 cetur
1565 1825 1604 1861 in
1625 1824 1788 1874 capitulo
1819 1824 1866 1861 de
1886 1825 2028 1861 terra*.
2060 1824 2283 1861 Secundum
2308 1824 2384 1861 hoc
2412 1834 2544 1872 ergon

1432 1878 1716 1937 intelligendum
1747 1885 1802 1914 est
1831 1879 1850 1898 9
1881 1877 1987 1925 quod
2020 1877 2211 1926 optimum
2239 1877 2277 1914 in
2306 1877 2420 1914 rebus
2449 1883 2539 1915 est·

1431 1931 1705 1980 permanentia.
1746 1931 1855 1977 Quae
1891 1930 2046 1989 quidem
2078 1930 2118 1967 in
2150 1930 2366 1967 substantiis
2395 1942 2504 1979 sepa-

1433 1985 1519 2022 ratis
1553 1992 1608 2021 est
1641 1985 1786 2043 absque
1824 1983 1929 2020 omni
1961 1991 2090 2030 motu;
2127 1991 2164 2020 et
2201 1983 2386 2032 quidquid
2419 1994 2504 2033 per-

1433 2037 1647 2075 manentiae
1677 2045 1732 2074 est
1768 2037 1806 2073 in
1835 2036 2074 2074 inferioribus
2103 2037 2238 2083 rebus,
2276 2036 2377 2074 illinc
2405 2036 2502 2075 deri·

1432 2099 1554 2128 vatur.
1585 2091 1634 2128 Et
1652 2090 1740 2127 inde
1762 2097 1817 2127 est
1837 2090 1950 2126 etiam
1969 2090 2073 2138 quod
2093 2102 2319 2139 supremum
2340 2090 2502 2139 caelum,

1432 2144 1538 2193 quod
1566 2152 1622 2181 est
1649 2143 2019 2192 propinquissimum
2052 2143 2268 2180 substantiis
2297 2143 2500 2193 separatis,

1432 2210 1501 2234 suo
1522 2205 1631 2234 motu
1652 2197 1788 2234 diurno
1818 2203 1874 2233 est
1893 2208 2008 2233 causa
2035 2196 2342 2245 sempiternitatis
2362 2204 2399 2234 et
2417 2209 2503 2246 per·

1431 2250 1647 2288 manentiae
1686 2261 1835 2286 rerum:
1875 2257 1912 2286 et
1945 2249 2032 2286 ideo
2071 2249 2239 2288 maxime
2276 2250 2420 2298 attingit
2452 2249 2504 2288 ad

1432 2303 1718 2341 similitudinem
1754 2302 1866 2362 primi
1893 2302 2079 2352 principii.
2119 2303 2345 2363 Superiores
2373 2310 2503 2341 autem

1430 2359 1604 2406 planetae
1634 2364 1721 2393 sunt
1748 2355 1868 2404 magis
1897 2368 2011 2393 causa
2029 2356 2316 2405 permanentiae
2336 2363 2374 2393 et
2392 2356 2503 2400 dura·

1430 2410 1542 2447 tionis
1570 2422 1688 2458 quam
1708 2409 1920 2446 inferiores:
1941 2408 2043 2446 unde
2065 2410 2229 2446 Saturno
2250 2409 2503 2448 attribuuntur

1432 2475 1492 2499 res
1520 2463 1631 2499 fixae.
1661 2462 1710 2498 Et
1738 2461 1826 2498 inde
1856 2468 1911 2498 est
1939 2461 2053 2498 etiam
2082 2462 2101 2482 9
2131 2463 2256 2511 quod,
2286 2462 2501 2500 secundum

1432 2516 1700 2552 Ptolomaeum
1720 2514 1759 2550 in
1783 2514 2076 2562 Quadriparfflo,
2097 2515 2201 2564 quod
2223 2527 2268 2552 ea
2291 2527 2390 2563 quae
2415 2523 2503 2553 sunt

1434 2567 1584 2604 Saturni
1611 2572 1641 2593 ⁷⁷
1671 2566 1923 2604 attribuuntur
1959 2567 2008 2604 ad
2040 2567 2268 2604 universalia
2295 2569 2380 2605 loca
2406 2576 2502 2606 tem·

1432 2632 1589 2669 porum3
1621 2632 1665 2656 ea
1693 2627 1821 2656 autem
1851 2632 1949 2668 quae
1978 2628 2064 2657 sunt
2092 2621 2211 2668 Iovis,
2241 2621 2289 2658 ad
2323 2622 2409 2658 loca
2437 2634 2502 2660 an-

1433 2673 1603 2710 nualium
1631 2679 1870 2721 temporum3
1901 2685 1946 2710 ea
1977 2685 2072 2710 vero
2101 2686 2199 2721 quae
2229 2681 2316 2711 sunt
2346 2674 2446 2713 Solis
2465 2683 2504 2714 et

1434 2726 1565 2763 Martis
1587 2733 1622 2762 et
1648 2726 1808 2762 Veneris
1837 2733 1874 2762 et
1893 2726 2084 2773 Mercurii,
2110 2727 2158 2764 ad
2187 2727 2271 2764 loca
2289 2727 2500 2775 mensium

1433 2779 1608 2816 transitus
1627 2791 1720 2816 vero
1751 2780 1883 2816 Lunae
1909 2778 1957 2816 ad
1982 2780 2067 2816 loca
2088 2779 2234 2817 diurna.
2257 2780 2503 2820 Coniunctio-

1434 2845 1500 2869 nes
1538 2832 1650 2869 etiam
1679 2833 1698 2852 9
1727 2832 1967 2881 superiorum
2002 2833 2240 2881 planetarum
2277 2842 2502 2883 coaptantur

1434 2885 1630 2922 effectibus
1650 2885 1770 2934 magis
1798 2885 2075 2922 universalibus
2105 2894 2141 2923 et
2167 2887 2500 2936 permanentibus,

1433 2939 1643 2976 seeundum
1664 2939 1886 2986 astrologos.
1913 2939 1979 2976 Sol
1999 2946 2128 2977 autem
2154 2946 2190 2977 et
2210 2940 2311 2987 luna,
2332 2940 2396 2989 qui
2416 2949 2504 2980 sunt

1434 2992 1630 3028 inferiores
1650 2992 1822 3039 planetae
1852 2992 2063 3030 secundum
2083 2992 2339 3041 Aristotelem,
2361 2994 2504 3032 habent

1434 3045 1601 3082 maxime
1629 3042 1658 3066 ὃὸ
1687 3045 1894 3082 efficaciam
1929 3045 1979 3083 ad
2008 3046 2246 3083 causandum
2278 3055 2504 3085 transmuta-

1433 3098 1555 3134 tiones
1575 3098 1612 3135 in
1632 3098 1708 3135 istis
1728 3098 1966 3135 inferioribus
2005 3099 2249 3148 corporibus,
2289 3101 2394 3150 quod
2422 3100 2504 3150 qui-

1435 3151 1524 3188 dem
1544 3163 1622 3188 non
1643 3159 1698 3188 est
1727 3151 1928 3211 optimum,
1950 3152 2017 3190 sed
2046 3152 2189 3201 aliquid
2217 3153 2434 3191 ordinatum
2454 3153 2504 3193 ad

1436 3204 1624 3253 optimum
1645 3213 1681 3242 et
1704 3204 1904 3254 praevium
1934 3205 1988 3252 ei;
2019 3218 2108 3243 nam
2137 3218 2300 3255 corpora
2327 3206 2504 3245 inferiora

1438 3326 1491 3342 om.
1506 3322 1539 3343 et.
1554 3319 1634 3343 —l'ro
1654 3322 1801 3349 moventur,
1822 3322 1942 3344 movetur
1961 3319 2135 3346 PEFG.-1n
2154 3320 2205 3346 fine
2223 3321 2325 3347 numeri
2343 3329 2392 3354 pro
2409 3329 2504 3348 causa-

1438 3354 1539 3379 litatem
1560 3354 1744 3383 universalem,
1764 3355 1936 3380 causalitates
1956 3355 2118 3381 universales
2137 3356 2156 3380 P
2175 3361 2201 3381 et
2218 3356 2294 3381 codd.
2314 3364 2368 3381 exc.
2387 3357 2419 3382 A.

1491 3390 1533 3423 γγ)
1554 3389 1705 3414 Saturni.-
1720 3390 1789 3415 Iovis
1808 3390 1883 3415 codd.
1903 3398 1956 3415 exc.
1970 3391 2107 3416 AEsG1.-
2125 3391 2175 3416 Pro
2193 3391 2251 3417 loca
2269 3394 2426 3424 temporum,
2446 3393 2505 3418 loca

1437 3427 1526 3450 terrae
1540 3425 1558 3449 P
1574 3430 1599 3449 et
1619 3425 1694 3450 codd.
1714 3433 1766 3450 exc.
1780 3426 1812 3450 A.
1824 3439 1842 3444 -
1861 3426 1950 3451 Statim
1973 3427 1992 3451 P
2011 3434 2064 3451 om.
2084 3430 2149 3452 sunt
2167 3432 2226 3452 ante
2250 3427 2328 3452 Iovis.
2346 3441 2365 3447 -
2383 3428 2434 3453 Pro
2455 3435 2505 3453 an-

1437 3460 1554 3485 nualium
1570 3464 1726 3492 temporum,
1748 3461 1819 3493 quod
1839 3461 1935 3486 habent
1952 3461 2003 3491 PA,
2018 3461 2175 3487 annualium
2192 3465 2218 3488 et
2237 3465 2386 3494 temporum
2402 3463 2432 3493 B,
2445 3463 2505 3489 ani-

1436 3496 1544 3520 maIIum
1564 3499 1711 3527 temporum
1727 3496 1755 3525 C,
1770 3497 1926 3521 animalium
1946 3500 1971 3522 et
1991 3500 2137 3529 temporum
2158 3502 2205 3522 cet.

1489 3529 1528 3563 ὃὸ)
1549 3531 1676 3556 maxime.
1688 3532 1848 3557 -maiorem
1869 3532 1888 3556 P
1908 3538 1933 3557 et
1952 3533 2027 3557 codd.
2040 3540 2094 3557 exc.
2110 3533 2142 3557 A.
2159 3546 2178 3551 -
2192 3533 2243 3558 Pro
2265 3532 2303 3558 ad
2326 3534 2502 3563 causandum,

1435 3566 1508 3591 multi
1528 3567 1602 3591 codd.
1621 3567 1662 3591 vel
1682 3567 1831 3607 simpliciter
1850 3568 1889 3592 vel
1910 3567 1992 3600 prima
2011 3575 2090 3592 manu
2109 3567 2146 3592 ad
2164 3569 2346 3594 emendum·
2357 3569 2420 3594 Post
2438 3569 2503 3594 dun

1436 3601 1479 3626 lin.
1498 3610 1545 3634 pro
1560 3602 1701 3634 praevium
1721 3602 1753 3632 ei,
1769 3602 1888 3634 primum
1907 3603 1932 3628 ei
1950 3603 2083 3636 BCEpG13
2103 3603 2136 3628 cf.
2155 3609 2208 3629 not.
2223 3612 2246 3629 τ.

2533 508 2626 530 Unde
2638 516 2660 531 A.

2532 558 2613 604 Aquod
2618 557 2688 579 codd.
2697 562 2748 579 exc.

2532 715 2541 724 ·
2557 717 2581 736 et
2593 714 2647 737 add.
2663 721 2685 737 Ρ.

2597 809 2652 844 ”ββ

2528 1669 2685 1698 ’infertores
2698 1676 2720 1692 A.

2610 1781 2743 1830 ιέὲὶῗνῗῗῑῑ

2520 1775 2621 1856 ζῇ.

2531 1834 2742 1904 ·L²⁰'“¹¹’¹¹·Za.

2530 1914 2555 1930 A.

2529 2470 2621 2493 ‘emm
2635 2476 2684 2493 om.
2693 2477 2715 2493 A.

2527 2842 2626 2890 centum
2634 2847 2657 2869 A,
2671 2841 2743 2864 mm
