2782 4134
1138 279 1251 315 CAP.
1281 279 1313 325 Ι,
1343 278 1494 315 LECT.
1526 278 1558 315 11

2370 281 2445 328 267

995 547 1292 603 LECTIO
1331 549 1712 605 SECUNDA

367 708 668 741 DIVERSITATIS
691 707 825 739 INTER
847 707 1071 745 ANTIQUOS
1095 707 1227 738 ClRCA
1245 708 1570 740 DIFFERENTIAM
1595 710 1915 744 GENERATIONIS
1938 713 1997 744 ET
2020 713 2342 745 ALTERATIONIS

918 765 1054 796 RATIO
1078 761 1317 796 SECUNDUM
1340 766 1390 796 SE
1413 767 1751 799 MANIFESTATUR
1775 787 1794 792 —

523 822 936 860 INCONSEQUENTIAE
960 822 1324 854 REDARGUUNTUR
1347 823 1430 853 ILLI
1455 824 1531 861 QUI
1555 824 1788 857 PONEBANT
1811 827 1954 868 PLURA
1977 828 2190 861 PRINCIPIA

256 965 333 1001 Τοῖς
363 963 423 1007 μὲν
457 960 514 994 οὖν
547 959 582 1003 ἐξ
615 961 686 1000 ἐνὸς
718 960 839 994 πάντα
870 962 1188 1005 κατασκευάζουσιν
1223 963 1329 1010 ἀναγ-

322 1011 420 1040 καῖον
443 1007 556 1054 λέγειν
582 1006 646 1043 τήν
663 1005 793 1049 γένεσιν
817 1008 877 1038 καὶ
902 1006 967 1044 τήν
985 1006 1109 1050 φθοράν
1128 1008 1327 1041 ἀλλοίωσιν·

325 1053 376 1085 ἀεὶ
400 1052 466 1098 γάρ
498 1051 609 1096 μένειν
641 1052 683 1084 τὸ
717 1052 936 1095 ὑποκείμενον
969 1052 1082 1085 ταύτό
1115 1055 1174 1085 καὶ
1207 1051 1259 1084 ἕν·
1286 1052 1328 1085 τὰ

322 1093 361 1129 δὲ
386 1097 546 1128 τοιοῦτον
574 1094 793 1128 ἀλλοιοῦσθαί
819 1107 946 1139 φαμεν·

257 1146 329 1180 τοῖς
353 1136 392 1174 δὲ
417 1141 466 1173 τοὶ
488 1140 569 1187 γένη
597 1141 701 1173 πλείω
723 1140 858 1173 ποιοῦσι
874 1136 1043 1186 διαφέρειν
1061 1140 1126 1177 τήν
1149 1141 1327 1174 ἀλλοίωσιν

324 1186 388 1224 τῆς
411 1185 591 1233 γενέσεως·
618 1184 800 1217 συνιόντων
821 1185 886 1240 γάρ
910 1187 968 1217 καὶ
985 1182 1216 1228 διαλυομένων
1235 1187 1255 1222 ἧ
1274 1185 1329 1232 γε’-

272 1260 281 1263 7.
322 1242 411 1268 νεσῐς
434 1230 612 1273 συμβαίνει
635 1231 694 1262 καὶ
720 1231 740 1267 ἣ
767 1228 885 1274 φθορά.
925 1230 982 1262 Διὸ
1005 1229 1097 1276 λέγει
1119 1232 1245 1263 τοῦτον
1267 1230 1327 1263 τὸν

323 1275 451 1319 τρόπον
475 1276 534 1307 καὶ
556 1270 806 1319 Ἐμπεδοκλῆς,
830 1273 884 1307 ὅτι
912 1289 924 1304 ι
939 1274 1032 1319 φύσις
1059 1271 1193 1314 οὐθενός
1219 1276 1327 1316 ἐστιν,

325 1319 417 1353 ἀλλά
436 1319 541 1377 μόνον
567 1319 654 1363 μίξις
679 1332 717 1352 τε
743 1317 919 1360 διάλλαξίς
941 1332 981 1351 τε
1006 1319 1174 1365 μιγέντων
1192 1335 1220 1352 ι.
1250 1319 1328 1352 Ὅτι

324 1365 384 1408 μέν
410 1376 468 1397 ουν
502 1365 620 1402 οἰκεῖος
647 1365 662 1396 ὀ
686 1363 788 1410 λόγος
821 1364 935 1396 αὐτῶν
968 1365 1014 1405 τῇ
1047 1363 1205 1396 ὑποθέσει
1237 1363 1328 1397 οὕτω

323 1408 442 1453 φάναι,
467 1404 591 1450 δῆλον,
617 1410 676 1441 καὶ
701 1407 755 1441 ὅτι
779 1409 916 1454 λέγουσι
941 1408 1002 1440 τὸν
1027 1408 1154 1452 τρόπον
1181 1410 1327 1441 τοῦτον·

258 1454 447 1500 ἀναγκαῖον
472 1448 510 1485 δέ
541 1455 599 1485 καὶ
625 1456 763 1491 τούτοις
791 1455 856 1491 την
887 1453 1064 1486 ἀλλοίωσιν
1098 1450 1183 1485 εἶναι
1208 1453 1268 1498 μέν
1294 1465 1328 1486 τι

323 1498 429 1542 φάναι
454 1498 552 1541 παρά
576 1497 642 1534 τήν
658 1497 802 1544 γένεσιν,
823 1493 997 1531 ἀδύνατον
1022 1496 1141 1542 μέντοι
1164 1498 1261 1531 κατοὶ
1282 1498 1331 1530 τοὶ

324 1543 381 1576 ὑπ’
410 1544 542 1575 ἐκείνων
567 1541 750 1588 λεγόμενα.
782 1542 894 1575 Τοῦτο
918 1537 947 1574 δ’
970 1541 1024 1575 ὅτι
1047 1542 1191 1589 λέγομεν
1211 1541 1328 1588 ὀρθῶς,

322 1583 440 1633 ῥᾴδιον
467 1581 624 1619 συνιδεῖν.

249 1631 376 1677 ’,Ωσπερ
400 1632 466 1678 γάρ
491 1631 616 1675 ὁρῶμεν
643 1627 831 1706 ἦρεδιοόσης
857 1631 920 1668 τῆς
952 1628 1067 1669 οὐσίας
1093 1631 1126 1664 ἐν
1153 1631 1246 1674 αὐτῇ
1272 1643 1328 1675 με-

324 1676 479 1717 ταβολήν
499 1675 598 1709 κατά
613 1675 695 1721 μέγε
719 1687 767 1717 ος,
786 1676 850 1713 τήν
870 1674 1084 1719 καλουμένην
1105 1675 1245 1716 αὔξησιν
1270 1679 1328 1708 καὶ

323 1720 446 1766 φθίσιν,
465 1719 555 1753 οὕτω
579 1722 639 1752 καὶ
666 1717 857 1753 ἀλλοίωσιν.
895 1720 941 1752 Οὐ
967 1721 1032 1765 μήν
1061 1721 1134 1753 ἀλλ’
1156 1720 1170 1752 ἐ
1212 1721 1255 1752 ὢν
1274 1720 1330 1753 λέ-

322 1777 437 1823 ·ζουσιν
465 1767 493 1797 οἰ
524 1766 659 1802 πλείους
694 1763 801 1810 ἀρχάς
832 1766 1009 1803 ποιοῦντες
1040 1766 1118 1808 μιᾶς
1153 1765 1175 1798 οἱ
1201 1765 1328 1798 όνατον

326 1809 558 1843 αλλοιοῦσθαι.
601 1809 653 1842 Tot
681 1810 747 1856 γάρ
781 1809 895 1851 πάθη,
926 1809 1002 1842 καθ’
1034 1809 1055 1842 ἅ
1079 1821 1187 1855 φαμεν
1221 1811 1328 1844 τοῦτο

323 1855 540 1899 συμβαίνειν,
566 1848 725 1898 διαφοραὶ
751 1855 818 1887 τῶν
847 1856 1026 1900 στοιχείων
1052 1854 1155 1896 εἰσίν,
1179 1854 1270 1901 λέγω
1295 1851 1325 1887 δ’

324 1900 393 1932 οἷον
419 1898 538 1943 θερμὰν
563 1897 701 1953 ψυχρόν,
722 1899 841 1931 λευκὸν
868 1899 989 1943 μέλαν,
1009 1899 1108 1942 ξηρόν
1135 1900 1250 1945 ὑγρόν,
1267 1912 1331 1943 μα-

322 1944 429 1977 λακόν
454 1945 598 1987 σκληρον
625 1946 684 1975 καὶ
710 1945 776 1978 τῶν
804 1944 914 1976 ἄλλων
941 1943 1108 1986 ἕκαστον,
1134 1944 1246 1987 ὥσπερ
1270 1947 1330 1977 καὶ

325 1990 421 2034 φησὶν
441 1982 699 2033 Ἐμπεδοκλῆς·

386 2033 521 2065 Ἠέλιον
575 2033 607 2066 ἐν
632 2032 750 2065 λευκὸν
777 2034 793 2065 ό
818 2033 856 2065 ἄν
882 2034 940 2065 καὶ
965 2031 1084 2077 θερμόν
1112 2033 1272 2078 ἁπάντῃ,

393 2077 515 2122 ὄμβρον
540 2043 572 2110 ἕξ
600 2075 634 2110 ἐν
660 2078 764 2110 πᾶσιν
788 2044 980 2121 ἕνοφόεντά
1005 2089 1043 2110 τε
1068 2078 1227 2124 ῥιγαλέον
1254 2090 1304 2111 τε.

320 2167 461 2222 Ὁμοίως
493 2161 532 2199 δὲ
564 2163 701 2209 διορίζει
731 2168 790 2198 καὶ
821 2167 878 2199 ἐπὶ
909 2166 976 2199 τῶν
1001 2167 1140 2199 λοιπῶν.
1174 2164 1274 2199 ‘ssav'
1302 2167 1331 2198 εί

324 2223 371 2256 μη
395 2206 554 2244 δυνατὸν·
570 2212 607 2244 ἐκ
632 2211 734 2254 πυρὸς
758 2210 917 2264 γενέσθαι
937 2207 1024 2252 ὕδωρ
1045 2208 1123 2254 μηδ’
1145 2210 1181 2251 ἐξ
1203 2206 1330 2249 ὕδατος

323 2256 404 2303 γῆν,
432 2250 500 2287 οὐδ’
523 2257 560 2288 ἐκ
583 2257 705 2288 λευκοῦ
729 2257 837 2300 μελαν
863 2256 964 2288 ἔσται
991 2251 1087 2288 οὐδὲν
1113 2251 1184 2288 οὐδ’
1206 2256 1242 2288 ἐκ
1267 2268 1332 2300 μα-

322 2301 433 2333 λακοῦ
458 2299 623 2344 σκληρόν·
651 2301 668 2332 ὁ
692 2295 722 2332 δ’
747 2298 854 2339 αὐτὸς
877 2299 980 2347 λόγος
1004 2303 1062 2332 καὶ
1088 2303 1161 2346 περὶ
1187 2301 1254 2334 τῶν
1275 2300 1332 2333 ἅλ-

322 2346 402 2377 λων.
441 2346 554 2379 Τοῦτο
579 2340 608 2376 δ’
638 2343 678 2383 ἦν
706 2345 896 2383 ἀλλοίωσις.

250 2388 296 2433 ’ῌ
319 2391 378 2421 καὶ
403 2390 546 2434 φανερόν
573 2389 628 2422 ὅτι
652 2392 731 2434 μίαν
767 2391 818 2423 ἀεὶ
845 2393 916 2427 τοῖς
943 2389 1110 2427 ἐναντίοις
1146 2388 1331 2422 ὖποθετέον

325 2433 430 2475 ὕλην,
459 2435 498 2466 ἄν
523 2447 562 2467 τε
597 2434 804 2478 μεταβάλλῃ
836 2433 934 2467 κατά
962 2432 1092 2475 τόπον,
1121 2434 1160 2466 ἄν
1185 2446 1224 2467 τε
1249 2434 1327 2466 κατ’

325 2478 468 2520 αὔξησιν
492 2482 551 2511 καὶ
576 2478 704 2523 φθίσιν,
734 2479 772 2512 ἄν
798 2491 838 2512 τε
861 2479 943 2511 κατ’
973 2478 1165 2511 ἀλλοίωσιν.
1195 2479 1274 2511 Ἔτι
1298 2474 1328 2510 δ’

326 2525 447 2567 ὁμοίως
475 2523 664 2571 ἀναγκαῖον
690 2521 777 2556 εἶναι
802 2525 911 2557 τοῦτο
942 2524 1002 2555 καὶ
1036 2524 1232 2556 ἀλλοίωσιν·
1260 2525 1330 2556 εἴτε

323 2568 390 2615 γάρ
418 2568 596 2606 ἀλλοίωσίς
617 2569 705 2610 ἐστι,
723 2570 783 2601 καὶ
801 2569 842 2601 τὸ
869 2569 1088 2612 ὑποκείμενον
1108 2568 1140 2600 ἓν
1159 2572 1331 2613 στοιχεῖον

323 2614 384 2645 καὶ
415 2615 477 2656 μία
510 2615 530 2651 ἡ
561 2612 701 2646 πάντων
734 2613 795 2652 ὕλη
829 2616 897 2646 τῶν
928 2611 1078 2658 ἐχόντων
1113 2613 1158 2650 εἰς
1196 2613 1331 2651 ἄλληλα

324 2657 548 2701 μεταβολήν,
580 2657 645 2690 κᾶν
677 2658 707 2689 εἰ
733 2659 774 2690 τό
804 2659 1024 2701 ὑποκείμενον
1060 2656 1112 2699 ἕν,
1147 2657 1240 2690 ἔστιν
1274 2658 1332 2691 ἀλ-

323 2703 470 2740 λοίωσις.

251 2742 490 2790 Ἐμπεδοκλῆς
515 2746 575 2791 μὲν
600 2744 657 2779 οὖν
683 2746 788 2779 ἔοικεν
811 2745 953 2779 ἐναντία
971 2745 1084 2803 λέῖειν
1108 2748 1166 2778 καὶ
1185 2746 1266 2791 πρὸς
1284 2747 1334 2779 ταὶ

324 2790 515 2835 φαινόμενα
537 2793 595 2823 καὶ
621 2791 703 2835 πρὸς
729 2791 837 2823 αὐτον
864 2790 984 2828 αὐτός.
1033 2792 1110 2834 Δμα
1127 2791 1187 2835 μέν
1208 2791 1272 2837 γάρ
1294 2792 1333 2823 οὔ

373 2847 424 2868 σιν
450 2835 564 2879 ἕτερον
590 2835 625 2877 ἐξ
651 2835 768 2881 ἐτέρου
793 2834 947 2882 γίνεσθαι
972 2836 1039 2868 τῶν
1073 2838 1252 2881 στοιχείων
1278 2837 1333 2868 οὖ-

323 2846 400 2923 gg,
429 2881 521 2913 ἀλλά
544 2878 662 2914 τοῖλλα
694 2880 814 2914 πάντα
839 2880 877 2912 ἐκ
903 2879 1058 2921 τούτων,
1087 2878 1159 2924 ἅμα
1184 2875 1214 2912 δ’
1245 2879 1330 2913 ὅταν

324 2926 370 2964 εἰς
397 2926 430 2957 ἓν
455 2925 635 2972 συναγάγῃ
666 2925 731 2962 τήν
766 2924 906 2958 ἅπασαν
936 2924 1032 2968 φύσιν
1065 2925 1154 2962 πλην
1181 2926 1244 2958 τοῦ
1269 2928 1335 2957 νεί-

324 2982 423 3009 κους,
450 2970 487 3002 ἐκ
513 2972 576 3002 τοῦ
602 2970 674 3008 ἐνός
699 2973 733 3017 γί
760 2968 875 3002 νεσθαι
905 2969 1008 3002 πάλιν
1036 2968 1196 3002 ἕκαστον.
1231 2969 1328 3003 ‘'Qu-‘r'

326 3013 362 3056 ἐξ
388 3013 459 3052 ἑνός
486 3026 577 3053 τινος
597 3011 703 3052 δῆλον
751 3026 785 3047 τι
809 3010 988 3057 διαφοραῖς
1006 3015 1076 3047 τισὶ
1099 3014 1331 3060 χωριζομένων

324 3060 385 3091 καὶ
403 3058 543 3091 πάθεσιν
569 3057 706 3106 ἐγένετο
732 3060 774 3093 τὸ
798 3059 858 3104 μὲν
884 3056 970 3105 ὕδωρ
996 3059 1039 3092 τὸ
1063 3053 1101 3091 δέ
1124 3060 1204 3103 πῦρ,
1222 3059 1332 3092 καθά-

325 3116 387 3148 περ
410 3103 504 3150 λέγει
528 3104 590 3136 τόν
615 3104 675 3149 μέν
701 3103 796 3141 ἥλιον
820 3104 939 3137 λευκόν
963 3105 1023 3136 καὶ
1048 3102 1182 3148 θερμόν,
1202 3104 1268 3141 τῆν
1293 3099 1332 3136 δὲ

325 3149 390 3195 γῆν
416 3148 501 3193 βαρῦ
531 3150 591 3180 καὶ
615 3148 772 3194 σκληρόν.
809 3148 1080 3194 Ἀφαιρουμένων
1112 3146 1169 3180 οὖν
1195 3148 1330 3181 τούτων

326 3192 393 3226 τῶν
427 3188 594 3237 διαφορῶν
625 3194 711 3237 (εἰσὶ
741 3194 788 3240 γ’
842 3194 1024 3239 ἀφαιρεταὶ
1057 3192 1136 3238 γενό
1165 3196 1237 3226 εναί
1270 3194 1332 3239 γε)

325 3232 430 3274 δῆλον
455 3238 497 3275 ὠς
524 3236 656 3284 ἀνάγκη
689 3206 842 3284 γίνεσὲαι
873 3240 932 3271 καὶ
961 3238 1026 3284 γῆν
1052 3238 1088 3280 ἐξ
1113 3238 1131 3270 ὅ
1158 3249 1242 3276 ατος
1271 3239 1329 3269 καὶ

326 3277 413 3325 ὕδωρ
439 3280 476 3314 ἐκ
499 3283 577 3328 γῆς,
597 3284 718 3326 ὁμοίως
742 3279 781 3316 δέ
803 3284 863 3315 καὶ
888 3284 955 3316 τῶν
978 3283 1088 3315 ἄλλων
1110 3282 1272 3323 ἕκαστον,
1292 3279 1330 3313 οὗ

326 3326 409 3360 τότε
434 3326 536 3371 μόνον
570 3327 662 3360 ἀλλά
693 3329 753 3359 καὶ
785 3328 864 3369 νῦν,
898 3326 1171 3371 μεταβάλλοντά
1193 3339 1232 3373 γε
1258 3329 1330 3363 τοῖς

326 3371 483 3404 πάθεσιν.
514 3372 615 3404 Ἔστι
639 3367 668 3403 δ’
694 3369 729 3412 ἐξ
754 3371 797 3404 ὤν
823 3373 932 3417 εἴρηκε
957 3366 1131 3414 δυνάμενα
1156 3372 1329 3416 προσγίνε-

326 3414 404 3448 σθαι
427 3418 486 3448 καὶ
511 3415 714 3461 χωρίζεσθαι
738 3415 862 3458 πάλιν,
891 3416 1001 3453 ἄλλως
1026 3428 1064 3448 τε
1092 3416 1152 3447 καὶ
1176 3413 1331 3459 μαχομέ-

320 3471 384 3492 νων
411 3459 572 3498 ἀλλῆλοις
598 3462 651 3494 ἔτι
675 3462 739 3493 τοῦ
753 3463 881 3498 νείκους
901 3461 1041 3498 καὶτῆς
1057 3460 1181 3503 φιλίας.
1208 3458 1329 3502 Διόπερ

324 3505 384 3536 καὶ
416 3503 500 3536 τότε
527 3504 562 3546 ἐξ
594 3505 667 3543 ἑνὸς
701 3503 948 3552 ἐγεννήθησαν
976 3504 1014 3536 οὗ
1038 3504 1104 3550 γάρ
1129 3498 1173 3539 δή
1200 3503 1265 3545 πῦρ
1290 3514 1329 3548 γε

324 3550 383 3580 καὶ
407 3549 453 3595 γῆ
477 3551 535 3581 καὶ
562 3544 648 3594 ὕδωρ
674 3549 726 3581 ἐτι
753 3548 839 3581 ὄντα
865 3549 898 3581 ἓν
923 3546 963 3584 ἦν
989 3548 1030 3580 τὸ
1056 3548 1138 3580 πᾶν.

251 3587 398 3630 Ἄδηλον
423 3588 462 3625 δὲ
492 3595 551 3626 καὶ
576 3593 721 3636 πότερον
749 3593 855 3638 ἀρχήν
889 3592 1003 3625 αὐτῶν
1035 3589 1152 3624 θετέον
1183 3590 1224 3623 τὸ
1249 3590 1283 3622 ἓν
1308 3588 1330 3626 ἦ

327 3637 375 3670 τά
398 3637 533 3679 πολλά,
558 3637 647 3685 λέγω
672 3633 711 3670 δὲ
735 3639 800 3680 πῦρ
824 3639 882 3669 καὶ
907 3637 972 3683 γῆν
1001 3637 1059 3668 καὶ
1085 3635 1134 3668 τά
1158 3634 1329 3679 σύστοιχα

1383 966 1400 985 *
1415 966 1475 997 His
1491 967 1622 1008 quidem
1644 967 1739 1008 igitur
1755 969 1810 1010 qui
1825 980 1862 1000 ex
1875 981 1942 1002 uno
1967 973 2075 1003 omnia
2099 974 2307 1014 constituunt,
2324 985 2450 1006 necesse

1451 1018 1498 1042 est
1521 1012 1623 1042 dicere
1645 1013 1882 1053 generationem
1905 1022 1935 1046 et
1958 1017 2196 1058 corruptionem
2214 1019 2449 1051 alterationem:

1451 1066 1576 1096 semper
1604 1057 1691 1087 enim
1720 1067 1846 1089 manere
1875 1060 2053 1091 subiectum
2082 1073 2184 1093 unum
2208 1070 2239 1094 et
2260 1063 2365 1103 idem;
2389 1064 2450 1095 tale

1451 1107 1559 1131 autem
1582 1101 1703 1132 alterari
1728 1102 1872 1133 dicimus.

1384 1144 1443 1175 His
1466 1151 1574 1175 autem
1598 1145 1653 1186 qui
1677 1155 1791 1186 genera
1813 1147 1914 1178 multa
1930 1147 2058 1188 faciunt,
2075 1150 2196 1181 differre
2214 1153 2451 1192 generationem

1451 1189 1491 1219 ab
1506 1189 1704 1221 alteratione:
1730 1191 1917 1222 coeuntibus
1933 1193 2018 1223 enim
2042 1201 2072 1225 et
2095 1195 2266 1234 dissolutis,
2290 1197 2450 1237 generatio

1451 1234 1606 1274 confingit
1624 1241 1655 1265 et
1671 1235 1845 1275 corruptio.
1861 1236 1936 1267 Ideo
1954 1237 2027 1268 dicit
2042 1238 2103 1269 hoc
2123 1241 2223 1271 modo
2239 1241 2451 1282 Empedocles

1451 1279 1541 1319 quod
1567 1291 1582 1306 α
1600 1285 1712 1309 natura
1735 1280 1854 1310 nullius
1870 1288 1931 1319 est,
1956 1282 2010 1312 sed
2026 1283 2132 1313 solum
2150 1284 2284 1316 mixtura
2304 1292 2335 1317 et
2349 1296 2451 1327 segre-

1451 1323 1537 1363 gatio
1560 1323 1734 1354 mixtorum
1751 1336 1780 1354 ».
1798 1324 1962 1361 Quoniam
1985 1326 2079 1366 igitur
2101 1329 2248 1368 proprius
2271 1330 2323 1361 hic
2346 1341 2451 1361 sermo

1452 1374 1498 1398 est
1520 1377 1633 1398 eorum
1661 1368 1893 1408 suppositioni,
1920 1369 1963 1400 ita
1990 1371 2096 1412 loqui,
2124 1373 2328 1405 manifestum
2352 1382 2398 1407 est
2421 1382 2452 1406 et

1452 1412 1608 1453 quoniam
1631 1412 1741 1443 dicunt
1763 1413 1826 1443 hoc
1849 1414 1959 1445 modo.

1383 1457 1519 1487 Necesse
1543 1462 1590 1487 est
1612 1463 1720 1487 autem
1744 1463 1775 1488 et
1806 1457 1855 1488 his
1883 1459 2119 1498 generationem
2151 1471 2218 1492 esse
2241 1462 2326 1493 aliud
2350 1463 2452 1494 dicere

1451 1507 1574 1542 praeter
1592 1501 1828 1532 alterationem:
1853 1502 2050 1543 impossibile
2069 1511 2175 1535 tamen
2195 1513 2251 1545 est,
2275 1508 2452 1538 secundum

1452 1555 1488 1576 ea
1511 1555 1594 1586 quae
1616 1546 1655 1576 ab
1680 1545 1724 1576 eis
1748 1546 1905 1578 dicuntur.
1939 1548 2012 1579 Hoc
2040 1556 2147 1580 autem
2175 1552 2342 1591 quomodo
2370 1559 2452 1584 recte

1453 1589 1599 1627 dicimus,
1623 1589 1713 1620 facile
1738 1597 1784 1621 est
1806 1591 1922 1623 videre.

1385 1634 1672 1671 Quemadmodum
1701 1634 1787 1665 enim
1809 1635 1971 1675 videmus,
1995 1637 2175 1678 quiescente
2207 1639 2396 1679 substantia,
2419 1641 2453 1671 in

1453 1689 1490 1709 ea
1504 1679 1804 1710 transmutationem
1819 1679 1885 1710 fieri
1902 1681 2079 1712 secundum
2094 1683 2357 1723 magnitudinem,
2371 1695 2453 1725 quae

1451 1730 1584 1754 vocatur
1607 1724 1823 1764 augmentatio
1848 1731 1879 1756 et
1901 1725 2090 1765 deminutio,
2107 1727 2151 1757 sic
2171 1734 2202 1758 et
2224 1727 2452 1760 alterationem.

1452 1768 1514 1799 Sed
1538 1775 1657 1806 tamen,
1682 1778 1718 1808 ex
1742 1769 1858 1810 quibus
1883 1769 1992 1801 dicunt
2015 1771 2106 1811 plura
2129 1772 2282 1812 principia
2305 1773 2453 1804 facientes

1453 1822 1531 1851 uno,
1547 1812 1745 1853 impossibile
1765 1820 1811 1844 est
1826 1814 1958 1845 alterari.
1978 1815 2143 1846 Passiones
2164 1816 2259 1855 enim,
2277 1818 2454 1848 secundum

1452 1867 1532 1899 quas
1555 1857 1617 1888 hoc
1641 1857 1776 1888 dicimus
1800 1858 1992 1899 contingere,
2009 1859 2199 1891 differentiae
2223 1861 2454 1893 elementorum

1453 1909 1541 1933 sunt:
1567 1902 1639 1933 dico
1663 1909 1770 1933 autem
1794 1909 1872 1943 puta
1896 1903 2034 1934 calidum
2058 1911 2088 1935 et
2112 1904 2270 1945 frigidum,
2292 1906 2402 1937 album
2425 1914 2455 1938 et

1453 1946 1596 1987 nigrum,
1621 1946 1742 1977 siccum
1762 1954 1792 1978 et
1814 1947 1997 1986 humidum,
2021 1948 2118 1979 molle
2134 1956 2164 1980 et
2179 1950 2308 1990 durum,
2332 1957 2363 1982 et
2377 1951 2453 1981 alio-

1454 2001 1526 2022 rum
1550 1991 1820 2032 unumquodque,
1846 1999 1881 2023 ut
1903 1992 2007 2034 inquit
2028 1993 2254 2033 Empedocles:

1521 2035 1630 2066 Solem
1653 2036 1763 2067 album
1786 2036 1883 2067 videri
1907 2044 1938 2068 et
1961 2037 2116 2075 calidum,

1521 2080 1660 2111 Imbrem
1692 2087 1801 2111 autem
1828 2081 1861 2111 in
1890 2082 2041 2112 omnibus
2069 2082 2214 2122 nigrum,
2242 2082 2392 2123 frigidum
2426 2090 2456 2114 et

1566 2125 1771 2156 nebulosum.

1455 2169 1605 2200 Similiter
1630 2176 1738 2201 autem
1765 2170 1984 2202 determinavit
2012 2171 2051 2201 de
2078 2171 2216 2212 reliquiS.
2242 2172 2456 2212 Quapropter,

1455 2214 1481 2245 si
1504 2224 1569 2245 non
1595 2220 1641 2245 est
1664 2214 1815 2255 possibile
1834 2225 1872 2246 ex
1890 2215 1963 2255 igne
1978 2214 2045 2246 fieri
2065 2226 2182 2257 aquam
2202 2226 2306 2256 neque
2322 2226 2358 2247 ex
2374 2226 2458 2257 aqua

1454 2265 1582 2297 terram,
1598 2269 1702 2300 neque
1719 2269 1756 2289 ex
1771 2259 1844 2290 albo
1864 2259 1992 2300 nigrum
2011 2260 2069 2291 erit
2086 2260 2206 2301 aliquid
2222 2270 2325 2301 neque
2340 2261 2458 2291 durum

1455 2314 1492 2334 ex
1515 2303 1621 2334 molli:
1646 2303 1757 2334 eadem
1781 2310 1889 2335 autem
1911 2304 1992 2335 ratio
2022 2311 2053 2335 et
2075 2305 2114 2335 de
2138 2305 2215 2336 aliis.
2247 2305 2319 2336 Hoc
2350 2312 2458 2336 autem

1455 2354 1520 2379 erat
1543 2348 1695 2379 alteratio.

1387 2392 1537 2433 Amplius
1554 2399 1662 2423 autern
1679 2399 1710 2423 et
1726 2391 1933 2423 manifestum
1949 2392 2104 2434 quoniam
2122 2403 2221 2424 unam
2240 2403 2364 2434 semper
2383 2403 2458 2424 con-

1454 2437 1554 2468 trariis
1583 2447 1765 2478 supponere
1792 2444 1920 2478 oportet
1950 2444 2111 2476 naturam,
2140 2438 2204 2468 sive
2233 2444 2460 2468 transmutetur

1455 2482 1634 2513 secundum
1656 2482 1784 2520 locum,
1813 2481 1878 2512 sive
1907 2482 2085 2513 secundum
2116 2482 2406 2522 augmentationem
2429 2488 2460 2513 et

1455 2526 1726 2565 deminutionem,
1755 2526 1821 2557 sive
1852 2526 2030 2557 secundum
2053 2527 2280 2558 alterationem.
2309 2526 2458 2567 Amplius

1454 2577 1563 2602 autem
1586 2571 1730 2602 similiter
1752 2581 1878 2602 necesse
1895 2577 1942 2602 est
1961 2581 2027 2602 esse
2046 2571 2108 2602 hoc
2125 2578 2155 2602 et
2174 2571 2407 2602 alterationem:
2432 2570 2459 2601 si

1455 2615 1542 2646 enim
1565 2615 1706 2647 alteratio
1730 2622 1792 2655 est,
1817 2622 1848 2646 et
1866 2615 2046 2646 subiectum
2068 2626 2173 2646 unum
2196 2616 2404 2654 elementum,
2429 2621 2460 2645 et

1454 2670 1520 2691 una
1538 2660 1686 2691 omnium
1709 2659 1841 2691 materia
1862 2659 2048 2691 habentium
2067 2660 2243 2691 adinvicem
2267 2666 2458 2691 transmuta-

1453 2705 1594 2743 tionem3
1619 2711 1650 2736 et
1673 2705 1698 2735 si
1722 2704 1902 2735 subiectum
1925 2714 2029 2735 unum
2052 2711 2108 2742 est,
2132 2704 2272 2736 alteratio
2297 2711 2353 2735 est.

1386 2750 1403 2769 *
1421 2749 1635 2790 Empedocles
1658 2749 1791 2790 quidem
1813 2749 1909 2789 igitur
1931 2749 2056 2780 videtur
2079 2748 2234 2779 contraria
2254 2748 2355 2779 dicere
2372 2755 2403 2779 et
2417 2749 2457 2779 ad

1454 2794 1648 2834 apparentia,
1666 2800 1696 2825 et
1712 2794 1752 2824 ad
1769 2793 1910 2834 seipsum
1925 2793 2003 2834 ipse.
2021 2793 2125 2824 Simul
2142 2793 2227 2823 enim
2243 2793 2374 2833 quidem
2389 2802 2456 2823 non

1455 2838 1530 2869 dicit
1545 2838 1679 2869 alterum
1695 2848 1732 2869 ex
1747 2838 1847 2868 altero
1866 2837 1932 2868 fieri
1949 2838 2181 2868 elementorum
2197 2837 2311 2875 ullum,
2325 2837 2380 2867 sed
2395 2836 2455 2867 alia

1455 2882 1564 2913 omnia
1587 2893 1625 2913 ex
1648 2882 1714 2913 his:
1739 2882 1836 2912 simul
1860 2889 1987 2920 autem,
2013 2881 2168 2923 quoniam
2190 2881 2224 2911 in
2247 2891 2350 2911 unum
2380 2890 2455 2911 con-

1453 2927 1557 2967 iungit
1580 2937 1712 2958 omnem
1735 2933 1882 2957 naturam
1905 2932 2028 2967 praeter
2049 2925 2156 2964 litem,
2180 2935 2307 2955 rursum
2336 2934 2456 2955 unum:

1454 2972 1609 3013 quodque
1633 2981 1670 3002 ex
1693 2981 1759 3002 uno
1783 2970 1860 3001 fieri.
1887 2970 2091 3010 Quapropter
2113 2979 2149 2999 ex
2172 2979 2239 3000 uno
2263 2969 2370 3010 aliquo
2387 2979 2454 2999 ma-

1454 3016 1607 3047 nifestum
1623 3015 1789 3056 quoniam,
1807 3014 1986 3045 differentiis
2003 3013 2195 3054 quibusdam
2211 3013 2408 3044 diversorum
2424 3019 2455 3043 et

1453 3060 1666 3101 passionibus,
1690 3059 1810 3090 factum
1834 3065 1880 3089 est
1902 3058 1964 3089 hoc
1987 3058 2117 3098 quidem
2141 3067 2238 3098 aqua,
2262 3057 2324 3087 hoc
2347 3063 2455 3087 autem

1453 3105 1550 3145 ignis;
1579 3104 1855 3145 quemadmodum
1888 3102 1963 3133 dicit
1993 3102 2095 3132 solem
2123 3101 2255 3142 quidem
2284 3101 2394 3131 album
2425 3107 2455 3131 et

1454 3149 1592 3180 calidum
1609 3155 1639 3179 et
1654 3149 1734 3186 leve,
1758 3154 1873 3178 terram
1895 3153 2003 3177 autem
2025 3155 2118 3185 grave
2135 3152 2165 3176 et
2180 3145 2307 3176 durum.
2332 3145 2454 3175 Ablatis

1452 3193 1548 3233 igitur
1569 3193 1618 3223 his
1643 3191 1822 3222 differentiis
1840 3190 1928 3233 (sunt
1946 3190 2031 3220 enim
2047 3189 2224 3220 auferibiles
2239 3187 2453 3231 genitaeque),

1452 3237 1657 3268 manifestum
1681 3242 1728 3266 est
1750 3235 1880 3276 quidem
1903 3243 2030 3265 necesse
2052 3233 2119 3264 fieri
2138 3240 2169 3264 et
2183 3243 2300 3274 aquam
2320 3243 2357 3264 ex
2374 3239 2456 3264 terra

1453 3289 1484 3312 et
1506 3288 1622 3312 terram
1644 3290 1682 3310 ex
1704 3289 1803 3320 aqua,
1827 3278 1971 3309 similiter
1993 3285 2102 3309 autem
2124 3284 2155 3308 et
2177 3277 2314 3308 aliorum
2337 3287 2454 3308 unum-

1453 3325 1623 3366 quodque:
1648 3330 1679 3354 et
1701 3333 1768 3354 non
1791 3330 1868 3354 tunc
1891 3322 2018 3361 solum,
2046 3322 2101 3352 sed
2129 3332 2233 3360 nunc,
2257 3332 2333 3352 cum
2355 3328 2454 3352 trans-

1453 3375 1617 3400 mutantur
1639 3367 1850 3408 passionibus.
1868 3367 1949 3398 Sunt
1964 3373 2082 3405 autem,
2099 3376 2136 3396 ex
2154 3366 2271 3407 quibus
2287 3366 2362 3397 dicit
2377 3366 2454 3396 Em-

1452 3413 1612 3453 pedocles,
1629 3411 1795 3452 possibiles
1811 3411 1958 3442 advenire
1975 3417 2005 3441 et
2019 3410 2170 3451 separari:
2186 3420 2295 3441 rursus
2308 3416 2339 3441 et
2353 3410 2453 3449 aliter,

1452 3456 1689 3487 adversantibus
1708 3455 1886 3486 adinvicem
1901 3455 1955 3486 lite
1974 3454 2077 3485 adhuc
2094 3462 2125 3486 et
2142 3454 2289 3485 amicitia.
2313 3454 2454 3495 Ideoque

1453 3508 1484 3532 et
1506 3507 1582 3531 tunc
1605 3510 1642 3531 ex
1665 3510 1731 3531 uno
1755 3506 1901 3540 generata
1924 3506 2017 3530 sunt:
2041 3509 2108 3530 non
2131 3499 2218 3529 enim
2240 3498 2351 3540 utique
2373 3498 2455 3539 ignis

1454 3552 1485 3576 et
1507 3551 1588 3576 terra
1607 3551 1638 3575 et
1660 3554 1743 3585 aqua
1762 3543 1923 3575 existentia
1942 3554 2045 3574 unum
2069 3550 2156 3574 erant
2179 3553 2286 3574 omne.

1384 3590 1402 3610 *
1419 3590 1579 3620 Incertum
1601 3595 1709 3620 autem
1726 3595 1757 3619 et
1772 3595 1881 3619 utrum
1899 3587 2092 3629 principium
2107 3587 2135 3618 ei
2151 3587 2339 3628 ponendum
2354 3586 2455 3617 multa

1453 3640 1508 3665 aut
1531 3640 1653 3664 unum:
1679 3633 1750 3664 dico
1775 3639 1882 3664 autem
1904 3632 2012 3674 ignem
2035 3639 2066 3663 et
2088 3639 2204 3664 terram
2223 3638 2254 3663 et
2272 3631 2455 3663 coordinata

2479 982 2491 993 ⁴
2505 981 2560 1010 Seq.
2575 987 2625 1010 cap.
2641 988 2649 1004 ι
2669 986 2692 1004 et

2482 1012 2536 1030 text.
2554 1015 2570 1030 1.

2485 2756 2493 2764 ·
2509 2754 2579 2776 Text.
2593 2759 2614 2775 2.

2481 3591 2492 3601 ⁸
2506 3590 2574 3612 Text.
2589 3595 2610 3618 3.
