2782 4134
43 635 54 646 ⁸
69 633 105 656 ef.
115 638 180 655 num.
190 638 213 659 4.

42 691 54 702 ⁴
65 689 182 718 proponit
195 694 217 710 Ρ.

42 793 54 804 ·
67 792 139 815 Num.
154 798 203 821 seq.

0 999 3 1039 ᾗ
41 1010 55 1022 ·
69 1011 107 1033 eet
121 1015 203 1033 omn.

43 2187 260 2216 *motabilem-

43 2213 109 2238 dieu
123 2219 175 2237 exc.
187 2219 241 2236 no.

43 2398 180 2422 ’iamp-

46 2610 59 2623 ⁴'
71 2615 119 2634 non
131 2610 187 2634 add.
197 2616 249 2634 mo.

50 2933 61 2943 “
104 2931 263 2954 aetenae->o-

76 2963 245 2980 cucumae.

51 3035 65 3048 ⁸
81 3036 159 3065 κΙΔ,
180 3039 208 3059 ut
220 3041 263 3060 cet.

50 3067 135 3087 δὲ».

0 3974 8 4134 -v-zw—-v
0 3964 4 3969 >
0 3911 2 3927 -v
0 3857 2 3862 v

1097 280 1208 317 CAP.
1240 282 1326 329 ΧΠ,
1357 281 1510 318 LECT.
1541 282 1668 318 xxlx

285 359 499 408 generabile
537 372 616 397 non
653 360 768 397 habet
802 358 1013 409 potentiam
1043 361 1267 398 naturalem
1305 361 1354 398 ad

285 425 439 462 semper
467 414 685 462 essendum,
716 414 785 451 sed
812 420 854 450 ut
880 412 1001 462 possit
1035 425 1118 450 esse
1145 422 1353 462 postquam

284 466 490 515 aliquando
520 475 576 504 est
604 468 757 504 factum.
779 467 828 503 Et
846 466 934 503 ideo
954 479 1033 503 non
1063 467 1161 514 dicit,
1183 467 1213 504 si
1241 480 1353 516 gene-

268 520 403 557 rabile
433 528 489 558 est
504 522 589 569 fiet,
614 520 682 558 sed
697 521 853 568 sactum
881 525 945 557 est.

338 586 375 622 9.
396 574 546 612 Deinde
562 586 650 611 cum
666 573 771 612 dicit:
791 574 861 610 Est
872 578 998 610 autem
1013 579 1050 610 et
1060 574 1114 610 sic
1127 574 1255 611 videre
1270 582 1353 621 etc.‚

285 627 450 665 ostendit
467 627 571 669 idem
587 627 607 648 ²⁸
628 639 674 664 ex
691 634 799 676 parte
819 639 957 664 causae
979 626 1059 664 eius
1078 627 1184 675 quod
1203 627 1356 676 ponitur

284 681 493 730 ingenitum
512 681 584 730 vel⁴
599 679 894 728 incorruptibile.
924 680 974 716 Et
991 680 1117 729 primo
1138 680 1279 729 ponit*
1298 693 1355 718 ra-

284 734 446 781 tionem;
476 734 646 772 secundo
675 733 839 771 excludit
857 733 1055 781 quandam
1080 733 1353 782 obviationem,

285 788 355 826 ibi:
383 788 459 825 Sed
484 787 608 824 adhuc
635 798 755 836 neque
780 798 914 824 verum
935 788 955 808 '⁴³‘
985 794 1054 824 etc.

337 841 439 879 Dicit
457 852 547 888 ergo
566 840 693 889 primo
713 840 821 889 quod
850 840 964 878 etiam
993 841 1047 878 sic
1075 839 1170 877 sicut
1198 840 1354 888 dicetur,

285 894 466 942 contingit
491 893 624 932 videre
644 894 750 943 quod
768 894 1000 943 impossibile
1029 901 1086 931 est
1109 901 1173 931 aut
1192 894 1299 943 quod
1317 894 1356 932 id

284 947 391 998 quod
405 947 639 997 quandoque
658 947 802 985 factum
822 956 889 995 est,
911 948 958 985 sit
976 947 1271 997 incorruptibile,
1292 956 1356 985 aut

284 1001 390 1051 quod
406 1008 461 1038 est
478 1002 497 1022 *
512 1000 720 1049 ingenitum
736 1009 772 1038 et
791 1014 946 1050 semper
959 1001 1064 1051 prius
1080 1001 1253 1048 existens,
1274 1014 1355 1039 cor·

283 1062 494 1104 rumpatur.
525 1054 621 1092 Illud
650 1054 751 1092 enim
781 1055 886 1104 quod
908 1063 963 1092 est
990 1055 1271 1104 incorruptibile
1291 1056 1354 1092 vel

283 1108 505 1157 ingenitum,
526 1120 605 1145 non
623 1115 749 1157 potest
769 1121 851 1146 esse
872 1121 894 1145 a
914 1121 1020 1146 casu:
1041 1108 1130 1158 quia
1145 1108 1236 1146 illud
1250 1109 1354 1158 quod

285 1169 341 1199 est
359 1174 382 1199 a
401 1174 492 1199 casu
505 1162 568 1199 vel
583 1174 606 1199 a
625 1162 787 1209 fortuna,
805 1175 930 1211 neque
949 1162 1045 1200 sicut
1063 1174 1216 1212 semper
1229 1175 1355 1211 neque

271 1215 394 1253 sicut*
405 1216 624 1264 frequenter
652 1223 717 1252 aut
741 1224 797 1253 est
816 1224 880 1253 aut
899 1217 959 1263 fit;
990 1216 1080 1254 illud
1101 1224 1229 1253 autem
1249 1216 1356 1264 quod

285 1276 341 1306 est
372 1268 412 1306 in
439 1269 588 1306 infinito
626 1276 820 1318 tempore,
851 1270 931 1307 sive
961 1269 1179 1319 simpliciter
1206 1269 1355 1306 infinito

285 1322 366 1360 sive
385 1322 532 1360 infinito
563 1335 608 1359 ex
635 1335 714 1360 una
740 1331 847 1373 parte
866 1329 890 1370 υ,
913 1323 1051 1360 scilicet
1069 1330 1156 1360 ante
1174 1323 1238 1360 vel
1256 1330 1354 1372 post,

283 1376 347 1414 vel
368 1384 423 1413 est
437 1375 534 1413 sicut
552 1388 716 1425 semper,
733 1377 828 1414 sicut
846 1376 937 1414 illud
952 1376 1058 1426 quod
1077 1383 1133 1413 est
1151 1375 1190 1413 in
1208 1375 1355 1413 infinito

285 1437 461 1480 tempore
499 1429 737 1479 simpliciter,
766 1431 829 1467 vel
862 1430 958 1467 sicut
994 1430 1231 1479 frequenter,
1262 1429 1357 1467 sicut

285 1483 378 1521 illud
397 1483 503 1532 quod
532 1490 588 1520 est
614 1483 653 1520 in
681 1482 829 1520 infinito
858 1491 1033 1533 tempore
1063 1495 1108 1520 ex
1134 1495 1212 1520 una
1235 1491 1354 1533 parte.

286 1537 456 1574 Necesse
485 1544 541 1574 est
569 1548 659 1584 ergo
687 1537 795 1585 quod
822 1536 909 1574 talia
929 1549 1028 1586 quae
1047 1537 1110 1574 vel
1129 1545 1357 1585 generantur

285 1591 349 1628 vel
377 1597 673 1638 corrumpuntur
699 1597 787 1640 post
813 1590 1004 1627 infinitum
1037 1598 1210 1640 tempus,
1240 1603 1263 1627 a
1291 1603 1356 1628 na-

285 1651 368 1681 tura
395 1643 564 1681 habeant
581 1643 687 1692 quod
707 1643 940 1692 quandoque
965 1643 1038 1681 sint
1057 1651 1094 1681 et
1121 1644 1356 1693 quandoque

284 1709 365 1735 non
383 1696 467 1734 sint.
499 1696 577 1734 Sed
596 1708 731 1734 eorum
757 1709 855 1746 quae
877 1697 1095 1735 naturaliter
1122 1697 1356 1746 quandoque

285 1758 372 1788 sunt
395 1749 630 1800 quandoque
650 1763 730 1788 non
758 1758 856 1799 sunt,
878 1752 1015 1789 eadem
1034 1751 1204 1800 potentia
1232 1759 1288 1789 est
1308 1751 1356 1788 ad

286 1803 588 1851 contradictoria,
611 1803 751 1841 scilicet
779 1804 828 1842 ad
858 1817 941 1842 esse
969 1812 1006 1842 et
1034 1817 1114 1842 non
1138 1817 1237 1842 esse:
1268 1805 1357 1854 quia

284 1857 394 1907 quod
421 1857 548 1907 aliqua
585 1857 819 1907 quandoque
852 1858 925 1895 sint
953 1865 989 1895 et
1017 1859 1249 1907 quandoque
1278 1871 1358 1896 non

286 1911 372 1959 sint,
392 1911 535 1948 habent
554 1923 599 1948 ex
623 1911 793 1959 materia,
814 1911 1041 1960 inquantum
1070 1911 1265 1949 subiicitur
1282 1912 1356 1961 pri-

285 1964 430 2003 vationi
448 1965 511 2002 vel
539 1963 698 2002 formae.
721 1964 783 2002 Sic
802 1964 912 2014 igitur
939 1965 1043 2003 idern
1064 1965 1233 2015 sequitur
1251 1965 1357 2015 quod

285 2018 403 2068 prius,
419 2017 560 2055 scilicet
578 2017 684 2068 quod
704 2019 881 2068 opposita
898 2018 1046 2069 possint
1061 2020 1080 2040 ’²‘
1100 2019 1213 2056 simul
1233 2018 1356 2056 inesse

287 2071 426 2110 eidem.
447 2072 491 2109 In
519 2083 566 2109 eo
593 2071 695 2109 enirn
725 2072 830 2121 quod
850 2080 907 2110 est
926 2080 1161 2121 generatum,
1183 2080 1355 2110 remanet

286 2124 446 2163 materia
472 2132 610 2174 potens
630 2137 710 2163 non
729 2138 834 2163 esse:
865 2133 902 2163 et
919 2126 981 2174 ita,
1003 2138 1092 2164 cum
1114 2126 1160 2164 sit
1187 2126 1356 2164 incorru-

285 2178 415 2228 ptibile
442 2179 479 2226 ³⁸,
509 2178 623 2215 simul
653 2178 721 2216 erit
756 2187 894 2228 potens
931 2191 1014 2216 esse
1045 2187 1081 2216 et
1108 2187 1244 2229 potens
1278 2192 1358 2218 non

287 2244 382 2269 esse.
412 2232 462 2269 Et
490 2231 627 2269 eadem
657 2232 750 2269 ratio
780 2240 836 2269 est
865 2244 910 2269 ex
937 2240 1045 2281 parte
1073 2232 1238 2282 ingeniti.

346 2298 403 2323 10.
434 2284 584 2322 Deinde
623 2297 712 2322 cum
741 2285 851 2323 dicit:
881 2286 956 2323 Sed
990 2286 1114 2323 adhuc
1150 2298 1271 2335 neque
1295 2298 1357 2324 ve-

285 2351 373 2376 rum
398 2346 481 2386 etc.‚
503 2338 667 2376 excludit
692 2339 888 2388 quandam
918 2339 1192 2377 obviationem.
1222 2341 1358 2377 Posset

287 2391 391 2429 enim
428 2391 562 2442 aliquis
601 2391 726 2429 dicere
763 2393 869 2441 quod
906 2392 997 2430 illud
1026 2393 1046 2414 *
1074 2393 1357 2443 incorruptibile

285 2445 392 2495 quod
422 2453 477 2482 est
504 2445 687 2494 genitum,
708 2446 824 2483 habet
851 2446 1061 2495 potentiam
1091 2447 1140 2484 ad
1159 2459 1239 2484 non
1260 2459 1356 2495 esse,

285 2511 365 2536 non
385 2498 542 2548 quidem
561 2498 600 2536 in
620 2499 802 2547 futurum,
819 2499 888 2537 sed
903 2507 1076 2549 respectu
1090 2499 1300 2550 praeteriti:
1321 2507 1358 2538 et

285 2551 455 2590 similiter
472 2551 564 2590 illud
584 2552 689 2601 quod
710 2560 766 2590 est
784 2553 994 2601 ingenitum
1013 2553 1082 2591 sed
1102 2553 1356 2603 corruptibile,

285 2606 402 2643 habet
432 2605 644 2655 potentiam
672 2606 723 2643 ad
742 2607 763 2627 *
792 2619 876 2644 esse
905 2615 1080 2655 respectu
1107 2607 1310 2656 praeteriti.
1331 2629 1356 2635 -

287 2658 366 2697 Sed
383 2660 460 2696 hoc
478 2659 559 2708 ipse
580 2659 754 2707 excludit,
771 2660 901 2697 dicens
921 2661 1027 2709 quod
1047 2668 1202 2698 nonest
1219 2673 1357 2698 verum

287 2712 413 2750 dicere
441 2725 544 2750 nunc
563 2713 670 2762 quod
697 2709 817 2750 modo
846 2713 892 2750 sit
920 2726 1042 2751 annus
1069 2714 1186 2764 prior,
1205 2715 1268 2751 vel
1294 2714 1358 2751 ali-

287 2765 380 2815 quid
409 2778 545 2803 eorum
565 2778 664 2815 quae
692 2766 731 2804 in
758 2766 960 2816 praeterito
980 2774 1156 2817 tempore
1184 2768 1357 2815 fuerunt3

287 2832 414 2868 neque
443 2819 558 2857 etiam
585 2827 712 2870 potest
731 2819 804 2857 dici
824 2820 930 2869 quod
957 2820 997 2858 id
1023 2821 1130 2869 quod
1159 2829 1214 2858 est
1242 2834 1355 2869 nunc,

288 2873 399 2910 fuerit
419 2872 463 2910 -in
491 2885 593 2911 anno
629 2873 851 2923 praeterito:
881 2874 937 2911 sic
974 2874 1076 2911 enim
1115 2874 1241 2924 aliqua
1273 2882 1360 2912 sunt

290 2926 502 2963 secundum
530 2933 681 2976 tempus
716 2926 909 2975 distincta,
938 2935 980 2964 ut
1009 2928 1104 2965 ordo
1133 2928 1318 2977 temporis
1338 2929 1359 2950 *

290 2978 456 3025 perverti
482 2991 561 3016 non
587 2980 720 3029 possit,
739 2987 782 3017 ut
802 2980 942 3017 scilicet
961 2993 1007 3018 ea
1026 2993 1126 3030 quae
1145 2990 1233 3019 sunt
1250 2994 1359 3031 prae-

291 3029 399 3066 terita
424 3038 618 3069 vertantur
645 3033 684 3070 in
707 3031 939 3082 praesentia,
970 3042 1006 3071 et
1024 3035 1044 3056 *
1073 3047 1118 3071 ea
1146 3047 1244 3084 quae
1273 3043 1360 3072 sunt

290 3082 505 3131 praesentia
537 3084 787 3124 attribuantur
813 3087 979 3136 tempori
1005 3088 1260 3136 praecedenti.
1300 3089 1359 3126 Ex

291 3147 369 3185 quo
397 3142 502 3184 patet
537 3137 643 3185 quod
678 3138 912 3188 impossibile
948 3148 1004 3178 est
1039 3141 1131 3179 illud
1160 3141 1266 3191 quod
1294 3142 1359 3179 ali-

291 3188 447 3237 quando
484 3201 564 3226 non
591 3190 678 3238 fuit,
717 3192 823 3239 quod
850 3193 1038 3242 posterius
1061 3199 1078 3224 P
1105 3195 1244 3232 habeat
1276 3208 1359 3232 esse

345 3362 372 3397 υ)
391 3363 446 3388 sive
463 3363 621 3395 simpliciter
644 3363 746 3398 infinito
770 3364 826 3390 sive
849 3366 953 3398 infinito
971 3374 1009 3392 ex
1032 3375 1086 3393 una
1105 3373 1196 3401 parte.
1213 3384 1233 3388 -
1250 3370 1306 3395 sive
1326 3370 1362 3395 sit

290 3398 447 3459 {Zzplgiter
461 3398 595 3431 infinitum
609 3399 664 3424 sive
678 3399 811 3433 infinitum
830 3408 868 3426 ex
887 3409 940 3427 una
949 3406 1032 3434 parte
1046 3403 1079 3434 1>;
1099 3404 1308 3430 subaudiendum
1321 3411 1361 3430 est

339 3441 374 3503 ξ)
394 3469 466 3502 quod
478 3470 624 3502 posterius.
642 3484 662 3488 —
680 3470 700 3494 P
719 3470 814 3495 omittit
832 3472 911 3504 quod,
931 3477 957 3496 et
975 3473 1036 3505 legit
1050 3481 1103 3505 pro
1118 3475 1263 3505 posterius.
1281 3490 1300 3495 -
1318 3477 1360 3501 Li-

290 3512 340 3529 nea
358 3505 477 3538 sequenti
496 3510 556 3538 post
574 3506 777 3538 sempiternum,
797 3507 832 3532 ita
849 3513 1044 3540 prosequuntur
1062 3509 1178 3534 codices:
1197 3510 1273 3542 quia,
1292 3512 1361 3537 sicut

291 3540 346 3581 iant
364 3541 516 3566 conclusum
535 3544 575 3566 est
592 3548 630 3566 ex
645 3542 795 3574 praemissa
815 3543 927 3573 ratione,
947 3543 1011 3576 quia
1030 3541 1118 3577 (quod
1131 3543 1169 3579 A)
1185 3545 1290 3572 ratione
1303 3554 1360 3572 ma-

291 3579 376 3601 terme
395 3581 444 3601 etc.

344 3611 374 3646 χ)
400 3611 577 3644 Sequetur...
600 3616 756 3645 corruptum
779 3617 827 3639 est.
844 3626 863 3633 —
881 3614 932 3638 Pro
950 3618 1107 3647 corruptum
1127 3619 1166 3640 est
1191 3616 1292 3641 codices
1318 3624 1363 3642 ex-

291 3647 373 3679 ceptis
391 3647 455 3673 AsG
472 3647 568 3673 habent
589 3649 804 3681 corruptionem
823 3654 848 3674 et
866 3649 929 3675 haec
947 3649 1012 3675 forte
1031 3655 1071 3675 est
1094 3651 1159 3676 ratio
1182 3659 1263 3684 quare
1282 3652 1302 3676 P
1321 3657 1360 3677 to-

2410 296 2481 333 117

1409 362 1448 399 in
1475 361 1771 411 sempiternum,
1811 362 1906 400 sicut
1934 363 2011 400 iarn
2049 364 2274 401 conclusum
2304 372 2359 402 est
2384 367 2404 387 '³‘
2437 378 2482 403 ex

1408 415 1619 464 praemissa
1638 415 1794 454 ratione.
1826 416 1928 463 Quia
1955 416 2101 454 ratione
2121 418 2302 455 materiae
2331 431 2377 455 ex
2406 431 2482 468 qua

1409 469 1578 517 genitum
1608 477 1674 516 est,
1696 469 1809 507 etiam
1837 478 2043 520 postquam
2073 478 2139 518 est,
2161 471 2276 508 habet
2299 471 2479 509 virtutem

1410 523 1458 560 ad
1486 535 1565 560 non
1604 535 1707 560 esse:
1738 523 1806 561 sed
1835 536 1915 561 non
1952 532 2078 573 potest
2106 524 2179 562 dici
2208 525 2313 574 quod
2341 526 2482 563 habeat

1409 576 1620 625 potentiam
1640 577 1689 614 ad
1709 589 1789 614 non
1817 590 1900 614 esse
1925 584 2026 625 tunc,
2049 578 2138 627 quia
2156 578 2234 615 iam
2255 578 2376 616 existit
2395 587 2480 616 actu

1411 642 1490 676 ens,
1513 637 1548 666 et
1567 630 1620 667 sic
1640 630 1817 679 opposita
1837 639 1961 668 essent
1980 631 2104 679 simul,
2127 639 2168 668 ut
2195 631 2234 669 in
2261 632 2479 681 praemissis

1411 683 1619 720 rationibus
1649 684 1964 732 concludebatur;
1994 685 2062 723 sed
2083 685 2254 734 sequitur
2281 686 2386 735 quod
2414 687 2481 723 ha-

1411 736 1498 773 beat
1524 737 1736 784 potentiam
1757 738 1806 775 ad
1826 751 1905 775 non
1925 751 2008 776 esse
2027 746 2202 788 respectu
2226 739 2364 788 prioris
2392 739 2481 777 anni

1409 790 1472 826 vel
1491 790 1680 838 praeteriti
1703 792 1898 840 temporiS.
1929 793 2046 840 Quod
2075 800 2204 830 autern
2232 793 2308 830 hoc
2336 793 2382 830 sit
2410 793 2480 830 im-

1410 842 1602 891 possibile,
1623 843 1676 880 sic
1694 851 1809 892 patet.
1841 845 1941 892 Quia
1964 846 2056 884 illud
2075 846 2124 884 ad
2149 846 2255 896 quod
2273 847 2389 884 habet
2417 846 2480 884 ali-

1411 896 1502 945 quid
1522 897 1733 945 potentiam
1761 898 1824 934 vel
1842 899 2034 946 virtutem,
2054 907 2181 949 potest
2207 900 2300 949 poni
2330 913 2413 938 esse
2442 900 2481 937 in

1411 957 1513 988 actu:
1543 949 1574 987 si
1594 962 1683 999 ergo
1703 951 1882 1000 possibile
1912 961 1966 990 est
1994 953 2138 1001 aliquid
2166 961 2342 1003 respectu
2369 966 2478 1003 prae-

1410 1003 1507 1041 teriti
1532 1003 1717 1053 temporis
1742 1005 1804 1042 vel
1834 1018 1917 1042 esse
1935 1008 1997 1043 vel
2017 1019 2095 1044 non
2116 1020 2211 1055 esse,
2230 1007 2370 1056 poterit
2387 1007 2481 1056 poni

1411 1057 1517 1107 quod
1535 1069 1658 1095 annus
1679 1058 1792 1106 prior
1819 1071 1893 1095 non
1922 1060 1978 1105 sit,
2000 1060 2096 1097 idest
2123 1060 2230 1111 quod
2258 1061 2348 1098 illud
2374 1060 2480 1110 quod

1411 1111 1478 1148 fuit
1497 1110 1535 1148 in
1555 1123 1656 1148 anno
1684 1111 1802 1161 priori
1825 1118 1914 1149 tunc
1934 1113 1954 1133 ’³
1974 1126 2052 1150 non
2071 1114 2199 1152 fuerit:
2229 1114 2297 1152 sed
2322 1115 2398 1151 hoc
2427 1122 2482 1151 est

1410 1164 1657 1214 impossibile,
1673 1172 1715 1202 ut
1727 1166 1982 1214 praemissum
2003 1175 2074 1214 est3
2096 1175 2132 1205 et
2150 1169 2225 1205 hoc
2242 1170 2261 1190 '²‘
2275 1167 2375 1216 ideo,
2392 1168 2481 1217 quia

1411 1219 1513 1255 nulla
1531 1218 1701 1267 potentia
1720 1219 1870 1268 respicit
1888 1219 1926 1257 id
1947 1222 2050 1269 quod
2079 1221 2219 1258 factum
2241 1229 2296 1258 est
2314 1221 2353 1262 in
2371 1223 2480 1271 prae-

1410 1271 1531 1319 terito,
1553 1271 1620 1309 sed
1648 1271 1687 1309 id
1716 1272 1821 1321 quod
1851 1280 1905 1310 est
1924 1273 1962 1310 in
1980 1275 2169 1323 praesenti
2196 1276 2259 1312 vel
2289 1275 2395 1324 quod
2422 1275 2479 1312 fu-

1410 1333 1539 1362 turum
1568 1333 1634 1362 est.

1465 1379 1514 1415 Et
1533 1378 1639 1428 quod
1659 1379 1678 1399 ³³
1700 1379 1842 1416 dictum
1865 1387 1920 1417 est
1940 1380 2037 1417 circa
2057 1381 2225 1429 genitum
2246 1381 2351 1430 quod
2370 1381 2479 1430 poni-

1411 1439 1471 1469 tur
1490 1432 1784 1481 incorruptibile,
1807 1434 1940 1471 eadem
1964 1434 2077 1471 etiam
2098 1435 2191 1471 ratio
2213 1443 2269 1473 est
2288 1435 2318 1473 si
2338 1435 2478 1484 aliquid

1410 1493 1576 1535 ponatur
1594 1486 1698 1535 prius
1719 1486 1880 1524 existens
1908 1487 1947 1524 in
1975 1487 2207 1536 sempiterno
2235 1496 2421 1538 tempore,
2444 1496 2480 1526 et

1410 1547 1545 1589 postea
1572 1547 1736 1588 ponatur
1770 1552 1849 1577 non
1887 1540 2048 1578 existens
2080 1554 2149 1591 per
2184 1542 2478 1591 corruptionem.

1413 1594 1602 1642 Sequetur
1617 1593 1718 1630 enim
1735 1594 1839 1643 quod
1852 1602 2058 1643 postquam
2075 1603 2294 1644 corruptum
2309 1603 2365 1632 est
2378 1601 2406 1642 χ,
2424 1608 2480 1632 ra-

1411 1646 1515 1684 tione
1530 1646 1711 1683 materiae
1726 1646 1865 1683 habeat
1883 1647 2093 1696 potentiam
2110 1649 2158 1685 ad
2177 1648 2268 1686 illud
2283 1649 2387 1698 quod
2403 1661 2482 1686 non

1411 1707 1537 1750 potest
1554 1699 1647 1749 poni
1676 1699 1715 1737 in
1743 1707 1841 1747 actu,
1862 1700 2001 1738 scilicet
2020 1701 2068 1738 ad
2094 1714 2175 1738 esse
2194 1702 2233 1739 in
2251 1702 2368 1751 priori
2387 1709 2482 1739 tem-

1411 1766 1518 1803 pore.
1545 1753 1663 1800 Quod
1683 1753 1713 1790 si
1732 1761 1897 1803 ponatur
1916 1767 1999 1791 esse
2018 1755 2219 1804 possibile,
2248 1768 2386 1792 verum
2415 1755 2483 1793 erit

1414 1807 1538 1844 dicere
1555 1806 1659 1855 quod
1675 1819 1778 1844 nunc
1793 1815 1849 1844 est
1863 1820 1986 1845 annus
1999 1808 2114 1857 prior,
2132 1816 2168 1846 et
2186 1809 2292 1858 quod
2309 1821 2411 1846 nunc
2427 1816 2482 1846 est

1412 1860 1599 1910 quidquid
1618 1860 1686 1897 fuit
1704 1860 1743 1897 in
1760 1861 1962 1910 praeterito
1982 1869 2168 1911 tempore,
2185 1875 2231 1899 ex
2250 1875 2327 1911 quo
2347 1869 2482 1911 poten-

1412 1914 1463 1951 tia
1482 1926 1561 1951 non
1581 1921 1637 1951 est
1665 1913 1735 1951 nisi
1755 1922 1929 1963 respectu
1948 1915 2168 1964 praesentis,
2188 1924 2230 1953 ut
2250 1916 2394 1953 dictum
2414 1923 2479 1953 est.

1466 1967 1593 2005 Virtus
1612 1967 1722 2015 igitur
1735 1967 1848 2005 huius
1863 1968 2016 2006 rationis
2031 1968 2070 2006 in
2088 1969 2163 2006 hoc
2179 1969 2347 2007 consistit
2362 1969 2481 2018 quod,

1414 2034 1502 2058 cum
1522 2021 1691 2071 potentia
1711 2033 1790 2058 non
1818 2021 1864 2058 sit
1891 2022 1962 2059 nisi
1990 2030 2164 2071 respectu
2191 2022 2401 2073 praesentis
2419 2023 2482 2060 vel

1413 2074 1537 2122 futuri,
1559 2074 1588 2112 si
1618 2074 1760 2123 aliquid
1789 2075 1934 2112 dicatur
1956 2076 2098 2113 habere
2116 2077 2327 2125 potentiam
2357 2088 2482 2125 respe-

1413 2136 1475 2165 ctu
1494 2128 1683 2178 praeteriti
1698 2127 1725 2175 ³⁰,
1747 2128 1915 2178 sequitur
1933 2129 2040 2178 quod
2058 2130 2303 2178 praeteritum
2324 2142 2482 2167 conver—

1411 2189 1522 2229 tatur,
1553 2190 1589 2219 et
1616 2182 1683 2219 fiat
1710 2194 1890 2232 praesens
1917 2184 1980 2220 vel
2010 2183 2190 2221 futurum.

1473 2248 1486 2272 1
1500 2248 1530 2272 1.
1551 2235 1702 2272 Deinde
1723 2248 1811 2272 cum
1828 2235 1930 2273 dicit:
1950 2237 2002 2273 Et
2018 2237 2241 2274 naturaliter
2255 2244 2337 2284 etc.‚
2359 2244 2483 2275 osten-

1413 2288 1467 2326 dit
1487 2289 1730 2338 propositum
1750 2288 1955 2338 principale
1983 2302 2053 2338 per
2081 2290 2267 2327 rationem
2286 2291 2482 2340 propriam

1412 2341 1591 2379 scientiae
1619 2342 1779 2379 naturali
1800 2343 1831 2379 *.
1862 2343 1911 2380 Et
1940 2343 2028 2380 dicit
2053 2343 2158 2392 quod
2187 2343 2300 2381 etiarn
2329 2357 2399 2393 per
2426 2357 2483 2381 ra-

1412 2395 1557 2433 tionem
1586 2396 1816 2443 naturalem,
1852 2403 1889 2433 et
1916 2409 1996 2433 non
2023 2409 2092 2446 per
2120 2397 2305 2435 rationem
2336 2398 2484 2435 univer-

1410 2448 1541 2495 salem,
1562 2448 1659 2487 idest
1685 2449 1847 2497 logicam
1875 2450 1938 2487 vel
1967 2450 2292 2499 metaphysicam,
2323 2451 2418 2488 sicut
2445 2451 2484 2488 in

1412 2502 1741 2552 praecedentibus,
1770 2510 1895 2552 potest
1923 2504 2154 2541 considerari
2174 2504 2280 2553 quod
2308 2504 2483 2554 impossi-

1412 2555 1487 2593 bile
1522 2563 1578 2593 est
1609 2555 1648 2593 id
1682 2555 1786 2605 quod
1819 2569 1972 2606 semper
2005 2557 2073 2594 fuit
2098 2565 2233 2606 postea
2268 2558 2482 2607 corrumpi,

1411 2610 1475 2647 vel
1503 2609 1543 2647 id
1571 2609 1677 2659 quod
1713 2609 1817 2659 prius
1851 2622 1932 2647 non
1964 2610 2031 2647 fuit
2066 2618 2199 2660 postea
2233 2624 2315 2648 esse
2344 2611 2483 2660 sempi-

1412 2670 1575 2700 ternum.
1597 2664 1648 2700 Et
1665 2663 1740 2700 hoc
1758 2663 1897 2712 probat
1917 2670 1935 2684 ‘²’
1955 2664 2044 2712 quia
2069 2664 2199 2701 omnia
2228 2665 2484 2714 corruptibilia

1414 2724 1451 2753 et
1469 2716 1699 2765 generabilia
1723 2724 1810 2754 sunt
1828 2716 2055 2764 alterabilia;
2086 2718 2278 2766 generatio
2298 2726 2427 2755 autem
2448 2726 2484 2755 et

1414 2770 1606 2820 corruptio
1622 2777 1679 2818 est
1696 2770 1881 2808 terminus
1901 2771 2147 2818 alterationis;
2169 2771 2336 2809 alteratio
2354 2780 2483 2809 autem

1413 2824 1457 2860 fit
1476 2823 1523 2861 de
1541 2825 1561 2846 *
1582 2823 1771 2861 contrario
1790 2824 1830 2861 in
1850 2825 2093 2862 contrarium.
2115 2826 2164 2862 Et
2184 2825 2236 2862 sic
2254 2833 2358 2874 patet
2376 2825 2481 2874 quod
2510 2837 2520 2848 ·

1414 2889 1460 2914 ex
1480 2877 1549 2914 illis
1569 2877 1764 2914 contrariis
1790 2890 1835 2914 ex
1854 2878 1993 2926 quibus
2013 2878 2137 2927 aliqua
2154 2878 2251 2915 fiunt
2271 2891 2358 2915 cum
2377 2879 2482 2927 prius

1414 2943 1493 2967 non
1514 2938 1649 2978 essent,
1671 2931 1718 2967 ab
1739 2930 1809 2968 inis
1829 2931 1943 2968 etiam
1962 2939 2096 2980 postea
2117 2939 2423 2980 corrumpuntur,
2447 2939 2483 2968 et

1414 2983 1453 3021 in
1471 2985 1491 3005 '¹‘
1511 2984 1647 3022 eadem
1672 2984 1905 3021 reducuntur
1922 2997 1991 3034 per
2010 2985 2312 3034 corruptionem3
2334 2985 2427 3022 sicut
2451 2985 2481 3022 si

1414 3037 1557 3086 aliquid
1577 3050 1621 3074 ex
1642 3037 1764 3075 calido
1781 3038 1922 3075 factum
1938 3038 1983 3074 sit
1997 3037 2186 3086 frigidum,
2201 3045 2326 3086 potest
2344 3038 2482 3075 iterum

1415 3103 1438 3127 a
1458 3090 1580 3128 calido
1601 3091 1765 3128 calefieri
1778 3097 1826 3127 αα.
1857 3092 1906 3128 Et
1933 3091 1986 3127 sic
2012 3098 2116 3139 patet
2142 3091 2248 3140 quod
2267 3091 2358 3129 illud
2377 3091 2483 3140 quod

1416 3151 1471 3181 est
1498 3152 1738 3192 generatum,
1767 3151 1892 3193 potest
1919 3144 2055 3180 iterum
2085 3144 2297 3193 corrumpi;
2327 3152 2364 3181 et
2391 3144 2484 3182 illud

1415 3197 1520 3246 quod
1541 3205 1596 3234 est
1615 3204 1848 3246 corruptum,
1874 3196 1941 3233 fuit
1960 3197 2193 3246 quandoque
2213 3206 2436 3246 generatum
2450 3199 2480 3235 *.

1414 3376 1470 3395 tum
1495 3376 1623 3404 expungat
1641 3376 1667 3396 et
1685 3376 1869 3404 prosequatur:
1890 3368 1995 3397 ratione
2013 3373 2142 3398 materiae
2148 3381 2157 3403 ‚·
2176 3373 2285 3398 haberet
2303 3374 2373 3399 enim
2387 3378 2483 3407 poten-

1416 3407 1490 3431 tiam.
1835 3417 1837 3419 ·

1469 3440 1497 3475 ψ)
1517 3441 1596 3473 quod,
1615 3449 1674 3467 cum
1696 3442 1853 3473 potentia...
1862 3443 2016 3474 praeteriti.
2028 3458 2047 3462 —
2060 3444 2133 3476 quod
2150 3452 2210 3470 cum
2229 3445 2353 3476 potentia
2377 3453 2429 3471 non
2450 3446 2485 3471 sit

1415 3477 1467 3502 nisi
1484 3480 1604 3509 respectu
1619 3477 1765 3508 praeteriti
1778 3478 1797 3502 P
1817 3482 1843 3502 et
1861 3478 1936 3503 codd.
1949 3486 2003 3504 exc.
2017 3479 2105 3511 AsG1;
2124 3479 2188 3505 haec
2206 3480 2270 3505 falsa
2289 3481 2365 3506 lectio
2381 3487 2484 3507 causata

1415 3517 1455 3537 est
1472 3512 1615 3537 omissione
1633 3511 1802 3537 homoteleuti
1816 3514 2000 3545 praesentis...
2015 3518 2144 3547 respectu.

1468 3547 1551 3607 ‹uzldEt
1564 3547 1730 3607 hocKrobat.
1743 3562 1761 3567 -
1774 3549 1848 3573 Hanc
1857 3548 2005 3581 formulam,
2020 3558 2087 3583 quae
2101 3551 2254 3584 saepissime
2268 3552 2386 3583 occurrit,
2398 3561 2452 3578 om.
2462 3553 2482 3577 P

1416 3588 1441 3608 et
1459 3591 1490 3607 co
1527 3601 1533 3607 .
1549 3590 1602 3607 exc.
1642 3600 1649 3607 .

1469 3617 1515 3650 αα)
1526 3621 1617 3650 potest
1630 3618 1726 3644 iterum
1739 3625 1756 3644 a
1769 3619 1856 3645 calido
1869 3621 1993 3654 calefieri.
2007 3635 2025 3641 ·-
2039 3622 2097 3647 Hoc
2115 3630 2168 3648 om.
2183 3622 2203 3647 P
2210 3630 2218 3654 ς
2238 3624 2284 3648 sed
2296 3629 2324 3649 ut
2337 3624 2483 3656 exemplum

1415 3654 1574 3686 completum
1594 3653 1627 3679 sit
1645 3662 1696 3679 non
1715 3654 1887 3681 omittendum
1906 3662 1954 3682 est.

2511 378 2518 386 ¹
2535 376 2605 398 Num.
2620 383 2694 405 praec.

2509 1180 2518 1188 '
2526 1185 2586 1200 nunc
2595 1178 2664 1201 codd.
2671 1185 2721 1201 exc.

2507 1212 2529 1232 Α,
2544 1211 2593 1227 om.
2603 1212 2624 1227 P.

2508 1238 2518 1246 ⁶
2531 1237 2575 1259 hoc
2589 1242 2638 1259 om.
2653 1243 2674 1258 P.

2507 1390 2518 1401 ³
2532 1388 2591 1417 qm'a
2605 1394 2626 1409 P.

2511 2358 2521 2367 '
2537 2356 2574 2379 Cf.
2590 2357 2643 2378 lect.
2661 2363 2723 2384 xxvi,

2511 2389 2534 2405 n.
2548 2389 2564 2411 1,
2579 2389 2600 2411 3.

2509 2998 2519 3009 ⁸
2533 2998 2558 3019 in
2572 3003 2623 3020 om.
2638 3004 2660 3019 r.

2600 3110 2635 3126 αα

2510 3211 2522 3222 ⁸
2535 3211 2641 3238 genitum
2654 3217 2675 3233 ι’.
