2554 4062
2312 289 2360 314 XV

159 355 315 405 potest.
351 350 536 392 Accedit
569 350 701 406 quod,
727 350 763 391 si
796 350 839 390 A
874 356 916 390 et
948 350 985 390 F
1019 356 1066 391 ut
1086 350 1270 392 familiae
1305 352 1525 402 differunt,
1565 355 1882 397 eonsentientes
1917 357 2115 398 codicum
2153 358 2357 400 lectiones

160 413 312 454 maiori
335 413 588 454 auctoritate
620 411 893 468 gaudebunt:
929 418 1030 453 tunc
1054 413 1168 454 enim
1192 413 1280 455 duo
1303 414 1504 456 audimus
1526 417 1783 467 testimonia,
1809 417 1912 459 dum
1935 432 2021 460 una
2042 419 2199 460 familia
2221 423 2356 475 quan-

159 481 402 530 tacumque,
438 476 582 517 stricte
614 474 851 529 loquendo,
888 488 976 515 non
1009 476 1162 516 melior
1193 477 1314 518 testis
1349 484 1413 519 est
1446 492 1578 533 quam
1611 479 1773 534 primus
1808 481 1947 522 codex
1980 483 2267 537 apographus,
2304 483 2358 524 de

160 551 249 592 quo
284 543 457 593 sumpta
479 543 555 579 est.
579 536 758 577 Maximi
793 550 899 593 ergo
934 539 1142 579 momenti
1178 545 1244 580 est
1275 553 1354 594 pro
1384 547 1531 582 nostra
1564 541 1753 583 editione
1775 543 1900 584 huius
1933 543 2203 598 pulcherrimi
2237 558 2356 585 com-

159 600 367 649 mentarii,
392 599 471 641 sed
503 598 666 640 incuria
700 598 915 641 editorum
948 605 1014 641 tot
1047 606 1089 641 et
1121 602 1248 642 tantis
1283 603 1500 644 erroribus
1541 603 1769 659 deturpati,
1810 606 2039 647 ostendere
2074 607 2194 661 quod
2227 607 2270 648 A
2304 621 2356 648 ex

161 662 306 704 critico
342 667 500 703 conatu
535 667 655 702 ortus
690 675 778 702 non
813 668 889 703 est.

285 725 346 766 Ut
376 737 484 765 vero
518 724 602 765 hoc
636 724 910 765 manifestum
947 724 1030 774 fiat,
1066 725 1109 765 in
1143 727 1397 768 memoriam
1431 729 1624 769 revocari
1659 729 1789 771 debet
1830 743 1918 785 quo
1954 730 2121 772 criterio
2155 730 2262 772 inter
2293 731 2355 773 fa-

157 787 295 828 milias
330 786 607 828 discernatur.
642 787 699 828 Et
721 787 897 842 planum
932 786 1110 841 quidem
1133 794 1198 829 est
1231 802 1305 830 eas
1338 789 1495 831 eodem
1525 790 1658 831 modo
1693 805 1781 846 quo
1815 793 1939 847 primi
1973 793 2224 849 apographi,
2248 794 2356 835 inter

157 862 205 891 se
239 849 431 891 differre:
466 849 521 890 ab
555 849 648 890 istis
676 849 803 898 enim,
827 855 977 904 utpote
1001 851 1273 906 autographo
1292 852 1446 893 clarius
1470 858 1513 893 et
1537 853 1774 895 distinctius
1794 855 1972 910 scriptis,
1997 862 2228 911 sequentes
2251 857 2354 897 scri—

155 917 304 967 ptores
336 912 412 953 vix
435 911 651 960 differunt,
689 912 770 953 nisi
806 912 949 953 critica
983 926 1136 954 manus
1176 913 1404 955 intervenit
1440 915 1510 956 vel
1544 915 1675 956 nimia
1716 917 1934 972 scriptoris
1968 917 2188 973 imperitia.
2222 919 2352 960 Primi

155 979 301 1016 autem
329 974 403 1030 qui
437 974 491 1016 de
515 975 788 1031 autographo
816 975 1184 1030 transcripserunt,
1209 977 1244 1017 si
1279 990 1379 1018 eum
1407 977 1588 1019 fideliter
1620 977 1917 1029 reddidissent,
1940 980 2011 1021 vel
2034 980 2191 1021 eodem
2218 981 2352 1022 modo

155 1037 211 1078 ab
246 1050 300 1078 eo
334 1037 625 1086 recessissent,
650 1037 759 1078 inter
791 1050 839 1078 se
873 1051 961 1078 non
996 1038 1155 1079 diversi
1189 1038 1380 1081 fuissent.
1415 1039 1506 1081 Sed
1545 1041 1685 1081 nullus
1725 1042 1998 1084 amanuensis
2036 1043 2351 1098 autographum

154 1099 338 1141 fideliter
357 1099 617 1141 transcribit:
653 1100 775 1155 lapsu
811 1100 925 1141 enim
955 1101 1189 1141 memoriae
1223 1102 1359 1142 verba
1391 1103 1649 1157 transponit;
1684 1104 1754 1145 vel
1776 1109 1886 1159 quae
1920 1104 1963 1145 in
1987 1105 2258 1160 autographo
2286 1106 2352 1147 his

153 1162 301 1204 verbis
335 1162 545 1211 dicuntur,
569 1162 675 1211 aliis,
699 1162 826 1203 simili
860 1168 1004 1203 tamen
1027 1176 1170 1213 sensu,
1195 1163 1415 1218 exprimit;
1449 1165 1519 1206 vel
1553 1177 1696 1207 errore
1730 1167 1966 1216 oculorum,
1990 1180 2163 1208 recursu
2198 1181 2352 1222 nempe

155 1224 397 1268 eorundem
430 1225 666 1266 verborum
700 1225 919 1280 deceptus,
944 1225 1240 1266 homoteleuta
1262 1226 1439 1276 omittit;
1467 1228 1537 1268 vel
1572 1227 1816 1270 difficultate
1849 1229 2020 1285 legendi
2045 1235 2087 1270 et
2110 1229 2352 1285 ignorantia

153 1287 358 1329 materiae
391 1287 588 1336 irretitus,
605 1288 741 1329 verba
774 1287 1020 1342 corrumpit,
1038 1293 1080 1328 et
1105 1288 1364 1342 compendia
1390 1302 1569 1330 erronee
1602 1290 1918 1346 interpretatur;
1944 1292 2013 1332 vel
2035 1292 2352 1333 inadvertenter

153 1349 339 1392 verbum
372 1350 575 1399 transilit;
610 1351 681 1391 vel
725 1349 1037 1391 correctionem
1071 1351 1329 1406 autographi
1376 1365 1465 1392 non
1498 1351 1703 1409 intelligit.
1741 1353 1920 1394 Talibus
1963 1354 2131 1395 mendis
2163 1368 2349 1395 vacuum

154 1424 263 1462 esse,
286 1412 404 1454 haud
437 1412 528 1454 scio
562 1426 618 1453 an
651 1412 724 1453 ulli
758 1412 955 1467 scriptori
988 1413 1176 1453 humana
1208 1413 1448 1468 permiserit
1469 1414 1685 1470 fragilitas.
1710 1415 1800 1457 Sed
1834 1416 2033 1470 quamvis
2057 1429 2208 1457 omnes
2242 1430 2349 1471 apo-

153 1474 306 1532 graphi
329 1475 422 1516 istis
456 1475 674 1516 erroribus
697 1474 907 1524 laborant,
931 1475 1068 1531 vulgo
1091 1481 1235 1516 tamen
1269 1489 1358 1516 non
1391 1476 1434 1517 in
1468 1476 1622 1518 iisdem
1645 1478 1751 1519 locis
1785 1491 1863 1519 eos
1887 1478 2108 1519 exhibent:
2140 1479 2212 1519 uni
2236 1479 2350 1520 enim

152 1537 350 1592 scriptori
383 1537 468 1578 hoc
490 1532 675 1578 verbum
709 1536 880 1578 difficile
902 1543 993 1578 erat
1025 1537 1148 1587 lectu,
1172 1537 1242 1578 alii
1275 1538 1412 1588 aliud;
1437 1538 1521 1580 hoc
1554 1539 1881 1581 homoteleuton
1905 1553 2016 1581 unus
2050 1540 2217 1590 omittit,
2242 1541 2349 1582 alius

151 1598 288 1649 istud;
323 1605 367 1641 et
398 1599 457 1640 ita
490 1598 723 1641 dicendum
757 1605 824 1641 est
857 1599 911 1641 de
959 1600 1110 1642 ceteris
1145 1600 1378 1650 erroribus,
1414 1601 1488 1655 qui
1521 1602 1794 1643 materialiter
1825 1602 2206 1643 transcribentibus
2239 1603 2350 1644 acci-

152 1661 272 1704 dunt.
296 1662 537 1704 Habebunt
570 1675 677 1718 ergo
710 1661 947 1704 immediati
970 1663 1210 1719 apographi
1234 1663 1393 1704 menda
1415 1663 1609 1705 eiusdem
1633 1665 1816 1721 generis,
1840 1665 1919 1706 sed
1951 1665 1994 1706 in
2017 1664 2198 1706 diversis
2220 1665 2348 1715 locis;

152 1724 265 1767 sicut
296 1730 442 1766 autem
475 1724 635 1766 adsunt
666 1724 709 1765 in
749 1725 916 1780 primis,
951 1725 1009 1767 ita
1048 1731 1224 1767 manent
1256 1725 1299 1766 in
1331 1726 1645 1780 posterioribus
1679 1740 1733 1768 ex
1765 1727 1869 1782 ipsis
1904 1726 2118 1769 derivatis.
2154 1727 2279 1780 Quae
2313 1728 2349 1770 si

152 1787 212 1829 ita
243 1793 356 1838 sunt,
386 1793 628 1842 sequuntur
660 1787 771 1829 duo:
806 1788 1005 1843 primum,
1030 1787 1150 1843 quod
1175 1801 1228 1829 ex
1261 1801 1348 1829 una
1379 1788 1538 1830 familia
1570 1789 1728 1830 menda
1750 1790 1922 1831 alterius
1956 1789 2111 1846 corrigi
2143 1796 2347 1845 possunt:

151 1850 355 1899 alterum,
387 1850 509 1905 quod
543 1856 695 1891 natura
728 1851 884 1892 erroris
917 1851 1043 1892 huius
1066 1851 1109 1892 in
1134 1851 1215 1892 ista
1246 1856 1380 1905 patet;
1415 1857 1569 1901 utrum,
1604 1865 1645 1893 v.
1668 1866 1724 1907 g.,
1758 1851 1948 1893 absurda
1979 1852 2106 1893 lectio
2140 1851 2349 1894 debeatur

153 1912 418 1968 corruptioni
451 1912 799 1962 abbreviaturae,
833 1927 888 1954 an
922 1913 1149 1954 emissioni
1182 1913 1477 1962 homoteleuti,
1511 1914 1581 1955 vel
1614 1914 1683 1954 alii
1717 1915 1865 1963 errori,
1901 1916 2190 1955 conferentem
2222 1915 2348 1956 aliam

151 1974 357 2018 familiam
391 1988 481 2016 non
514 1975 674 2017 latebit.
707 1976 794 2016 Ista
836 1981 902 2017 est
935 1989 1042 2032 ergo
1076 1975 1225 2017 relatio
1266 1989 1379 2030 quae
1412 1976 1522 2018 inter
1558 1976 1738 2018 familias
1783 1977 1968 2018 obtinet:
2004 1976 2156 2018 eadem
2190 1977 2348 2018 menda

151 2037 325 2087 habent,
358 2037 438 2079 sed
471 2037 515 2079 in
549 2037 732 2079 diversis
765 2038 884 2089 locis,
918 2038 977 2079 ita
1010 2038 1187 2093 quidem
1219 2044 1267 2079 ut
1299 2039 1558 2080 mendorum
1590 2038 1771 2088 indoles,
1806 2039 1933 2080 simul
1966 2052 2016 2080 ac
2050 2039 2269 2089 correctio,
2295 2053 2348 2080 ex

151 2100 354 2142 alterutra
386 2099 641 2143 inveniatur.

278 2162 415 2218 Atqui
449 2162 666 2217 ipsissima
699 2168 765 2204 est
797 2163 946 2204 relatio
981 2162 1090 2204 inter
1112 2163 1150 2204 F
1172 2169 1215 2205 et
1246 2165 1307 2213 A;
1342 2163 1464 2218 quod
1496 2169 1544 2204 ut
1575 2169 1729 2218 pateat,
1765 2163 1920 2204 sufficit
1951 2162 2069 2204 adire
2096 2169 2347 2219 apparatum

151 2225 369 2267 variarum
402 2225 658 2273 lectionum,
689 2225 764 2266 ubi
799 2238 852 2266 ex
891 2225 934 2265 A
971 2231 1013 2266 et
1048 2225 1085 2266 F
1113 2239 1321 2281 magnum
1357 2239 1549 2267 errorum
1583 2238 1809 2267 numerum
1847 2225 2122 2281 collegimus,
2161 2239 2346 2281 quorum

153 2287 381 2343 explicatio
406 2293 449 2329 et
472 2286 718 2328 emendatio
742 2287 785 2328 in
807 2287 1011 2328 alterutro
1044 2293 1218 2342 praesto
1242 2294 1318 2329 est.
1349 2287 1423 2328 Ad
1446 2289 1654 2329 maiorem
1677 2294 1820 2329 tamen
1844 2287 2179 2343 intelligentiam,
2204 2288 2347 2343 aliqua

153 2350 353 2405 exempla
395 2349 718 2405 subiungimus,
759 2361 871 2404 quae
916 2355 1112 2404 spectant
1148 2349 1468 2405 corruptionem
1505 2350 1761 2392 verborum:
1806 2349 1860 2391 de
1899 2350 2203 2392 homoteleutis
2241 2351 2347 2392 infra

151 2412 412 2454 habebimus
446 2412 723 2453 occasionem
757 2411 976 2466 loquendi.

151 2474 286 2517 Liber
317 2475 348 2525 I,
382 2475 604 2523 prooem„
641 2486 687 2526 4:
722 2474 981 2528 inquantum
1013 2474 1272 2515 conveniunt
1299 2475 1345 2516 in
1378 2475 1596 2516 communi
1627 2475 1856 2516 intentione
1878 2475 1926 2524 F,

717 2537 966 2578 immixtum
988 2537 1246 2578 conveniunt
1275 2538 1320 2578 in
1352 2537 1638 2591 integratione
1670 2537 1736 2586 A;

223 2617 238 2637 ›
350 2600 467 2642 lect.
490 2611 548 2648 Ν,
615 2609 686 2653 17:
711 2599 921 2654 proiectio
954 2598 1114 2654 lapidis
1144 2599 1189 2640 in
1222 2599 1361 2640 altum
1394 2599 1449 2648 F,

709 2662 918 2716 protectio
950 2660 1110 2716 lapidis
1141 2662 1186 2702 in
1220 2662 1392 2703 alveum
1425 2662 1486 2710 A;

222 2741 238 2762 ν
372 2724 467 2766 lect.
490 2736 548 2773 VI,
637 2736 686 2765 2:
708 2723 931 2779 futurum,
955 2723 1069 2765 idest
1096 2723 1254 2765 debens
1284 2737 1376 2765 esse
1406 2724 1462 2773 F,

703 2785 927 2841 futurum,
951 2785 1064 2827 idest
1091 2785 1266 2827 demens
1296 2800 1388 2827 esse
1419 2787 1481 2835 A;

225 2867 241 2888 »
375 2849 470 2891 lect.
494 2861 581 2897 vm,
637 2861 687 2902 9:
722 2849 842 2902 quod
868 2849 1044 2903 respicit
1072 2849 1185 2889 trino
1217 2851 1393 2904 aspectu
1426 2849 1480 2898 F,

717 2911 837 2965 quod
864 2911 1040 2966 respicit
1067 2924 1199 2952 curvo
1231 2913 1406 2965 aspectu
1436 2911 1501 2959 A;

374 2974 469 3015 lect.
492 2986 597 3022 xxn,
641 2985 687 3025 4:
721 2977 790 3014 est
816 2986 937 3014 mens
968 2974 1061 3014 eius
1090 2973 1246 3014 similis
1277 2973 1413 3027 ligato
1445 2973 1500 3022 F,

716 3039 784 3076 est
811 3038 936 3077 utens
968 3036 1061 3076 eius
1090 3035 1367 3089 syllogismus
1398 3035 1534 3089 ligato
1566 3035 1631 3083 A;

154 3098 252 3140 Lib.
275 3098 326 3147 ΙΙ,
371 3097 466 3139 lect.
489 3111 546 3147 XI,
637 3100 684 3139 6:
718 3099 833 3139 sicut
861 3098 1013 3139 clavus
1032 3097 1216 3153 ferreus
1246 3098 1446 3152 infigitur
1475 3100 1596 3138 rotae
1628 3097 1796 3151 ligneae
1827 3096 1880 3144 F,

721 3161 837 3201 sicut
865 3160 1001 3201 clavis
1019 3159 1204 3215 ferreus
1234 3160 1434 3214 infigitur
1463 3162 1576 3200 totae
1608 3159 1747 3200 lineae
1779 3159 1839 3207 A;

152 3222 253 3265 Lib.
278 3223 348 3272 ΙΙΙ,
372 3221 466 3263 lect.
489 3234 577 3271 v111,
644 3224 691 3263 6:
725 3223 771 3263 in
804 3222 1101 3277 corporalibus
1132 3222 1414 3263 locutionibus
1446 3225 1490 3262 et
1517 3219 1950 3262 demonstrationibus
1982 3219 2036 3268 F,

722 3285 767 3324 in
801 3285 1052 3339 corporibus
1082 3284 1156 3325 vel
1182 3284 1379 3325 omnibus
1410 3282 1843 3324 demonstrationibus
1876 3282 1936 3331 A;

151 3348 253 3389 Lib.
279 3349 309 3397 Ι,
375 3348 468 3388 lect.
493 3359 551 3395 111,
622 3358 637 3386 1
654 3358 693 3386 1:
728 3346 781 3386 de
812 3349 930 3387 motu
963 3348 1042 3400 qui
1069 3347 1114 3387 in
1147 3347 1365 3400 obliquum
1398 3345 1535 3387 tendit
1563 3346 1627 3393 A,

723 3407 776 3448 de
807 3411 926 3449 motu
958 3409 1038 3462 qui
1065 3408 1215 3449 mobili
1243 3407 1416 3462 quando
1449 3406 1586 3448 tendit
1615 3407 1669 3456 F;

227 3490 242 3510 ›
377 3473 471 3513 lect.
495 3484 552 3520 VI,
615 3483 690 3511 10:
723 3470 798 3510 vel
823 3469 975 3524 aliqua
1007 3470 1099 3511 alia
1131 3484 1267 3511 causa
1299 3469 1590 3511 universalior
1619 3470 1683 3518 A,

722 3532 990 3573 universalia
1022 3532 1172 3586 aliqua
1205 3546 1340 3573 causa
1372 3530 1663 3572 universalior
1693 3531 1751 3580 F;

223 3614 244 3634 ο
379 3597 473 3638 lect.
497 3609 554 3645 IX,
644 3606 689 3649 7:
723 3595 768 3635 in
792 3594 1120 3649 propinquitate
1151 3594 1216 3635 ad
1243 3597 1436 3635 centrum
1470 3594 1533 3643 A,

725 3658 770 3698 in
794 3657 1051 3712 proximum
1084 3657 1388 3698 communitate
1419 3655 1484 3697 ad
1511 3658 1706 3697 centrum
1738 3656 1775 3696 F
1787 3669 1796 3704 ;
