2782 4134
375 280 452 326 284

882 278 953 314 DE
983 277 1371 315 GENERATIONE
1400 278 1471 314 ET
1501 277 1884 316 CORRUPTIONE
1915 279 2008 316 LIB.
2041 281 2054 316 1

1153 501 1455 557 LECTIO
1494 502 1776 560 SEXTA

451 655 508 685 DE
533 653 859 686 GENERATIONE:
885 653 942 683 ET
966 652 1101 683 PRIMO
1121 653 1180 683 AN
1200 652 1267 683 SlT
1287 649 1540 686 GENER'ATIO
1563 655 1836 687 SIMPLICITER
1858 656 1994 688 DICTA
2011 675 2029 680 —
2050 657 2185 690 RATIO
2209 658 2447 690 DUBITANDI
2464 677 2483 682 -

684 709 872 742 SOLUTIO
896 709 1206 740 DUBITAT1ONIS
1230 727 1249 732 -
1273 710 1559 743 DIFFICULTAS
1582 712 1764 744 CONTRA
1787 713 2072 746 SOLUTIONEM
2094 716 2251 747 DATAM

372 841 597 887 Διωρισμένων
623 837 660 872 δὲ
678 840 824 881 τούτων,
844 840 977 884 πρῶτον
995 839 1182 883 θεωρητέον
1200 839 1345 885 πότερον
1364 840 1437 873 ἔστι

438 898 472 919 τι
496 886 669 932 γινόμενον
697 885 811 922 ἀπλῶς
841 887 899 916 καὶ
929 883 1162 928 φθειρόμενον,
1190 884 1211 921 ἦ
1235 887 1351 927 κυρίως
1378 885 1437 929 μὲν

439 927 549 971 οὐδέν,
571 931 621 962 ἀεὶ
639 925 667 961 δ’
690 929 725 961 ἔκ
743 941 833 966 τινος
850 931 908 961 καὶ
927 932 974 970 τί,
992 928 1082 975 λέγω
1099 925 1128 960 δ’
1150 930 1218 961 οἷον
1238 929 1274 961 ἑκ
1293 929 1437 974 κάμνον-

439 987 495 1013 τος
523 976 672 1020 ὐγιαῖνον
703 975 762 1005 καὶ
790 973 918 1016 κάμνον
950 972 986 1015 ἐξ
1012 975 1245 1019 ὑγιαίνοντος,
1273 973 1294 1011 ἦ
1320 974 1436 1019 μικρὸν

437 1021 473 1051 ὲκ
498 1019 649 1064 μεγάλου
674 1019 732 1050 καὶ
757 1017 849 1064 μέγα
874 1019 910 1050 ὲκ
935 1022 1066 1063 μικροῦ,
1093 1020 1150 1050 καὶ
1177 1018 1292 1051 τᾶλλα
1318 1018 1437 1051 πάντα

437 1065 562 1096 τοῦτον
590 1063 649 1095 τὸν
675 1062 815 1107 τρόπον.

370 1110 407 1141 Ei
431 1108 495 1164 γάρ
523 1108 637 1145 άπλῶς
664 1107 762 1140 ἔσται
787 1107 928 1153 γένεσις,
957 1108 1072 1145 ἁπλῶς
1101 1107 1139 1140 ἀν
1165 1110 1295 1154 γίνοιτο
1327 1107 1363 1139 ἐκ
1388 1108 1435 1150 μή

439 1164 553 1193 οντος,

369 1198 451 1230 ὥστ’
482 1195 602 1234 ἀληθὲς
630 1195 668 1228 ἄν
695 1197 744 1233 εἴη
770 1194 880 1242 λέγειν
908 1195 962 1229 ὅτι
988 1196 1135 1241 ὑπάρχει
1161 1199 1228 1229 τισὶ
1255 1196 1296 1229 τὸ
1321 1196 1367 1240 μή
1388 1197 1436 1229 ὄν.

369 1244 424 1280 Τὶς
449 1241 508 1285 μὲν
532 1241 598 1286 γάρ
622 1240 749 1287 γένεσις
775 1241 811 1272 ὲκ
835 1241 883 1284 μή
910 1240 1007 1278 ὄντος
1033 1242 1138 1283 τινός,
1160 1242 1227 1273 οἷον
1247 1242 1283 1274 ἑκ
1300 1241 1347 1284 μὴ
1364 1243 1438 1273 λευ-

435 1287 496 1318 κοῦ
522 1286 543 1322 ἦ
569 1284 615 1330 μή
640 1285 768 1326 καλοῦ,
795 1286 815 1321 ἡ
842 1281 880 1317 δέ
907 1286 1001 1323 άπλῆ
1028 1285 1063 1327 ἐξ
1091 1287 1206 1324 ἁπλῶς
1230 1286 1277 1331 μη
1304 1286 1413 1323 ὄντος.

368 1376 413 1407 To*
439 1370 465 1406 δ’
494 1374 608 1411 ἀπλῶς
641 1373 721 1410 ἤτοι
757 1373 799 1405 τό
830 1374 962 1418 πρῶτον
995 1376 1152 1418 σημαίνει
1182 1374 1258 1406 καθ’
1287 1373 1436 1411 ἑκάστην

434 1421 646 1464 κατηγορίαν
672 1419 735 1451 τοῦ
761 1418 872 1459 ὄντος,
892 1417 913 1455 ἦ
935 1418 977 1450 τό
1001 1417 1150 1451 καθόλου
1175 1421 1234 1451 καὶ
1255 1419 1296 1453 τὸ
1318 1420 1437 1452 πάντα

435 1463 604 1508 περιέχον.

367 1509 404 1540 Εἰ
429 1509 488 1554 μὲν
515 1508 571 1541 οὐν
598 1507 639 1539 τό
664 1507 811 1552 πρῶτον,
840 1507 957 1545 οὐσίας
983 1507 1084 1540 ἔσται
1109 1507 1237 1554 γένεσις
1262 1506 1298 1540 ἐκ
1315 1508 1362 1551 μή
1385 1508 1439 1540 οὐ-

434 1556 521 1590 σίας.
555 1552 593 1594 ᾪ
618 1548 655 1583 δὲ
681 1551 727 1594 μη
755 1550 900 1596 ὑπάρχει
926 1551 1026 1584 οὐσία
1050 1548 1137 1596 μηδὲ
1158 1549 1254 1595 τόδε,
1273 1548 1376 1589 δῆλον
1395 1553 1437 1590 ὥς

434 1594 513 1630 οὐδὲ
532 1598 599 1630 τῶν
620 1596 728 1629 ἄλλων
748 1591 890 1641 οὐδεμία
906 1598 1137 1643 κατηγοριῶν,
1154 1598 1222 1630 οἷον
1241 1597 1320 1630 οὔτε
1339 1597 1436 1629 ποιόν

434 1642 515 1674 οὔτε
542 1641 647 1674 ποσὸν
680 1640 759 1673 οὔτε
790 1641 832 1673 τό
858 1642 942 1674 ποῦ·
969 1643 1125 1686 χωριστά
1148 1642 1213 1688 γάρ
1249 1641 1288 1674 ἂν
1314 1643 1363 1679 εἴη
1390 1642 1438 1674 ταὶ

434 1686 526 1724 πάθη
553 1687 620 1718 τῶν
647 1683 777 1717 οὐσιῶν.
816 1685 854 1716 Εἰ
879 1681 929 1727 δέ,
958 1686 999 1718 τό
1024 1686 1071 1731 μή
1099 1686 1133 1719 ὃν
1160 1686 1242 1724 ὅλως
1266 1686 1436 1730 ἀπόφασις

433 1732 533 1764 ἔσται
564 1729 712 1762 καθόλου
743 1729 904 1771 πάντων,
938 1729 1028 1764 ὥστε
1061 1731 1097 1763 ἑκ
1129 1726 1271 1774 μηδενός
1304 1730 1435 1777 ἀνάγκη

433 1775 583 1822 γίνεσθαι
609 1775 650 1807 τὸ
674 1774 862 1821 γινόμενον.

366 1821 440 1866 ΠερὶΙ
466 1821 525 1865 μὲν
553 1817 609 1852 οὖν
635 1820 768 1853 τούτων
795 1820 826 1851 ἐν
855 1818 968 1856 ἄλλοις
994 1832 1032 1852 τε
1050 1814 1261 1863 διηπόρηται
1284 1821 1343 1851 καὶ
1360 1814 1436 1851 διώ-

433 1877 546 1906 ρισται
567 1868 638 1901 τοῖς
658 1864 773 1910 λόγοις
799 1864 855 1896 ἐπὶ
881 1864 1015 1895 πλεῖον·
1042 1864 1215 1908 συντόμως
1241 1859 1279 1896 δὲ
1303 1866 1361 1896 καὶ
1379 1865 1435 1895 νῦν

431 1909 593 1951 λεκτέον,
621 1908 675 1941 ὄτι
701 1908 828 1953 τρόπον
853 1907 913 1952 μέν
939 1919 1018 1940 τινα
1045 1909 1080 1941 ἐκ
1105 1910 1151 1954 μή
1187 1908 1283 1946 ὄντος
1321 1909 1434 1947 ἀπλῶς

431 1957 579 2000 γίνεται,
608 1952 734 1998 τρόπον
759 1948 797 1984 δέ
825 1953 926 1984 ἀλλον
954 1951 988 1994 ἐξ
1015 1952 1112 1992 ὄντος
1140 1955 1209 1987 ἀεί·
1237 1953 1278 1986 τὸ
1299 1953 1363 1999 γάρ
1382 1949 1437 1985 δυ-

432 1998 530 2043 νάμει
557 1998 591 2030 ὃν
617 1997 814 2042 ἐντελεχείᾳ
839 1994 876 2029 δὲ
901 1997 948 2041 μή
976 1996 1010 2029 ὃν
1039 1998 1170 2044 ἀνάγκη
1202 1997 1434 2042 προϋπάρχειν

431 2043 612 2089 λεγόμενον
641 2041 850 2086 ἀμφοτέρως.
1165 2080 1174 2088 ⁶

359 2088 399 2119 Ὅ
423 2083 460 2119 δὲ
484 2090 541 2120 καὶ
565 2086 699 2120 τούτων
717 2085 1028 2131 διωρισμένωψέχει
1049 2085 1253 2132 θαυμαστήν
1274 2087 1433 2131 ἀπορίαν,

432 2131 535 2164 πάλιν
569 2130 890 2172 ἑπαναποδιστέον,
925 2132 993 2169 πῶς
1033 2131 1124 2164 ἔστιν
1161 2132 1254 2168 ἀπλῆ
1285 2131 1433 2177 γένεσις,

432 2177 494 2209 εἴτ’
524 2175 560 2209 ἐκ
585 2171 725 2220 δυνάμει
753 2175 849 2213 ὄντος
877 2173 962 2207 οὐσα
988 2177 1058 2208 εἴτε
1082 2178 1140 2208 καί
1168 2189 1237 2214 πως
1264 2176 1384 2214 ἄλλως.

358 2265 559 2310 Ἀπορῆσειε
584 2265 648 2310 γρίρ
676 2265 715 2298 α”ν
740 2276 791 2302 τις
819 2262 868 2308 ἀρ’
891 2263 984 2296 ἔστιν
1006 2265 1122 2303 οὐσίας
1142 2265 1270 2310 γένεσις
1294 2265 1435 2297 καὶτοῦ

432 2306 549 2351 τοῦδε,
578 2310 669 2343 ἀλλά
692 2309 739 2354 μή
764 2310 828 2341 τοῦ
853 2304 989 2342 τοιοῦδε
1014 2312 1071 2341 καὶ
1098 2305 1242 2343 τοσοῦδε
1267 2311 1327 2342 καὶ
1352 2310 1431 2342 ποῦ.

431 2355 495 2387 Τόν
522 2355 629 2388 αὐτὸν
654 2349 692 2387 δὲ
716 2353 844 2397 τρόπον
869 2355 927 2386 καὶ
954 2355 1028 2398 περὶ
1053 2352 1190 2399 φθορᾶς.

364 2401 402 2432 Εἰ
426 2399 491 2445 γάρ
518 2411 551 2431 τι
577 2403 727 2446 γίνεται,
754 2394 857 2435 δῆλον
884 2399 925 2436 ὠς
953 2397 1051 2430 ἔσται
1076 2393 1217 2444 δυνάμει
1243 2410 1294 2436 τις
1321 2397 1433 2440 οὐσία,

432 2445 628 2489 ἐντελεχείᾳ
654 2439 682 2474 δ’
712 2443 763 2484 οὔ,
791 2442 825 2484 ἑξ
852 2442 891 2481 ἧς
917 2443 937 2479 η
963 2442 1091 2488 γένεσις
1117 2443 1216 2476 ἔσται
1240 2444 1299 2475 καὶ
1324 2443 1367 2480 εἰς
1394 2443 1434 2479 ἦν

434 2487 566 2535 ἀνάγκη
593 2487 825 2533 μεταβάλλειν
858 2487 899 2521 τὸ
931 2486 1043 2531 φθειρό
1072 2499 1156 2520 ενον.
1197 2486 1343 2530 Πότερον
1377 2485 1434 2519 οὐν

434 2532 578 2578 ὑπάρξει
604 2545 638 2565 τι
664 2532 775 2573 τούτῳ
802 2533 868 2564 τῶν
901 2532 1011 2564 ἄλλων
1045 2533 1262 2577 εντελεχείᾳ;
1288 2531 1378 2578 λέγω
1403 2527 1433 2563 δ’

434 2579 501 2610 οἷον
529 2576 577 2620 ἀρ’
601 2578 700 2610 ἔσται
725 2576 830 2608 ποσὸν
856 2574 877 2613 ἦ
903 2576 1000 2608 ποιὸν
1018 2575 1039 2612 ἦ
1059 2577 1125 2608 ποῦ
1151 2577 1192 2608 'ro‘
1218 2572 1358 2620 δυνάμει
1376 2575 1436 2620 μό-

433 2634 488 2654 νον
515 2619 596 2655 τόδε
620 2623 679 2654 καὶ
705 2621 754 2662 ὄν,
783 2622 898 2658 ἀπλῶς
922 2616 960 2652 δέ
977 2619 1023 2665 μή
1043 2617 1122 2653 τόδε
1140 2616 1218 2665 μηδ’
1242 2621 1298 2661 ὅν;
1326 2621 1354 2652 εἰ
1396 2621 1434 2664 dp

433 2661 537 2708 μηδὲν
565 2665 657 2699 ἀλλά
674 2665 794 2698 πάντα
818 2661 978 2709 δυνάμει,
1004 2665 1170 2710 χωριστόν
1197 2677 1235 2697 τε
1260 2634 1435 2710 συμβαίνει

434 2711 475 2743 *ro*
501 2711 549 2753 μη
576 2710 682 2748 οὕτως
710 2710 758 2751 ὅν,
784 2712 842 2742 καὶ
869 2710 919 2743 ἔτι
939 2710 954 2741 ὃ
972 2710 1126 2753 μάλιστα
1148 2709 1349 2755 φοβούμενοι
1370 2705 1435 2742 διε-

434 2755 576 2788 τέλεσαν
611 2757 639 2787 οἱ
665 2755 793 2798 πρῶτοι
826 2754 1124 2799 φλοσοφῆσαντες,
1153 2755 1193 2786 τὸ
1226 2755 1262 2786 ἐκ
1293 2749 1435 2798 μηδενὸς

432 2798 584 2846 γίνεσθαι
610 2799 890 2844 προϋπάρχοντος
905 2811 912 2818 ·
939 2799 966 2830 εἰ
990 2794 1030 2831 δὲ
1055 2799 1097 2831 τό
1122 2799 1181 2844 μὲν
1198 2796 1283 2831 εἶναι
1303 2794 1382 2832 τόδε
1401 2811 1435 2832 τι

433 2844 454 2881 ἦ
481 2845 598 2876 οὐσίαν
626 2845 689 2890 οὐχ
715 2842 876 2887 ὑπάρξει,
903 2844 970 2876 τῶν
996 2838 1026 2874 δ’
1058 2843 1167 2876 ἄλλων
1194 2856 1228 2876 τι
1254 2845 1321 2876 τῶν
1350 2844 1435 2887 εἰρη-

433 2889 550 2933 μένων,
580 2888 699 2930 ἔσται,
725 2888 880 2933 καθάπερ
906 2890 1063 2932 εἴπομεν,
1089 2888 1244 2934 χωριστά
1268 2887 1316 2921 τοὶ
1341 2887 1432 2925 πάθη

433 2946 500 2966 των
527 2945 657 2966 ουσιων.

418 3033 567 3062 Smopsts.
584 3048 619 3052 —
641 3041 664 3060 1.
679 3032 891 3069 Argumentum
908 3037 936 3059 et
950 3030 1053 3059 divisio
1072 3037 1174 3059 textus.
1192 3032 1262 3060 Post
1276 3031 1434 3068 praemissa

364 3072 459 3110 primo
478 3071 602 3100 occurrit
616 3071 821 3108 inquirendum
837 3078 933 3099 utrum
953 3071 1063 3108 aliquid
1078 3078 1230 3108 generetur
1242 3071 1287 3099 vel
1302 3081 1433 3100 corrum-

364 3119 449 3149 patur
463 3111 636 3148 simpliciter.
653 3128 672 3133 -
687 3111 842 3140 Generatio
855 3111 1029 3149 simpliciter
1050 3118 1078 3139 et
1105 3111 1253 3148 generatio
1275 3112 1433 3139 secundum

366 3152 442 3189 quid.
458 3169 477 3174 -
492 3159 518 3179 2.
535 3151 698 3180 Subdivisio
713 3157 814 3179 textus.
828 3167 846 3172 —
858 3150 941 3179 Ratio
954 3150 1105 3179 dubitandi
1120 3151 1149 3179 in
1164 3151 1316 3188 proposito
1331 3158 1390 3179 est:
1410 3151 1433 3179 si

365 3193 448 3220 detur
468 3191 614 3229 generatio
635 3191 810 3228 simpliciter,
825 3190 955 3228 sequitur
969 3192 1050 3228 quod
1071 3200 1122 3219 ens
1136 3197 1289 3228 generetur
1309 3200 1343 3219 ex
1364 3191 1432 3219 sim-

365 3231 475 3268 pliciter
495 3240 555 3259 non
577 3238 650 3259 ente.
665 3247 684 3252 —
701 3231 726 3259 3.
750 3232 814 3259 Hoc
837 3237 933 3259 autem
962 3240 1144 3268 consequens
1172 3238 1214 3259 est
1235 3230 1432 3267 impossibile:

366 3281 433 3299 nam
455 3277 621 3308 sequeretur
653 3271 733 3308 quod
754 3280 815 3299 non
836 3280 887 3299 ens
918 3277 992 3299 esset
1013 3280 1073 3299 ens.
1101 3272 1179 3308 Ergo
1205 3277 1233 3299 et
1260 3272 1434 3299 antecedens

365 3310 477 3339 videtur
497 3320 559 3339 esse
580 3310 766 3347 impossibile.
781 3327 800 3331 —
816 3311 883 3346 Quo
905 3320 991 3339 sensu
1013 3312 1122 3348 absque
1154 3310 1368 3339 inconvenienti
1390 3310 1432 3339 di-

366 3357 446 3378 catur
467 3359 500 3378 ex
521 3350 687 3387 simpliciter
707 3360 768 3379 non
789 3357 854 3379 ente
876 3350 937 3379 fieri
959 3360 1019 3379 ens.
1042 3368 1061 3373 -
1081 3360 1110 3386 4.
1137 3350 1297 3380 Necessitas
1323 3350 1433 3388 primae

366 3390 588 3426 consequentiae
611 3392 656 3426 (n.
686 3392 728 3426 2).
752 3390 830 3418 Sicut
854 3391 1001 3427 generatio
1033 3391 1192 3419 secundum
1212 3400 1300 3428 quam
1322 3390 1432 3428 aliquid

366 3435 517 3466 generatur
538 3431 696 3457 secundum
718 3429 797 3467 quid,
813 3436 855 3458 est
876 3439 915 3459 ex
937 3440 992 3459 non
1015 3437 1079 3459 ente
1103 3431 1208 3469 aliquo,
1224 3430 1263 3459 ita
1283 3430 1432 3468 generatio

367 3469 526 3496 secundum
547 3478 635 3505 quam
657 3469 766 3506 aliquid
787 3469 952 3506 simpliciter
972 3477 1134 3507 generatur,
1160 3477 1203 3499 est
1228 3480 1268 3499 ex
1289 3480 1345 3499 non
1367 3476 1432 3499 enee

367 3508 546 3546 simpliciter.
562 3525 579 3530 -—
597 3509 622 3536 5.
638 3509 711 3536 Huic
726 3507 886 3537 difficultati
910 3510 1080 3546 responderi
1103 3517 1202 3547 posset
1227 3510 1432 3548 distinguendo

367 3557 419 3575 ens
439 3547 619 3585 simpliciter.
642 3549 739 3576 Potest
760 3548 837 3576 enim
853 3549 943 3586 accipi
966 3550 1009 3578 vel
1025 3557 1111 3586 prout
1136 3550 1277 3587 significat
1300 3551 1330 3578 id
1351 3551 1432 3588 quod

368 3594 410 3615 est
431 3587 556 3623 primum
578 3587 651 3615 inter
672 3588 912 3623 praedicamenta,
934 3598 1039 3625 nempe
1061 3590 1264 3618 substantiam:
1280 3591 1324 3618 vel
1346 3597 1433 3627 prout

367 3626 506 3664 significat
528 3636 578 3655 ens
600 3627 628 3654 in
650 3627 807 3662 communi,
830 3629 908 3664 quod
925 3628 1024 3657 omnia
1044 3629 1277 3665 praedicamenta
1299 3639 1431 3667 compre-

1493 844 1510 863 *
1533 845 1756 877 Determinatis
1780 853 1888 877 autem
1909 847 1968 886 his,
1995 848 2101 888 primo
2120 849 2296 881 videndum
2315 858 2362 882 est
2384 858 2494 884 utrum
2510 864 2562 895 ge-

1560 896 1687 920 neratur
1709 890 1831 931 aliquid
1854 891 2038 932 simpliciter
2060 899 2091 924 et
2114 894 2347 935 corrumpitur3
2372 906 2412 927 an
2435 898 2564 939 proprie

1560 933 1692 974 quidem
1707 934 1798 973 nihil,
1814 945 1940 976 semper
1962 943 2070 967 autem
2093 947 2130 967 ex
2153 938 2261 979 aliquo
2285 939 2318 970 in
2335 940 2465 982 aliquid.
2482 942 2563 974 Dico

1559 984 1678 1017 autem,
1698 985 1786 1018 puta,
1803 989 1840 1009 ex
1862 980 2026 1011 laborante
2041 991 2167 1020 sanum,
2183 990 2239 1014 aut
2253 983 2401 1015 laborans
2417 995 2454 1017 ex
2472 997 2562 1026 sano,

1560 1029 1615 1052 aut
1637 1032 1773 1062 parvum
1797 1033 1834 1053 ex
1849 1033 1979 1064 magno,
1995 1031 2051 1055 aut
2073 1035 2228 1066 magnum
2247 1037 2284 1058 ex
2307 1039 2425 1069 parvo,
2450 1037 2480 1062 et
2503 1030 2563 1062 alia

1561 1066 1670 1097 omnia
1692 1067 1755 1098 hoc
1778 1068 1889 1099 modo.

1494 1109 1526 1141 Si
1550 1110 1636 1141 enim
1659 1111 1843 1152 simpliciter
1866 1112 1924 1143 erit
1938 1113 2110 1152 generatio,
2127 1113 2311 1155 simpliciter
2330 1117 2462 1158 quidem
2485 1118 2564 1160 quid

1559 1155 1760 1195 generabitur
1781 1166 1819 1186 ex
1842 1159 1909 1186 no'n
1933 1163 2015 1188 ente.

1494 1200 1698 1240 Quapropter
1719 1210 1833 1231 verum
1856 1200 1914 1231 erit
1929 1200 2030 1232 dicere
2053 1203 2143 1242 quod
2162 1202 2264 1234 existit
2285 1214 2353 1235 non
2377 1215 2445 1237 ens.

1494 1244 1662 1282 Quaedam
1685 1244 1772 1275 enim
1794 1245 1955 1285 generatio
1979 1252 2026 1276 est
2049 1255 2086 1276 ex
2108 1257 2176 1277 non
2198 1254 2270 1278 ente
2289 1248 2410 1290 aliquo,
2426 1256 2505 1291 puta
2527 1259 2565 1282 ex

1560 1299 1627 1319 non
1660 1289 1733 1320 albo
1757 1289 1886 1328 album,
1910 1296 1966 1321 aut
1998 1299 2035 1320 ex
2057 1300 2125 1321 non
2154 1291 2242 1322 bono
2276 1292 2417 1324 bonum:
2443 1294 2564 1336 simpli·

1561 1333 1636 1364 citer
1657 1340 1765 1373 autern
1789 1343 1826 1364 ex
1849 1333 2032 1374 simpliciter
2055 1344 2120 1365 non
2145 1341 2226 1366 ente.

1493 1376 1683 1418 Simpliciter
1701 1385 1810 1409 autem
1832 1385 1888 1409 aut
1910 1378 2052 1419 primum
2069 1379 2223 1420 significat
2245 1381 2423 1412 secundum
2446 1393 2564 1414 unum-

1560 1422 1714 1463 quodque
1743 1423 2074 1463 praedicamentorum
2097 1424 2197 1455 entis:
2226 1432 2282 1456 aut
2313 1425 2491 1458 universale
2517 1434 2565 1460 est

1561 1473 1592 1497 et
1615 1466 1725 1497 omnia
1747 1467 2030 1507 comprehendens.

1493 1510 1527 1541 Si
1549 1510 1681 1552 quidem
1703 1511 1856 1552 primurn,
1873 1512 2066 1543 substantiae
2081 1513 2242 1553 generatio
2266 1513 2323 1545 erit
2345 1524 2383 1546 ex
2400 1525 2468 1546 non
2490 1516 2564 1548 sub-

1560 1555 1684 1586 stantia.
1713 1555 1800 1587 Cum
1823 1556 1910 1587 enim
1932 1566 1999 1587 non
2032 1556 2134 1588 existit
2161 1557 2336 1590 substantia
2363 1569 2468 1601 neque
2489 1559 2564 1600 hoc,

1561 1599 1766 1631 manifestum
1789 1600 1945 1642 quoniam
1979 1611 2083 1642 neque
2107 1601 2245 1633 aliorum
2273 1603 2377 1634 ullum
2405 1604 2565 1645 praedicn-

1560 1651 1756 1683 mentorum‚
1766 1651 1846 1685 puta
1859 1654 1964 1686 neque
1976 1645 2070 1686 quale
2083 1656 2188 1687 neque
2200 1653 2358 1687 quantum
2372 1657 2477 1689 neque
2489 1648 2562 1681 ubi:

1560 1695 1719 1729 separatae
1738 1689 1823 1720 enim
1847 1696 1951 1720 essent
1973 1689 2136 1730 passiones
2153 1700 2171 1721 a
2189 1691 2381 1723 substantiis.
2402 1692 2435 1724 Si
2455 1699 2564 1724 autem

1560 1743 1627 1763 non
1643 1743 1699 1763 ens
1714 1733 1940 1772 universaliter,
1953 1734 2080 1774 negatio
2097 1734 2314 1766 universaliter
2329 1736 2387 1768 erit
2398 1737 2562 1770 omnium:

1559 1784 1754 1818 quapropter
1773 1787 1810 1808 ex
1832 1778 1924 1808 nullo
1940 1788 2066 1809 necesse
2089 1786 2136 1809 est
2150 1780 2291 1819 generari
2314 1787 2508 1820 generatum.

1563 1821 1611 1852 his
1635 1821 1767 1862 quidem
1790 1829 1820 1853 et
1842 1822 1875 1852 in
1900 1821 1967 1852 aliis
1992 1822 2172 1854 dubitatum
2196 1830 2242 1855 est
2265 1830 2296 1855 et
2319 1824 2564 1858 determinatum

1559 1866 1760 1897 sermonibus
1783 1866 1932 1907 amplius.
1956 1866 2095 1897 Breviter
2111 1874 2218 1898 autem
2234 1875 2265 1899 et
2283 1877 2369 1899 nunc
2391 1869 2565 1902 dicendum

1559 1911 1714 1952 quoniam
1737 1911 1837 1941 modo
1862 1910 1994 1952 quidem
2012 1911 2121 1952 aliquo
2146 1921 2183 1942 ex
2198 1922 2265 1942 non
2289 1919 2360 1943 ente
2381 1912 2566 1954 simpliciter

1558 1963 1736 1995 generatur,
1757 1955 1857 1986 modo
1881 1961 1989 1986 autern
2004 1955 2067 1986 alio
2091 1965 2129 1986 ex
2152 1963 2223 1988 ente
2244 1966 2380 1998 semper.
2405 1957 2564 1990 Potestate

1559 2000 1646 2031 enim
1677 2010 1744 2039 ens,
1770 2006 1842 2031 actu
1873 2006 1981 2031 autem
2004 2010 2071 2031 non
2102 2010 2176 2041 ens,
2201 2010 2328 2032 necesse
2357 2008 2404 2033 est
2426 2003 2565 2043 praeexi-

1558 2052 1654 2084 stere3
1677 2045 1767 2086 quod
1791 2044 1905 2075 dicitur
1927 2051 2066 2086 utroque
2088 2045 2199 2076 modo.

1492 2089 1590 2127 Quod
1610 2096 1718 2120 autem
1741 2096 1772 2121 et
1794 2089 1843 2119 his
1860 2088 2074 2120 determinatis
2097 2089 2191 2122 habet
2206 2089 2386 2122 mirabilem
2404 2091 2564 2133 quaestio-

1558 2144 1633 2165 nem
1646 2157 1654 2172 ‚
1687 2144 1796 2165 rursus
1830 2134 2019 2164 tentandum
2049 2134 2217 2175 quomodo
2249 2141 2296 2166 est
2328 2133 2562 2182 [substantiae]

1559 2178 1692 2219 simplex
1714 2177 1887 2219 generatio,
1907 2178 1972 2209 sive
1996 2188 2032 2209 ex
2055 2185 2211 2219 potestate
2235 2186 2317 2220 ente,
2343 2179 2407 2211 sive
2430 2180 2566 2222 qualiter

1559 2223 1656 2254 aliter.

1490 2268 1508 2287 *
1531 2268 1670 2306 Quaeret
1693 2267 1779 2298 enim
1797 2267 1870 2308 quis
1885 2277 1926 2298 an
1942 2274 1989 2299 est
2003 2267 2196 2300 substantiae
2218 2268 2380 2310 generatio
2399 2275 2432 2301 et
2449 2269 2563 2310 huius,

1557 2313 1614 2343 sed
1636 2323 1703 2343 non
1726 2312 1837 2353 quanti
1861 2318 1892 2343 et
1914 2312 2017 2353 qualis
2041 2319 2072 2344 et
2094 2312 2159 2344 ubi.
2177 2313 2303 2344 Eodem
2326 2313 2437 2356 utique
2459 2314 2561 2347 modo

1557 2364 1588 2388 et
1611 2357 1649 2388 de
1673 2356 1878 2398 corruptione
1902 2357 2073 2398 quaeritur.
2509 2377 2516 2384 .

1491 2401 1523 2432 Si
1547 2401 1633 2432 enim
1657 2401 1734 2442 quid
1757 2401 1967 2441 generabitur,
1996 2400 2203 2432 manifestum
2227 2408 2273 2433 est
2295 2403 2386 2444 quod
2409 2402 2467 2435 erit
2489 2403 2563 2435 sub-

1558 2445 1672 2477 stantia
1695 2445 1801 2486 aliqua
1825 2451 1991 2485 potestate,
2011 2452 2082 2476 actu
2103 2452 2211 2476 autem
2234 2455 2312 2485 non,
2330 2457 2367 2477 ex
2383 2456 2447 2488 qua
2469 2456 2563 2488 gene-

1557 2490 1637 2520 ratio
1661 2489 1740 2528 erit,
1768 2495 1800 2520 et
1822 2489 1855 2519 in
1879 2499 1978 2530 quam
2009 2499 2135 2520 necesse
2158 2495 2205 2521 est
2238 2490 2441 2522 transmutari
2472 2492 2564 2532 quod

1559 2534 1783 2574 corrumpitur.
1815 2533 1932 2564 Utrum
1961 2533 2056 2574 igitur
2079 2534 2182 2566 existit
2203 2534 2280 2576 quid
2305 2534 2443 2566 aliorum
2465 2533 2563 2568 actu?

1558 2578 1639 2610 Dico
1673 2585 1804 2617 autem,
1830 2584 1919 2618 puta,
1944 2585 1999 2609 aut
2033 2578 2091 2610 erit
2119 2586 2277 2619 quantum
2306 2586 2361 2610 aut
2383 2579 2478 2620 quale
2507 2586 2564 2612 aut

1558 2623 1626 2662 ubi,
1643 2629 1798 2664 potestate
1821 2632 1876 2652 ens
1891 2622 1954 2653 hoc
1977 2629 2008 2654 et
2031 2632 2098 2662 ens,
2119 2622 2303 2664 simpliciter
2326 2630 2433 2655 autem
2457 2633 2563 2666 neque

1517 2665 1522 2667 ’
1558 2667 1620 2698 hoc
1644 2677 1748 2708 neque
1772 2664 1848 2697 ens?
1873 2666 1904 2697 Si
1935 2666 2021 2698 enim
2049 2666 2148 2706 nihil,
2174 2667 2229 2698 sed
2252 2668 2363 2698 omnia
2385 2674 2562 2709 potestate,

1559 2719 1590 2743 et
1613 2718 1795 2752 separatum
1818 2710 1973 2751 contingit
1995 2711 2085 2752 quod
2115 2711 2155 2742 sit
2178 2721 2244 2742 non
2261 2719 2334 2751 ens;
2359 2719 2390 2743 et
2412 2712 2562 2756 amplius,

1558 2757 1647 2797 quod
1680 2755 1817 2786 maxime
1842 2755 1988 2786 timentes
2013 2762 2100 2786 erant
2124 2755 2218 2796 primi
2241 2756 2562 2802 philosophantes,u

1558 2800 1649 2831 nullo
1660 2800 1801 2840 generari
1817 2799 2052 2840 praeexistente.
2069 2800 2102 2831 Si
2126 2807 2234 2831 autem
2258 2810 2324 2831 esse
2343 2801 2476 2842 quidem
2498 2801 2562 2833 hoc

1558 2844 1678 2886 aliquid
1695 2851 1725 2876 et
1748 2844 1923 2876 substantia
1937 2854 2004 2875 non
2019 2844 2131 2884 existit,
2149 2844 2286 2876 aliorum
2307 2851 2415 2876 autem
2437 2845 2561 2886 praedi-

1558 2896 1779 2920 camentorum
1802 2889 1892 2930 quid,
1917 2895 2020 2927 erunt,
2044 2889 2322 2930 quemadmodum
2345 2888 2494 2930 diximus,
2513 2899 2560 2921 se-

1557 2941 1682 2975 paratae
1705 2933 1868 2974 passiones
1891 2943 1910 2964 a
1932 2933 2124 2965 substantiis.

1492 1822 1539 1852 De

1487 3030 1596 3059 hendit.
1611 3032 1648 3059 Et
1663 3031 1823 3059 secundum
1838 3030 1905 3067 hoc,
1923 3039 1980 3059 non
1996 3040 2048 3059 ens
2061 3030 2235 3069 simpliciter
2248 3037 2344 3068 potest
2355 3030 2412 3060 dici
2423 3031 2467 3060 vel
2479 3033 2560 3070 quod

1486 3080 1547 3099 non
1562 3077 1605 3099 est
1619 3070 1788 3106 substantia,
1802 3071 1847 3099 vel
1861 3071 1942 3108 quod
1956 3071 2036 3099 nullo
2051 3071 2143 3099 modo
2158 3077 2200 3099 est
2214 3080 2275 3100 ens.
2286 3088 2306 3093 -
2317 3072 2345 3100 6.
2359 3072 2470 3100 Verum
2479 3077 2559 3101 utro-

1486 3111 1555 3139 libet
1577 3111 1667 3139 modo
1683 3111 1840 3148 accipiatur
1853 3119 1905 3139 ens
1927 3117 1955 3139 et
1975 3120 2037 3139 non
2054 3119 2106 3139 ens
2120 3110 2298 3148 simpliciter,
2312 3110 2442 3148 sequitur
2456 3111 2559 3140 incon—

1486 3151 1604 3180 veniens
1619 3151 1798 3188 praedictum
1814 3152 1855 3186 (n.
1867 3152 1906 3186 2).
1922 3151 1996 3179 Nam
2011 3150 2106 3188 primo
2118 3151 2220 3186 modo,
2235 3150 2395 3180 substantia
2405 3160 2458 3188 per
2471 3160 2558 3189 gene·

1486 3191 1628 3219 rationem
1644 3191 1696 3219 erit
1711 3200 1744 3219 ex
1766 3200 1827 3219 non
1849 3190 2019 3219 substantia.
2047 3191 2113 3226 Sed,
2129 3191 2242 3220 sublata
2261 3191 2430 3227 substantia,
2446 3191 2560 3220 nullum

1486 3231 1609 3259 aliorum
1631 3230 1935 3268 praedicamentorum
1963 3237 2101 3259 remanet.
2123 3231 2201 3268 Ergo
2216 3237 2269 3259 etc.
2281 3247 2300 3252 —
2311 3231 2446 3260 Secundo
2460 3237 2559 3260 autem

1486 3272 1587 3307 modo,
1600 3281 1666 3299 cum
1683 3280 1734 3308 per
1748 3280 1809 3299 non
1823 3279 1875 3299 ens
1890 3269 2057 3308 simpliciter
2070 3270 2244 3308 intelligatur
2257 3270 2426 3300 universalis
2439 3269 2558 3308 negatio

1486 3311 1568 3346 entis,
1584 3310 1714 3348 sequitur
1728 3310 1833 3339 iterum
1845 3311 1925 3348 quod
1939 3310 2049 3348 aliquid
2059 3317 2211 3348 generetur
2220 3319 2254 3339 ex
2265 3310 2380 3348 penitus
2390 3319 2452 3340 non
2462 3317 2560 3339 ente.-

1487 3360 1513 3388 7.
1530 3350 1642 3379 Solutio
1658 3348 1835 3379 difficultatis
1857 3352 1918 3387 (nn.
1934 3358 1961 3386 2,
1979 3351 2015 3387 3).
2032 3351 2193 3379 Generatur
2214 3349 2381 3387 simpliciter
2400 3349 2510 3388 aliquid
2524 3359 2559 3379 ex

1485 3400 1546 3419 non
1558 3398 1623 3419 ente
1638 3391 1667 3419 in
1683 3397 1749 3419 actu
1764 3397 1792 3419 et
1806 3400 1840 3419 ex
1855 3397 1920 3419 ente
1934 3390 1965 3419 in
1975 3390 2114 3428 potentia.
2129 3391 2213 3419 Unde
2223 3397 2379 3427 utrumque
2393 3397 2436 3419 est
2446 3399 2558 3427 verum,

1485 3437 1513 3459 et
1527 3431 1608 3468 quod
1618 3430 1766 3468 generatio
1781 3430 1948 3467 simpliciter
1959 3437 2002 3459 est
2012 3440 2046 3459 ex
2056 3437 2132 3466 ente,
2142 3436 2171 3459 et
2184 3430 2266 3468 quod
2275 3436 2319 3458 est
2329 3439 2363 3459 ex
2378 3439 2440 3459 non
2453 3436 2529 3458 ente.
2539 3446 2558 3452 -

1486 3471 1513 3499 8.
1529 3470 1596 3499 Alia
1616 3477 1710 3499 textus
1731 3470 1898 3499 subdivisio.
1910 3487 1931 3491 -
1945 3470 2021 3506 Quia
2035 3471 2131 3499 adhuc
2151 3476 2281 3499 remanet
2294 3469 2388 3508 gravis
2403 3467 2558 3498 difficultas

1486 3511 1531 3546 (cf.
1548 3520 1576 3539 n.
1596 3512 1652 3546 ιο),
1669 3516 1784 3547 oportet
1798 3510 1902 3538 iterum
1917 3510 2016 3538 conari
2030 3511 2068 3538 ad
2083 3509 2284 3547 explicandum
2304 3510 2456 3547 quomodo
2471 3517 2557 3546 gene-

1485 3550 1559 3579 ratio
1577 3550 1697 3587 simplex
1712 3550 1770 3578 fiat.
1782 3567 1801 3572 -
1813 3560 1840 3587 9.
1857 3549 2011 3578 Generatio
2027 3549 2194 3586 simpliciter
2204 3556 2232 3578 et
2247 3549 2395 3586 corruptio
2411 3555 2455 3577 est
2467 3548 2558 3577 solius

1485 3590 1671 3618 substantiae.
1686 3607 1705 3612 -
1725 3599 1769 3618 10.
1786 3587 1947 3618 Difficultas
1963 3596 2065 3618 contra
2086 3589 2262 3618 solutionem
2283 3589 2381 3617 datam
2404 3590 2444 3624 (n.
2460 3589 2499 3625 7).
2514 3589 2557 3616 Ex

1485 3630 1658 3667 praemissis,
1675 3629 1703 3658 id
1721 3639 1754 3658 ex
1769 3639 1828 3667 quo
1849 3635 2003 3667 generatur
2024 3629 2191 3664 substantia,
2207 3635 2250 3657 est
2270 3627 2430 3657 substantia
2450 3636 2511 3656 non
2526 3626 2557 3656 in

2591 857 2609 906 :¹
2617 857 2674 886 Cap.
2687 863 2721 880 m.
2735 857 2782 881 Tu

2591 2279 2684 2304 'Text
2696 2286 2728 2304 u.
