2782 4134
19 536 27 546 ²
43 533 107 562 quod
120 532 173 554 add.
188 538 209 553 ε.

18 640 106 669 'quod
118 646 140 662 P.

20 747 28 757 ”
44 746 76 767 sit
88 751 112 766 Α.

20 905 70 927 'et
81 904 183 933 quletum

20 932 70 954 dm.
82 936 106 953 Α.

23 1170 111 1191 ⁵82).

22 1329 111 1353 ‘nt'-
151 1347 153 1349 .

26 1580 111 1620 ἓιιια.

22 1969 41 1983 ‘⁴⁸
54 1969 120 1992 Lect-
129 1975 151 1992 v.
162 1974 186 1991 u.
197 1968 220 1990 6.

1118 282 1230 318 CAP.
1261 282 1329 328 ΙΙΙ,
1361 280 1512 317 LECT.
1543 280 1595 316 IV

314 365 350 401 6.
371 362 522 400 Deinde
551 375 639 400 cum
669 362 772 400 dicit:
800 363 960 410 Propter
988 361 1078 409 quid
1101 362 1218 410 igitur
1246 368 1329 407 etc.,

261 416 427 454 ostendit
446 415 656 453 secundam
677 414 986 461 conditionalem,
1008 414 1147 451 scilicet
1171 414 1277 463 quod
1302 414 1332 451 si

261 470 411 507 caelum
441 476 621 507 movetur
659 467 891 517 sempiterno
932 474 967 503 et
996 467 1165 504 circulari
1202 474 1331 514 motu,

261 523 368 572 quod
397 535 554 560 necesse
583 521 630 558 sit
657 533 740 558 esse
760 529 912 558 terram.
934 519 1034 557 Dicit
1063 533 1152 568 ergo
1174 521 1212 556 *ε
1234 520 1264 557 si
1284 520 1334 557 ita

262 584 319 614 est
347 575 453 625 quod
481 576 631 612 caelum
659 581 716 611 est
743 585 883 622 corpus
903 572 1076 610 divinum
1106 573 1334 621 sempiterne

264 638 301 667 et
315 629 542 666 circulariter
555 634 719 674 motum,
739 633 897 675 propter
916 626 1007 674 quid
1031 628 1049 648 ’⁵
1071 639 1161 674 ergo
1182 638 1261 663 non
1281 633 1336 662 est

263 683 336 720 tale
366 694 505 731 corpus
529 681 638 718 totius
657 679 763 726 caeli,
785 679 881 716 idest
905 679 1019 716 totius
1038 678 1185 726 mundi,
1205 686 1248 715 ut
1266 678 1335 715 sci-

264 736 351 773 licet
377 734 570 784 quaelibet
587 745 676 782 pars
696 731 831 770 mundi
860 739 958 769 esset
980 733 999 754 *
1018 732 1065 770 de
1090 740 1224 769 natura
1253 743 1336 768 cae-

264 788 366 834 lestis
395 785 594 836 corporis?

318 842 368 879 Et
395 840 446 878 ad
482 841 558 877 hoc
595 839 801 888 respondet
837 838 944 887 quod
977 850 1132 875 necesse
1172 845 1226 874 est
1255 849 1337 874 esse

264 893 407 942 aliquid
435 905 597 930 manens
625 900 662 929 et
691 892 861 941 quietum
888 893 908 913 '³‘
935 891 974 929 in
1007 891 1137 929 medio
1168 890 1338 939 corporis

265 946 373 996 quod
388 943 616 984 circulariter
630 945 763 982 fertur:
784 945 1027 983 manifestum
1043 952 1099 982 est
1115 943 1218 981 enim
1234 943 1338 992 quod

265 999 392 1038 omnis
420 1007 549 1037 motus
578 998 767 1036 circularis
787 1006 843 1036 est
863 998 962 1036 circa
989 998 1145 1047 aliquod
1165 996 1338 1034 medium

264 1053 478 1103 quiescens.
517 1053 566 1090 Et
593 1053 669 1090 hoc
697 1059 849 1101 oportet
882 1064 965 1089 esse
993 1051 1147 1101 aliquod
1177 1062 1337 1099 corpus:

265 1119 358 1145 nam
390 1106 466 1143 hoc
503 1105 610 1155 quod
647 1105 733 1143 dico
771 1105 958 1150 medium,
997 1117 1076 1142 non
1115 1111 1170 1141 est
1198 1103 1339 1152 aliquid

265 1159 486 1206 subsistens,
507 1159 576 1197 sed
604 1158 782 1197 accidens
801 1158 912 1196 alicui
940 1158 992 1195 rei
1023 1169 1243 1207 corporeae,
1270 1157 1300 1193 si
1319 1157 1339 1177 '¹‘

265 1213 312 1259 sit
320 1212 514 1257 medium
552 1212 734 1261 corporis.
774 1213 867 1249 Non
904 1219 959 1249 est
995 1219 1123 1248 autem
1159 1209 1340 1259 possibile

262 1265 373 1316 quod
400 1267 473 1303 tale
494 1265 635 1315 aliquid
663 1265 709 1302 sit
737 1265 863 1325 aliqua
890 1277 978 1314 pars
1006 1265 1127 1309 huius,
1153 1263 1249 1300 idest
1277 1262 1340 1300 ali-

217 1369 223 1375 ·
267 1332 343 1369 qua
361 1332 451 1369 pars
466 1319 636 1356 caelestis
652 1319 834 1368 corporis,
851 1318 958 1366 quod
971 1319 992 1338 ⁴⁵
1007 1329 1123 1367 supra
1138 1317 1182 1338 *³²
1197 1316 1341 1354 dixerat

268 1385 407 1422 corpus
428 1372 614 1420 divinum,
630 1372 718 1409 licet
736 1379 911 1420 oporteat
929 1370 1036 1420 quod
1055 1370 1102 1407 sit
1118 1382 1208 1418 pars
1226 1368 1341 1406 totius

267 1425 416 1464 mundi.
459 1426 510 1463 Et
545 1426 621 1463 hoc
656 1426 796 1474 probat
833 1423 1043 1483 dupliciter.
1088 1423 1219 1460 Primo
1251 1421 1341 1470 quia

268 1480 487 1528 nulla·pars
515 1478 686 1516 caelestis
723 1477 894 1527 corporis
925 1476 1190 1514 universaliter
1217 1483 1343 1525 potest

268 1533 465 1582 quiescere
493 1531 747 1579 ubicumque,
777 1542 867 1568 cum
895 1530 1047 1580 corpori
1073 1529 1223 1567 caelesti
1252 1541 1342 1566 con-

267 1585 400 1624 veniat
427 1583 681 1633 sempiternus
718 1591 868 1630 motuS,
906 1591 950 1620 ut
985 1590 1183 1621 ostensum
1221 1590 1274 1619 est
1301 1583 1341 1618 *ε

235 1658 238 1661 -
268 1638 442 1677 medium
471 1645 599 1675 autem
630 1637 730 1675 circa
757 1636 865 1684 quod
893 1644 950 1674 est
981 1643 1110 1674 motus
1139 1636 1342 1683 circularis,

269 1698 421 1741 oportet
457 1703 540 1728 esse
568 1690 753 1740 quietum.
791 1690 972 1728 Secundo
1010 1690 1102 1738 quia
1134 1689 1346 1739 specialiter

269 1756 350 1786 non
376 1751 503 1794 potest
531 1756 612 1782 esse
634 1744 741 1793 quod
769 1743 939 1793 quiescat
957 1743 996 1780 in
1019 1742 1162 1781 medio.
1184 1742 1286 1790 Quia
1314 1742 1345 1780 si

268 1799 484 1837 secundum
512 1805 688 1835 naturam
718 1797 756 1834 in
784 1796 916 1834 medio
945 1797 1168 1845 quiesceret,
1194 1803 1344 1834 natura-

269 1852 352 1890 liter
380 1858 604 1888 moveretur
631 1850 682 1888 ad
701 1849 874 1888 medium
895 1850 1219 1899 (unumquodque
1240 1849 1342 1887 enim

270 1905 489 1947 naturaliter
516 1911 697 1942 movetur
724 1903 775 1941 ad
801 1904 931 1941 locum
958 1903 998 1941 in
1017 1916 1095 1952 quo
1116 1903 1285 1952 quiescit,
1305 1910 1347 1940 ut

270 1959 311 1997 in
338 1957 465 2008 primo
487 1959 507 1979 ²¹⁴
535 1957 710 1995 habitum
739 1959 828 2004 est):
858 1957 961 1994 nulla
989 1965 1118 1994 autem
1146 1969 1235 2006 pars
1264 1969 1345 1994 cor-

271 2011 377 2062 poris
405 2011 500 2049 caeli
527 2010 746 2048 naturaliter
774 2017 954 2048 movetur
972 2011 1022 2048 ad
1050 2010 1236 2058 medium,
1257 2009 1345 2059 quia

239 2083 242 2086 >
271 2064 452 2103 naturalis
480 2064 560 2102 eius
589 2071 718 2101 motus
747 2072 803 2101 est
829 2065 938 2112 quod
957 2071 1161 2101 moveatur
1189 2063 1343 2101 circula-

206 2147 214 2155 .
239 2149 245 2155 .
272 2118 372 2166 riter,
394 2126 440 2166 et,
462 2118 558 2155 sicut
585 2118 624 2155 in
647 2117 772 2167 primo
793 2118 814 2139 '¹‘
832 2117 1006 2155 habitum
1027 2125 1093 2164 est,
1114 2117 1227 2154 unius
1256 2117 1344 2154 sim-

275 2172 382 2222 plicis
410 2170 580 2220 corporis
609 2183 688 2208 non
715 2178 878 2219 possunt
906 2183 989 2208 esse
1018 2170 1096 2208 duo
1125 2178 1253 2208 motus
1280 2182 1344 2208 na-

273 2225 424 2263 turales.
453 2224 566 2262 Unde
595 2223 816 2272 relinquitur
843 2223 950 2271 quod
969 2223 1077 2273 quies
1103 2223 1220 2272 partis
1248 2223 1344 2261 illius

274 2277 444 2315 caelestis
473 2277 643 2326 corporis
671 2277 710 2314 in
738 2276 868 2314 medio
899 2284 998 2314 esset
1021 2277 1055 2314 ei
1080 2284 1212 2314 contra
1239 2284 1346 2314 natu-

274 2343 368 2369 ram.
398 2331 447 2368 Et
475 2342 520 2367 ex
548 2330 623 2368 hoc
651 2330 820 2378 sequitur
847 2331 953 2379 quod
990 2338 1118 2368 motus
1147 2330 1241 2367 caeli
1268 2343 1347 2367 non

273 2383 395 2434 possit
422 2396 506 2427 esse
525 2383 800 2432 sempiternus:
821 2383 911 2432 quia
929 2396 1010 2422 non
1028 2391 1152 2433 potest
1172 2396 1255 2420 esse
1275 2383 1346 2421 nisi

273 2437 321 2475 sit
347 2436 494 2486 aliquid
531 2437 702 2486 quietum
731 2436 770 2474 in
807 2437 955 2485 medio,
986 2444 1023 2474 et
1055 2437 1086 2474 si
1123 2437 1232 2485 quies
1267 2437 1347 2474 eius

275 2490 382 2540 quod
402 2498 458 2527 est
476 2490 515 2527 in
533 2489 664 2528 medio
684 2498 784 2527 esset
801 2490 980 2538 violenta,
1002 2497 1224 2539 sequeretur
1243 2491 1348 2539 quod

275 2557 355 2582 non
383 2551 514 2592 posset
550 2556 633 2581 esse
663 2544 915 2593 sempiterna;
946 2551 983 2581 et
1009 2555 1079 2593 per
1107 2555 1347 2592 consequens

275 2610 346 2635 nec
374 2605 503 2634 motus
523 2596 604 2634 eius
632 2597 897 2646 sempiternus.
919 2597 1023 2634 Nihil
1044 2596 1146 2634 enim
1169 2597 1274 2646 quod
1294 2605 1350 2635 est

274 2657 425 2700 praeter
439 2657 628 2699 naturam,
644 2658 701 2688 est
715 2651 1008 2700 sempiternum:
1029 2650 1119 2699 quia
1134 2650 1224 2688 illud
1243 2651 1349 2701 quod

277 2712 333 2742 est
359 2711 508 2753 praeter
545 2711 742 2752 naturam,
773 2711 828 2741 est
855 2703 1044 2754 posterius
1074 2716 1120 2740 eo
1159 2705 1265 2752 quod
1294 2712 1350 2741 est

276 2757 489 2796 secundum
518 2765 712 2795 naturam:
746 2757 851 2807 quod
884 2757 1040 2807 quidem
1069 2765 1172 2806 patet
1200 2770 1245 2794 ex
1274 2758 1349 2795 hoc

277 2811 382 2860 quod
411 2811 450 2848 in
477 2810 721 2859 generatione
760 2811 959 2848 cuiuslibet
986 2810 1061 2858 rei,
1093 2810 1131 2847 id
1160 2811 1264 2860 quod
1294 2819 1349 2848 est

275 2871 426 2914 praeter
444 2871 619 2902 naturam
640 2872 696 2901 est
715 2876 888 2901 excessus
907 2864 1072 2913 quidam,
1094 2863 1191 2901 idest
1219 2877 1347 2901 corru-

276 2917 356 2966 ptio
377 2926 414 2955 et
433 2917 614 2965 defectus,
635 2918 717 2954 eius
737 2918 844 2966 quod
864 2925 920 2954 est
938 2917 1152 2954 secundum
1172 2925 1348 2955 naturam

278 2969 390 3016 (sicut
401 2970 579 3008 videmus
594 2971 701 3020 quod
716 2978 888 3008 monstra
906 2978 994 3008 sunt
1008 2970 1200 3019 quaedam
1221 2983 1348 3008 corru-

277 3022 428 3070 ptiones
451 3025 488 3059 et
508 3023 677 3060 defectus
700 3023 755 3061 rei
773 3024 984 3070 naturalis);
1007 3023 1199 3072 corruptio
1219 3031 1348 3061 autem

280 3081 317 3111 et
345 3075 514 3112 defectus
534 3083 589 3112 est
616 3076 832 3114 naturaliter
850 3076 1050 3126 posterior,
1072 3076 1166 3114 sicut
1184 3077 1348 3126 privatio

280 3139 397 3176 quam
425 3127 587 3165 habitus.
607 3129 700 3166 Non
728 3137 857 3167 autem
887 3138 942 3167 est
968 3130 1147 3179 possibile
1176 3130 1215 3167 id
1244 3130 1349 3179 quod

280 3188 337 3217 est
364 3180 581 3218 naturaliter
606 3181 724 3229 prius,
752 3194 951 3232 nunquam
980 3195 1081 3231 esse,
1113 3190 1148 3220 et
1175 3183 1214 3220 id
1242 3183 1349 3233 quod

281 3241 336 3270 est
363 3234 581 3271 naturaliter
598 3234 797 3282 posterius,
819 3247 903 3272 esse
922 3248 1087 3285 semper.
1108 3237 1219 3274 Unde
1248 3244 1351 3285 patet

280 3287 386 3335 quod
415 3299 494 3324 non
530 3294 586 3324 est
612 3286 793 3335 possibile
830 3287 869 3325 id
900 3289 1006 3337 quod
1045 3296 1101 3325 est
1133 3290 1349 3326 violentum

280 3352 362 3377 esse
392 3339 680 3389 sempiternum.
703 3339 746 3376 Id
766 3347 893 3377 autem
911 3341 1017 3389 quod
1036 3341 1075 3378 in
1094 3342 1223 3379 medio
1244 3343 1349 3391 quie-

281 3393 359 3441 scit,
381 3393 609 3442 sempiterne
639 3392 814 3441 quiescit,
845 3392 942 3430 sicut
969 3401 1006 3430 et
1034 3395 1182 3431 caelum
1210 3396 1348 3445 sempi-

334 3531 362 3565 λ)
376 3539 445 3565 quae
458 3532 564 3565 quidem
573 3533 730 3565 potentia...
746 3539 801 3558 esse
814 3533 840 3558 in
856 3535 992 3557 natura.-
1001 3536 1027 3558 et
1039 3533 1078 3558 sic
1086 3537 1179 3565 posset
1193 3541 1248 3559 esse
1263 3534 1289 3559 in
1303 3542 1350 3559 na-

2388 281 2458 328 137

1387 367 1494 397 terne
1522 366 1713 397 movetur.
1745 358 1984 406 Relinquitur
2018 370 2107 406 ergo
2145 359 2251 407 quod
2287 366 2463 407 oporteat

1390 425 1472 450 esse
1503 412 1643 461 aliquid
1673 412 1778 461 quod
1806 411 2025 449 naturaliter
2053 411 2222 460 quiescat
2249 411 2287 448 in
2316 412 2458 458 medio,

1390 466 1421 503 si
1449 473 1577 503 motus
1606 466 1700 503 caeli
1729 472 1786 502 est
1805 465 1994 502 circularis
2024 472 2060 502 et
2079 465 2343 513 sempiternus.
2375 466 2461 502 Hoc

1390 527 1520 556 autem
1536 520 1642 568 quod
1657 518 1875 556 naturaliter
1889 518 2048 567 quiescit
2062 518 2100 555 in
2115 518 2259 565 medio,
2277 526 2332 555 est
2350 525 2460 563 terra,

1390 580 1431 609 ut
1459 573 1555 609 infra
1583 574 1602 592 '³‘
1633 572 1865 620 ostendetur.
1896 573 2018 620 Ergo,
2048 571 2079 608 si
2108 572 2254 608 caelum
2284 579 2464 608 movetur

1393 625 1620 662 circulariter
1639 633 1677 662 et
1696 625 1938 674 sempiterne,
1954 636 2111 662 necesse
2131 632 2188 662 est
2206 632 2347 662 terram
2368 637 2462 672 esse,

1392 678 1497 727 quod
1525 678 1592 715 fuit
1619 678 1872 727 propositum.

1447 743 1483 779 7.
1504 731 1654 768 Deinde
1684 744 1771 768 cum
1793 731 1899 768 dicit:
1930 731 2003 768 Sed
2020 731 2144 768 adhuc
2165 731 2200 767 si
2216 736 2462 781 terram,etc.,

1394 783 1558 820 ostendit
1577 784 1725 820 tertiam
1747 784 2055 832 conditionalem,
2077 783 2215 821 scilicet
2233 783 2340 833 quod
2360 784 2390 820 si
2410 792 2466 821 est

1394 844 1504 883 terra,
1525 837 1631 884 quod
1654 837 1701 874 sit
1720 837 1826 885 ignis.
1857 839 1906 874 Et
1924 837 2049 886 primo
2069 837 2250 887 proponit
2277 838 2381 886 quod
2410 837 2464 874 in-

1394 890 1524 938 tendit,
1545 889 1675 927 dicens
1705 891 1809 939 quod
1838 890 1974 937 adhuc,
1996 891 2026 928 si
2054 903 2210 928 necesse
2241 899 2296 928 est
2324 898 2464 928 terram

1395 955 1498 990 esse,
1529 955 1683 980 necesse
1713 951 1769 980 est
1798 951 1833 980 et
1860 943 1986 991 ignem
2015 957 2110 981 esse.

1449 996 1628 1034 Secundo
1656 995 1723 1033 ibi:
1759 997 2046 1034 Contrariorum
2079 998 2179 1035 enim
2209 1004 2300 1044 etc.,
2329 998 2467 1046 probat

1395 1050 1470 1086 hoc
1499 1050 1648 1087 duabus
1682 1049 1902 1087 rationibus.
1933 1051 2109 1097 Quarum
2136 1050 2262 1099 prima
2289 1050 2372 1088 talis
2398 1058 2463 1088 est.

1397 1102 1435 1140 Si
1462 1115 1585 1140 unum
1615 1102 1894 1140 contrariorum
1914 1111 1970 1140 est
1992 1103 2031 1140 in
2059 1111 2203 1151 natura,
2225 1116 2380 1141 necesse
2410 1111 2467 1141 est

1397 1155 1510 1192 etiam
1540 1156 1644 1205 quod
1670 1157 1830 1193 alterum
1851 1156 1896 1193 sit
1915 1156 1952 1193 in
1972 1164 2115 1194 natura.
2141 1158 2191 1194 Et
2215 1158 2290 1194 hoc
2310 1157 2466 1207 quidem

1395 1209 1533 1258 probat
1553 1209 1622 1245 sic:
1649 1209 1738 1257 quia
1757 1209 1788 1246 si
1808 1209 1853 1246 sit
1872 1209 2027 1257 aliquod
2049 1210 2324 1247 contrariorum
2346 1212 2378 1258 *,
2399 1223 2465 1248 ne-

1397 1274 1502 1298 cesse
1532 1270 1588 1298 est
1616 1262 1722 1310 quod
1751 1262 1797 1299 sit
1825 1262 1950 1311 aliqua
1979 1270 2113 1300 natura
2142 1263 2175 1300 ei
2204 1263 2394 1311 subiecta,
2423 1272 2465 1302 ut

1396 1322 1499 1364 patet
1515 1327 1559 1352 ex
1575 1316 1588 1351 Ι
1604 1316 1753 1364 PhJsic.
1768 1317 1803 1361 *;
1825 1323 1880 1353 est
1898 1324 2028 1353 autem
2049 1316 2184 1354 eadem
2203 1317 2362 1355 materia
2376 1330 2466 1354 con-

1396 1368 1611 1416 trariorum,
1640 1375 1682 1405 ut
1708 1369 1852 1407 ibidem
1873 1370 1892 1390 “⁵²
1921 1369 2141 1417 ostenditur,
2172 1377 2209 1406 et
2237 1370 2288 1407 sic
2318 1378 2468 1420 oportet

1397 1422 1504 1470 quod
1532 1422 1689 1459 materia
1717 1422 1830 1459 unius
1869 1422 2044 1460 contrarii
2081 1423 2220 1460 habeat
2255 1424 2466 1472 potentiam

1398 1474 1448 1512 ad
1476 1474 1579 1513 aliud
1599 1475 1849 1522 contrarium;
1871 1488 1968 1525 quae
1989 1476 2146 1524 quidem
2171 1477 2341 1525 potentia
2370 1486 2469 1515 esset

1399 1528 1546 1575 frustra,
1569 1527 1599 1564 si
1626 1528 1717 1566 illud
1738 1529 1968 1566 contrarium
1989 1541 2067 1566 non
2086 1537 2216 1577 posset
2235 1543 2317 1567 esse
2346 1531 2384 1568 in
2404 1544 2469 1568 na-

1399 1590 1483 1618 tura
1496 1579 1520 1618 ³.
1537 1582 1661 1629 Unde,
1679 1594 1766 1618 cum
1781 1582 1873 1619 nihil
1889 1582 1935 1619 sit
1949 1582 2084 1619 frustra
2098 1582 2136 1619 in
2151 1590 2297 1630 natura,
2314 1596 2468 1621 necesse

1400 1642 1456 1671 est
1474 1635 1580 1683 quod
1600 1635 1632 1672 si
1660 1647 1781 1672 unum
1812 1635 2088 1672 contrariorum
2111 1643 2175 1683 est,
2193 1636 2300 1684 quod
2326 1645 2362 1674 et
2387 1637 2469 1674 reli-

1401 1700 1522 1737 quum
1537 1688 1594 1725 sit.
1615 1688 1715 1736 Ignis
1735 1696 1863 1725 autem
1879 1696 1916 1725 et
1934 1696 2033 1726 terra
2053 1697 2140 1726 sunt
2159 1689 2360 1727 contraria:
2381 1691 2471 1739 quia

1401 1741 1568 1779 maxime
1589 1740 1727 1779 distant
1747 1741 1960 1779 secundum
1982 1742 2286 1779 contrarietatem
2302 1743 2404 1791 situs,
2422 1744 2469 1781 de

1401 1807 1477 1843 qua
1506 1807 1609 1832 nunc
1628 1795 1831 1844 loquimur,
1854 1795 2080 1844 inquantum
2100 1808 2221 1833 unum
2251 1804 2306 1833 est
2330 1797 2470 1845 gravis-

1400 1848 1543 1886 simum
1572 1855 1610 1885 et
1637 1848 1739 1886 aliud
1768 1848 2006 1886 levissimum
2027 1851 2235 1898 (quantum
2264 1857 2392 1887 autern
2422 1851 2471 1887 ad

1401 1901 1491 1939 alias
1520 1901 1731 1950 qualitates,
1752 1901 1847 1950 ignis
1866 1902 2033 1940 maxime
2063 1903 2311 1940 contrariatur
2334 1916 2469 1952 aquae,

1401 1955 1496 1992 sicut
1516 1955 1788 1992 calidissimum
1809 1955 2069 2003 frigidissimo:
2096 1956 2164 1993 sed
2183 1969 2285 1993 nunc
2304 1957 2471 2005 loquitur

1401 2008 1450 2046 de
1479 2008 1556 2046 istis
1586 2008 1810 2057 corporibus
1835 2009 2048 2046 secundum
2069 2021 2204 2046 eorum
2225 2009 2338 2046 situm
2357 2017 2397 2056 μ;
2418 2011 2471 2048 sic

1401 2062 1505 2099 enim
1525 2069 1611 2099 sunt
1629 2069 1757 2111 partes
1776 2062 1890 2099 totius
1909 2062 2102 2109 universi).
2124 2063 2362 2112 Relinquitur
2381 2076 2471 2112 ergo

1401 2115 1506 2165 quod
1526 2115 1556 2152 si
1583 2123 1639 2152 est
1657 2123 1767 2163 terra,
1788 2128 1943 2153 necesse
1964 2124 2020 2153 est
2040 2116 2154 2152 etiam
2182 2116 2310 2164 ignem
2335 2130 2428 2154 esse.

1456 2170 1490 2205 8.
1523 2168 1744 2206 Secundam
1787 2169 1973 2206 rationem
2009 2169 2119 2218 ponit
2160 2169 2236 2206 ibi:
2265 2171 2316 2207 Et
2339 2171 2470 2219 priva-

1401 2222 1500 2259 tione
1528 2229 1598 2259 etc.
1629 2221 1741 2259 Circa
1769 2234 1886 2270 quam
1925 2222 2247 2260 considerandum
2282 2231 2338 2260 est
2366 2223 2471 2273 quod

1402 2287 1556 2324 semper
1584 2275 1770 2312 contraria
1798 2288 1838 2312 se
1871 2276 2014 2313 habent
2051 2276 2264 2339 secundum
2298 2276 2406 2326 peius
2435 2285 2472 2314 et

1402 2328 1549 2376 melius,
1570 2336 1612 2365 ut
1630 2328 1772 2366 dicitur
1798 2329 1837 2366 in
1867 2329 2091 2378 [Physic.*³‘
2099 2342 2108 2375 ;
2129 2329 2179 2366 ita
2198 2329 2338 2367 scilicet
2366 2331 2507 2380 quod

1402 2394 1523 2419 unum
1552 2390 1608 2419 est
1634 2381 1797 2431 privatio
1827 2389 1863 2419 et
1892 2382 2059 2420 defectus
2094 2390 2268 2442 respectu
2297 2384 2469 2432 alterius,

1403 2435 1499 2472 sicut
1526 2435 1704 2483 frigidum
1723 2443 1898 2484 respectu
1927 2435 2048 2482 calidi,
2070 2443 2106 2473 et
2124 2436 2275 2484 nigrum
2297 2446 2471 2487 respectu

1403 2489 1490 2526 albi.
1511 2488 1760 2526 Manifestum
1780 2496 1836 2525 est
1855 2497 1982 2526 autern
2012 2489 2117 2538 quod
2136 2491 2355 2538 affirmatio,
2376 2491 2472 2528 idest

1404 2555 1520 2579 omne
1549 2542 1655 2592 quod
1691 2541 1854 2591 positive
1893 2542 2027 2580 dicitur
2058 2550 2100 2579 ut
2128 2543 2268 2591 aliquid
2304 2546 2472 2593 comple-

1403 2603 1498 2643 tum,
1524 2604 1581 2632 est
1607 2595 1713 2645 prius
1742 2608 1788 2632 eo
1818 2596 1923 2644 quod
1961 2595 2096 2633 dicitur
2122 2608 2191 2644 per
2218 2596 2473 2645 privationem

1404 2657 1441 2686 et
1461 2649 1664 2697 defectum,
1685 2649 1782 2686 sicut
1800 2649 1964 2686 calidum
1985 2657 2042 2686 est
2058 2649 2164 2698 prius
2183 2650 2328 2698 frigido.
2355 2651 2474 2697 Quies

1404 2711 1532 2740 autem
1562 2710 1599 2740 et
1626 2702 1810 2751 gravitas,
1841 2714 1938 2751 quae
1967 2702 2221 2740 attribuuntur
2247 2711 2389 2751 terrae,
2421 2704 2474 2741 di-

1404 2764 1539 2794 cuntur
1566 2769 1635 2805 per
1662 2755 1918 2805 privationem
1947 2756 2107 2793 levitatis
2137 2764 2173 2793 et
2201 2764 2344 2805 motus,
2374 2770 2473 2806 quae

1403 2810 1656 2847 attribuuntur
1683 2809 1774 2857 igni:
1806 2821 1895 2857 ergo
1925 2809 2020 2857 ignis
2045 2810 2260 2846 naturaliter
2289 2818 2344 2847 est
2370 2811 2474 2859 prior

1403 2871 1511 2900 terra.
1524 2863 1654 2900 Posito
1671 2870 1799 2899 autem
1815 2863 1835 2883 *
1850 2863 2062 2911 posteriori,
2073 2863 2226 2911 ponitur
2239 2863 2356 2911 prius.
2370 2865 2472 2911 Ergo

1403 2928 1559 2954 necesse
1589 2923 1644 2953 est
1662 2916 1767 2965 quod
1786 2916 1817 2952 si
1838 2924 1892 2953 est
1914 2924 2024 2963 terra,
2046 2916 2151 2964 quod
2179 2916 2225 2952 sit
2252 2916 2358 2964 ignis.
2379 2938 2403 2944 -
2425 2918 2474 2953 Et

1405 2977 1460 3007 est
1488 2969 1810 3006 considerandum
1849 2969 1954 3017 quod
1983 2970 2090 3006 Plato
2124 2969 2161 3005 in
2194 2970 2347 3006 Timaeo
2385 2983 2472 3019 pro-

1404 3023 1509 3060 bavit
1533 3035 1615 3059 esse
1634 3030 1775 3059 terram
1796 3029 1832 3059 et
1851 3022 1991 3070 ignem,
2011 3034 2080 3071 per
2098 3022 2173 3058 hoc
2192 3022 2298 3070 quod
2317 3036 2472 3060 necesse

1404 3084 1461 3114 est
1489 3088 1651 3125 corpora
1680 3088 1762 3112 esse
1790 3075 1951 3112 visibilia
1978 3083 2134 3124 propter
2162 3075 2301 3123 ignem,
2331 3084 2367 3113 et
2394 3078 2472 3126 pal-

1403 3129 1544 3179 pabilia
1562 3135 1574 3149 ⁹
1592 3136 1748 3178 propter
1775 3136 1924 3165 terram.

1459 3196 1495 3231 9.
1517 3182 1665 3219 Deinde
1686 3194 1776 3218 cum
1797 3181 1902 3230 dicit:
1933 3181 2007 3217 Sed
2023 3181 2147 3218 adhuc
2169 3182 2203 3218 si
2220 3181 2368 3229 quidem
2390 3191 2472 3230 etc.,

1404 3236 1512 3285 ponit
1540 3242 1715 3284 quartam
1744 3234 2051 3281 conditionalem,
2073 3234 2212 3271 scilicet
2237 3235 2340 3283 quod
2370 3236 2400 3272 si
2421 3245 2476 3274 est

1405 3289 1499 3337 ignis
1529 3296 1564 3325 et
1592 3296 1710 3334 terra,
1741 3287 1845 3335 quod
1883 3287 1956 3324 sint
1983 3287 2111 3325 media
2141 3288 2340 3325 elementa.
2376 3290 2475 3336 Quia

1404 3341 1711 3390 unumquodque
1727 3341 2006 3377 elementorum
2026 3341 2141 3378 habet
2161 3341 2370 3389 aliqualiter
2385 3355 2474 3380 con-

1404 3394 1633 3431 trarietatem
1654 3393 1702 3430 ad
1717 3393 2023 3442 unumquodque
2043 3394 2206 3431 aliorum
2226 3394 2358 3441 trium;
2380 3396 2475 3433 sicut

1404 3534 1545 3566 BCDIpEF
1560 3541 1647 3558 errore
1659 3534 1883 3565 commui-tissime,
1901 3542 1981 3567 quem
1996 3535 2015 3559 P
2031 3536 2148 3569 corrigit:
2167 3537 2214 3561 sed
2233 3543 2284 3561 non
2306 3537 2424 3569 loquitur
2443 3537 2476 3561 de

283 3570 347 3592 tura
361 3568 389 3599 P,
405 3568 477 3600 quod
497 3568 597 3593 videtur
616 3576 676 3593 esse
690 3568 860 3600 inadaequata
873 3568 998 3593 correctio
1012 3569 1161 3593 omissionis
1179 3569 1350 3594 homoteleuti
1406 3570 1463 3595 istis
1482 3569 1639 3601 corporibus
1657 3569 1709 3594 nisi
1726 3570 1870 3595 secundum
1890 3578 1981 3596 eorum
2000 3571 2091 3596 situm.

282 3603 504 3672 quae)quiaiem...
498 3604 693 3634 .contrar1'um,
705 3604 775 3636 quod
789 3611 819 3628 ex
833 3604 928 3628 nostris
942 3604 1017 3628 codd.
1031 3612 1084 3628 om.
1099 3604 1149 3637 pG.

386 3646 413 3664 se
452 3646 543 3664 nunc.

461 3693 530 3726 Opp.
550 3693 582 3718 D.
596 3693 710 3718 ΤΗοΜΑε
730 3693 762 3717 T.
778 3694 816 3717 111.

1459 3604 1482 3639 ν)
1498 3604 1658 3637 palpabilia.
1677 3605 1851 3637 -passibilia
1870 3607 1890 3631 P
1910 3611 1934 3631 et
1954 3606 2028 3632 codd.
2048 3614 2102 3632 exc.
2120 3608 2156 3638 A3
2181 3612 2221 3632 est
2246 3608 2389 3640 corruptio
2416 3615 2474 3632 nam

563 3646 675 3664 .eorum
694 3639 785 3664 situm.
797 3639 876 3664 -sed
894 3646 965 3664 nunc
982 3647 1036 3664 om.
1049 3640 1105 3672 pG;
1124 3640 1171 3665 sed
1189 3647 1241 3664 non
1261 3640 1350 3673 legunt
1405 3640 1478 3664 Plato
1497 3640 1559 3673 legit
1578 3638 1697 3674 στερεὸν,
1718 3641 1866 3666 tractabile.

2266 3698 2295 3721 18

2490 586 2500 595 ⁴¹
2516 585 2578 606 Lect.
2594 591 2656 606 xxvr.

2491 1219 2501 1229 ⁸
2511 1218 2658 1239 contrarium
2668 1224 2708 1240 co—

2494 1244 2565 1266 dices.

2494 1325 2573 1352 Cap.
2696 1332 2708 1347 2

2495 1358 2546 1380 sqq;
2562 1351 2589 1373 S.
2593 1331 2711 1374 '1²h.1ect.

2495 1384 2669 1431 x1N3ffi-914qq

2595 1591 2612 1616 λ

2598 2021 2615 2046 μ

2524 2335 2581 2362 Cap.
2597 2342 2622 2361 v,
2644 2342 2668 2357 n
2682 2342 2710 2363 9;

2499 2342 2572 2384 S.Th.
2580 2362 2648 2384 lectar
2634 2368 2711 2390 x,.n7.

2500 2877 2588 2898 *autem
2595 2877 2713 2899 om.codd.

2501 2909 2550 2925 exc.
2565 2909 2607 2925 Ast.
