2782 4134
1091 221 1202 258 CAP.
1234 223 1284 270 11,
1316 222 1469 260 LECT.
1500 223 1552 260 1v
2385 227 2428 263 13

973 442 1278 515 LECTIO
1318 445 1665 523 QUARTA

479 592 678 632 QUINQUE
702 592 968 624 RATIONIBUS
992 593 1279 626 OSTENDITUR
1303 595 1427 633 QUOD
1451 596 1655 628 PRAETER
1679 597 1896 635 QUATUOR
1917 596 2160 629 ELEMENTA

830 650 1021 683 NECESSE
1045 651 1127 682 EST
1151 652 1255 683 DARI
1280 653 1414 684 ALIUD
1439 653 1609 685 CORPUS
1633 655 1818 687 SIMPLEX

215 782 318 821 Εἴπερ
345 776 402 811 οὖν
427 776 522 811 ἐστὶν
549 778 644 814 ezrel-72
669 780 816 819 κίνησις,
844 778 939 814 αἱπλῆ
965 772 994 809 δ’
1024 779 1046 814 ἡ
1070 776 1181 819 κύκλῳ
1205 781 1296 816 κίνη-

229 1064 232 1071 »
282 1059 389 1095 χεται
414 1047 479 1085 τήν
507 1047 611 1081 ἄλλου
635 1048 695 1079 καὶ
721 1047 852 1092 ἐτέρου,
870 1048 967 1081 καταὶ
991 1059 1087 1093 φυσιν

283 835 346 866 σις,
371 825 432 856 καὶ
458 823 520 856 τοῦ
546 835 585 856 τε
603 823 718 855 αἱπλοῦ
735 822 896 867 σώματος
916 823 1011 860 αἱπλῆ
1038 823 1059 859 ἦ
1083 825 1212 861 κίνησις
1236 825 1294 855 καὶ

283 869 305 907 ἡ
333 869 429 905 αἱπλῆ
458 870 586 906 κίνησις
621 868 736 900 αἱπλοῦ
767 867 929 912 σώματος
957 870 1034 912 (καὶ
1058 867 1124 914 γαὶρ
1153 867 1192 900 ἆὶν
1222 880 1295 900 συν-

282 912 385 947 θέτου
419 911 460 956 ᾖ,
485 911 583 946 κατὰ
617 913 659 945 τό
692 912 900 958 ἐπικρατοῦν
932 912 1074 957 ἔσται),
1107 909 1295 958 ἀναγκαῖον

283 955 371 991 εἶναί
397 969 432 991 τι
457 958 556 1003 σῶμα
583 958 715 990 ἁπλοῦν
735 957 751 990 ὃ
770 958 896 1003 πέφυκε
923 956 1081 1002 φέρεσθαι
1098 956 1163 993 τήν
1183 957 1295 1000 κύκλῳ

281 1005 411 1042 κίνησιν
435 1002 534 1036 καταὶ
558 1001 624 1039 τήν
649 1003 778 1035 ἑαυτοῦ
804 1002 918 1048 φύσιν·
946 1003 1004 1044 βία
1025 1003 1090 1058 μέν
1142 1002 1181 1048 οὶρ
1206 998 1298 1035 ἐν’δὲ-

1113 1014 1151 1082 ge*
1171 1043 1297 1080 ἀδύνα-

284 1104 365 1135 τον,
392 1095 486 1138 εἴπερ
511 1095 574 1138 μία
603 1091 754 1126 ἑκάστου
785 1095 912 1131 κίνησις
940 1094 960 1130 ἡ
986 1093 1082 1127 καταὶ
1106 1092 1203 1139 φύσιν
1228 1094 1296 1126 τῶν

224 1164 233 1166 -
285 1138 446 1190 &Ji-'2222
464 1166 472 1168 κ

207 1229 289 1263 Ἔτι
312 1228 341 1261 οἱ
367 1229 388 1265 ἡ
415 1228 512 1273 παραὶ
547 1225 644 1272 φύσιν
679 1228 822 1259 ἐναντία
847 1227 893 1269 τῇ
921 1226 1019 1259 καταὶ
1049 1225 1146 1271 φύσιν
1177 1228 1236 1258 καὶ
1263 1226 1296 1258 ἓν

285 1274 332 1306 ἑνὶ
359 1271 535 1314 ἐναντίον,
565 1270 720 1319 ἀνάγκη,
750 1272 824 1305 ἐπεὶ
855 1272 951 1308 αἱπλῆ
983 1272 1004 1308 ἦ
1036 1270 1167 1312 κύκλῳ,
1196 1271 1224 1303 εὶ
1249 1271 1298 1315 μή

285 1317 386 1351 ἔσται
416 1317 514 1351 κατ-αὶ
544 1316 642 1363 φύσιν
672 1317 736 1350 τοῦ
763 1315 950 1373 θερομένου
984 1315 1168 1360 σώματος,
1201 1316 1299 1359 παραὶ

285 1362 383 1408 φύσιν
409 1363 520 1396 αὐτοῦ
546 1359 645 1394 εἶναι.
672 1362 712 1393 Εἰ
737 1373 794 1394 ουν
821 1362 886 1406 πῦρ
912 1359 934 1398 ἥ
961 1359 1046 1393 ἄλλο
1072 1372 1106 1392 τι
1132 1361 1200 1393 τῶν
1228 1372 1300 1393 τοι·

285 1406 397 1442 oda-mv
429 1409 503 1441 ἐστὶ
529 1407 571 1440 τὸ
601 1405 713 1448 κύκλῳ
742 1405 946 1451 φερόμενον,
982 1406 1125 1438 ἐναντία
1150 1406 1171 1443 ἡ
1200 1406 1298 1438 καταὶ

247 1489 250 1492 Α
285 1451 381 1510 ῳύσιν
416 1452 528 1485 αὐτοῦ
564 1450 651 1506 φοραὶ
687 1450 787 1484 ἔσται
817 1451 863 1493 τῇ
896 1450 1019 1492 κύκλῳ.
1056 1451 1151 1482 Ἀλλ’
1185 1450 1217 1482 ἓν
1252 1451 1299 1483 ἑνὶ

286 1499 463 1533 ιναντίον·
490 1497 511 1534 ’ἦ
541 1490 570 1528 δ’
601 1508 669 1529 ανω
699 1498 760 1528 καὶ
794 1494 893 1529 καίτοι
927 1493 1094 1533 ἀλλήλαις
1130 1493 1296 1528 ἐναντίαι.

244 1568 245 1571 ¹
285 1537 379 1575 131-8·
401 1540 517 1585 ἔτερόν
543 1543 576 1574 τί
600 1541 675 1574 ἐστι
692 1542 791 1585 σῶμα
811 1540 853 1573 τὸ
870 1539 1051 1586 φερόμενον
1075 1539 1186 1595 κύκλῳ
1205 1540 1301 1585 παραὶ

311 1586 404 1629 ύσιν,
432 1586 533 1619 ἔσται
558 1598 612 1624 τις
645 1583 756 1619 αὑτοῦ
783 1585 870 1623 ἄλλη
899 1589 1028 1623 κίνησις
1058 1597 1157 1618 κατα
1187 1585 1296 1630 φύσιν.

316 1633 400 1665 οῦτο
424 1630 454 1664 δ’
485 1626 680 1665 ἀδύνατον·
707 1631 736 1663 εἰ
788 1631 821 1663 ἐν
846 1630 912 1688 γρὶρ
938 1631 959 1685 ᾗ
987 1631 1076 1671 ἄνω,
1104 1631 1170 1675 πῦρ
1199 1630 1300 1663 ἔσται

254 1680 265 1683 ”
287 1675 311 1715 ἦ
337 1676 421 1722 ἀήρ,
447 1677 476 1709 εἱ
501 1671 530 1708 δ’
560 1677 582 1714 η’
606 1675 724 1718 καίτω,
752 1672 839 1720 υδωρ
864 1689 886 1713 η
911 1688 971 1722 γη.

211 1765 324 1799 ’Δλλαὶ
347 1765 414 1810 μὴν
446 1766 506 1797 καὶ
532 1763 670 1809 πρώτην
695 1776 733 1810 γε
761 1762 950 1810 ἀναγκαῖον
976 1759 1063 1795 εἶναι
1090 1763 1154 1800 τήν
1182 1763 1301 1796 τοιαύ-

247 1838 249 1842 4
288 1821 351 1849 την
377 1809 496 1856 φοράν.
528 1810 574 1844 Τὸ
599 1809 665 1855 γαὶρ
691 1807 824 1842 τέλειον
850 1810 1016 1852 πρότερον
1042 1809 1089 1851 τῇ
1115 1807 1212 1853 φύσει
1238 1810 1301 1842 τοῦ

239 1885 242 1887 ,
289 1856 448 1901 ἀτελοῦς,
469 1856 486 1887 ὁ
502 1849 542 1887 δὲ
565 1854 688 1892 κύκλος
708 1855 777 1887 τῶν
795 1855 950 1895 τελείων,
969 1851 1085 1886 εὐθεῖα
1103 1848 1140 1886 δὲ
1157 1853 1301 1907 γραμμή

289 1895 450 1945 οὐδεμία·
477 1898 559 1932 οὔτε
585 1899 650 1946 γαὶρ
677 1899 698 1936 ἠ
727 1898 864 1944 ἄπειρος
895 1898 988 1946 (ἔχοι
1020 1898 1086 1943 γαὶρ
1121 1898 1160 1932 αἲν
1194 1910 1300 1943 περας

285 1946 347 1979 καὶ
364 1944 484 1987 τέλος)
503 1944 584 1977 οὔτε
602 1945 671 1977 τῶν
697 1943 964 1989 πεπερασμένων
991 1940 1136 1988 οὐδεμία
1163 1944 1301 1986 (πασῶν

286 1990 353 2038 γαίρ
378 1987 452 2024 ἔστί
478 2001 514 2022 τι
539 1989 661 2027 ἐκτός·
689 1987 842 2030 αὖξῆσαι
861 1988 927 2035 γάρ
954 1984 1135 2036 ἐνδέχεται
1162 1989 1301 2021 ὁποιαν-

289 2035 380 2078 οῦν).
410 2034 508 2067 “sse-r·
536 2036 630 2079 εἴπερ
656 2035 677 2071 ἡ
703 2034 764 2078 μὲν
789 2033 944 2079 προτέρα
976 2037 1103 2072 κίνησις
1135 2033 1302 2078 προτέρου

290 2081 336 2124 τῇ
362 2078 458 2124 φύσει
475 2078 651 2124 σώματος,
671 2079 692 2116 ἡ
709 2074 748 2112 δὲ
771 2078 881 2120 κύκλῳ
901 2079 1053 2124 προτέρα
1071 2079 1135 2116 τῆς
1154 2076 1300 2119 εὐθείας,

288 2126 311 2162 ἢ
335 2119 367 2156 δ’
395 2125 450 2157 ἐπ’
478 2124 611 2162 εὐθείας
636 2124 703 2157 τῶν
730 2124 848 2156 αἱπλῶν
878 2124 1048 2168 σωμαίτων
1076 2121 1150 2156 ἐστί
1177 2123 1238 2168 (τό
1262 2136 1301 2156 τε

288 2170 354 2217 γὰρ
373 2170 438 2214 πῦρ
457 2166 509 2201 ἐπ’
531 2167 663 2206 εὐθείας
683 2168 752 2200 ἄνω
769 2167 910 2213 φέρεται
930 2172 989 2202 καὶ
1011 2169 1059 2202 ταὶ
1075 2167 1183 2215 γεηραὶ
1201 2167 1301 2201 καίτω

289 2215 371 2260 πρὸς
397 2214 439 2246 τὸ
464 2213 604 2258 μέσον),
626 2212 758 2260 ἀνάγκη
784 2215 843 2246 καὶ
864 2213 930 2250 τήν
954 2215 1066 2256 κύκλῳ
1086 2215 1217 2250 κίνησιν
1237 2214 1301 2246 τῶν

292 2260 408 2294 ἁπλῶν
435 2258 527 2297 τινὸς
556 2256 644 2291 εἶναι
674 2257 865 2302 σωμάτων·
891 2259 959 2291 τῶν
984 2258 1050 2306 γαὶρ
1080 2259 1210 2303 μικτῶν
1236 2258 1301 2295 τήν

290 2304 394 2358 φοραὶν
421 2303 548 2348 ἔφαμεν
574 2300 662 2336 εἶναι
685 2303 783 2336 καταὶ
807 2303 850 2335 τὸ
869 2303 1078 2349 ἐπικρατοῦν
1097 2304 1130 2335 ἐν
1149 2303 1194 2346 τῇ
1210 2302 1302 2358 μίξει

290 2361 358 2383 των
385 2349 518 2382 αἱπλῶν.
548 2349 611 2381 Ἕκ
637 2360 675 2382 τε
699 2343 744 2385 δή
770 2347 905 2382 τούτων
931 2348 1074 2393 φανερὸν
1099 2347 1153 2380 ὅτι
1175 2347 1303 2392 πεφυκέ

289 2406 341 2433 τις
367 2394 468 2426 οὐσία
493 2392 655 2439 σώματος
683 2393 770 2431 ἄλλη
797 2393 894 2438 παραὶ
919 2393 982 2431 ταὶς
1004 2391 1160 2426 ἐνταῦθα.
1177 2392 1304 2426 συσταί-

290 2450 376 2481 σεις,
403 2437 561 2484 θειοτέρα
584 2440 644 2471 καὶ
669 2437 823 2483 προτέρα
848 2436 983 2472 τούτων
1011 2437 1198 2478 ἁπάντων,

220 2482 286 2517 κᾶν
311 2486 341 2517 εἴ
365 2495 416 2521 τις
443 2483 496 2516 ἔτι
519 2483 623 2525 λαίβοι
641 2485 758 2516 πᾶσαν
778 2479 863 2515 εἶναι
887 2485 1016 2521 κίνησιν
1042 2482 1064 2520 ἦ
1089 2482 1187 2515 καταὶ
1206 2481 1302 2527 φύσιν

290 2526 312 2567 ἧ
333 2528 430 2574 παραὶ
446 2527 557 2573 φύσιν,
575 2531 635 2561 καὶ
652 2528 718 2565 τήν
739 2528 828 2569 ἄλλῳ
846 2528 944 2573 παραὶ
959 2527 1055 2573 φύσιν
1077 2527 1181 2570 ἑτέρῳ
1205 2527 1303 2560 καταὶ

290 2572 401 2620 φύσιν,
421 2573 490 2606 οἷον
516 2575 537 2612 ἧ
565 2573 633 2606 ἄνω
656 2575 716 2606 καὶ
740 2574 762 2610 ἧ
786 2573 884 2607 καίτω
906 2571 1094 2606 πέπονθεν·
1116 2573 1137 2610 ἧ
1159 2572 1220 2616 μὲν
1237 2572 1302 2619 γαὶρ

291 2619 340 2661 τῷ
366 2620 457 2663 πυρί,
485 2619 506 2655 ἡ
531 2614 570 2651 δὲ
596 2619 642 2662 τῇ
667 2619 713 2666 γῇ
740 2618 838 2663 παραὶ
861 2617 958 2662 φύσιν
980 2619 1042 2650 καὶ
1065 2618 1163 2652 καταὶ
1186 2616 1301 2662 φύσιν·

290 2662 373 2696 ὥστ’
397 2664 585 2709 ἀναγκαῖον
611 2666 669 2696 καὶ
696 2663 760 2700 τήν
785 2662 897 2706 κύκλῳ
921 2666 1064 2705 κίνησιν,
1085 2657 1206 2700 ἐπειδὴ
1225 2661 1305 2696 τού-

292 2720 366 2748 τοις
391 2709 488 2754 παρα
511 2708 627 2753 φύσιν,
654 2707 772 2754 ἑτέρου
797 2708 889 2747 τινὸς
914 2705 1002 2741 εἶναι
1025 2709 1123 2741 καταὶ
1147 2707 1256 2753 φύσιν.

220 2841 306 2887 Πρὸς
330 2837 369 2874 δὲ
394 2841 532 2880 τούτοις
557 2842 587 2872 εἰ
611 2841 672 2885 μέν
696 2841 790 2874 ἐστιν
816 2841 836 2876 ἧ
862 2839 973 2882 κύκλῳ
999 2842 1066 2872 τινὶ
1092 2840 1180 2883 φοραὶ
1207 2840 1304 2873 καταὶ

225 2884 227 2887 ’
264 2885 410 2930 >”φιέσιν,
434 2880 540 2923 δῆλον
571 2887 614 2924 ὠς
645 2888 695 2924 εἴη
731 2886 770 2918 οἷν
801 2897 835 2919 τι
864 2886 964 2929 σῶμα
993 2886 1060 2918 τῶν
1096 2885 1212 2917 αἱπλῶν
1244 2887 1303 2918 καὶ

295 2929 436 2972 πρώτων
483 2931 501 2963 ὃ
527 2930 691 2976 πέφυκεν,
717 2930 830 2975 ὥσπερ
858 2930 899 2963 τὸ
929 2931 994 2974 πῦρ
1027 2930 1094 2963 ἄνω
1125 2932 1184 2962 καὶ
1210 2931 1230 2966 ἡ
1255 2931 1301 2977 γῆ

293 2972 412 3016 κάτω,
446 2954 552 3007 έκεῖνο
587 2974 698 3018 κύκλῳ
730 2974 889 3031 ῳέρεσθαι
921 2975 1019 3008 καταὶ
1048 2974 1157 3020 φύσιν.
1198 2975 1238 3006 Ei.
1269 2971 1307 3008 δὲ

296 3018 393 3062 παραὶ
416 3017 512 3062 φύσιν
537 3018 676 3063 φέρεται
701 3033 751 3053 τα
774 3019 942 3066 φερόμενα
973 3019 1085 3061 κύκλῳ
1111 3020 1176 3057 τήν
1207 3020 1303 3066 πέριξ

294 3061 422 3106 φοραίν,
453 3062 653 3106 θαυμαστὸν
683 3067 742 3097 καὶ
768 3066 947 3103 παντελῶς
975 3066 1099 3111 ἄλογον
1127 3065 1169 3098 τὸ
1198 3064 1303 3109 μόνην

294 3104 381 3139 εἶναι
406 3107 532 3152 συνεχῆ
557 3107 693 3146 ταύτην
718 3109 783 3146 τὴν
807 3113 936 3148 κίνησιν
961 3111 1021 3142 καὶ
1047 3104 1170 3150 ἀΐδιον,
1198 3108 1302 3143 οὖσαν

294 3151 391 3196 παραὶ
409 3151 524 3196 φύσιν·
544 3154 704 3195 φαίνεται
720 3154 787 3200 γαὶρ
805 3154 838 3187 ἔν
853 3167 895 3212 J‘
913 3159 986 3193 τοῖς
1011 3155 1126 3193 ἄλλοις
1143 3154 1303 3200 ταίχισται

293 3195 495 3251 φθειρόμενα
521 3196 570 3229 ταὶ
593 3198 689 3241 παραὶ
712 3197 822 3242 φύσιν.
869 3200 951 3233 ssei-‘r’
972 3201 1064 3244 εἴπερ
1083 3200 1157 3233 ἐστὶ
1176 3202 1240 3245 πῦρ
1263 3201 1304 3233 τὸ

292 3251 492 3286 φερομενον,
518 3239 675 3285 καθάπερ
701 3245 782 3286 φασί
809 3254 919 3285 τινες,
946 3242 1043 3277 οὐθὲν
1069 3244 1180 3282 ἧττον
1207 3245 1304 3287 αὐτῷ

294 3286 391 3331 παραὶ
416 3285 512 3330 φύσιν
539 3286 559 3322 ἡ
585 3288 711 3324 κίνησίς
739 3285 832 3319 ἐστιν
859 3288 949 3327 αὕτη
973 3287 993 3326 ἦ
1012 3290 1033 3326 ἡ
1058 3289 1174 3322 καίτω·
1203 3290 1305 3334 πυρὸς

293 3330 358 3376 γαὶρ
379 3332 508 3368 κίνησιν
528 3331 654 3375 ὁρῶμεν
674 3331 739 3368 τήν
761 3331 830 3365 ἀπὸ
849 3334 912 3366 τοῦ
929 3333 1033 3377 μέσου
1053 3335 1133 3367 κατ’
1155 3332 1301 3367 εὐθεῖαν.

226 3418 348 3462 Διόπερ
375 3417 410 3460 ἐξ
438 3417 605 3451 ἁπάντων
633 3419 672 3451 ἄν
698 3431 750 3457 τις
782 3419 916 3453 τούτων
943 3420 1223 3499 συλλογιζόμενος
1251 3435 1303 3455 πι-

292 3462 464 3496 στεύσειεν
490 3464 532 3502 ὠς
558 3464 632 3496 ἔστι
653 3476 687 3497 τι
710 3465 806 3510 παραὶ
826 3465 875 3497 ταὶ
893 3465 1042 3508 σώματα
1060 3466 1109 3498 ταὶ
1147 3467 1223 3509 εῦρο
1245 3470 1303 3500 καὶ

293 3510 367 3552 περὶ
394 3507 484 3551 ’ἡμᾶς
517 3507 631 3554 ἕτερον
663 3509 930 3565 κεχωρισμένον,
958 3509 1114 3551 τοσούτῳ
1144 3511 1306 3555 τιμιωτέ-

291 3565 354 3596 ραν
380 3553 458 3599 ἔχον
483 3553 549 3590 τήν
574 3553 670 3598 φύσιν
698 3554 826 3600 ὁσῳπερ
855 3555 1024 3599 ἀφέστηκε
1051 3556 1118 3587 τῶν
1149 3555 1303 3588 ἐνταῦθα

292 3599 421 3631 πλεῖον.

1351 781 1368 800 *
1385 781 1417 812 Si
1441 781 1574 823 quidem
1597 783 1692 822 igitur
1708 790 1755 814 est
1777 783 1911 824 simplex
1927 791 2047 824 motus,
2065 792 2096 816 et
2119 785 2175 826 qui
2199 792 2246 816 est
2269 792 2378 817 motus
2394 786 2427 817 in

1420 827 1538 857 circulo
1570 827 1704 867 simplex
1727 835 1788 865 est;
1813 836 1907 870 atque
1941 829 2084 870 corporis
2113 830 2265 871 simplicis
2294 831 2429 871 simplex

1420 878 1466 902 est
1481 878 1602 910 motus,
1627 878 1658 902 et
1673 872 1807 912 simplex
1826 880 1934 904 motus
1959 874 2112 916 simplicis
2132 875 2275 915 corporis
2295 873 2428 917 (etenim

1419 916 1445 947 si
1477 916 1649 956 compositi
1675 916 1786 955 fuerit,
1811 919 1989 949 secundum
2018 919 2152 960 simplex
2182 919 2428 960 praedominans

1420 959 1507 1004 erit):
1532 961 1590 992 erit
1612 961 1707 1002 igitur
1731 962 1942 993 necessarium
1966 974 2033 994 esse
2057 964 2189 1005 aliquod
2213 974 2330 1005 corpus
2354 964 2428 995 sim-

1418 1006 1509 1047 plex,
1533 1006 1623 1048 quod
1647 1013 1760 1037 natum
1784 1014 1830 1038 est
1854 1007 1925 1038 ferri
1954 1008 2096 1039 circulari
2126 1015 2218 1040 motu
2250 1009 2429 1040 secundum

1420 1050 1469 1081 sui
1493 1051 1593 1092 ipsius
1617 1058 1774 1082 naturam.
1795 1052 1812 1070 *
1828 1052 1986 1083 Violentia
2009 1053 2141 1094 quidem
2165 1053 2251 1084 enirn
2275 1053 2431 1094 contingit

1420 1105 1459 1126 eo
1483 1095 1539 1136 qui
1558 1095 1701 1127 alterius:
1722 1097 1900 1127 secundum
1919 1104 2027 1128 autem
2050 1105 2198 1129 naturam
2220 1097 2430 1139 impossibile,

1419 1140 1579 1181 siquidem
1595 1150 1679 1171 unus
1702 1140 1742 1171 sit
1765 1141 2017 1182 uniuscuiusque
2040 1142 2235 1184 simplicium
2250 1150 2360 1174 motus
2374 1143 2431 1184 qui

1419 1185 1599 1216 secundum
1623 1192 1780 1216 naturam.

1352 1230 1369 1249 '⁸‘
1384 1229 1512 1267 Adhuc,
1535 1229 1561 1260 si
1585 1229 1642 1271 qui
1661 1237 1784 1270 praeter
1806 1237 1953 1261 naturam
1978 1231 2152 1262 contrarius
2177 1239 2223 1263 est
2247 1231 2275 1263 ei
2303 1232 2359 1273 qui
2382 1242 2431 1263 se-

1421 1275 1565 1305 cundum
1582 1281 1728 1305 naturam
1752 1282 1809 1313 est,
1830 1282 1860 1306 et
1879 1285 1983 1306 unum
2003 1276 2059 1307 uni
2075 1277 2281 1315 contrarium,
2304 1287 2431 1308 necesse

1421 1326 1486 1358 est,
1512 1329 1587 1350 cum
1611 1319 1745 1359 simplex
1777 1319 1934 1350 circularis
1958 1320 2008 1359 sit,
2032 1321 2058 1351 si
2082 1331 2148 1351 non
2173 1321 2230 1352 erit
2253 1322 2432 1353 secundum

1422 1370 1569 1395 naturam
1591 1363 1646 1395 lati
1666 1364 1824 1405 corporis,
1849 1371 1971 1405 praeter
2001 1372 2147 1396 naturam
2171 1366 2272 1407 ipsius
2296 1376 2373 1397 esse.
2399 1365 2431 1397 Si

1422 1409 1517 1450 igitur
1532 1408 1614 1449 ignis
1637 1416 1693 1440 aut
1715 1409 1801 1440 aliud
1816 1409 1947 1450 aliquod
1971 1410 2084 1441 talium
2109 1417 2155 1442 est
2175 1410 2294 1442 circulo
2317 1411 2431 1449 latum,

1423 1453 1579 1485 contraria
1602 1463 1685 1494 quae
1709 1454 1887 1484 secundum
1906 1462 2054 1485 naturam
2073 1454 2173 1495 ipsius
2197 1462 2243 1486 est
2262 1455 2350 1495 latio,
2375 1455 2433 1486 erit

1423 1498 1576 1530 circulari.
1601 1498 1663 1529 Sed
1687 1508 1792 1528 unum
1815 1498 1871 1529 uni
1895 1499 2105 1530 contrarium:
2130 1510 2212 1540 quae
2236 1507 2345 1531 autem
2364 1510 2432 1530 sur-

1423 1553 1497 1574 sum
1513 1550 1544 1574 et
1559 1543 1712 1574 deorsum
1735 1543 1872 1574 invicem
1892 1544 2076 1575 contrariae.
2093 1544 2110 1563 *
2126 1543 2158 1574 Si
2173 1550 2280 1575 autem
2297 1544 2433 1575 alterum

1423 1588 1557 1629 aliquod
1581 1595 1628 1619 est
1651 1597 1768 1627 corpus
1791 1588 1891 1619 latum
1917 1588 2107 1620 circulariter
2129 1595 2252 1629 praeter
2275 1596 2433 1627 naturam,

1425 1633 1483 1664 erit
1506 1633 1620 1674 aliquis
1637 1631 1738 1672 ipsius
1762 1632 1841 1663 alius
1866 1640 1975 1663 motus
1992 1634 2169 1664 secundum
2185 1640 2342 1664 naturam.
2360 1634 2433 1665 Hoc

1425 1684 1534 1708 autem
1556 1676 1767 1718 impossibile:
1792 1677 1817 1707 si
1842 1677 1974 1718 quidem
1999 1677 2084 1708 enim
2108 1678 2164 1719 qui
2188 1688 2328 1717 sursum,
2352 1678 2434 1719 ignis

1425 1722 1483 1754 erit
1506 1729 1562 1754 aut
1584 1732 1647 1761 aer,
1668 1721 1694 1752 si
1714 1729 1822 1752 autem
1846 1722 1902 1763 qui
1926 1722 2089 1761 deorsum,
2114 1733 2196 1764 aqua
2220 1730 2274 1754 aut
2298 1730 2387 1754 terra.

1357 1769 1374 1788 *
1390 1769 1452 1800 Sed
1476 1767 1580 1799 adhuc
1601 1774 1631 1798 et
1654 1766 1792 1807 primam
1807 1766 1940 1807 quidem
1960 1767 2171 1798 necessarium
2192 1775 2238 1798 est
2254 1778 2320 1798 esse
2340 1768 2436 1798 talem
2462 1776 2472 1787 ·

1424 1813 1589 1844 lationem.
1607 1811 1788 1843 Perfectum
1811 1811 1898 1842 enim
1921 1819 1968 1843 est
1991 1812 2080 1852 prius
2096 1819 2209 1843 natura
2231 1812 2436 1852 imperfecto;

1426 1858 1562 1889 circulus
1577 1863 1685 1888 autem
1705 1855 1919 1896 perfectorum
1937 1862 1993 1895 est,
2010 1863 2092 1888 recta
2108 1863 2217 1888 autem
2236 1857 2320 1887 linea
2333 1867 2437 1898 neque

1425 1913 1499 1935 una.
1524 1903 1638 1943 Neque
1665 1900 1752 1932 enirn
1781 1911 1864 1942 quae
1891 1900 2030 1940 infinita,
2061 1901 2188 1933 haberet
2210 1901 2295 1932 enim
2327 1901 2438 1942 utique

1426 1947 1524 1978 finem
1548 1954 1578 1978 et
1601 1945 1792 1977 terminum:
1819 1955 1923 1986 neque
1947 1945 2110 1977 finitarum
2134 1946 2217 1985 ulla,
2242 1953 2326 1977 extra
2350 1946 2436 1977 enim

1426 2002 1540 2024 omnes
1554 1990 1675 2032 aliquid
1693 1997 1757 2029 est;
1782 1990 1889 2030 augeri
1906 1990 1992 2021 enim
2009 1990 2163 2031 contingit
2187 2001 2436 2032 quamcumque.

1426 2038 1548 2079 ltaque,
1572 2036 1598 2066 si
1622 2035 1752 2076 quidem
1774 2034 1861 2075 prior
1885 2042 1993 2066 motus
2017 2035 2131 2076 prioris
2151 2043 2263 2067 natura
2283 2035 2437 2076 corporis,

1426 2082 1482 2124 qui
1507 2088 1616 2113 autem
1632 2080 1751 2111 circulo
1774 2079 1862 2120 prior
1885 2087 1982 2119 recto,
2002 2080 2058 2121 qui
2075 2087 2182 2112 autem
2206 2081 2247 2119 inl
2260 2088 2343 2112 recta
2364 2081 2438 2111 sim-

1426 2127 1560 2168 plicium
1584 2135 1759 2166 corporum
1778 2131 1825 2156 est
1842 2123 1980 2168 (etenim
2003 2125 2084 2165 ignis
2100 2126 2140 2156 ad
2163 2132 2286 2156 rectum
2310 2135 2439 2156 sursum

1427 2172 1543 2209 fertur,
1573 2178 1604 2202 et
1636 2177 1736 2201 terrea
1765 2179 1900 2210 corpora
1931 2170 2083 2200 deorsum
2107 2170 2146 2200 ad
2175 2168 2357 2212 medium):
2385 2180 2438 2201 ne-

1426 2227 1512 2248 cesse
1536 2222 1583 2247 est
1606 2222 1636 2246 et
1653 2214 1838 2246 circularem
1862 2221 1990 2245 motum
2010 2214 2144 2246 alicuius
2160 2215 2356 2256 simplicium
2371 2225 2438 2245 esse

1426 2270 1601 2302 corporum
1621 2258 1815 2303 (mixtorum
1831 2259 1918 2289 enim
1934 2259 2087 2290 lationem
2103 2259 2287 2290 dicebamus
2305 2269 2372 2290 esse
2391 2269 2437 2290 se-

1426 2306 1571 2338 cundum
1603 2304 1849 2345 praedominans
1876 2303 1910 2334 in
1939 2304 2076 2335 mixtura
2099 2302 2326 2346 simplicium).
2348 2303 2366 2322 '³
2391 2305 2438 2335 Ex
2463 2312 2472 2321 ·

1424 2352 1474 2383 his
1497 2350 1594 2391 igitur
1616 2349 1823 2380 manifestum
1847 2349 1923 2389 quia
1946 2356 2019 2380 nata
2039 2355 2086 2380 est
2101 2359 2168 2380 esse
2184 2350 2342 2390 quaedam
2363 2349 2437 2380 sub-

1426 2395 1540 2428 stantia
1564 2394 1708 2435 corporis
1732 2394 1792 2425 alia
1815 2400 1938 2434 praeter
1961 2404 2013 2424 eas
2042 2404 2124 2435 quae
2155 2394 2206 2425 hic
2235 2401 2309 2425 sunt
2333 2393 2436 2424 consi-

1426 2440 1566 2478 stentias,
1591 2438 1730 2470 divinior
1753 2445 1784 2469 et
1807 2438 1894 2479 prior
1916 2438 2035 2469 horum
2059 2438 2218 2469 omnium.

1357 2486 1375 2505 *
1391 2486 1432 2518 Et
1455 2485 1568 2526 utique
1591 2484 1617 2514 si
1641 2483 1714 2525 quis
1737 2482 1841 2514 adhuc
1865 2483 1996 2523 accipiat
2019 2493 2152 2514 omnem
2168 2493 2235 2514 esse
2259 2483 2437 2524 simplicem
2464 2491 2472 2499 ·

1426 2537 1555 2562 motum
1575 2535 1631 2559 aut
1654 2528 1833 2559 secundum
1847 2535 1993 2559 naturam
2010 2535 2065 2559 aut
2088 2534 2210 2568 praeter
2224 2535 2387 2566 naturam;
2407 2535 2438 2559 et

1427 2585 1504 2607 eum
1519 2573 1576 2616 qui
1591 2573 1643 2604 alii
1659 2579 1782 2614 praeter
1800 2579 1959 2610 naturam,
1981 2572 2068 2604 alteri
2085 2573 2264 2603 secundum
2278 2579 2436 2612 naturam,

1426 2620 1521 2662 quale
1537 2618 1594 2660 qui
1610 2627 1739 2649 sursum
1755 2624 1786 2648 et
1801 2617 1858 2659 qui
1877 2618 2029 2649 deorsum
2044 2617 2127 2658 passi
2140 2624 2214 2648 sunt
2227 2616 2291 2660 (hic
2306 2617 2438 2659 quidem

1427 2665 1515 2696 enim
1529 2663 1605 2704 igni,
1617 2663 1669 2694 hic
1684 2669 1794 2694 autem
1807 2670 1907 2694 terrae
1923 2670 2046 2703 praeter
2058 2669 2204 2694 naturam
2217 2669 2247 2694 et
2259 2662 2438 2693 secundum

1427 2706 1613 2751 naturam):
1642 2717 1741 2749 quare
1771 2707 1984 2739 necessarium
2018 2714 2048 2738 et
2076 2707 2261 2739 circularem
2289 2714 2418 2739 motum
2428 2730 2437 2746 ,

1427 2754 1585 2797 quoniam
1607 2753 1656 2784 his
1682 2759 1806 2794 praeter
1829 2760 1990 2791 naturam,
2019 2752 2146 2783 alterius
2176 2752 2343 2783 cuiusdam
2371 2761 2438 2782 esse

1428 2799 1608 2831 secundum
1631 2805 1788 2829 naturam.

1359 2845 1377 2864 *
1394 2844 1509 2876 Adhuc
1534 2850 1654 2882 autem,
1670 2842 1696 2873 si
1712 2842 1845 2883 quidem
1869 2848 1916 2872 est
1939 2841 2098 2872 circularis
2117 2841 2211 2872 alicui
2226 2841 2302 2872 latio
2327 2850 2437 2871 secun·
2466 2850 2473 2859 ¹

1428 2890 1508 2920 dum
1531 2895 1690 2926 naturam,
1707 2887 1815 2928 palam
1830 2886 1962 2928 quidem
1988 2886 2098 2927 utique
2119 2886 2208 2927 quod
2224 2885 2281 2916 erit
2304 2885 2436 2926 aliquod

1428 2944 1546 2975 corpus
1559 2932 1755 2974 simplicium
1772 2938 1802 2962 et
1817 2931 2008 2972 primorum,
2022 2931 2111 2972 quod
2128 2937 2239 2961 natum
2254 2937 2311 2968 est,
2325 2940 2437 2971 quem-

1428 2979 1607 3010 admodum
1630 2977 1712 3018 ignis
1735 2986 1864 3007 sursum
1888 2983 1918 3007 et
1941 2983 2021 3006 terra
2045 2975 2208 3012 deorsum,
2225 2981 2256 3005 et
2276 2974 2356 3005 illud
2380 2974 2437 3005 cir-

1428 3023 1575 3055 cumferri
1593 3022 1770 3053 secundum
1795 3027 1950 3052 naturam.
1975 3020 2007 3050 Si
2028 3026 2136 3050 autem
2152 3026 2274 3060 praeter
2290 3025 2438 3050 naturam

1428 3068 1574 3100 feruntur
1597 3068 1659 3098 lata
1683 3066 1802 3097 circum
1834 3065 2012 3096 secundum
2039 3064 2269 3105 peripheriam‚
2295 3063 2438 3094 mirabile

1428 3120 1458 3144 et
1489 3113 1625 3144 omnino
1656 3110 1868 3142 irrationabile
1899 3109 2007 3141 solum
2039 3119 2107 3139 esse
2137 3109 2328 3140 continuum
2351 3108 2438 3139 hunc

1427 3165 1556 3189 motum
1579 3164 1610 3188 et
1633 3156 1879 3196 sempiternum,
1904 3154 2090 3184 existentem
2120 3160 2243 3194 praeter
2270 3160 2436 3184 naturam:

1427 3203 1575 3233 videntur
1598 3201 1683 3231 enim
1707 3200 1739 3230 in
1764 3199 1831 3229 aliis
1855 3198 2004 3229 citissime
2033 3205 2183 3239 corrupta
2206 3208 2288 3239 quae
2316 3204 2439 3238 praeter

1427 3254 1584 3278 naturam.
1604 3246 1724 3285 Itaque,
1741 3244 1766 3274 si
1783 3243 1915 3284 quidem
1939 3250 1986 3274 est
1999 3243 2080 3283 ignis
2097 3243 2187 3284 quod
2207 3242 2438 3281 circumfertur,

1428 3290 1707 3332 quemadmodum
1730 3288 1820 3319 aiunt
1844 3288 1988 3329 quidam,
2006 3287 2085 3318 nihil
2109 3287 2216 3318 minus
2239 3287 2299 3328 ipsi
2316 3294 2437 3328 praeter

1428 3342 1576 3366 naturam
1599 3340 1708 3364 motus
1725 3340 1772 3363 est
1787 3332 1845 3363 iste
1861 3343 1960 3373 quam
1976 3332 2033 3373 qui
2049 3332 2219 3363 deorsum:
2244 3332 2326 3372 ignis
2350 3332 2437 3362 enim

1427 3387 1557 3411 motum
1579 3379 1726 3409 videmus
1750 3387 1817 3408 esse
1840 3377 1897 3418 qui
1920 3388 1939 3408 a
1963 3377 2070 3408 medio
2102 3377 2280 3408 secundum
2308 3383 2436 3407 rectam.

1359 3426 1376 3445 *
1391 3426 1525 3465 Propter
1548 3423 1648 3464 quod,
1669 3433 1706 3453 ex
1729 3422 1880 3453 omnibus
1904 3422 2016 3463 utique
2032 3422 2080 3452 his
2100 3422 2215 3463 aliquis
2234 3421 2437 3463 syllogizans,

1428 3469 1532 3500 credet
1554 3468 1644 3509 quod
1675 3473 1722 3498 est
1744 3466 1877 3508 aliquod
1903 3473 2027 3508 praeter
2055 3477 2191 3508 corpora
2219 3477 2301 3508 quae
2332 3466 2382 3496 hic
2407 3472 2437 3496 et

1427 3514 1507 3544 circa
1538 3523 1615 3551 nos,
1639 3512 1776 3543 alterum
1799 3519 2017 3552 segregatum,
2042 3518 2130 3543 tanto
2163 3511 2435 3551 honorabiliorem

1426 3559 1546 3588 habens
1565 3564 1723 3632 nagnam,
1739 3563 1862 3598 quanto
1883 3557 2016 3598 quidem
2040 3557 2113 3597 plus
2133 3556 2318 3597 elongatum
2335 3562 2381 3586 est
2396 3556 2434 3585 ab

1426 3603 1475 3632 his
1498 3612 1580 3643 quae
1627 3612 1666 3633 1c.

2454 792 2465 803 ⁸
2480 792 2535 820 Seq.
2550 797 2602 819 cap.
2617 798 2644 813 n.

2455 818 2523 840 Text.
2539 818 2562 840 8.

2456 1060 2465 1069 ·
2480 1059 2548 1081 Text.
2563 1066 2586 1087 9.

2457 1239 2466 1248 ¹
2482 1237 2551 1259 Text.
2567 1243 2598 1259 10.

2460 1551 2469 1560 ·
2484 1549 2552 1572 Text.
2567 1555 2594 1571 ιι.

2488 1775 2555 1798 Text.
2572 1781 2602 1797 12.

2487 2310 2556 2333 Text.
2572 2317 2600 2339 ¹3·

2488 2489 2555 2511 Text.
2572 2495 2603 2516 ¹4-

2490 2849 2556 2870 Text.
2574 2855 2603 2877 ¹5·

2465 3434 2473 3442 ·
2489 3431 2556 3453 Text.
2572 3431 2604 3454 16.
