2782 4134
19 589 31 599 ‘¹
44 585 75 608 Et
89 591 136 607 om.
151 591 173 606 ι’.

17 956 30 968 ·
45 955 146 978 numi.

0 1250 14 1405 “FF-'⁹⁴⁷‘
0 1220 17 1240 ..-
0 1205 3 1208 ,

33 1366 41 1375 ι

23 2185 35 2198 ·
46 2186 175 2215 montom·
183 2186 237 2209 add.

67 2213 170 2242 spatium
186 2219 237 2236 vac.

22 2218 39 2235 Ρ

18 2243 61 2262 0¹

1064 288 1176 324 CAP.
1206 289 1311 336 XIII,
1342 288 1494 325 LECT.
1524 289 1652 326 XXIV

260 363 412 412 guendo
434 363 621 399 elementa
641 363 689 399 ab
708 363 891 408 invicem;
913 364 1077 401 amicitia
1097 374 1225 403 autern
1246 379 1328 403 esse

261 428 375 453 causa
402 413 415 436 λ
443 416 694 464 corruptionis
734 416 926 462 eiusdem,
958 420 1328 465 congregandoele-

260 477 390 506 menta
405 468 443 506 in
462 481 583 505 unum
601 469 729 505 chaos.
746 469 858 506 Unde
873 482 975 506 nunc
994 470 1145 507 videtur
1160 484 1241 508 esse
1258 472 1328 509 litis

262 522 491 568 dominium,
525 530 681 571 propter
709 522 784 558 hoc
817 522 922 570 quod
952 523 1138 560 elementa
1167 533 1254 561 sunt
1279 526 1327 561 ab

260 576 426 613 invicem
457 575 639 613 distincta.
656 597 680 603 -
697 576 746 612 Et
766 577 784 595 ⁴*
805 575 891 612 ideo
912 576 1128 613 Alexander
1157 578 1330 625 exposuit

260 630 355 666 haec
374 630 494 666 verba
515 630 584 667 sic:
613 628 770 677 quando
795 629 983 664 elementa
1012 629 1200 666 distabant
1227 643 1330 667 seor-

261 695 368 730 sum,
399 695 479 720 non
507 683 662 732 quidem
690 682 738 719 ab
767 681 946 728 invicem,
977 682 1043 718 sed
1072 695 1094 718 a
1123 682 1205 728 lite;
1235 683 1331 719 idest

262 736 417 785 quando
438 737 481 773 lis
501 737 549 773 ab
571 735 766 772 elementis
792 735 923 778 aberat
941 741 971 781 ¹²,
992 742 1167 783 tempore
1192 735 1331 772 scilicet

261 802 339 838 quo
364 789 528 826 amicitia
548 789 828 826 dominabatur.
844 809 868 815 -
886 789 963 825 Sed
991 788 1080 836 quia
1099 789 1195 824 haec
1215 801 1329 837 expo-

261 843 344 879 sitio
359 843 512 880 videtur
531 854 612 879 esse
634 849 788 888 extorta,
806 842 893 878 ideo
910 841 1138 890 exponenda
1154 849 1220 889 est,
1237 842 1332 878 sicut

263 896 478 944 Simplicius
499 895 603 932 dicit:
624 895 779 944 quando
801 896 990 931 elementa
1012 895 1201 932 distabant
1228 908 1331 932 seor-

262 961 360 995 sum,
391 949 530 986 scilicet
558 949 606 986 ab
635 948 819 995 invicem,
857 956 892 985 et
919 949 994 985 hoc
1023 960 1045 984 a
1073 948 1134 985 lite
1164 949 1204 995 ¹⁸,
1234 949 1332 986 idest

260 1010 418 1052 propter
436 1002 552 1040 litem.
570 1003 638 1039 Est
653 1002 756 1039 enirn
778 1001 1100 1039 considerandum
1116 1003 1221 1050 quod
1241 1003 1331 1039 Em—

261 1056 443 1105 pedocles
462 1056 633 1105 ponebat
659 1055 849 1092 mundum
877 1055 1049 1103 generari
1077 1068 1156 1092 non
1176 1067 1222 1092 ex
1251 1057 1332 1092 sola

262 1109 341 1156 lite,
362 1110 430 1146 secl
455 1109 569 1146 etiam
589 1121 677 1146 curn
696 1109 929 1146 admixtione
951 1108 1148 1146 amicitiae.
1170 1110 1219 1145 Et
1238 1109 1333 1146 sicut

261 1162 343 1212 ipse
371 1170 439 1212 per
465 1163 587 1200 verba
615 1162 863 1211 Empedoclis
891 1163 1040 1211 probat,
1063 1174 1108 1198 ex
1128 1162 1301 1199 dominio
1321 1168 1333 1182 ¹'

219 1263 231 1266 -
262 1215 450 1259 amicitiae
472 1215 651 1265 provenit
676 1216 965 1264 circumgyratio
995 1215 1109 1262 caeli,
1141 1215 1230 1264 quia
1249 1228 1332 1252 mo-

262 1277 322 1307 tus
351 1269 443 1306 caeli
463 1269 572 1317 quasi
601 1269 732 1306 omnia
752 1269 948 1306 convolvit
966 1268 1004 1305 in
1023 1281 1157 1306 unum.
1179 1269 1228 1305 Et
1245 1269 1332 1306 ideo

263 1322 536 1360 convenienter
550 1323 770 1359 Aristoteles
789 1322 947 1371 quaerit,
964 1329 1170 1370 antequam
1189 1322 1333 1370 gyratio

263 1376 358 1413 caeli
376 1388 446 1425 per
469 1375 675 1412 amicitiam
697 1383 925 1423 causaretur,
956 1375 1169 1412 seeundum
1191 1376 1333 1424 Empe-

264 1430 428 1476 doclem,
459 1441 558 1478 quae
589 1437 668 1466 erat
696 1441 810 1466 causa
839 1428 974 1478 quietis
1002 1435 1136 1465 terrae.

315 1494 354 1530 4.
385 1482 534 1520 Deinde
564 1494 652 1519 cum
673 1482 780 1519 dicit:
809 1482 1083 1519 Inconveniens
1102 1487 1228 1518 autem
1249 1490 1333 1528 etc„

263 1535 456 1585 improbat
484 1535 671 1572 rationem
706 1547 822 1585 quam
856 1535 1047 1583 assignant
1080 1535 1337 1572 communiter

264 1590 312 1627 de
330 1597 439 1626 motu
466 1596 600 1636 terrae,
621 1589 739 1625 tribus
758 1588 977 1625 rationibus.
998 1609 1022 1616 -
1044 1588 1155 1625 Circa
1173 1601 1336 1637 quarum

262 1642 428 1692 primam
467 1641 556 1680 dicit
591 1642 697 1691 quod
733 1642 1011 1679 inconveniens
1045 1639 1100 1679 est
1133 1655 1212 1679 non
1247 1655 1337 1679 con-

263 1696 430 1734 siderare
454 1708 572 1745 quare
594 1697 626 1742 ³³,
647 1695 678 1732 si
705 1695 822 1744 prius,
843 1695 1000 1743 quando
1021 1695 1064 1716 *⁵*
1084 1696 1337 1743 generabatur

228 1748 235 1755 ”
262 1749 443 1796 mundus,
464 1757 590 1798 partes
609 1757 731 1786 terrae
751 1749 969 1786 ferebantur
987 1749 1036 1786 ad
1056 1749 1229 1786 medium
1248 1762 1336 1798 pro-

263 1810 347 1853 pter
364 1803 602 1851 gyrationem
625 1802 728 1849 caeli,
750 1815 852 1839 nunc
871 1815 950 1839 non
971 1809 1027 1839 est
1045 1803 1160 1839 talem
1181 1815 1336 1839 causam

264 1856 456 1905 assignare
493 1869 631 1906 quare,
670 1856 766 1893 sicut
800 1855 1003 1903 videmus,
1043 1856 1174 1893 omnia
1208 1856 1338 1904 gravia

263 1910 432 1947 ferantur
465 1910 514 1947 ad
551 1909 734 1947 medium.
771 1909 929 1958 Gyratio
965 1909 1067 1946 enim
1099 1909 1192 1946 caeli
1226 1910 1339 1947 simul

266 1963 520 2012 circumgyrat
547 1963 675 2011 ignem
705 1971 741 2000 et
769 1963 1008 2012 superiorem
1041 1971 1190 2012 partem
1219 1963 1336 2010 aeris,

265 2029 345 2054 non
364 2024 492 2054 autem
511 2017 611 2054 hanc
631 2016 850 2054 inferiorem
870 2016 891 2037 ¹²
911 2016 1006 2053 aeris
1035 2025 1204 2065 partem:
1231 2024 1266 2053 et
1289 2017 1339 2054 ita

218 2068 224 2075 ‘
265 2070 326 2107 illa
355 2070 500 2119 gyratio
530 2083 608 2108 non
638 2070 782 2118 attingit
808 2082 931 2118 usque
960 2070 1008 2107 ad
1038 2082 1120 2107 nos.
1150 2069 1338 2107 Videmus

267 2123 368 2160 enim
388 2123 493 2172 quod
512 2123 643 2172 gravia
666 2123 836 2160 feruntur
849 2124 869 2144 *
884 2124 932 2160 ad
959 2123 1132 2161 medium
1153 2131 1188 2160 et
1207 2123 1246 2160 in
1265 2124 1340 2161 hoc

265 2189 354 2214 aere
382 2177 600 2226 propinquo
629 2178 660 2213 *.
691 2177 783 2214 Non
810 2189 899 2225 ergo
928 2177 1074 2226 gyratio
1104 2177 1197 2214 caeli
1227 2177 1341 2214 debet

264 2230 358 2280 poni
396 2243 512 2268 causa
552 2238 680 2267 motus
721 2231 897 2278 gravium
935 2231 985 2267 ad
1022 2230 1221 2268 medium:
1251 2230 1340 2279 quia

267 2291 416 2320 remota
444 2296 569 2331 causa,
600 2291 822 2321 removetur
851 2284 1020 2321 effectus.

324 2338 356 2374 5.
389 2337 608 2374 Secundam
629 2337 816 2374 rationem
840 2337 947 2386 ponit
967 2337 1034 2374 ibi:
1059 2337 1195 2374 Adhuc
1213 2342 1338 2374 autem

232 2415 238 2422 -
266 2396 302 2428 et
329 2390 428 2440 ignis
457 2398 526 2428 etc.
557 2391 607 2428 Et
624 2391 644 2412 *
665 2390 753 2428 dicit
786 2391 892 2440 quod
920 2390 1161 2428 considerare
1190 2398 1341 2439 oportet

265 2452 422 2495 propter
440 2457 558 2494 quam
587 2456 743 2481 causam
770 2444 864 2492 ignis
893 2444 1034 2481 feratur
1052 2456 1216 2481 sursum.
1247 2445 1339 2481 Non

268 2497 371 2535 enim
390 2505 516 2547 potest
535 2497 607 2534 dici
628 2498 733 2547 quod
757 2498 832 2534 hoc
852 2498 897 2534 sit
915 2505 1073 2547 propter
1100 2497 1337 2545 gyrationem

268 2551 382 2588 caeli:
416 2563 496 2588 non
531 2551 634 2598 enirn
663 2551 712 2588 ad
740 2552 816 2588 hoc
850 2563 890 2588 se
920 2550 1086 2588 extendit
1120 2552 1339 2600 exemplum

319 2708 349 2744 λ)
369 2710 480 2735 Videtur
491 2710 561 2735 enim
609 2717 665 2735 esse
678 2717 768 2735 causa.
781 2723 800 2730 κ
812 2710 849 2735 Ita
858 2711 910 2741 PA,
925 2710 974 2735 nisi
989 2710 1059 2743 quod
1072 2711 1091 2735 P
1105 2718 1153 2743 pro
1165 2718 1246 2735 causa
1261 2710 1340 2735 altera

266 2745 323 2770 vice
341 2746 404 2778 legit
421 2753 545 2776 causam,
566 2750 591 2770 et
609 2753 656 2778 pro
671 2746 763 2770 ultimo
782 2753 837 2770 esse
855 2746 877 2770 A
898 2745 975 2770 habet
994 2746 1102 2771 videtur
1119 2753 1184 2771 esse.
1203 2746 1274 2770 Loco
1293 2746 1339 2775 lis,

267 2781 317 2814 hoc
330 2785 379 2806 cet.
393 2788 447 2806 exc.
462 2781 518 2806 sEl.
528 2795 547 2800 -
559 2781 619 2805 Mox
637 2788 686 2814 pro
703 2781 903 2814 congregando,
923 2781 1111 2815 confundendo
1130 2782 1161 2811 Α,
1180 2781 1341 2815 conferendo

267 2817 300 2846 sl.
319 2817 502 2849 consequendo
521 2821 571 2842 cet.
582 2830 602 2836 ·-
616 2817 679 2841 Post
697 2824 776 2841 unam
797 2817 840 2841 lin.
859 2817 909 2842 hoc
927 2822 987 2849 post
1001 2820 1116 2849 propter
1133 2825 1188 2841 om.
1208 2817 1237 2842 P.

323 2853 351 2886 μ.)
371 2859 423 2877 non
438 2852 544 2885 quidem
559 2852 592 2877 ab
606 2852 750 2877 invicem...
765 2852 866 2877 aberat.
875 2853 940 2877 -lta
954 2853 1038 2883 codd„
1051 2860 1104 2877 exc.
1119 2853 1190 2885 quod
1203 2860 1251 2884 pro
1263 2860 1281 2877 a
1295 2852 1341 2877 lite

268 2893 390 2920 corrupte
408 2888 488 2912 aliter
512 2888 691 2920 BCDEFIpG;
711 2896 758 2920 pro
783 2888 816 2912 ab
842 2888 991 2917 elementis,
1018 2895 1055 2913 ex
1077 2888 1212 2912 elementis
1231 2889 1267 2919 A;
1293 2896 1341 2920 pro

266 2923 371 2953 aberat,
386 2923 484 2949 aderat
496 2923 539 2948 ΑΙ.
553 2923 572 2947 Ρ
589 2924 664 2956 legit:
680 2923 799 2956 nunquid
811 2923 844 2948 ab
860 2924 979 2952 invicem,
990 2923 1037 2948 sed
1050 2923 1138 2953 aliter,
1150 2923 1219 2948 idest
1232 2923 1340 2956 quando

267 2959 302 2983 lis
320 2959 353 2983 ab
373 2959 507 2984 elementis
526 2959 642 2984 haberet.
656 2973 676 2977 —
690 2959 791 2989 Statim,
811 2959 843 2983 ibi
860 2959 914 2983 Sed
932 2959 995 2991 quia
1008 2959 1073 2984 haec
1087 2958 1221 2991 expositio
1236 2959 1343 2983 videtur

268 3001 326 3019 esse
344 2997 463 3023 extorta,
484 2994 539 3019 Sed
551 2995 615 3019 haec
633 2994 768 3027 expositio
787 2998 827 3019 est
839 2997 950 3020 extorta
966 2994 998 3025 P;
1017 3001 1073 3019 esse
1091 2999 1152 3027 post
1166 2994 1273 3020 videtur
1287 3002 1341 3019 om.

270 3029 294 3054 sl
314 3029 388 3062 (quid
406 3029 526 3055 habuerit
545 3030 581 3062 pl,
600 3038 652 3055 non
671 3030 771 3063 liquet).

324 3065 347 3097 ν)
368 3065 404 3089 Et
422 3065 491 3090 sicut
509 3065 596 3097 ipse...
615 3073 653 3090 ex
671 3066 797 3090 dominio.
810 3066 876 3090 -lta
895 3065 1013 3096 codices;
1034 3065 1070 3090 Et
1087 3065 1126 3091 sic
1140 3066 1226 3097 ipse...
1241 3065 1342 3097 probat

269 3100 343 3132 quod
361 3108 398 3125 ex
417 3100 536 3125 dominio
555 3101 590 3131 P3
611 3101 645 3126 cf.
665 3101 844 3133 Simplicium,
862 3109 906 3134 op.
927 3101 981 3130 cin,
1001 3101 1045 3126 fol.
1065 3100 1098 3125 85
1118 3106 1202 3131 recto,
1222 3101 1271 3125 col.
1287 3108 1311 3125 2.
1324 3114 1342 3120 -

271 3136 357 3168 Prope
375 3134 455 3160 finem
474 3144 545 3160 num.
565 3144 612 3169 pro
631 3139 791 3161 causaretur
809 3137 952 3162 secundum
974 3137 1160 3168 Empedoclem
1186 3143 1254 3169 quae
1268 3139 1340 3165 erat,

271 3176 351 3204 prout
369 3171 481 3202 legimus
501 3179 560 3196 cum
579 3172 616 3202 A,
636 3172 715 3196 talem
735 3173 879 3197 secundum
894 3179 971 3197 omne
991 3171 1112 3205 (omnem
1133 3171 1168 3206 C)
1189 3172 1234 3204 qui
1253 3170 1342 3204 (quod

271 3206 326 3240 EF)
346 3210 406 3232 erat
424 3207 524 3237 BCEF,
544 3207 623 3232 talem
642 3208 787 3232 secundum
812 3215 867 3232 esse
885 3208 931 3240 qui
949 3211 1009 3232 erat
1027 3208 1118 3239 DpGl,
1138 3208 1218 3232 talem
1243 3207 1343 3232 scilicet

269 3249 328 3267 esse
346 3249 414 3275 quae
432 3246 492 3267 erat
508 3243 546 3273 sl,
567 3243 646 3268 talem
667 3243 760 3275 incipit
778 3250 834 3268 esse
852 3251 920 3276 quae
938 3247 998 3268 erat
1017 3243 1064 3268 sG.
1087 3243 1165 3268 Piana
1184 3242 1287 3275 corrigit
1307 3243 1342 3267 le-

272 3278 357 3310 gendo
377 3279 456 3303 talem
475 3278 620 3303 secundum
646 3278 731 3310 ipsum
751 3282 832 3308 esset,
858 3286 926 3311 quae
949 3282 1017 3304 erat.
1042 3279 1131 3303 Lectio
1157 3278 1278 3310 adoptata
1303 3282 1343 3302 est

270 3314 363 3345 procul
382 3313 461 3338 dubio
481 3314 563 3347 magis
583 3313 728 3347 perspicua.

2376 292 2450 328 213

1385 368 1433 404 ab
1464 367 1516 405 eis
1544 367 1753 406 inductum.
1785 369 1825 406 Si
1853 381 1947 406 vero
1976 368 2070 416 ignis
2099 369 2238 406 feratur
2262 371 2282 390 '¹‘
2310 369 2359 406 ad
2388 370 2452 406 ali-

1385 433 1502 469 quem
1530 422 1659 458 locum
1691 430 1847 471 propter
1876 435 1984 459 suam
2021 422 2269 471 aptitudinem
2303 430 2452 459 natura-

1384 475 1471 521 lem,
1501 475 1746 512 manifestum
1776 483 1832 512 est
1855 476 1961 524 quod
1990 483 2045 511 est
2068 475 2171 512 idem
2201 475 2412 512 existimare
2438 473 2452 498 Ε

1386 527 1433 563 de
1457 535 1575 574 terra,
1606 540 1706 576 quae
1738 529 1853 565 habet
1886 528 2190 566 contrarietatem
2226 529 2275 565 ad
2303 529 2449 576 ignem,

1385 588 1425 616 ut
1454 593 1569 628 supra
1599 582 1618 602 '¹‘
1648 582 1790 618 dictum
1820 590 1896 618 est:
1928 581 2205 618 contrariorum
2235 581 2337 618 enim
2366 589 2453 618 sunt

1386 634 1561 669 contrarii
1581 642 1720 682 motus,
1752 643 1788 671 et
1807 635 1837 672 si
1856 648 1977 672 unum
1998 634 2275 672 contrariorum
2304 642 2359 671 est
2387 647 2452 670 na-

1386 686 1516 732 turale,
1543 694 1578 722 et
1606 688 1707 724 aliud
1733 689 1901 725 naturale
1931 701 2013 725 esse
2042 695 2203 737 oportet,
2234 696 2275 724 ut
2303 689 2452 736 supra*

1387 738 1530 774 dictum
1561 747 1626 776 est.

1441 791 1477 827 6.
1508 792 1677 829 Tertiam
1707 793 1893 830 rationem
1922 796 2030 842 ponit
2057 794 2127 831 ibi:
2158 793 2232 830 Sed
2249 794 2373 830 adhuc
2391 805 2453 830 ne-

1387 855 1458 892 que
1485 845 1689 893 gyratione
1718 854 1786 882 etc.
1822 848 1870 883 Et
1899 847 1985 884 dicit
2014 847 2119 896 quod
2148 847 2178 884 si
2206 847 2288 895 quis
2317 859 2453 883 eorum

1385 897 1506 934 verba
1535 905 1572 934 et
1591 899 1765 946 exempla
1794 900 2017 947 consideret,
2048 913 2126 937 non
2153 900 2305 937 videtur
2329 899 2454 936 dicen-

1389 950 1481 987 dum
1511 951 1616 998 quod
1636 963 1751 998 grave
1772 952 2017 1000 distinguatur
2037 966 2058 990 a
2077 953 2152 990 levi
2171 953 2209 990 in
2229 953 2454 1002 corporibus

1387 1012 1544 1052 propter
1572 1003 1695 1052 ipsam
1723 1005 1957 1052 gyrationem
1981 1006 2093 1051 caeli;
2123 1007 2191 1043 sed
2218 1018 2455 1055 praesuppo-

1389 1057 1458 1093 sita
1487 1057 1724 1094 distinctione
1744 1058 1918 1105 gravium
1941 1067 1976 1095 et
2004 1060 2156 1106 levium,
2179 1060 2370 1109 quaedam
2389 1071 2455 1096 ve-

1389 1110 1495 1147 niunt
1515 1111 1564 1147 ad
1584 1110 1768 1156 medium,
1790 1111 1929 1147 scilicet
1946 1113 2085 1159 gravia,
2102 1113 2291 1161 quaedam
2313 1120 2454 1159 autem,

1389 1163 1529 1200 scilicet
1553 1164 1663 1210 levia,
1690 1171 1875 1200 conantur
1903 1177 2053 1201 sursum
2075 1166 2178 1213 ferri,
2198 1173 2354 1214 propter
2372 1178 2456 1202 mo-

1389 1225 1483 1263 tum,
1506 1217 1733 1266 inquantum
1753 1217 1774 1237 ²¹²
1799 1218 2028 1266 repelluntur
2057 1231 2078 1254 a
2106 1220 2191 1255 loco
2221 1219 2349 1256 medio
2371 1231 2393 1255 a
2414 1219 2456 1240 *²¹²

1390 1270 1614 1319 corporibus
1634 1269 1813 1317 gravibus
1833 1270 1870 1306 in
1891 1270 2017 1318 ipsum
2037 1271 2117 1308 latis
2137 1273 2169 1308 ²²⁴.
2191 1273 2240 1308 Et
2259 1272 2311 1308 sic
2331 1273 2456 1308 solum

1388 1335 1458 1373 per
1476 1323 1653 1360 accidens
1667 1323 1812 1371 gyratio
1834 1324 1925 1359 caeli
1946 1332 2074 1361 causat
2094 1333 2242 1361 motum
2264 1325 2358 1373 ignis
2378 1338 2457 1362 sur-

1391 1389 1489 1414 sum.
1516 1377 1633 1424 Quod
1662 1384 1790 1413 autem
1820 1377 1964 1425 gyratio
1994 1390 2072 1414 non
2093 1378 2292 1426 distinguat
2308 1380 2327 1400 ’¹‘
2343 1391 2457 1426 grave

1391 1438 1427 1467 et
1446 1431 1546 1476 leve,
1568 1429 1637 1466 sed
1657 1442 1792 1466 eorum
1814 1430 2090 1467 distinctionem
2111 1439 2396 1480 praesupponat
2418 1433 2456 1478 ²⁸,

1391 1491 1515 1533 potest
1532 1483 1655 1520 videri
1675 1495 1720 1520 ex
1741 1484 1916 1532 exemplo
1949 1484 2054 1532 quod
2074 1483 2255 1521 inducunt
2274 1485 2310 1521 *ε
2332 1485 2369 1521 in
2394 1497 2458 1533 gy-

1391 1537 1536 1574 ratione
1566 1536 1668 1573 enim
1689 1536 1784 1573 aeris
1815 1545 1850 1573 et
1878 1536 2128 1585 liquidorum,
2158 1550 2204 1574 ea
2232 1550 2328 1586 quae
2357 1538 2459 1586 prius

1393 1598 1499 1627 erant
1527 1590 1673 1638 gravia,
1704 1590 1873 1626 feruntur
1893 1590 1941 1626 ad
1962 1590 2145 1627 medium.
2177 1590 2239 1627 Sic
2267 1591 2376 1639 igitur
2396 1603 2460 1627 an-

1391 1652 1548 1693 tequam
1578 1651 1677 1680 esset
1704 1643 1849 1691 gyratio
1880 1643 1992 1690 caeli,
2033 1651 2111 1680 erat
2145 1656 2260 1691 grave
2295 1652 2330 1680 et
2364 1645 2458 1681 leve.

1393 1698 1504 1744 Quae
1524 1696 1737 1734 secundum
1766 1696 1906 1746 aliquid
1926 1696 2260 1744 distinguebantur,
2290 1697 2429 1734 scilicet
2442 1698 2462 1718 *

1393 1750 1607 1788 secundum
1628 1750 1879 1799 aptitudinem
1905 1751 1952 1787 ad
1977 1751 2052 1786 hoc
2071 1750 2177 1798 quod
2197 1750 2322 1798 aliquo
2342 1750 2460 1788 modo

1394 1812 1430 1841 et
1448 1805 1468 1826 *
1489 1804 1537 1841 ad
1557 1804 1723 1852 aliquem
1744 1804 1872 1840 locum
1893 1811 2136 1840 moveantur:
2158 1816 2247 1840 nam
2268 1815 2382 1851 grave
2409 1804 2461 1840 di—

1395 1858 1489 1894 citur
1512 1857 1654 1907 aliquid
1681 1857 1744 1894 vel
1768 1857 1864 1902 leve,
1889 1864 2045 1906 propter
2067 1858 2087 1877 ’¹‘
2111 1857 2392 1893 inclinationem
2413 1858 2461 1894 ad

1394 1911 1562 1960 aliquem
1591 1918 1742 1948 motum
1768 1911 1941 1947 localem.
1972 1911 2021 1946 Et
2048 1910 2098 1947 ita
2126 1910 2270 1958 gyratio
2300 1923 2378 1946 non
2407 1918 2463 1947 est

1394 1977 1509 2002 causa
1530 1976 1646 2013 quare
1666 1963 1766 2001 levia
1794 1971 2001 2000 moventur
2022 1964 2041 1984 '¹‘
2060 1975 2222 2010 sursum,
2244 1964 2306 2000 vel
2330 1963 2460 2011 gravia

1395 2019 1588 2056 deorsum.

1447 2072 1628 2108 Poterant
1647 2077 1774 2107 autem
1794 2070 1832 2107 hi
1852 2069 2079 2118 distinguere
2108 2082 2223 2117 grave
2245 2076 2281 2105 et
2299 2070 2396 2116 leve,
2427 2077 2464 2106 et

1394 2126 1478 2162 loca
1499 2137 1647 2170 eorum,
1674 2136 1772 2173 quae
1801 2131 1888 2160 sunt
1916 2136 2067 2160 sursum
2090 2131 2127 2160 et
2151 2123 2347 2169 deorsum,
2374 2122 2462 2170 quia

1393 2191 1472 2216 non
1488 2178 1684 2227 ponebant
1698 2177 1921 2214 universum
1942 2189 2024 2214 esse
2046 2176 2250 2213 infinitum:
2268 2188 2344 2212 non
2361 2175 2462 2212 enim

1393 2231 1627 2280 impossibile
1648 2238 1704 2267 est
1718 2230 1946 2278 distinguere
1967 2242 2116 2277 sursum
2136 2230 2198 2266 vel
2218 2230 2410 2275 deorsum,
2432 2229 2462 2265 si

1394 2285 1496 2334 apud
1517 2285 1607 2321 istos
1628 2284 1863 2332 distinguitur
1882 2296 1997 2331 grave
2015 2291 2051 2320 et
2065 2285 2148 2320 leve
2164 2288 2187 2329 ⁰,
2205 2282 2299 2319 sicut
2319 2282 2461 2319 dictum

1395 2346 1460 2375 est.
1470 2339 1528 2375 *Et
1543 2337 1631 2387 quia
1646 2337 1761 2386 aliqui
1776 2338 1972 2386 ponebant
1986 2342 2005 2359 ⁷²
2019 2337 2243 2374 universum
2259 2335 2460 2382 infinitum,

1393 2391 1533 2429 scilicet
1552 2391 1809 2428 Anaximenes
1831 2398 1866 2427 et
1885 2391 2157 2439 Xenophanes,
2174 2389 2259 2426 ideo
2275 2389 2464 2436 signanter

1395 2445 1484 2482 dicit
1512 2444 1617 2494 quod
1640 2444 1814 2493 plurimi,
1844 2456 1924 2481 non
1952 2452 2080 2480 autem
2110 2455 2257 2489 omnes,
2287 2450 2374 2479 sunt
2401 2442 2462 2478 de-

1394 2499 1485 2544 triti,
1506 2498 1603 2535 idest
1631 2497 1803 2534 consueti
1823 2505 1859 2534 et
1879 2497 2078 2543 exercitati,
2101 2496 2198 2533 circa
2222 2496 2309 2532 istas
2330 2508 2463 2532 causas

1393 2559 1522 2589 motus
1552 2559 1588 2588 et
1616 2550 1750 2600 quietis
1770 2550 1946 2599 gravium
1975 2558 2012 2587 et
2039 2550 2194 2587 levium.

1449 2708 1472 2744 ξ)
1486 2713 1526 2735 est
1539 2710 1608 2735 idem
1622 2710 1790 2735 existimare.
1803 2723 1822 2729 —
1835 2713 1941 2741 oportet
1955 2709 2024 2734 idem
2041 2709 2184 2734 aestimare
2197 2709 2229 2733 A.
2243 2721 2261 2727 —-
2275 2708 2331 2733 Lin.
2346 2715 2402 2741 seq.
2416 2716 2464 2740 pro

1394 2746 1485 2775 habet,
1505 2746 1601 2770 habeat
1620 2746 1695 2770 codd.
1715 2753 1769 2770 exc.
1789 2745 1845 2769 Asi.
1861 2759 1880 2764 -
1897 2745 1986 2769 Altera
2005 2744 2048 2768 lin.
2075 2752 2122 2777 pro
2141 2744 2225 2773 enim,
2245 2747 2334 2768 autem
2353 2745 2390 2774 A,
2409 2751 2463 2768 om.

1395 2786 1443 2806 cet.
1463 2786 1488 2806 et
1513 2782 1554 2806 ed.
1573 2779 1647 2806 1516.
1661 2794 1680 2800 —
1698 2781 1734 2805 lbi
1753 2784 1780 2806 et
1797 2780 1884 2809 aliud,
1908 2783 1935 2805 et
1957 2788 2011 2805 om.
2030 2780 2083 2804 AF.
2107 2780 2134 2803 ln
2153 2778 2204 2804 fine
2228 2787 2300 2803 num.
2319 2779 2341 2803 D
2361 2787 2413 2803 om.
2434 2782 2463 2803 ut

1394 2824 1478 2849 supra
1497 2817 1597 2841 dictum
1617 2819 1665 2841 est.

1449 2854 1475 2885 ο)
1496 2859 1547 2876 non
1567 2852 1670 2877 enim...
1694 2859 1779 2884 grave
1804 2855 1830 2876 et
1848 2852 1911 2876 leve.
1929 2864 1948 2869 -
1966 2853 1993 2875 et
2017 2850 2120 2883 infinito
2146 2850 2214 2874 enim
2241 2849 2399 2880 impossibile
2422 2851 2463 2873 est

1395 2887 1561 2920 distinguere
1579 2895 1684 2912 sursum
1700 2888 1740 2912 vel
1755 2887 1887 2916 deorsum,
1902 2886 1950 2911 sed
1961 2885 2034 2917 apud
2053 2885 2117 2910 istos
2133 2885 2314 2917 distinguetur
2331 2891 2415 2916 grave
2434 2887 2461 2908 et

1393 2924 1450 2948 leve
1466 2924 1502 2954 Α;
1516 2930 1567 2947 non
1583 2923 1653 2947 enim
1674 2923 1813 2954 (possibile
1827 2923 1858 2954 Β)
1879 2921 2037 2953 impossibile
2056 2923 2095 2944 est
2114 2920 2170 2951 (est
2187 2927 2240 2943 om.
2254 2919 2280 2950 1)
2297 2919 2461 2951 distinguere

1395 2966 1500 2983 sursum
1515 2959 1556 2983 νεΙ
1569 2958 1606 2990 (et
1621 2958 1640 2990 1)
1657 2957 1788 2987 deorsum,
1799 2958 1846 2982 sed
1859 2957 1933 2989 apud
1947 2957 2011 2981 istos
2025 2955 2106 2988 (ipsos
2117 2956 2147 2987 B)
2163 2954 2294 2986 distingui
2309 2954 2461 2986 (distinguit

1396 2994 1434 3026 E)
1453 3001 1538 3027 grave
1557 2997 1583 3018 et
1596 2994 1652 3018 leve
1666 2999 1727 3024 cet.;
1741 2994 1796 3022 sed,
1810 3001 1862 3017 exc.
1878 2993 1906 3022 C,
1920 2996 1978 3016 ante
1991 2998 2043 3015 non
2057 2991 2125 3015 enim
2140 2990 2254 3014 scribunt
2272 2990 2313 3013 vel
2329 2992 2356 3013 et
2370 2997 2460 3017 unum,

1394 3030 1436 3054 vel
1456 3029 1612 3059 materiam,
1632 3030 1674 3053 vel
1694 3036 1846 3057 numerum,
1873 3028 1914 3051 vel
1933 3030 1960 3051 et
1978 3026 2123 3053 minimum,
2144 3030 2187 3049 aut
2207 3024 2309 3049 similia.
2328 3023 2460 3048 lid-1516

1396 3073 1455 3089 cum
1476 3065 1549 3088 codd.
1566 3064 1627 3096 legit
1644 3064 1691 3089 sed
1705 3069 1730 3088 et
1744 3063 1882 3096 distingui.

1449 3100 1478 3132 π)
1491 3100 1575 3132 aliqui
1583 3100 1727 3131 ponebant.
1737 3113 1754 3117 -—
1765 3099 1827 3122 Post
1839 3097 1922 3129 aliqui
1936 3097 1993 3121 add.
2004 3095 2224 3128 philosophorum
2235 3095 2265 3123 Α,
2277 3094 2394 3125 ipsorum
2408 3094 2460 3125 sG;

1396 3136 1454 3160 loco
1474 3135 1625 3167 ponebant,
1645 3134 1814 3166 exponebant
1839 3133 1912 3157 codd.
1932 3139 1985 3156 exc.
2004 3131 2060 3155 AG.
2078 3144 2097 3149 -
2115 3131 2174 3154 Mox
2197 3137 2244 3162 pro
2269 3130 2460 3161 Xenophanes,

1395 3171 1604 3195 Anaximander
1622 3171 1681 3200 ΑΕ,
1700 3171 1884 3201 Anaxagoras
1901 3168 1932 3196 Η,
1951 3168 2141 3191 Anexamanes
2159 3166 2189 3195 D,
2204 3166 2394 3190 Anaxomedes
2413 3170 2461 3189 cet.

1395 3220 1414 3225 —
1427 3207 1477 3230 Pro
1491 3205 1614 3237 plurimi,
1628 3204 1781 3236 philosophi
1800 3203 1874 3227 codd.
1894 3210 1946 3226 exc.
1960 3203 1991 3225 A.
2010 3215 2029 3219 -
2047 3202 2126 3225 Linea
2149 3201 2267 3232 sequenti
2286 3208 2334 3232 pro
2353 3200 2460 3230 detriti,

1396 3242 1471 3266 codd.
1491 3241 1655 3272 corruptione
1679 3240 1744 3264 facili
1770 3238 1883 3267 decreti,
1909 3237 1979 3269 quod
1999 3237 2018 3261 P
2038 3236 2062 3260 in
2082 3236 2191 3261 discreti
2209 3235 2328 3264 correxit;
2348 3235 2380 3261 cf.
2399 3241 2460 3260 text.

1396 3282 1421 3301 et
1440 3284 1507 3300 vers.
1528 3276 1563 3307 (in
1578 3283 1628 3307 qua
1643 3275 1662 3298 P
1678 3273 1806 3305 discreti).
1826 3273 1875 3297 Pro
1889 3272 2020 3301 consueti,
2035 3271 2174 3303 perspicui
2186 3272 2218 3302 P,
2232 3270 2368 3302 conspicui
2386 3271 2462 3296 codd.

1396 3316 1503 3344 excepto
1521 3311 1553 3335 A.

1298 3476 1449 3502 mata-n·

2480 376 2489 385 '
2497 375 2584 403 fertur
2596 382 2619 398 A.

2579 477 2591 508 ξ

2479 590 2489 601 ⁸
2505 590 2568 612 Lect.
2584 596 2616 617 iv,
2631 596 2655 612 n.
2670 597 2693 618 7.

2480 692 2491 703 ⁸
2507 691 2579 717 1bid.;
2590 695 2611 712 et
2623 691 2663 712 lib.
2673 692 2691 718 Ι,

2481 718 2532 739 lect.
2541 724 2571 744 νι,
2587 724 2639 739 n.2.

2484 1221 2493 1230 '
2504 1220 2594 1241 scilicet
2609 1220 2662 1242 add.
2672 1226 2695 1241 A.

2484 1248 2504 1256 '²
2520 1253 2535 1267 a
2551 1253 2599 1268 om.
2610 1246 2680 1268 codd.

2485 1279 2494 1287 '
2509 1277 2584 1299 locum
2598 1284 2611 1298 p
2625 1281 2646 1299 et
2657 1283 2697 1298 co-

2485 1304 2547 1325 dices
2562 1310 2612 1325 exc.
2627 1310 2677 1325 Asc.

2485 1384 2494 1392 ·
2515 1382 2640 1410 distinguit
2658 1388 2700 1403 co-

2486 1409 2549 1430 dices
2564 1415 2613 1430 exc.
2628 1415 2651 1430 A.

2486 1437 2494 1446 ·
2498 1435 2672 1463 praesupponit
2678 1441 2699 1456 t.

2487 1490 2495 1498 ·
2507 1487 2596 1509 inducit
2605 1495 2618 1509 P
2627 1491 2648 1509 et
2659 1493 2701 1509 co-

2487 1515 2549 1536 dices
2563 1521 2613 1536 exc.
2622 1521 2646 1536 A.

2489 1701 2497 1709 ·
2513 1700 2602 1721 scilicet
2619 1706 2667 1721 om.
2683 1706 2697 1721 r

2489 1730 2510 1748 et
2520 1726 2588 1747 codd.
2603 1732 2654 1747 exc.
2669 1733 2699 1748 ει.

2489 1811 2497 1819 ·
2513 1811 2538 1830 et
2550 1815 2597 1830 om.
2612 1815 2635 1831 A.

2489 1859 2498 1867 ¹
2510 1864 2578 1885 perr·
2592 1861 2614 1879 et
2629 1857 2699 1879 codd.

2490 1890 2539 1905 exc.
2554 1890 2585 1905 A1.

2490 1973 2499 1982 ·
2514 1974 2652 1994 moveantur
2666 1978 2689 1994 A.
