2782 4134
316 283 393 320 310

823 286 894 322 DE
923 284 1311 322 GENERATIONE
1341 283 1411 320 ET
1441 275 1823 319 CORRUPTIONE
1853 283 1947 319 LIB.
1979 283 1994 319 1

918 489 1216 547 LECTIo
1254 489 1908 565 DECIMAQUARTA

743 636 981 668 DUBITATIO
1006 636 1137 667 CIRCA
1158 636 1376 667 NATURAM
1398 637 1494 668 EIUS
1518 637 1611 675 QUO
1635 637 1814 675 ALIQUID
1838 638 2049 669 AUGETUR
2063 655 2081 660 -

344 697 561 729 SOLVITUR
579 688 680 726 ALIA
704 693 922 732 QUAESTIO
946 692 1246 732 INTERPOSITA,
1269 693 1426 724 UTRUM
1449 694 1594 725 NEMPE
1617 694 1859 726 AUGEATUR
1889 695 2036 726 SOLUM
2060 695 2102 726 ID
2127 695 2200 727 CUI
2224 695 2484 736 APPONITUR,

1001 750 1085 781 VEL
1109 750 1247 780 ETIAM
1271 750 1400 781 ILLUD
1426 750 1549 788 QUOD
1573 751 1823 782 APPONITUR

319 879 480 917 Ληπτέον
505 874 548 913 δή
573 877 701 919 μᾶλλον
727 867 795 906 οἷον
822 873 1035 919 ἁπτομένους
1062 875 1124 912 τῆς
1148 874 1322 917 ζητήσεως
1348 873 1383 915 ἐξ

390 924 411 956 ἀ
431 923 515 967 χῆς,
549 923 645 952 ποίου
682 919 773 956 τινος
807 918 903 956 ὄντος
936 919 999 951 τοῦ
1032 918 1238 959 αὐξάνεσθαι
1268 918 1289 955 ἦ
1321 921 1384 951 τοῦ

387 936 507 1011 φθίνειν
534 965 581 996 τοὶ
606 966 703 997 αἴτια
727 963 908 1006 ζητοῦμεν.

319 1013 483 1044 Φαίνεται
507 1004 550 1044 δή
576 1009 638 1041 τοῦ
665 1006 898 1052 αὐξανομένου
931 1007 1045 1038 ὁτιοῦν
1070 1006 1166 1052 μέρος
1190 1005 1382 1047 ηὗξῆσθαι,

389 1057 507 1098 ὁμοίως
531 1049 570 1084 δὲ
592 1054 650 1084 καὶ
676 1051 708 1084 ἐν
736 1053 783 1093 τῷ
809 1051 931 1094 φθίνειν
958 1051 1105 1084 ἔλαττον
1123 1050 1312 1097 γεγονέναι,
1333 1051 1383 1083 ἔτι

386 1095 423 1131 δέ
441 1096 638 1142 προσιόντος
657 1095 746 1133 τινός
766 1094 973 1137 αὐξάνεσθαι
988 1097 1047 1126 καὶ
1068 1095 1229 1133 ἀπιόντος
1247 1094 1382 1139 φθίνειν.

313 1189 518 1233 Ἀναγκαῖον
553 1179 596 1221 δή
629 1182 650 1220 ἦ
682 1182 852 1228 ἀσωμάτῳ
885 1181 1092 1224 αὐξάνεσθαι
1117 1182 1138 1219 ἦ
1163 1183 1310 1227 σώματι.
1347 1182 1384 1213 Εἰ

386 1231 445 1274 μὲν
471 1227 528 1262 οὖν
555 1228 746 1272 ἀσωμάτῳ,
775 1228 873 1260 ἔσται
902 1228 1068 1273 χωριστὸν
1099 1227 1141 1260 τὸ
1164 1226 1277 1259 κενόν·
1306 1221 1385 1259 ἀδύ-

385 1286 490 1307 νατον
515 1273 554 1305 δέ
579 1271 738 1319 μεγέθους
757 1271 837 1309 ὕλην
856 1269 942 1303 εἶναι
992 1271 1154 1318 ωριστῆν,
1173 1270 1283 1316 ὥσπερ
1299 1272 1385 1313 εἴρη-

386 1330 447 1351 ται
472 1317 653 1363 πρότερον·
681 1317 710 1348 εἰ
733 1312 772 1348 δὲ
796 1315 954 1360 σώματι,
1003 1318 1041 1349 ύο
1066 1317 1100 1348 ἐν
1126 1317 1175 1357 τῷ
1201 1316 1297 1357 αὐτῷ
1323 1314 1387 1347 σώ-

386 1374 484 1406 ματα
510 1361 605 1403 τόπῳ
630 1360 744 1402 ἔσται,
768 1360 810 1392 τό
834 1372 873 1392 τε
900 1359 1086 1405 αὐξόμενον
1110 1362 1168 1391 καὶ
1193 1361 1235 1393 τό
1262 1358 1383 1400 αὐξον·

388 1407 461 1440 ἔστι
487 1402 526 1438 δὲ
547 1409 605 1438 καὶ
631 1406 739 1438 τοῦτο
766 1401 951 1437 ἀδύνατον.

388 2570 498 2601 τερον,
517 2557 540 2599 ᾦ
559 2554 781 2599 προστίθεταί
799 2566 847 2596 τι,
866 2555 934 2587 οἶον
953 2555 981 2586 εἰ
998 2554 1062 2590 τήν
1080 2555 1210 2597 κνήμην
1229 2554 1383 2596 αὖξοίνει,

389 2602 477 2639 αὕτη
504 2602 637 2644 μείζων,
656 2599 678 2641 ᾤ
696 2594 733 2632 ’δέ
760 2598 912 2641 αὐξάνει,
932 2600 952 2635 ἡ
975 2597 1096 2643 τροφή,
1117 2598 1166 2631 οὔ.
1195 2598 1257 2631 Διά
1281 2601 1315 2631 τί
1339 2595 1384 2635 δή

389 2646 444 2679 οὗν
471 2646 566 2690 ἄμφω
590 2645 759 2685 ηὔξηται;
787 2644 898 2688 μεῖζον
916 2643 980 2688 γοὶρ
1005 2645 1064 2675 καὶ
1089 2639 1118 2675 δ’
1139 2645 1197 2674 καὶ
1216 2643 1254 2684 ᾧ,
1273 2643 1383 2687 ὥσπερ

389 2690 472 2725 ὅταν
502 2689 598 2734 μίξῃς
628 2686 714 2721 οἶνον
748 2683 868 2720 ὕδατι·
908 2689 1028 2731 ὁμοίως
1060 2689 1125 2734 γάρ
1158 2688 1272 2719 πλεῖον
1306 2686 1384 2720 ἐκοί-

388 2746 496 2778 τερον.

313 2823 360 2856 ’Ὴ
385 2822 438 2856 ὅτι
463 2823 524 2855 τοῦ
550 2822 608 2866 μέν
634 2819 724 2865 μένει
748 2821 768 2857 ἡ
788 2820 901 2862 οὐσία,
921 2822 983 2853 τοῦ
1008 2815 1036 2852 δ’
1058 2819 1110 2862 οὐ,
1130 2820 1198 2852 οἷον
1223 2820 1286 2858 τῆς
1309 2831 1386 2865 τρο-

387 2869 463 2911 φῆς,
483 2867 556 2899 ἐπεὶ
579 2866 638 2897 καὶ
663 2863 815 2897 ἐνταῦθα
839 2865 881 2897 τό
903 2865 1108 2909 ἐπικρατοῦν
1124 2863 1266 2911 λέγεται
1283 2864 1317 2897 ἐν
1335 2865 1382 2907 τῇ

389 2911 487 2956 μίξει,
515 2911 582 2942 οἷον
609 2908 662 2941 ὅτι
689 2905 790 2947 οἶνος·
818 2913 910 2941 ποιεῖ
931 2909 995 2955 γαρ
1022 2909 1063 2942 τό
1089 2910 1151 2941 τοῦ
1177 2910 1265 2941 οἴνου
1286 2909 1382 2955 ἔργον

390 2954 462 2989 ἀλλ’
485 2956 522 2987 οὐ
548 2954 588 2988 τὸ
614 2953 676 2987 τοῦ
702 2949 827 2991 ὕδατος
854 2954 895 2987 τὸ
920 2953 1059 2985 σύνολον
1085 2957 1206 3000 μῖγμα.
1242 2954 1381 2998 Ὁμοίως

387 2998 424 3032 δέ
450 3001 509 3032 καὶ
534 3000 584 3032 ἐπ’
615 2998 842 3039 ἀλλοιώσεως,
869 2999 897 3030 εἱ
921 2997 1013 3042 μένει
1038 2997 1121 3040 σοὲρξ
1147 2996 1233 3030 οὖσα
1257 3000 1314 3030 καὶ
1341 2998 1382 3030 τό

387 3047 420 3077 τί
447 3045 532 3085 ἐστι,
552 3042 659 3080 ποίθος
680 3036 718 3072 δέ
737 3055 770 3076 τι
789 3042 934 3088 ύποίρχει
960 3043 1026 3075 τῶν
1050 3041 1125 3074 καθ’
1147 3041 1248 3083 αὐτό,
1269 3042 1285 3074 ὃ
1303 3041 1382 3086 πρό-

387 3100 481 3133 τερον
505 3089 569 3133 οὐχ
593 3087 681 3131 ύπῆρ
709 3099 755 3129 εν,
778 3087 967 3124 ἠλλοίωται
992 3087 1117 3119 τοῦτο·
1145 3087 1169 3128 ᾧ
1189 3081 1218 3118 δ’
1241 3086 1381 3124 ἠλλοίω-

387 3145 460 3174 ται,
481 3132 615 3176 ὁτὲμὲν
642 3132 679 3163 οὐ
707 3133 737 3165 ἐν
756 3131 935 3173 πέπονθεν,
956 3131 1015 3164 ὁτὲ
1032 3126 1070 3163 δέ
1093 3131 1241 3163 κάκεῖνο.
1274 3129 1383 3162 Ἀλλά

387 3177 428 3209 τὸ
455 3177 610 3209 ἀλλοιοῦν
634 3179 693 3208 καὶ
711 3178 731 3213 γ’)
752 3173 839 3222 ἀρχή
857 3177 919 3214 τῆς
939 3175 1099 3213 κινήσεως
1119 3176 1151 3207 ἐν
1170 3176 1218 3217 τῷ
1237 3174 1381 3216 αὐξανο·

387 3220 471 3265 μένῳ
495 3223 552 3253 καὶ
571 3221 618 3262 τῷ
639 3220 880 3264 ἀλλοιουμένῳ·
904 3221 936 3252 ἐν
955 3219 1092 3257 τούτοις
1110 3220 1175 3266 γαρ
1193 3219 1234 3252 τὸ
1255 3220 1379 3260 κινοῦν,

387 3266 460 3298 ἐπεὶ
491 3267 549 3297 καὶ
583 3265 624 3298 τὸ
649 3264 796 3298 εἰσελθὸν
821 3264 946 3311 γένοιτ’
978 3265 1016 3297 ἄν
1043 3275 1129 3297 ποτε
1161 3264 1296 3308 μεῖζον,
1322 3266 1380 3295 καὶ

387 3309 428 3342 τὸ
455 3310 654 3342 ἀπολαῦσαν
682 3308 790 3342 αὐτοῦ
808 3311 920 3354 σῶμα,
940 3310 1006 3341 οἷον
1028 3309 1056 3340 εἰ
1082 3307 1228 3340 εἰσελθὸν
1245 3307 1380 3354 γένοιτο

388 3355 531 3397 πνεῦμα.
567 3352 658 3384 Ἀλλ’
688 3354 851 3398 ἔφθαρταί
883 3366 921 3400 γε
957 3354 1065 3387 τοῦτο
1098 3351 1226 3394 παθόν,
1252 3353 1310 3384 καὶ
1340 3352 1381 3384 τό

387 3399 496 3430 κινοῦν
522 3398 581 3430 οὐκ
607 3396 639 3430 έν
665 3398 790 3439 τούτῳ.

1504 933 1523 952 a
1545 922 1722 963 principio,
1747 924 1840 966 quali¹
1863 924 1971 966 aliquo
1995 932 2066 957 ente
2089 925 2286 966 augmentari
2310 932 2341 957 et
2364 925 2507 956 deminui

1505 976 1614 996 causas
1637 977 1837 1007 quaeramus.

1437 1009 1570 1041 Videtur
1591 1010 1699 1051 itaque
1722 1011 1790 1042 eius
1813 1012 1903 1052 quod
1922 1019 2055 1053 augetur
2077 1023 2300 1055 quaecumque
2322 1023 2394 1054 pars
2416 1020 2509 1044 aucta

1505 1064 1587 1093 esse,
1604 1055 1746 1086 similiter
1768 1062 1877 1086 autem
1899 1063 1931 1087 et
1952 1057 1987 1087 in
2010 1057 2228 1088 deminutione
2246 1057 2353 1088 minor
2373 1067 2440 1088 esse
2455 1067 2508 1098 ge-

1504 1106 1628 1130 nerata:
1652 1099 1790 1140 amplius
1813 1107 1937 1140 autem,
1961 1101 2146 1132 adveniente
2169 1101 2278 1143 aliquo
2299 1101 2508 1142 augmentari,

1505 1150 1535 1174 et
1558 1144 1722 1175 recedente
1746 1144 1900 1175 deminui.

1436 1187 1571 1218 Necesse
1587 1195 1695 1219 autem
1714 1188 1911 1228 augmentari
1927 1195 1982 1220 aut
1997 1189 2188 1229 incorporeo
2211 1195 2267 1220 aut
2283 1198 2449 1229 corporeo.
2473 1188 2507 1219 Si

1505 1232 1637 1273 quidem
1645 1231 1744 1272 ‘igitur
1753 1232 1955 1273 incorporeo,
1963 1233 2020 1264 erit
2031 1239 2212 1273 separatum
2222 1233 2312 1274 quod
2320 1239 2508 1263 commune:

1504 1276 1701 1317 impossibile
1717 1283 1764 1307 est
1783 1283 1891 1307 autern
1914 1277 2079 1308 materiam
2095 1287 2112 1307 a
2127 1276 2347 1317 magnitudine
2370 1286 2437 1308 esse
2460 1285 2508 1307 se-

1437 877 1455 896 *
1474 878 1719 919 Suscipiendum
1738 879 1846 921 itaque
1868 881 1980 921 magis,
1995 881 2086 923 quasi
2101 888 2264 922 tangentes
2287 881 2509 922 quaestionem
2535 884 2547 896 ⁸
2561 883 2617 912 seq.
2631 889 2683 913 σψ-
2696 889 2720 906 v·

2535 910 2606 933 Text.
2615 915 2648 938 3²·

1505 1327 1667 1361 paratam,
1691 1321 1968 1361 quemadmodum
1996 1321 2118 1352 dictum
2147 1327 2195 1352 est
2221 1321 2320 1362 prius.
2345 1321 2379 1352 Si
2401 1326 2510 1352 autem
2543 1338 2546 1341 Δ

1506 1375 1673 1405 corporeo,
1698 1365 1763 1396 duo
1782 1365 1815 1395 in
1840 1365 1955 1396 eodem
1977 1365 2051 1396 loco
2076 1375 2211 1406 corpora
2233 1371 2340 1404 erunt,
2365 1371 2396 1396 et
2418 1364 2509 1406 quod

1506 1416 1639 1449 augetur
1662 1416 1693 1440 et
1711 1409 1800 1450 quod
1823 1416 1936 1449 auget:
1961 1416 2007 1440 est
2029 1417 2138 1440 autern
2161 1416 2192 1440 et
2214 1409 2276 1440 hoc
2298 1407 2507 1450 impossibile.

1505 2557 1556 2588 cui
1579 2557 1752 2598 apponitur
1774 2556 1905 2598 aliquid,
1929 2563 1984 2587 aut
2007 2557 2096 2598 quod
2119 2555 2302 2597 apponitur.
2319 2555 2414 2587 Verbi
2437 2564 2506 2596 gra-

1504 2601 1558 2640 tia,
1575 2601 1600 2632 si
1623 2611 1694 2632 crus
1717 2601 1807 2642 quod
1831 2607 1974 2641 augetur,
1997 2601 2060 2632 hoc
2081 2600 2118 2632 fit
2139 2600 2263 2639 maius,
2286 2599 2376 2641 quod
2399 2606 2508 2630 autem

1506 2652 1610 2686 auget,
1627 2645 1725 2684 cibus,
1745 2643 1832 2676 non?
1851 2646 1957 2683 Quare
1980 2645 2075 2686 igitur
2098 2655 2164 2676 non
2187 2645 2284 2675 ambo
2301 2650 2393 2675 aucta
2411 2641 2507 2675 sunt?

1505 2689 1608 2720 Maius
1632 2689 1718 2721 enim
1741 2690 1830 2732 quod
1853 2689 2026 2730 apponitur
2049 2696 2079 2720 et
2102 2689 2164 2728 cui,
2181 2688 2458 2730 quemadmodum
2477 2694 2508 2720 et

1504 2734 1634 2775 quando
1665 2734 1777 2765 misces
1810 2733 1923 2765 vinum
1955 2741 2075 2774 aquae:
2108 2733 2251 2764 similiter
2284 2732 2370 2763 enirn
2403 2731 2508 2764 maius

1504 2785 1686 2820 utrumque.

1437 2825 1504 2854 Aut
1525 2823 1681 2864 quoniam
1699 2822 1794 2853 huius
1810 2822 1942 2863 quidem
1964 2828 2072 2853 manet
2087 2821 2272 2859 substantia,
2288 2821 2384 2852 huius
2398 2826 2508 2852 autem

1503 2877 1588 2907 non,
1604 2866 1691 2898 verbi
1705 2866 1814 2907 gratia,
1830 2866 1906 2897 cibi:
1922 2865 2077 2907 quoniam
2094 2873 2124 2897 et
2138 2865 2191 2897 hic
2207 2865 2376 2896 dominans
2393 2864 2507 2896 dicitur

1502 2911 1535 2942 in
1559 2911 1722 2950 mixtione,
1747 2918 1783 2942 ut
1805 2911 1960 2952 quoniam
1978 2910 2108 2949 vinum,
2132 2909 2207 2941 facit
2229 2909 2314 2940 enim
2329 2908 2395 2939 vini
2410 2918 2506 2950 opus,

1503 2956 1557 2987 sed
1577 2966 1642 2986 non
1667 2965 1784 2997 aquae,
1808 2955 1952 2986 universa
1975 2955 2120 2986 mixtura.
2149 2953 2298 2985 Similiter
2321 2959 2352 2984 et
2374 2953 2407 2984 in
2431 2953 2506 2984 alte-

1502 3000 1642 3038 ratione,
1666 3000 1692 3030 si
1720 3006 1827 3030 manet
1855 3009 1927 3030 caro
1957 3009 2012 3029 ens
2037 3005 2068 3030 et
2090 2998 2180 3039 quod
2207 2997 2284 3039 quid
2312 3004 2374 3036 est,
2399 2996 2506 3038 passio

1502 3051 1610 3075 autem
1633 3043 1738 3084 aliqua
1760 3043 1842 3074 inest
1869 3053 1982 3074 eorum
2005 3052 2086 3084 quae
2111 3042 2289 3073 secundum
2311 3051 2344 3073 se
2363 3041 2505 3072 acciden-

1502 3088 1599 3127 tium,
1623 3097 1706 3129 quae
1729 3087 1816 3128 prius
1840 3097 1907 3118 non
1930 3086 2046 3126 inerat,
2071 3086 2238 3118 alteratum
2261 3092 2308 3117 est
2330 3086 2402 3117 hoc.
2428 3085 2506 3124 Quo

1502 3139 1610 3163 autern
1633 3132 1799 3163 alteratum
1823 3138 1879 3170 est,
1895 3131 1958 3162 hoc
1980 3131 2175 3172 quandoque
2193 3130 2325 3172 quidem
2339 3129 2419 3160 nihil
2434 3140 2507 3171 pas·

1501 3186 1574 3207 sum
1589 3182 1646 3214 est,
1662 3186 1766 3217 neque
1781 3175 1907 3206 alterata
1922 3181 1968 3206 est
1984 3175 2170 3206 substantia:
2188 3174 2382 3216 quandoque
2397 3181 2506 3205 autem

1502 3228 1532 3252 et
1555 3220 1643 3251 illud.
1670 3220 1732 3251 Sed
1754 3220 1887 3252 alterans
1910 3226 1941 3250 et
1963 3219 2157 3260 principium
2174 3225 2282 3250 motus
2298 3219 2331 3249 in
2351 3228 2390 3249 eo
2414 3218 2506 3260 quod

1501 3271 1723 3303 augmentatur
1746 3270 1776 3295 et
1795 3264 1951 3295 alteratur.
1977 3264 2012 3294 ln
2027 3263 2076 3294 his
2095 3263 2181 3294 enim
2196 3270 2242 3294 est
2257 3270 2406 3294 movens:
2421 3272 2504 3304 quo-

1502 3309 1589 3339 niam
1603 3315 1634 3339 et
1649 3308 1825 3349 ingrediens
1837 3315 2037 3348 generaretur
2052 3308 2163 3349 utique
2179 3307 2291 3347 magis,
2303 3314 2334 3338 et
2348 3306 2505 3347 accipiens

1502 3353 1581 3384 illud
1605 3363 1740 3393 corpus,
1759 3352 1845 3383 verbi
1868 3352 1975 3393 gratia,
1992 3352 2018 3383 si
2032 3351 2210 3392 ingrediens
2232 3350 2287 3382 fiat
2309 3351 2420 3392 utique
2441 3350 2505 3391 spi-

1502 3397 1590 3428 ritus.
1615 3397 1676 3428 Sed
1700 3396 1914 3437 corrumpitur
1936 3396 1998 3428 hoc
2021 3396 2154 3437 patiens,
2172 3402 2202 3426 et
2224 3405 2357 3426 movens
2375 3405 2443 3426 non
2458 3401 2505 3426 est

1503 3441 1536 3472 in
1559 3441 1630 3472 hoc.

312 1451 423 1488 Ἀλλὰ
446 1450 511 1494 μῆν
539 1445 609 1482 Οὐδ’
639 1448 745 1487 Οὕτως
779 1445 853 1481 &⁹35-
881 1460 958 1481 ἔται
988 1448 1100 1495 λέγειν
1134 1447 1285 1494 γίνεσθαι
1319 1446 1384 1484 τήν
1438 1452 1456 1472 *
1471 1453 1533 1484 Sed
1556 1463 1614 1484 nec
1630 1453 1673 1484 sic
1690 1452 1844 1493 contingit
1864 1453 1931 1484 fieri
1950 1464 1986 1484 ac
2001 1453 2139 1495 generari
2161 1453 2262 1484 dicere
2278 1451 2509 1493 augmentatio·
2535 1453 2677 1484 'Tm-3³·

388 1496 526 1537 αὔξησιν
550 1497 607 1526 καὶ
633 1493 697 1530 τήν
723 1492 843 1538 φθίσιν,
862 1492 971 1538 ὥσπερ
992 1492 1075 1525 ὅταν
1101 1492 1136 1533 ἐξ
1155 1487 1281 1530 ὕδατος
1301 1491 1384 1536 ἀήρ·
1506 1507 1581 1527 nem
1605 1503 1636 1528 et
1658 1497 1931 1537 deminutionem,
1952 1504 1988 1529 ut
2010 1497 2141 1539 quando
2165 1507 2203 1528 ex
2225 1507 2310 1538 aqua
2336 1504 2408 1528 aer:
2432 1503 2510 1528 tune

387 1539 472 1572 τότε
496 1539 561 1585 γοὶρ
594 1538 713 1582 μείζων
735 1539 751 1570 6
778 1538 876 1584 ὄγκος
900 1537 1056 1584 γέγονεν·
1085 1537 1122 1568 Θῦ
1147 1536 1212 1581 γὰρ
1245 1536 1384 1577 αὔξησις
1507 1542 1593 1572 enim
1608 1541 1711 1572 maior
1733 1542 1835 1572 moles
1857 1548 2003 1582 generata
2026 1548 2082 1573 est.
2098 1542 2174 1572 Non
2190 1542 2277 1572 enim
2292 1540 2510 1582 augmentatio

387 1585 494 1617 τοῦτο
522 1582 613 1615 ἀλλὰ
636 1581 763 1627 γένεσις
789 1582 848 1626 μὲν
866 1583 929 1614 τοῦ
951 1582 996 1620 εἰς
1022 1582 1038 1613 ὅ
1063 1580 1251 1625 μετέβαλεν
1271 1580 1384 1620 ἔσται,
1506 1585 1595 1625 haec,
1618 1586 1674 1616 sed
1697 1586 1856 1626 generatio
1880 1586 2012 1627 quidem
2027 1586 2095 1617 eius
2118 1586 2151 1616 in
2170 1586 2260 1627 quod
2281 1591 2510 1617 transmutatur

387 1627 494 1672 φθοραὶ
516 1623 555 1659 δὲ
579 1627 642 1659 τοῦ
668 1626 844 1658 ἐναντίου·
872 1626 1012 1667 αὔξησις
1036 1620 1074 1657 δὲ
1095 1622 1287 1670 Θῦδετέρου,
1309 1624 1384 1657 ἀλλ’
1506 1630 1574 1669 erit,
1591 1630 1754 1670 corruptio
1769 1637 1877 1661 autem
1891 1630 2055 1661 contrarii:
2073 1630 2289 1670 augmentatio
2305 1636 2414 1660 autem
2429 1639 2509 1661 neu-

388 1671 409 1709 ἦ
435 1668 569 1708 οὕδενός
595 1671 616 1707 ἦ
642 1672 671 1702 εἴ
696 1682 729 1702 τι
754 1670 863 1702 κοινὸν
891 1671 1012 1715 ἀμφοῖν
1039 1669 1197 1714 ὑπάρχει,
1223 1670 1271 1710 τῷ
1295 1681 1387 1724 ἷινο-
1506 1674 1600 1713 trius,
1620 1675 1675 1705 sed
1698 1681 1753 1705 aut
1775 1674 1907 1714 nullius,
1927 1681 1992 1714 aut,
2018 1674 2044 1704 si
2065 1674 2187 1715 aliquid
2202 1683 2375 1705 commune
2398 1673 2509 1705 ambo-

388 1715 472 1760 μένῳ
490 1718 560 1747 καὶ
586 1716 634 1757 τῷ
659 1714 839 1760 φθαρέντι,
867 1715 935 1746 οἷον
968 1715 996 1746 εἰ
1021 1715 1130 1758 σῶμα.
1169 1714 1214 1745 Τό
1239 1709 1269 1745 δ’
1300 1710 1386 1756 υδωρ
1506 1728 1579 1749 rum
1595 1718 1707 1756 existit,
1725 1718 1792 1749 eius
1815 1719 1906 1759 quod
1928 1725 2094 1758 generatur
2117 1725 2148 1750 et
2170 1718 2238 1749 eius
2260 1718 2350 1759 quod
2366 1727 2508 1749 corrum-

388 1758 448 1793 οὗκ
471 1759 615 1800 ηὕξεται
642 1754 710 1790 Οὐδ’
738 1760 754 1791 ὁ
782 1758 865 1803 ἄῆρ,
894 1759 983 1791 ἀλλά
1008 1758 1049 1791 τὸ
1074 1758 1132 1802 μὲν
1161 1757 1319 1791 ἀπόλωλε
1345 1757 1386 1790 τὰ
1506 1763 1609 1804 pitur‚
1638 1762 1726 1793 verbi
1748 1762 1846 1802 gratia
1875 1762 1901 1793 si
1925 1772 2051 1803 corpus.
2077 1764 2173 1803 Aqua
2195 1768 2304 1793 autem
2326 1771 2394 1793 non
2416 1767 2509 1793 auem

389 1801 427 1837 δὲ
451 1805 607 1851 γέγονεν·
634 1803 675 1835 ‘td
694 1805 791 1847 σῶμα
807 1799 859 1844 δέ,
878 1806 983 1846 Εἴπερ,
1001 1802 1165 1843 ηὔξηται.
1195 1802 1305 1834 Ἀλλοὶ
1327 1804 1385 1834 καὶ
1506 1813 1553 1837 est
1582 1816 1687 1848 neque
1717 1816 1785 1845 aer,
1810 1806 1865 1836 sed
1893 1806 1956 1837 hoc
1988 1806 2120 1847 quidem
2139 1806 2288 1846 deperiit,
2314 1806 2376 1837 hoc
2400 1812 2509 1837 autem

390 1850 486 1882 τοῦτ’
515 1843 699 1881 ἀδύνατον.
735 1849 791 1879 Δεῖ
813 1847 878 1894 γαρ
903 1846 1018 1890 σώζειν
1037 1847 1084 1887 τῷ
1104 1846 1193 1893 λόγῳ
1213 1846 1261 1879 τοὶ
1281 1845 1388 1891 ύπσίρ-
1505 1858 1691 1891 generatum
1714 1856 1776 1881 est:
1801 1860 1917 1891 corpus
1941 1857 2059 1890 autem,
2083 1851 2110 1881 si
2128 1850 2207 1891 quid
2223 1857 2355 1881 auctum
2369 1856 2426 1881 est.
2445 1849 2510 1881 Sed

388 1905 499 1938 χοντα
523 1893 572 1934 τῷ
598 1891 814 1934 αὐξανομένῳ
838 1894 896 1923 καὶ
920 1891 1081 1936 φθίνοντι.
1113 1892 1235 1923 Ταῦτα
1253 1886 1290 1922 δὲ
1308 1893 1386 1935 τρία
1507 1902 1537 1926 et
1559 1895 1622 1926 hoc
1645 1894 1852 1935 impossibile.
1877 1894 2013 1935 Oportet
2036 1894 2123 1925 enim
2146 1894 2265 1925 salvare
2294 1893 2417 1925 ratione
2445 1893 2508 1924 exi-

390 1938 496 1978 ἐστίν,
515 1936 557 1968 ὦν
584 1937 616 1968 ἓν
635 1935 694 1980 μέν
721 1936 794 1968 ἐστι
824 1936 865 1968 τό
892 1937 1006 1968 ὁτιοῦν
1031 1934 1128 1980 μέρος
1147 1936 1260 1980 μεῖζον
1278 1938 1386 1981 γίγνε-
1507 1939 1620 1970 stentia
1642 1939 1710 1969 eius
1733 1938 1823 1979 quod
1846 1945 1979 1979 augetur
2002 1945 2033 1970 et
2056 1938 2260 1970 deminuitur.
2289 1938 2378 1969 Haec
2400 1943 2510 1968 autem

389 1980 467 2014 σθαι
491 1982 554 2015 τοῦ
581 1980 812 2022 αὐξανομένου
845 1979 1027 2027 μεγέθους,
1055 1980 1122 2011 οἷον
1155 1980 1183 2011 εἱ
1211 1979 1295 2024 σάρξ
1323 1980 1385 2017 τῆς
1506 1983 1564 2014 tria
1592 1990 1675 2014 sunt.
1702 1983 1852 2020 Quorum
1882 1993 1986 2014 unum
2019 1989 2084 2022 est,
2114 1991 2354 2024 quamcumque
2386 1987 2510 2023 partem

390 2026 527 2070 σαρκός,
546 2027 603 2057 καὶ
630 2024 827 2067 προσιόντθς
852 2024 957 2066 τινός,
975 2026 1033 2056 καὶ
1056 2026 1170 2068 τρίτον
1195 2023 1386 2068 σωζομένου
1506 2027 1662 2058 maiorem
1685 2037 1752 2058 esse
1780 2026 1848 2057 eius
1877 2027 1966 2068 quod
1990 2033 2124 2067 augetur
2150 2025 2392 2067 magnitudinis,
2421 2024 2509 2057 verbi

389 2072 452 2103 τοῦ
478 2069 709 2113 αὐξανομένου
733 2070 792 2101 καὶ
820 2069 1066 2113 ὑπομένοντος·
1103 2069 1135 2100 ὲν
1161 2067 1220 2112 μέν
1246 2069 1310 2114 γάρ
1337 2070 1389 2109 τῷ
1506 2071 1604 2113 gratia
1619 2071 1644 2102 si
1662 2081 1746 2110 caro,
1771 2071 1889 2110 carnis;
1906 2078 1936 2102 et
1951 2071 2137 2102 adveniente
2161 2071 2291 2112 aliquo;
2315 2076 2346 2101 et
2368 2069 2509 2110 tertium,

412 2115 560 2162 ίγνεσθαί
587 2125 621 2146 τι
647 2114 761 2151 ἁπλῶς
785 2111 807 2150 ἢ
831 2111 1018 2158 φθείρεσθαι
1049 2109 1115 2187 οὑξ
1145 2114 1324 2157 ὑπομένει,
1351 2113 1385 2145 ἐν
1506 2123 1542 2147 ut
1571 2116 1707 2146 salvetur
1730 2121 1761 2146 et
1783 2122 1967 2156 permaneat
1988 2115 2022 2146 id
2045 2115 2135 2157 quod
2157 2121 2300 2156 augetur.
2317 2114 2404 2146 Cum
2422 2113 2510 2145 enim

388 2126 426 2193 Ξὲ
451 2160 499 2201 τῷ
522 2156 740 2192 ἀλλοιοῦσθαι
757 2155 778 2194 ’ἢ
797 2156 1003 2197 αὐξάνεσθαι
1030 2155 1051 2193 ἦ
1075 2167 1095 2200 φ
1120 2159 1197 2188 ίνειν
1225 2156 1385 2200 ὑπομένει
1505 2166 1672 2200 generatur
1687 2159 1808 2200 aliquid
1823 2159 2006 2200 simpliciter
2024 2166 2079 2191 aut
2102 2159 2328 2200 corrumpitur,
2351 2167 2420 2189 non
2442 2167 2510 2198 mas

389 2204 429 2237 τὸ
455 2202 543 2236 αὐτὸ
568 2202 609 2234 τὸ
636 2200 863 2246 αὐξανόμενον
886 2200 908 2238 ἢ
927 2199 1183 2244 ἀλλοιούμενον·
1212 2200 1282 2233 ἀλλ’
1305 2200 1384 2233 ἔνθα
1505 2210 1575 2235 net:
1605 2204 1694 2245 quod
1717 2210 1825 2234 autem
1848 2204 1997 2235 alteratur
2019 2210 2075 2235 aut
2104 2210 2238 2244 augetur
2259 2209 2315 2234 aut
2337 2202 2509 2242 minuitur,

388 2248 447 2294 μὲν
472 2247 513 2280 τό
539 2246 645 2283 πάθος
672 2245 750 2277 ἔνθα
774 2241 812 2277 δὲ
837 2245 877 2278 τὸ
895 2245 1035 2292 μέγεθος
1055 2245 1096 2276 τὸ
1115 2245 1203 2278 αὐτὸ
1221 2246 1259 2277 οὐ
1278 2245 1381 2289 μένει.
1505 2255 1612 2279 manet
1635 2248 1732 2286 idem,
1756 2248 1811 2278 sed
1826 2254 1932 2279 tamen
1955 2248 2007 2279 hic
2029 2248 2160 2290 quidem
2183 2247 2304 2289 passio,
2327 2246 2379 2278 hic
2401 2253 2510 2278 autem

386 2294 424 2324 Εἱ
449 2288 491 2328 δή
519 2291 617 2323 ἔσται
643 2290 662 2326 ’ἦ
688 2289 841 2334 εἰρημένη
877 2290 1034 2331 αὔξησις,
1063 2284 1226 2334 ἐνδέχοιτ’
1259 2288 1298 2322 ἂν
1324 2301 1385 2333 μη·
1505 2292 1692 2332 magnitudo
1716 2302 1783 2323 non
1802 2299 1910 2324 manet
1932 2293 2054 2324 eadem.
2085 2292 2117 2324 Si
2140 2292 2247 2334 itaque
2270 2291 2328 2322 erit
2350 2290 2510 2332 praedicta

387 2332 481 2374 δενός
504 2348 543 2381 γε
569 2333 767 2379 προσιόντος
792 2329 878 2378 μηδὲ
913 2333 1141 2378 ὑπομένοντος
1176 2332 1384 2374 αὐξάνεσθαι
1505 2336 1733 2377 augmentatio,
1751 2337 1913 2377 continget
1928 2337 2018 2368 nullo
2035 2336 2222 2368 adveniente
2236 2335 2354 2376 augeri,
2371 2341 2403 2366 et
2417 2333 2508 2366 nullo

387 2382 446 2412 καὶ
471 2376 611 2424 μηδενὸς
634 2377 794 2416 ἀπιόντος
819 2378 938 2421 φθίνειν
971 2380 1028 2410 καὶ
1061 2377 1108 2422 μή
1138 2378 1316 2422 ὑπομένειν
1342 2378 1384 2410 τὸ
1505 2381 1668 2412 recedente
1692 2381 1846 2420 deminui,
1871 2387 1902 2412 et
1924 2391 1991 2412 non
2014 2391 2142 2412 manere
2166 2381 2256 2422 quod
2280 2386 2422 2420 augetur.
2445 2378 2509 2410 Sed

389 2424 631 2469 αὐξανόμενον.
667 2421 776 2454 Ἀλλοὶ
808 2417 860 2454 δεῖ
891 2423 998 2455 τοῦτο
1033 2421 1148 2465 σώζειν
1159 2433 1167 2442 ·
1204 2421 1384 2456 ὑπόκειται
1505 2432 1632 2466 oportet
1649 2425 1712 2456 hoc
1728 2425 1862 2455 salvare:
1879 2425 2019 2456 subiecta
2034 2425 2120 2456 enim
2132 2431 2179 2456 est
2192 2423 2410 2465 augmentatio
2426 2422 2507 2455 talis.

388 2470 452 2523 γὰρ
478 2470 498 2506 ’ἦ
525 2468 661 2509 αὔξησις
688 2467 861 2499 τοιοῦτον.

316 2516 514 2559 Ἀπορησειε
539 2508 567 2544 δ’
598 2513 636 2544 ἄν
663 2522 713 2548 τις
737 2513 796 2543 καὶ
822 2513 854 2543 τί
881 2511 954 2543 ἐστι
980 2509 1022 2542 τὸ
1048 2507 1296 2553 αὐξανόμενον,
1324 2510 1385 2543 πό·
1436 2513 1453 2533 *
1470 2514 1609 2551 Quaeret
1632 2519 1739 2544 autem
1762 2512 1876 2554 aliquis
1899 2519 1930 2543 et
1951 2512 2030 2554 quid
2053 2519 2100 2543 est
2122 2512 2212 2553 quod
2235 2518 2378 2552 augetur,
2398 2517 2508 2542 utrum
2534 2513 2686 2544 ''st-1¹4⁴—

382 3537 521 3566 SYNopsrs
537 3554 570 3559 -
593 3548 615 3566 1.
630 3539 842 3576 Argumentum
857 3545 958 3567 textus.
980 3539 1027 3567 Ad
1046 3538 1284 3567 manifestandam
1299 3544 1383 3566 natu·
1437 3545 1464 3566 2.
1481 3539 1563 3566 Duae
1585 3537 1808 3574 suppositiones.
1830 3538 1859 3573 α)
1874 3536 1943 3565 Eius
1958 3537 2038 3574 quod
2052 3545 2104 3573 per
2117 3545 2148 3565 se
2162 3542 2190 3565 et
2204 3535 2371 3573 simpliciter
2383 3541 2504 3572 augetur

322 3585 384 3605 ram
398 3577 542 3614 augmenti
557 3584 584 3606 et
598 3578 812 3613 deminutionis,
827 3578 980 3615 praecipue
995 3578 1224 3615 investigandum
1240 3584 1282 3606 est
1297 3578 1382 3615 quale
1435 3577 1479 3606 vel
1490 3577 1674 3612 deminuitur,
1684 3576 1827 3614 quaelibet
1839 3586 1905 3613 pars
1912 3576 2024 3605 videtur
2034 3575 2094 3604 fieri
2105 3575 2198 3604 maior
2204 3576 2249 3604 vel
2256 3575 2361 3604 minor.
2370 3575 2398 3610 b)
2407 3575 2504 3603 Omne

323 3615 359 3644 sit
379 3616 447 3644 illud
469 3626 527 3653 quo
548 3617 655 3654 aliquid
673 3624 792 3655 augetur
812 3618 857 3646 vel
878 3617 1063 3646 deminuitur.
1078 3634 1097 3638 —
1111 3619 1218 3646 Textus
1239 3617 1350 3646 divisio.
1363 3634 1382 3640 -
1436 3618 1516 3655 quod
1537 3623 1657 3654 augetur
1677 3616 1721 3645 vel
1742 3616 1891 3652 minuitur,
1913 3622 2033 3653 augetur
2047 3616 2090 3644 vel
2109 3615 2248 3644 minuitur
2268 3613 2438 3644 adveniente
2458 3613 2504 3642 vel
