2690 4062
1042 255 1153 292 CAP.
1184 256 1237 303 x,
1267 255 1419 293 LECT.
1449 256 1557 293 xxv

2336 269 2396 294 XXI

772 539 1075 596 LEcT10
1113 495 1823 620 VIGESIMAQUINTA

227 700 346 732 DUAE
370 699 599 732 OPINIONES
624 699 682 730 DE
705 698 836 731 MODO
860 699 1084 731 MIXTIONIS
1107 700 1407 733 REFUTANTUR
1430 720 1448 725 -
1472 703 1820 736 DETERMINATUR
1842 704 2026 742 QUANDO
2049 705 2108 736 ET
2131 705 2189 736 EX
2213 705 2369 743 QUIBUS

571 760 672 791 FIAT
695 760 870 799 MIXTIO,
893 760 952 791 ET
977 761 1096 798 QUAE
1119 760 1315 792 FACILIUS
1339 762 1458 799 QUAE
1481 762 1732 795 DlFFIClLIUS
1755 764 2036 797 MISCEANTUR

205 911 248 943 τὸ
272 904 312 942 δὲ
336 910 473 955 συνεχὲς
498 908 637 946 τούτοις
663 907 825 953 ἀπόρημα
849 903 1053 953 διαιρετέον,
1080 908 1225 963 πότερον
1251 909 1272 945 ἡ
1327 909 1343 927 *
1367 911 1563 943 Continuam
1594 920 1701 943 autem
1732 914 1780 944 his
1807 915 2028 955 quaestionem
2059 917 2254 956 dicendum,
2284 924 2394 949 utrum
2422 924 2430 933 ·
2446 923 2501 951 Seq.
2516 929 2567 951 cap.
2583 930 2607 946 x.

273 952 359 999 μῖξις
385 955 465 998 πρός
491 954 556 990 τήν
582 952 735 990 αἴσθησιν
761 955 795 984 τί
820 952 925 985 ἐστιν.
954 951 1062 984 Ὅταν
1079 954 1144 998 γοὶρ
1164 951 1273 991 ου’τως

273 999 318 1037 εἰς
344 999 446 1042 μικροὶ
469 993 622 1041 διαιρεθῇ
649 999 698 1030 τοὶ
720 996 922 1043 μιγνύμενα,
939 999 997 1029 καὶ
1017 995 1100 1040 τεθῄ
1119 998 1195 1042 παρ’
1219 998 1274 1030 ἄλ-

269 1044 361 1081 ληλα
386 1042 514 1075 τοῦτον
547 1043 608 1074 *cdv
633 1041 760 1087 τρόπον
788 1039 879 1073 ὥστε
912 1042 959 1086 μή
991 1037 1096 1078 δῆλον
1125 1041 1273 1074 ἕκαστον

272 1084 360 1120 εἶναι
385 1087 430 1129 τῇ
458 1085 629 1128 αἰσθήσει,
656 1086 740 1118 τότε
770 1085 932 1130 μέμικται

205 1129 228 1169 ἦ
253 1132 306 1174 οὗ,
334 1130 407 1164 ἀλλ’
434 1130 527 1163 ἔστιν
547 1129 638 1163 ὥστε
663 1130 780 1163 ὁτιοῦν
805 1141 856 1162 πα
875 1130 883 1142 ’
912 1130 1029 1162 ὁτιοῦν
1054 1126 1140 1162 εἶναι
1161 1129 1274 1174 μόριον

273 1177 341 1209 τῶν
359 1173 567 1221 μιχθέντων,
591 1174 735 1221 λέγεται
753 1175 812 1218 μὲν
833 1185 891 1206 ουν
908 1174 1054 1215 ἐκείνως,
1074 1173 1144 1206 οῐόν
1159 1174 1274 1219 κριθαὶς

244 1219 592 1266 -μμεμΐχθαιπυροϊς,
613 1218 701 1252 ὅταν
726 1218 868 1256 ’ἡτισοῦν
893 1217 970 1261 παρ’
994 1218 1150 1251 ὁντινοῦν
1175 1218 1271 1262 τεθῇ.

203 1309 244 1341 R
267 1306 300 1342 δ’
327 1310 401 1342 ἐστὶ
428 1308 498 1340 πᾶν
526 1309 625 1353 σῶμα
652 1303 845 1352 διαιρετόν,
872 1307 964 1350 εἴπερ
988 1307 1046 1338 καὶ
1071 1306 1145 1338 ἔστι
1177 1308 1275 1352 σῶμα

272 1353 407 1399 σώματι
432 1354 553 1397 μικτὸν
577 1350 784 1397 ὁμοιομερές,
803 1350 921 1383 ὁτιοῦν
947 1349 988 1382 ἂν
1012 1345 1084 1383 δέοι
1109 1350 1205 1396 μέρος
1224 1354 1276 1398 γί-

272 1397 388 1431 νεσθαι
413 1397 490 1441 παρ’
521 1398 649 1430 ὁτιοῦν.
681 1397 779 1427 Ἐπεὶ
804 1393 834 1426 δ’
855 1395 915 1428 οὐκ
939 1394 1034 1426 ἔστιν
1059 1395 1105 1434 εἷς
1130 1393 1223 1428 ταλαί
1249 1408 1276 1427 ι-

271 1454 342 1476 στα
359 1438 583 1484 διαιρεθῆναι,
603 1440 685 1474 οὔτε
702 1438 852 1476 σύνθεσις
873 1439 987 1471 ταῦτὸ
1010 1441 1069 1471 καὶ
1092 1439 1178 1484 μῖξις
1198 1440 1221 1473 ἀ
1241 1441 1271 1472 λ’

217 1487 219 1489 ’
271 1486 402 1532 ἕτερον,
421 1483 525 1523 δῆλον
548 1487 592 1522 ὠς
618 1484 698 1518 οὔτε
723 1485 820 1516 καταὶ
843 1484 946 1527 μικραὶ
964 1482 1141 1528 σωζόμενα
1159 1481 1213 1517 δεῖ
1228 1486 1276 1517 ταὶ

271 1530 463 1578 μιγνύμενα
485 1529 592 1576 φάναι
616 1527 796 1575 μεμῖχθαι·
823 1526 973 1565 σύνθεσις
997 1529 1063 1586 γάρ
1090 1527 1190 1561 ἔσται
1213 1531 1272 1561 καὶ

271 1576 312 1610 οὗ
335 1576 452 1620 κρᾶσις
477 1569 557 1607 οὐδὲ
582 1574 683 1618 μῖξις,
702 1567 773 1606 οὐδ’
792 1571 862 1613 ε”ξει
887 1573 948 1605 τὸν
974 1573 1082 1606 αυτὸν
1100 1571 1204 1620 λόγον
1225 1574 1273 1614 τῷ

270 1619 338 1662 ὅλῳ
362 1621 405 1652 τὸ
430 1618 556 1665 μόριον.
587 1619 643 1651 Φα
670 1619 705 1650 ε“ν
729 1612 776 1659 δ’,
794 1618 887 1672 εἴπερ
909 1613 963 1648 δεῖ
977 1615 1138 1664 μεμῖχθαί
1165 1629 1212 1659 τι,
1232 1619 1273 1651 τὸ

215 1676 227 1707 ss
272 1675 309 1710 μι
334 1663 390 1696 θεν
414 1663 609 1708 ὁμοιομερές
634 1628 740 1704 eti-vau,
766 1663 824 1694 καὶ
849 1672 962 1705 ωσπερ
988 1661 1052 1694 τοῦ
1079 1656 1208 1700 ὕδατος
1233 1663 1274 1694 τὸ

272 1720 296 1754 μ
316 1719 371 1753 ρος
389 1704 457 1740 ὕδω
479 1731 489 1749 ,
509 1705 600 1739 οὕτω
620 1709 678 1739 καὶ
697 1706 761 1740 τοῦ
785 1704 980 1750 κραθέντος.
1006 1705 1068 1737 ''Av
1085 1705 1115 1737 δ’
1137 1704 1159 1749 ’ἦ
1178 1708 1275 1739 κατοὶ

272 1753 375 1799 μικραὶ
397 1751 458 1785 σύν
481 1763 548 1788 εσις
573 1752 594 1788 η’
620 1750 727 1796 μῖξις,
754 1748 850 1784 οὐθὲν
875 1749 1091 1794 συμβήσεται
1116 1749 1272 1792 τούτων,

212 1808 217 1811 ”
252 1798 363 1831 ’ἀλλὰ
386 1796 489 1842 μόνον
513 1795 706 1843 μεμιγμένα
731 1796 811 1840 πρὸς
836 1796 902 1832 τῆν
928 1793 1100 1832 αἴσθησιν·

201 1889 263 1919 καὶ
288 1886 329 1918 τὸ
355 1885 444 1919 αὐτὸ
463 1885 511 1927 τῷ
533 1887 593 1930 μὲν
618 1883 836 1930 μεμιγμένον,
856 1884 917 1917 {dv
936 1884 982 1927 μή
1001 1883 1111 1926 βλέπῃ
1131 1882 1205 1925 ὀξύ,
1225 1885 1273 1925 τῷ

271 1931 400 1976 Λυγκεῖ
422 1925 451 1961 δ’
473 1928 569 1963 οὐθὲν
587 1928 806 1976 μεμιγμένον,

205 1975 287 2009 οὔτε
304 1976 351 2016 τῇ
371 1970 544 2020 διαιρέσει,
562 1974 653 2006 ὥστε
674 1973 792 2007 ὁτιοῦν
813 1973 890 2017 παρ’
915 1972 1032 2006 ὁτιοῦν
1052 1971 1166 2018 μέρος·
1194 1971 1274 2007 ἀδό-

273 2030 379 2052 νατον
402 2021 468 2064 γοὶρ
487 2018 578 2052 οὕτω
595 2017 819 2072 διαιρεθῆναι.
835 2017 884 2049 Ἦ
905 2014 963 2050 οὖν
987 2017 1048 2050 οὐκ
1068 2017 1143 2050 ἔστι
1172 2017 1272 2061 μῖξις,

272 2062 294 2100 ἢ
317 2064 460 2096 λεκτέον
489 2064 596 2097 τοῦτο
622 2073 692 2100 πως
716 2058 897 2109 ἐνδέχεται
919 2061 1096 2109 γίγνεσθαι
1122 2061 1237 2096 πάλιν.

164 2106 169 2110 ’
196 2107 298 2141 Ἔστι
321 2102 381 2148 δή,
402 2110 444 2147 ὥς
468 2107 610 2153 ἔφαμεν,
638 2107 707 2139 τῶν
731 2107 843 2139 ὄντων
868 2107 916 2139 ταὶ
940 2108 1000 2151 μὲν
1025 2105 1205 2148 ποιητικαί,
1228 2108 1276 2139 τοὶ

203 2158 227 2167 ’·
270 2151 301 2184 δ’
325 2153 392 2186 ΰπὸ
419 2151 554 2186 τούτων
579 2151 770 2190 παθητικαί.
796 2152 850 2184 Τιὶ
872 2151 933 2195 μὲν
958 2149 1016 2183 οὖν
1042 2150 1271 2196 ἀντιστρέφει,

272 2192 361 2230 ὅσων
385 2199 407 2235 ἦ
433 2197 526 2234 αὐτή
552 2195 615 2234 ὅλη
641 2197 734 2238 ἐστί,
759 2198 817 2228 καὶ
844 2196 1010 2232 ποιητικαὶ
1035 2194 1191 2231 ἀλλήλων
1214 2198 1272 2227 καὶ

231 2244 234 2246 ’
272 2239 451 2280 παθητικά
476 2241 532 2274 ὑπ’
562 2238 736 2277 ἀλλήλων·
764 2241 813 2272 τοὶ
837 2234 875 2271 δέ
901 2244 992 2279 ποιεῖ
1020 2238 1140 2276 αἰπαθῆ
1166 2239 1271 2282 ὄντα,

230 2288 233 2289 ’
270 2282 359 2318 ὅσων
384 2287 432 2332 μὴ
457 2286 478 2322 ἧ
505 2285 598 2322 αὐτῆ
622 2283 699 2323 ὕλη.

203 2329 345 2364 Τούτων
363 2332 423 2375 μὲν
441 2328 499 2363 οὗν
518 2329 578 2363 οὐκ
596 2328 671 2362 ἔστι
689 2327 791 2374 μῖξις·
816 2323 868 2361 διὸ
894 2324 966 2361 οὐδ’
989 2328 1010 2364 ἡ
1027 2327 1165 2373 ἰατρική
1184 2333 1275 2361 ποιεῖ

271 2375 405 2420 ὀγίειαν
430 2373 499 2407 οὐδ’
521 2375 542 2411 ’ἡ
569 2374 681 2420 ὑγίεια
705 2371 887 2420 μιγνυμένη
913 2376 985 2410 τοῖς
1009 2372 1174 2417 σώμασιν.
1201 2373 1274 2404 Τῶν

262 2413 313 2453 «δὲ
330 2419 518 2456 ποιητικῶν
541 2421 599 2450 καὶ
617 2418 815 2456 παθητικῶν
838 2416 903 2449 ὅσα
923 2414 1135 2462 εὐδιαίρετα,
1163 2419 1276 2450 πολλοὶ

272 2466 334 2508 μὲν
352 2464 480 2510 ὀλίγοις
495 2465 554 2495 καὶ
574 2461 711 2510 μεγάλα
735 2465 862 2507 μικροῖς
882 2460 1105 2506 συντιθέμενα
1123 2459 1160 2495 οὐ
1185 2466 1277 2494 ποιεῖ

295 2507 375 2550 ἴξιν,
395 2505 468 2541 ἀλλ’
490 2506 632 2549 αὔξησιν
650 2507 713 2540 τοῦ
730 2506 959 2551 κρατοῦντος·
979 2505 1192 2550 μεταβάλλει
1209 2507 1274 2552 γαὶρ

271 2518 415 2598 θάτερον
448 2552 494 2590 εἱς
519 2553 560 2586 ‘ro'
584 2551 756 2597 κρατοῦν,
776 2551 846 2583 οἷον
870 2551 1073 2596 σταλαγμὸς
1098 2552 1187 2583 οἴνου
1218 2562 1276 2595 μυ-

272 2599 352 2640 ρίοις
382 2597 520 2643 χοεῦσιν
555 2592 683 2633 ὕδατος
709 2596 749 2629 ου’
784 2597 962 2641 μίγνυται·
986 2594 1110 2627 λύεται
1139 2597 1204 2641 γαὶρ
1234 2596 1275 2627 τὸ

273 2638 362 2680 εἶδος
385 2644 443 2674 καὶ
472 2640 685 2686 μεταβάλλει
709 2641 755 2678 εἱς
781 2641 823 2672 τὸ
849 2638 918 2671 πᾶν
944 2634 1042 2682 ὕδωρ.

209 2731 310 2763 Ὀταν
334 2725 371 2763 δὲ
398 2734 475 2768 ταῖς
500 2725 682 2775 δυνάμεσιν
711 2727 814 2771 ἰσαίζῃ
840 2738 927 2769 πως,
955 2726 1039 2760 τότε
1064 2727 1277 2772 μεταβάλλει

275 2775 335 2819 μὲν
360 2774 523 2819 ἑκάτερον
549 2775 594 2813 εἰς
620 2776 660 2807 τὸ
685 2773 835 2818 κρατοῦν
860 2770 896 2805 ἐκ
922 2771 985 2808 τῆς
1007 2772 1118 2804 αὐτοῦ
1135 2772 1275 2826 φύσεως,

277 2816 316 2851 οὐ
332 2821 468 2878 γίνεται
485 2815 522 2850 δέ
543 2818 700 2864 θαίτερον,
721 2817 811 2850 omae
827 2815 960 2861 μεταιξυ1
979 2818 1038 2848 καὶ
1057 2827 1182 2850 κοινον.
1207 2817 1278 2849 Φα-

275 2873 369 2906 νερον
395 2862 453 2896 οὖν
477 2861 532 2896 ὅτι
557 2862 661 2896 ταῦτ’
681 2862 754 2895 ἐστὶ
776 2862 884 2906 μικταὶ
898 2859 973 2893 ὦσα
988 2860 1188 2893 ἐναντίωσιν
1205 2861 1278 2907 ἔχει

277 2908 347 2940 τῶν
379 2907 588 2950 ποιούντων·
615 2908 734 2941 ταῦτα
764 2907 828 2953 γαὶρ
854 2902 898 2942 δή
931 2905 986 2939 ὑπ’
1015 2904 1171 2941 ἀλλήλων
1203 2906 1277 2938 ἐστὶ

211 2960 222 2966 “’
277 2951 468 2991 παθητικαί.
1106 2984 1111 2989 ,

208 2997 274 3029 Καὶ
300 2997 403 3043 μικροὶ
426 2992 464 3028 δὲ
497 3007 554 3041 μικ
576 3000 623 3034 οἶς
653 2993 912 3040 παρατιθέμενα
944 2996 1104 3041 μίγνυται
1130 2993 1276 3038 μᾶλλον·

202 3052 204 3054 ·
275 3040 357 3084 ῥᾷον
380 3042 444 3088 γσὶρ
469 3042 527 3072 καὶ
551 3008 683 3074 θᾶττον
711 3041 843 3078 ἄλληλα
867 3037 1075 3083 μεθίστησιν.

207 3085 256 3119 Τὸ
281 3081 318 3119 δὲ
344 3087 433 3119 πολὸ
463 3087 520 3118 καὶ
551 3086 617 3119 ὑπὸ
648 3085 775 3118 πολλοῦ
807 3085 945 3130 χρονίως
971 3083 1079 3116 τοῦτο
1111 3081 1187 3127 δρᾷ.
1222 3083 1279 3116 Διό

278 3130 327 3163 τοὶ
351 3129 512 3175 εὖόριστα
544 3130 613 3163 τῶν
644 3125 824 3175 διαιρετῶν
854 3130 913 3159 καὶ
943 3126 1141 3165 παθητικῶν
1173 3130 1281 3172 μικταὶ

281 3171 487 3232 (ιδιαιρεΐται
510 3176 580 3220 γαὶρ·
602 3173 647 3212 εἷς
668 3175 770 3219 μικροὶ
788 3172 906 3205 ταῦτα
922 3168 1062 3217 ῥᾳδίως·
1090 3171 1196 3204 τοῦτο
1214 3174 1278 3219 γοὶρ

278 3231 320 3257 ην
346 3221 388 3252 *ro*
414 3218 575 3263 εὐορίστῳ
593 3214 716 3260 εἶναι),
743 3217 813 3250 οἷον
834 3217 882 3248 ταὶ
899 3217 986 3263 ὑγραὶ
1001 3217 1109 3261 μικταὶ
1125 3215 1279 3259 μοίλιστα

279 3263 348 3297 τῶν
372 3261 561 3306 σωμάτων·
587 3259 763 3306 εὖόριστον
780 3261 828 3307 γοὶ
863 3259 1017 3305 μάλιστα
1035 3261 1076 3293 το“
1094 3262 1112 3293 ὁ
1137 3261 1194 3304 ρὸν
1212 3262 1279 3292 τῶν

278 3307 471 3352 διαιρετῶν,
490 3307 552 3340 ἐαὶν
577 3307 624 3352 μή
648 3308 805 3353 γλίσχρον
829 3337 835 3347 ,
856 3316 864 3324 ·
891 3305 1011 3337 ταῦτα
1027 3306 1090 3351 γοὶρ
1135 3306 1156 3341 ἠ
1175 3306 1279 3336 πλείω

279 3354 337 3384 καὶ
389 3351 465 3394 είζω
491 3350 592 3396 μόνον
618 3354 711 3383 ποιεῖ
733 3351 794 3382 τὸν
819 3348 931 3395 ὄγκον.

204 3393 315 3429 Ὅταν
340 3363 420 3438 δ’μῇ
445 3393 589 3439 θάτερον
614 3393 716 3439 μόνον
742 3393 934 3431 παθητικὸν
960 3390 982 3429 ἦ
1006 3404 1026 3424 σ
1052 3389 1148 3437 όδρα,
1175 3393 1216 3424 τὸ
1242 3387 1279 3424 δὲ

281 3439 428 3484 πάμπαν
453 3438 576 3484 ἠρέμα,
596 3438 618 3475 ἥ
637 3436 731 3471 οὗθέν
757 3439 873 3469 πλεῖον
899 3437 940 3469 τὸ
966 3403 1082 3482 μιχθέν
1100 3436 1135 3477 ἐξ
1158 3437 1278 3481 ἀμφοῖν

281 3483 303 3521 ἦ
329 3483 465 3530 μικρόν,
492 3482 574 3527 ὅπερ
601 3481 776 3527 συμβαίνει
803 3484 876 3525 περὶ
902 3481 962 3513 τὸν
985 3483 1198 3525 καττίτερον
1220 3482 1278 3511 καὶ

282 3529 342 3562 τὸν
367 3527 509 3574 χαλκόν.
535 3527 633 3559 Ἔνια
657 3527 722 3573 γαρ
749 3526 944 3570 ψελλίζεται
965 3526 1043 3570 πρὸς
1063 3524 1194 3562 ἄλληλα
1213 3524 1279 3556 τῶν

282 3572 391 3606 ὄντων
425 3574 482 3604 καὶ
516 3570 795 3616 ἐπαμφοτερίζει·
828 3571 988 3614 φαίνεται
1019 3568 1083 3616 γάρ
1118 3581 1187 3606 πως
1221 3569 1279 3600 καὶ

282 3618 390 3662 μικταὶ
414 3615 536 3661 ἠρέμα,
555 3618 614 3647 καὶ
639 3616 681 3652 ὠς
706 3613 849 3659 θάτερον
875 3614 935 3658 μέν
960 3612 1117 3646 δεκτικὸν
1137 3613 1279 3657 θάτερον

1395 956 1506 987 mixtio
1530 957 1570 987 ad
1585 967 1715 988 sensum
1738 958 1786 989 sit.
1814 959 1951 996 Quando
1976 960 2062 991 enim
2083 961 2127 992 ita
2149 961 2182 992 in
2198 971 2294 1002 parva
2317 962 2393 992 divi-

1396 1001 1514 1032 duntur
1545 1011 1627 1042 quae
1659 1002 1851 1042 miscentur,
1876 1010 1906 1034 et
1935 1011 2100 1044 ponuntur
2133 1006 2310 1037 adinvicem
2332 1006 2395 1037 hoc

1395 1045 1496 1075 modo
1511 1051 1549 1076 ut
1563 1055 1630 1076 non
1646 1046 1850 1077 manifestum
1865 1047 1904 1078 sit
1915 1048 2020 1079 sensui
2036 1050 2305 1091 unumquodque,
2317 1055 2394 1082 tunc

1397 1089 1494 1120 mixta
1516 1096 1600 1121 sunt.

1329 1135 1395 1164 Aut
1408 1143 1473 1164 non
1496 1140 1570 1164 sunt
1592 1134 1647 1164 sed
1670 1140 1716 1165 est
1739 1141 1775 1165 ut
1797 1145 2018 1177 quaecumque
2044 1147 2134 1168 secus
2156 1148 2394 1180 quamcumque

1397 1177 1436 1208 sit
1450 1177 1639 1218 particulam
1652 1177 1844 1209 mixtorum?
1867 1179 1990 1211 Dicitur
2005 1181 2090 1211 enim
2105 1181 2162 1213 illo
2180 1183 2292 1222 modo,
2307 1183 2394 1214 verbi

1396 1222 1494 1262 gratia
1517 1222 1675 1253 hordeum
1698 1222 1834 1254 mixtum
1852 1233 1918 1255 esse
1942 1223 2114 1265 frumento,
2137 1227 2267 1267 quando
2291 1227 2393 1268 quod-

1397 1276 1536 1307 cumque
1559 1276 1649 1297 secus
1672 1268 1902 1309 quodcumque
1924 1276 2072 1309 ponetur.

1329 1309 1362 1341 Si
1377 1317 1485 1341 autem
1508 1317 1555 1341 est
1582 1321 1678 1341 omne
1703 1321 1819 1352 corpus
1842 1312 2007 1353 divisibile,
2031 1313 2056 1344 si
2087 1313 2182 1344 etiam
2205 1321 2252 1345 est
2278 1324 2394 1356 corpus

1396 1355 1522 1395 corpori
1545 1355 1698 1386 miscibile
1728 1355 1990 1396 homoeomeres,
2014 1367 2251 1400 quamcumque
2281 1359 2392 1400 utique

1396 1399 1555 1440 oportebit
1577 1406 1700 1440 partem
1721 1399 1788 1430 fieri
1812 1410 1902 1431 secus
1925 1411 2172 1443 quamcumque.
2193 1401 2211 1422 *
2231 1403 2394 1440 Quoniam

1397 1449 1504 1474 autem
1519 1453 1586 1474 non
1601 1450 1647 1474 est
1662 1443 1695 1474 in
1711 1443 1844 1474 minima
1860 1444 1967 1484 dividi,
1980 1455 2084 1486 neque
2100 1447 2291 1487 compositio
2307 1447 2394 1478 idem

1396 1487 1485 1529 quod
1501 1487 1611 1519 mixtio
1628 1488 1683 1518 sed
1706 1487 1803 1527 aliud,
1818 1488 2023 1520 manifestum
2043 1491 2133 1532 quod
2156 1501 2259 1533 neque
2283 1501 2393 1522 secun-

1397 1532 1476 1562 dum
1499 1541 1594 1573 parva
1617 1531 1734 1563 salvata
1750 1539 1877 1573 oponet
1891 1543 1973 1575 quae
1988 1534 2159 1565 miscentur
2182 1535 2284 1566 dicere
2298 1535 2394 1567 mixta

1397 1586 1473 1608 esse.
1492 1575 1695 1617 Compositio
1712 1576 1798 1607 enim
1822 1577 1878 1608 erit
1896 1584 1927 1608 et
1942 1587 2008 1608 non
2031 1585 2318 1619 temperamentum
2340 1590 2394 1610 ne-

1396 1630 1459 1662 que
1482 1620 1605 1659 minin,
1622 1630 1726 1661 neque
1749 1620 1875 1652 habebit
1898 1622 2029 1652 eandem
2050 1623 2204 1654 rationem
2228 1634 2299 1655 curn
2324 1629 2393 1655 toto

1397 1674 1479 1705 pars.
1497 1665 1640 1696 Dicimus
1664 1671 1791 1704 autem,
1815 1665 1840 1696 si
1864 1673 1991 1707 oportet
2012 1667 2148 1698 mixtum
2173 1678 2239 1699 esse
2263 1668 2393 1710 aliquid,

1397 1709 1533 1740 mixtum
1551 1708 1819 1740 homoeomerum
1843 1720 1920 1750 esse,
1944 1717 1975 1741 et
1997 1711 2272 1752 quemadmodum
2294 1723 2395 1754 aquae

1396 1764 1468 1795 pars
1492 1763 1585 1795 aqua,
1608 1753 1651 1784 ita
1675 1760 1706 1784 et
1723 1754 1898 1794 temperati.
1922 1754 1955 1786 Si
1970 1762 2078 1786 autem
2101 1757 2277 1787 secundum
2299 1767 2395 1798 parva

1398 1798 1590 1839 compositio
1612 1804 1692 1829 esset
1714 1797 1836 1837 mixtio,
1860 1797 1939 1829 nihil
1963 1799 2156 1840 contingeret
2183 1801 2315 1840 horum,
2339 1801 2395 1831 sed

1398 1842 1505 1873 solum
1527 1842 1625 1873 mixta
1643 1842 1683 1872 ad
1706 1852 1846 1873 sensum.

1330 1887 1371 1918 Et
1393 1887 1479 1918 idern
1509 1886 1583 1917 huic
1613 1886 1744 1928 quidem
1767 1887 1921 1926 mixtum,
1945 1887 1971 1918 si
1994 1898 2060 1919 non
2082 1888 2168 1920 videt
2191 1889 2262 1930 quis
2286 1896 2393 1928 acute,

1396 1931 1510 1973 lynceo
1533 1938 1641 1962 autern
1668 1930 1746 1962 nihil
1769 1931 1914 1962 mixtum.

1329 1976 1442 2018 Neque
1461 1975 1625 2015 divisione,
1643 1982 1679 2006 ut
1701 1985 1923 2017 quaecumque
1940 1986 2029 2007 secus
2050 1986 2287 2019 quamcumque
2306 1985 2394 2018 pars:

1396 2019 1593 2061 impossibile
1610 2019 1696 2051 enim
1710 2020 1753 2051 ita
1781 2020 1889 2051 dividi.
1906 2023 1972 2051 Aut
1990 2019 2084 2061 igitur
2104 2031 2170 2052 non
2194 2022 2251 2053 erit
2271 2022 2395 2061 mixtio,

1397 2072 1453 2096 aut
1467 2064 1638 2096 dicendum
1662 2071 1709 2095 est
1731 2063 1793 2095 hoc
1817 2065 1984 2105 quomodo
2009 2065 2162 2106 contingit
2183 2065 2250 2096 fieri
2273 2076 2390 2098 rursus.

1329 2109 1347 2129 *
1362 2109 1443 2141 Sunt
1461 2109 1579 2151 itaque,
1595 2115 1631 2140 ut
1646 2108 1794 2148 diximus,
1810 2109 1932 2140 entium
1947 2109 2024 2140 haec
2040 2109 2169 2150 quidem
2189 2110 2299 2150 activa,
2318 2110 2394 2142 haec

1396 2159 1504 2185 autem
1517 2153 1642 2194 passiva
1664 2154 1703 2184 ab
1719 2153 1778 2184 his.
1795 2153 1882 2184 Haec
1898 2153 2028 2194 quidem
2047 2153 2142 2194 igitur
2157 2161 2393 2195 convertuntur,

1396 2207 1537 2239 quorum
1567 2198 1678 2228 eadem
1708 2197 1838 2228 materia
1873 2204 1936 2236 est,
1966 2204 1996 2229 et
2030 2198 2130 2229 activa
2159 2198 2334 2230 adinvicem
2365 2206 2395 2230 et

1386 2242 1519 2283 passiva
1534 2242 1724 2273 abinvicem:
1740 2241 1817 2272 haec
1832 2248 1939 2272 autem
1951 2241 2070 2274 faciunt
2079 2242 2282 2283 impassibilia
2300 2243 2393 2283 entia,

1397 2296 1539 2330 quorum
1561 2296 1629 2317 non
1652 2293 1699 2317 est
1714 2286 1825 2316 eadem
1849 2286 1987 2317 materia.

1330 2331 1458 2362 Horum
1476 2331 1608 2372 quidem
1622 2330 1716 2371 igitur
1731 2340 1797 2361 non
1821 2337 1867 2361 est
1885 2330 2007 2370 mixtio,
2024 2330 2161 2372 ideoque
2177 2341 2281 2373 neque
2296 2332 2394 2363 medi-

1397 2375 1468 2407 cina
1482 2375 1556 2406 facit
1571 2375 1748 2414 sanitatem,
1764 2384 1868 2416 neque
1887 2374 2002 2406 sanitas
2021 2381 2067 2406 est
2082 2375 2179 2406 mixta
2198 2375 2394 2416 corporibus.

1395 2419 1413 2439 *
1435 2419 1623 2451 Activorum
1646 2426 1754 2450 autem
1784 2426 1815 2450 et
1842 2419 2043 2460 passivorum
2072 2429 2294 2461 quaecumque
2322 2428 2396 2452 sunt

1397 2463 1487 2495 facile
1510 2463 1685 2503 divisibilia,
1702 2464 1804 2494 multa
1819 2463 1950 2504 quidem
1973 2463 2082 2504 paucis
2102 2470 2134 2495 et
2155 2474 2270 2505 magna
2292 2465 2395 2505 parvis

1398 2508 1576 2550 composita
1610 2518 1677 2539 non
1710 2507 1830 2539 faciunt
1856 2507 2061 2547 mixtionem,
2085 2508 2140 2539 sed
2167 2509 2396 2549 augmentatio-

1397 2563 1473 2584 nem
1503 2552 1713 2584 dominantis:
1737 2558 1964 2583 transmutatur
1979 2551 2065 2583 enirn
2088 2552 2222 2583 alterum
2244 2553 2277 2583 in
2293 2554 2396 2585 domi-

1398 2607 1488 2637 nans,
1499 2603 1536 2628 ut
1548 2603 1637 2638 gutta
1651 2596 1715 2628 vini
1731 2597 1764 2627 in
1780 2596 1866 2628 mille
1882 2596 2022 2627 millibus
2038 2596 2200 2638 amphoris
2216 2607 2316 2639 aquae
2331 2608 2397 2629 non

1398 2642 1564 2673 miscetur:
1584 2641 1717 2672 solvitur
1731 2641 1816 2672 enim
1831 2641 1950 2682 species
1966 2647 1997 2672 et
2011 2647 2238 2673 transmutatur
2248 2642 2281 2673 in
2295 2649 2397 2674 totam

1399 2696 1526 2728 aquam.
2025 2698 2028 2701 ’

1331 2730 1349 2750 *
1373 2731 1512 2768 Quando
1541 2736 1648 2761 autem
1682 2729 1832 2770 potentiis
1866 2730 2082 2771 adaequantur
2111 2730 2298 2772 aequaliter,
2321 2738 2397 2762 tunc

1398 2781 1627 2806 transmutatur
1640 2774 1771 2816 quidem
1783 2781 1955 2816 utrumque
1965 2774 1998 2805 in
2011 2774 2178 2805 dominans
2189 2785 2225 2805 ex
2237 2775 2286 2806 sui
2297 2775 2397 2816 ipsius

1400 2826 1523 2858 natura,
1549 2829 1616 2849 non
1635 2825 1801 2860 generatur
1822 2826 1929 2850 autem
1952 2818 2101 2857 alterum,
2125 2819 2180 2849 sed
2202 2819 2345 2850 medium
2368 2826 2398 2850 et

1401 2873 1584 2895 commune.
1599 2863 1804 2894 Manifestum
1819 2863 1924 2903 igitur,
1939 2863 2093 2904 quoniam
2113 2862 2190 2894 haec
2206 2871 2280 2895 sunt
2294 2863 2397 2894 misci-

1399 2908 1494 2947 bilia,
1515 2917 1736 2949 quaecumque
1769 2907 2019 2938 contrarietatem
2052 2907 2168 2938 habent
2198 2907 2395 2939 facientium:

1400 2953 1477 2983 haec
1501 2952 1587 2983 enim
1610 2959 1685 2983 sunt
1699 2952 1874 2982 abinvicem
1897 2951 2029 2992 passiva.

1333 2997 1374 3029 Et
1397 3007 1493 3038 parva
1516 3003 1623 3027 autem
1645 2996 1748 3037 parvis
1772 3005 1861 3026 secus
1885 2995 1988 3036 posita
2011 2994 2182 3026 miscentur
2195 2995 2310 3036 magis:
2327 2995 2398 3027 faci-

1399 3041 1461 3072 lius
1485 3041 1571 3072 enim
1595 3047 1626 3072 et
1648 3040 1738 3071 citius
1761 3040 1896 3070 invicem
1919 3045 2090 3070 transeunt.

1334 3085 1475 3117 Multum
1497 3092 1605 3116 autem
1629 3090 1659 3115 et
1682 3095 1700 3114 a
1723 3084 1825 3115 multo
1849 3083 1967 3114 tardius
1997 3083 2059 3114 hoc
2082 3090 2239 3124 operatur.
2270 3083 2344 3115 Ideo
2369 3091 2399 3115 et

1401 3131 1480 3160 bene
1497 3128 1744 3160 determinabilia
1760 3127 1963 3158 divisibilium
1978 3133 2008 3158 et
2019 3127 2218 3168 passivorum
2233 3127 2399 3159 miscibilia

1402 3171 1601 3216 (dividuntur
1624 3172 1710 3202 enim
1725 3171 1802 3202 haec
1825 3172 1857 3202 in
1878 3181 1975 3212 parva
1992 3171 2126 3203 facilius:
2151 3170 2214 3202 hoc
2233 3172 2318 3202 enim
2335 3179 2400 3203 erat

1401 3219 1481 3248 bene
1505 3216 1740 3247 determinabile
1759 3213 1850 3258 esse),
1866 3215 1952 3246 verbi
1968 3215 2065 3255 gratia
2084 3215 2216 3247 humida
2234 3215 2399 3247 miscibilia

1401 3261 1539 3292 maxime
1567 3267 1756 3303 corporum:
1781 3260 1860 3291 bene
1884 3259 2119 3291 determinabile
2147 3260 2234 3291 enim
2262 3260 2399 3292 maxime

1401 3305 1572 3336 humidum
1588 3304 1801 3343 divisibilium,
1821 3304 1846 3334 si
1861 3314 1927 3334 non
1942 3303 2102 3335 viscosum
2119 3303 2172 3335 sit:
2189 3304 2266 3336 haec
2281 3304 2399 3336 etenim

1401 3349 1512 3390 utique
1530 3348 1720 3389 ampliorem
1742 3355 1773 3380 et
1787 3347 1942 3378 maiorem
1965 3348 2072 3379 solum
2090 3351 2252 3380 'tumorem
2270 3348 2398 3380 faciunt.

1335 3393 1473 3431 Quando
1511 3399 1618 3424 autem
1649 3393 1784 3423 alterurn
1814 3392 1921 3423 solum
1948 3393 2110 3432 passivum
2142 3392 2199 3424 erit
2217 3399 2283 3433 Vaut
2309 3393 2400 3424 vehe-

1400 3444 1541 3480 menter,
1564 3437 1626 3468 hoc
1659 3444 1767 3468 autem
1789 3436 1879 3467 valde
1896 3447 2047 3479 parum,
2072 3443 2126 3468 aut
2153 3437 2232 3468 nihil
2262 3437 2399 3478 amplius

1400 3481 1536 3512 mixtum
1570 3491 1607 3511 ex
1639 3481 1795 3512 ambobus
1823 3487 1870 3512 est
1892 3487 1947 3512 aut
1976 3491 2106 3522 parum,
2130 3481 2219 3522 quod
2248 3482 2401 3523 contingit

1403 3525 1483 3556 circa
1515 3532 1665 3556 stannum
1688 3532 1719 3556 et
1741 3535 1801 3556 aes·
1824 3525 1842 3544 *
1867 3525 2033 3562 Quaedam
2065 3524 2151 3556 enim
2182 3525 2402 3557 balbutiunt-ur

1403 3569 1579 3601 adinvicem
1602 3576 1633 3600 et
1657 3569 1960 3610 epamphoterizant.
1977 3569 2134 3601 Videntur
2156 3569 2243 3600 enim
2257 3570 2401 3611 aliquan-

1405 3614 1510 3645 tulum
1542 3624 1578 3645 ac
1600 3614 1695 3645 mixta
1719 3623 1785 3645 esse
1817 3613 1967 3653 remisse,
1992 3620 2022 3645 et
2044 3616 2081 3645 ut
2107 3614 2241 3645 alterum
2271 3614 2401 3655 quidem

2421 949 2490 971 Text.
2505 950 2540 978 85.

2420 1408 2432 1419 ⁹
2445 1408 2513 1430 Text.
2529 1409 2567 1431 86.

2422 2116 2431 2125 ⁶
2447 2115 2514 2137 Text.
2530 2116 2569 2143 87.

2421 2428 2430 2437 '¹
2445 2428 2513 2450 Text.
2529 2429 2567 2451 88.

2423 2737 2434 2748 '
2448 2737 2517 2759 Text.
2536 2737 2573 2765 89.

2426 3534 2435 3544 ⁸
2450 3533 2517 3555 Text.
2532 3539 2572 3561 9⁰·
