2580 4094
96 1739 100 1764 ζ
141 1722 182 1758 Ἰ.
191 1737 210 1753 -.,

216 321 245 350 Π,
263 328 287 350 x,
309 327 333 344 2.
350 333 370 339 -
387 319 426 344 De
445 319 500 344 eius
519 318 706 353 magnitudine.
719 319 737 350 1,
755 326 793 351 m,
815 318 838 348 3,
851 318 878 344 8.

215 363 276 385 xvu,
314 373 322 380 .

179 362 351 417 sputi-rus4—
372 389 498 422 Spiritus,
517 389 585 414 idest
602 394 707 414 ventus.
725 389 743 418 Ι,
762 396 780 420 1,
800 396 826 421 7.
844 389 878 421 11,

215 433 260 456 vu,
275 433 300 451 2.
310 438 331 446 -
343 425 473 457 Spiritus,
487 425 554 450 idest
567 424 655 449 fumus
670 425 762 449 siccuS.
774 424 791 455 1,
804 432 838 453 w,
853 424 877 449 3.

180 462 293 488 spissim
311 475 346 479 —
365 460 500 493 Frigiditas
525 464 551 484 et
569 459 712 492 spissitudo
738 459 878 484 seinvicem

181 495 465 564 ..Ξῖΐῗὲἳῒᾋᾶε
477 495 823 562 ”ε..ἕ...;.ἴ’ἔ”,ἒῖῖῖὲξῑ,..
842 529 877 559 11,

215 575 239 599 1,
259 567 284 592 5.
300 580 320 587 -
343 566 480 597 Quaedam
504 570 565 590 sunt
589 566 729 597 naturalia,
748 566 878 598 quaedam

216 601 364 629 artificialia.
382 602 445 627 ibid.

180 639 282 664 smnus
301 652 336 656 —
360 637 424 662 Vide
442 637 588 662 susac-rus.

180 675 300 700 Stat-Lu
318 687 353 692 -—-
373 673 481 703 Stellae,
495 678 540 698 seu
555 673 640 699 astra,
655 671 697 696 vel
713 671 814 696 sidera.
827 671 878 696 Ubi

216 714 308 743 agatur
326 709 359 734 de
377 708 449 742 ipsis.
461 707 480 737 Ι,
494 715 512 738 1,
528 707 552 732 3.
565 720 585 727 -
597 706 691 732 Stellas
711 714 771 731 esse
787 706 879 739 igneae

215 749 324 770 naturae
341 748 487 776 posuerunt
505 743 611 776 quidam
630 742 738 775 antiqui.
758 742 787 772 ΙΙ,
805 749 833 771 11,
853 741 878 767 6.

219 781 260 814 q'.
280 780 309 810 ΙΙ,
327 787 355 810 n,
376 778 401 805 5.
418 793 438 799 -
455 779 495 804 De
507 777 685 811 magnitudine
703 778 847 802 stellarum.
860 777 878 807 Ι,

215 824 254 848 m,
274 815 298 846 3,
317 815 342 841 6.
361 815 397 847 ΙΙ,
409 822 438 844 n,
452 813 478 840 6.
495 827 515 834 -
532 813 685 838 Adinvicem
705 819 877 846 comparatae,

217 851 347 885 quaedam
365 850 487 880 maiores,
507 849 636 882 quaedam
655 849 771 874 minores
789 849 879 873 viden-

215 892 268 913 tur.
286 886 310 918 1,
329 894 359 918 x,
379 893 404 920 9.
422 899 442 905 —
459 885 561 918 Duplex
584 890 671 910 motus
693 885 837 909 stellarum.
856 884 879 916 1,

215 930 245 954 v,
263 921 290 948 6.
307 936 327 942 -
343 922 383 947 De
401 920 537 946 velocitate
556 925 643 945 motus
669 927 767 945 earum.
787 920 809 951 1,
828 927 878 951 vn,

218 957 243 983 5.
259 971 280 978 -
297 957 383 983 Causa
401 961 490 981 motus
505 956 568 980 solis
588 960 614 981 et
632 956 767 980 stellarum
786 963 878 980 secun-

217 993 280 1019 dum
299 993 420 1026 antiquos
438 992 585 1017 Naturales.
604 991 639 1021 ll,
658 998 680 1022 1,
699 998 726 1023 4.
743 1005 763 1010 -
780 991 819 1016 De
837 998 878 1016 ca-

217 1029 272 1054 lore
290 1033 396 1054 causato
414 1035 430 1052 a
448 1028 531 1052 stellis
550 1027 737 1060 superioribus.
756 1027 780 1058 1,
799 1034 834 1057 1v,
854 1033 878 1052 2.

215 1071 240 1094 v.
254 1071 274 1097 4
287 1071 348 1098 sqq.
357 1064 535 1089 -Secundum
550 1062 667 1087 diversos
683 1067 802 1095 aspectus
815 1062 879 1087 solis

217 1105 244 1126 et
261 1099 396 1125 stellarum
415 1099 533 1124 diversae
548 1103 634 1132 partes
650 1103 734 1123 terrae
752 1097 880 1130 accipiunt

217 1135 332 1161 divertas
346 1135 464 1160 virtutes.
478 1134 496 1166 1,
512 1141 572 1166 xvn,
589 1141 613 1159 2.
627 1134 667 1168 Cf.
678 1134 706 1164 11,
717 1141 760 1163 vn,
771 1133 825 1158 8.-
834 1133 879 1158 Sol

216 1175 244 1197 et
270 1171 362 1196 atellae
384 1178 438 1195 non
461 1177 567 1203 semper
592 1169 688 1194 distant
705 1169 846 1202 aequaliter
865 1176 880 1194 a

216 1205 320 1240 seipsis.
337 1206 357 1238 1,
374 1204 461 1237 me&
472 1218 492 1226 -
509 1206 555 1230 Sol
574 1210 600 1230 et
618 1206 680 1230 luna
699 1210 725 1230 et
743 1204 792 1230 alia
811 1209 880 1229 astra

92 1235 96 1246 ²
109 1224 123 1258 ΓΙ
170 1238 383 1268 -aneutta'ef
399 1241 542 1267 occidentia
572 1241 730 1274 quandoque
755 1244 880 1274 apparent

215 1278 327 1312 punicea
350 1277 393 1302 vel
418 1277 562 1302 subrubea:
583 1284 673 1310 quare.
692 1276 720 1308 Ι,
738 1283 798 1308 vm,
819 1282 844 1300 2.
861 1289 881 1295 -

202 1313 335 1339 >Oetaeus
354 1313 499 1342 stellarum,
518 1312 685 1345 quandonam
704 1311 746 1336 sit.
765 1311 787 1341 1,
805 1319 834 1340 x,
854 1318 880 1344 7.

251 1349 330 1375 Astra
347 1348 447 1380 ultima,
462 1355 511 1373 seu
529 1348 697 1373 determinata
715 1347 756 1372 vel
775 1345 833 1372 fixa.
852 1346 878 1377 l,

215 1391 259 1416 u,
277 1392 304 1418 4.
321 1392 354 1414 v.
373 1383 400 1410 6.
417 1392 448 1416 x,
468 1391 494 1417 7.
510 1397 531 1404 -
547 1383 630 1416 Magis
654 1382 749 1408 distant
773 1390 788 1408 a
812 1386 880 1407 terra

216 1427 298 1454 quam
316 1420 367 1446 sol.
385 1420 403 1450 1,
421 1427 465 1449 xn,
484 1418 510 1449 6,
528 1418 555 1444 8.
571 1432 592 1439 -
609 1418 708 1444 Umbra
725 1423 809 1443 terrae
825 1425 880 1443 non

217 1461 259 1482 eet
283 1456 353 1490 apud
375 1460 444 1480 astra
467 1453 525 1480 fixa.
544 1454 568 1487 Ι,
586 1461 637 1486 m,
656 1453 681 1479 6.
698 1467 719 1474 —
734 1453 775 1478 De
798 1453 880 1478 stellis

162 1499 165 1503 '
216 1492 340 1518 maricis.
363 1491 429 1516 Vide
444 1490 598 1516 Panna-raa.
609 1502 630 1508 -
642 1489 738 1515 Stellae
755 1488 880 1522 spot-adi-

262 1546 281 1590 ἑ
298 1534 374 1588 ‘¹⁰52
386 1524 877 1588 2¹21.“.;¹;:‘.2⁶2515.¹“33·.2;AE“¹¹

217 1599 258 1625 De
274 1599 350 1624 atella
373 1597 492 1631 pogonia.
511 1604 560 1621 seu
577 1595 693 1621 barbata.
711 1595 730 1626 1,
748 1603 782 1626 ιι,
800 1603 826 1627 4.

253 1633 354 1660 Stellae
371 1633 496 1660 cadentes
509 1637 665 1665 generantur
677 1639 708 1656 ex
720 1631 843 1664 igi-titione
855 1630 881 1656 in

217 1669 390 1696 hfirioribus.
408 1668 427 1701 1,
445 1675 463 1700 1,
484 1667 509 1693 5.
527 1675 551 1697 v.
571 1675 597 1702 9.
614 1680 634 1686 —
650 1667 799 1700 Explicatur
817 1666 881 1700 phe-

216 1712 350 1733 nnena!
377 1704 494 1730 siderum
517 1703 726 1728 discurrentium.
745 1703 773 1732 l,
791 1710 817 1727 vt
828 1721 835 1732 ,
854 1701 881 1728 6.

214 1744 257 1773 tx,
276 1739 308 1773 3,
328 1738 353 1766 5.
369 1753 390 1760 -
406 1739 548 1765 Discursus
573 1739 688 1764 siderum
707 1743 748 1764 est
769 1738 811 1763 vel
834 1745 882 1771 per

216 1776 367 1803 munem
385 1774 536 1810 ignitionem
554 1775 598 1800 vel
616 1781 664 1807 per
685 1774 881 1807 proiectionem.

216 1811 290 1844 1¹71,
308 1810 334 1838 6.
352 1818 398 1844 vu,
418 1818 444 1837 2.
460 1825 482 1832 -
498 1810 648 1836 Differentia
659 1809 728 1835 inter
746 1810 880 1835 discursus

217 1847 334 1875 siderum
353 1854 385 1872 ex
410 1846 512 1872 duabus
540 1845 624 1871 causis
643 1845 837 1879 provenientes.
855 1845 881 1876 1,

215 1890 262 1916 vn,
282 1882 307 1909 3.
329 1883 370 1918 ρ’.
388 1882 407 1914 Ι,
425 1889 461 1914 vt,
479 1881 505 1907 6.
522 1895 542 1901 -
559 1881 662 1906 Cadunt
674 1880 765 1906 stellae
783 1880 809 1905 in
829 1885 881 1905 ter·

217 1926 275 1945 ram
287 1923 314 1944 et
331 1918 358 1944 in
376 1925 459 1949 mare,
473 1917 515 1943 die
531 1924 560 1943 ac
574 1921 659 1948 nocte,
673 1916 810 1942 serenitate
829 1915 882 1941 exi·-

217 1958 312 1981 atente.
329 1953 349 1987 Ι,
366 1961 412 1985 vu,
433 1960 458 1979 2.
474 1966 495 1974 -
511 1953 642 1978 Feruntur
659 1959 781 1984 sursum,
805 1951 881 1977 deor-

217 1997 279 2017 sum
303 1994 330 2015 et
353 1989 470 2022 oblique.
489 1989 514 2020 Ι,
532 1995 581 2019 vn,
599 1995 618 2020 4
643 2001 664 2008 -
680 1988 715 2013 Ut
739 1987 882 2020 plurimum

108 2007 116 2034 'y
166 2036 168 2041 ⁷
217 2033 281 2052 vero
293 2025 415 2059 oblique:
429 2031 520 2058 quare.
533 2023 598 2050 ibid.
609 2037 629 2043 -
642 2023 729 2054 Quare
745 2022 881 2056 proiician·

216 2066 260 2088 mr
277 2060 406 2095 quaedam
425 2060 560 2085 deorsum.
578 2059 596 2091 1,
615 2066 660 2088 vu,
681 2066 705 2091 2,
726 2058 751 2084 3.
764 2072 783 2078 -
802 2058 882 2084 Com-

217 2101 340 2131 pamm
357 2096 391 2121 ad
409 2099 536 2121 cometas.
554 2094 573 2126 1,
591 2102 626 2126 xx,
648 2094 672 2120 5.

99 2146 106 2156 s
179 2132 334 2160 m
345 2145 382 2152 —
393 2131 553 2162 Subiectum,
566 2137 615 2156 seu
627 2130 737 2164 patiens,
750 2134 791 2155 est
803 2137 882 2155 causa

217 2167 367 2197 marialis.
383 2166 403 2200 1,
421 2174 450 2197 n.
470 2165 496 2192 5.

113 2180 127 2223 ’,ᾗ
181 2202 384 2240 mmm„
401 2217 436 2222 -
456 2201 526 2233 Quid
544 2201 586 2226 sit.
605 2201 635 2233 11,
653 2209 678 2234 v,
699 2201 723 2227 5.

148 2261 153 2264 .
179 2238 295 2267 &mn-⁸
311 2253 348 2259 -
366 2237 448 2264 &tius
467 2241 589 2271 evaporat
602 2244 682 2270 quam
701 2244 833 2270 grossum.
851 2237 882 2263 11.

216 2274 253 2307 ἡ,
267 2273 298 2307 ’5,
315 2281 343 2308 7.

104 2284 133 2327 ¹.
180 2310 285 2339 m
302 2323 338 2331 ·-
360 2308 430 2335 Nihil
457 2313 499 2334 eet
525 2308 620 2334 subtus
647 2313 768 2341 respectu
794 2309 882 2334 medii.

217 2345 339 2379 must

123 2365 134 2373 ’“
180 2380 273 2409 επακ
289 2362 326 2401 -έ
340 2363 412 2407 hiim
429 2380 494 2406 inud
512 2380 584 2414 quod
603 2359 724 2412 bibitur.
735 2379 770 2405 sit
788 2379 881 2413 dune,

217 2424 300 2454 quus
313 2417 396 2442 sudor
409 2421 436 2442 et
446 2415 522 2441 urina
534 2414 598 2440 liant
609 2415 680 2440 salsi.
691 2415 720 2447 11,
733 2423 758 2444 v,
769 2422 797 2447 4.
805 2423 841 2447 vx,
857 2423 882 2441 2.

107 2446 135 2475 Τ·-
179 2452 291 2480 m
307 2466 342 2472 -—
361 2452 434 2478 Idem
452 2456 494 2477 est
519 2451 620 2477 moveri
639 2459 654 2476 a
672 2451 760 2476 medio
779 2456 805 2476 et
822 2459 880 2476 mo-

215 2481 272 2515 veri
290 2494 407 2514 sin-sum.
426 2487 456 2520 11,
474 2494 512 2519 m,
533 2486 558 2512 3.
569 2487 623 2512 -A
642 2485 780 2520 superficie
797 2491 882 2513 terrae

215 2525 325 2555 edentia·
340 2523 439 2557 aliquid
461 2529 577 2552 sarsum,
596 2527 623 2548 et
641 2522 738 2556 aliquid
757 2522 881 2548 deorsum

217 2563 323 2597 propter
336 2558 499 2585 altitudinem
513 2563 540 2584 et
551 2558 749 2584 demissionem.
763 2557 793 2588 11,
805 2565 844 2591 tu,
854 2566 882 2591 4.

514 2630 551 2667 T

111 2672 135 2713 θ’
179 2701 288 2729 Taum
305 2715 341 2721 -
358 2701 488 2727 Maximus
507 2701 613 2734 quidam
633 2701 738 2727 fluvius.
751 2702 770 2733 1,
781 2709 842 2733 xva,
855 2701 882 2727 8.

125 2755 135 2783 Ἰ.
181 2737 330 2764 Tan-raam
348 2751 384 2756 —
403 2736 472 2768 Quid
491 2737 599 2763 nomine
620 2737 733 2763 Tartari
755 2737 882 2770 intelliga-

217 2778 270 2799 tur.
287 2772 317 2806 11,
335 2779 374 2804 m,
395 2771 420 2798 3.
442 2772 508 2798 Vide
525 2772 624 2798 mm.

104 2793 138 2824 ζ’
180 2808 293 2836 'lmus
311 2822 346 2828 --
370 2807 491 2842 Tempus
515 2815 576 2833 esse
601 2813 737 2834 aeternum
759 2808 881 2841 opinatus

217 2848 263 2871 ut
276 2839 446 2870 ¹Aristoteles:
464 2843 529 2869 haec
545 2843 635 2878 opinio
658 2842 719 2869 fidei
742 2844 882 2869 cona-axia-

217 2884 269 2912 Ur,
278 2885 305 2906 et
316 2887 371 2905 non
383 2879 501 2905 innititur
509 2879 652 2905 rationibus
662 2879 882 2905 demonstrativis.

218 2914 710 2950 t,xvn,8.q.1.m,5.n,1v‚2.

180 2948 280 2979 ΜΛ
298 2965 333 2970 -
352 2950 488 2982 Quaenam
507 2951 574 2976 circa
591 2955 688 2976 terram
704 2951 837 2976 tradamur
855 2950 881 2975 in

212 2985 412 3019 *nautologis
431 2985 456 3018 Ι,
474 2994 498 3018 1,
518 2993 543 3019 7.
561 3000 581 3007 —
598 2986 647 3012 Est
670 2994 765 3019 corpus
784 2991 810 3012 et
828 2986 881 3012 eie-

218 3026 339 3055 nenmm
357 3029 389 3047 eo
477 3029 500 3047 e.
513 3022 532 3054 Ι,
550 3029 569 3054 1,
589 3021 614 3047 3.
632 3030 660 3052 n,
681 3021 705 3047 3.
717 3035 738 3042 ·-
752 3022 881 3055 Simplici-

218 3057 372 3092 ὑμαῖς.
391 3057 456 3088 Lu,
476 3056 554 3090 3.1v‚
573 3056 599 3084 6.
622 3058 662 3092 Cf.
682 3057 824 3090 l‚xv1.4.
844 3058 878 3089 Π,

984 241 1574 280 METEOROLOGICORUM

968 328 1002 350 vr,
1021 328 1047 352 4.
1064 333 1084 340 -
1101 322 1188 346 Locus
1208 321 1264 346 eius
1279 326 1319 346 est
1337 321 1362 346 in
1386 321 1482 347 medio.
1501 322 1524 353 1,
1542 329 1583 351 xv,
1602 320 1627 346 6.

968 363 1018 387 m,
1033 363 1058 387 4κ
1074 356 1103 386 ΙΙ,
1115 364 1143 388 11,
1160 364 1184 382 2.
1202 365 1226 386 x,
1242 364 1266 381 2.
1282 370 1303 378 ·-
1321 357 1356 381 lbi
1376 357 1494 390 quiescit.
1513 357 1531 389 1,
1543 364 1588 388 ¹11,
1602 356 1628 382 8.

968 399 1018 422 xxv,
1028 399 1054 423 4.
1063 405 1083 411 -
1091 391 1252 424 Frequenter
1265 397 1413 424 supernatat
1427 399 1510 425 aquae
1523 397 1629 426 propter

969 427 1121 459 parvitatem
1140 427 1261 459 partium.
1280 427 1297 459 1,
1316 435 1357 459 xv,
1375 436 1402 460 4.
1415 442 1435 447 —
1452 428 1500 453 Est
1517 427 1628 460 frigidis-

968 462 1043 486 sima.
1058 462 1076 491 1,
1089 470 1123 493 rv,
1137 462 1162 487 6.
1175 476 1195 482 -
1207 463 1291 487 Habet
1309 468 1397 488 tamen
1410 463 1522 496 aliquam
1542 463 1628 488 calidi-

969 502 1048 522 tatem
1068 497 1242 523 intrinsecam.
1261 498 1296 529 ΙΙ,
1314 506 1364 530 vn,
1383 496 1409 532 9.
1427 506 1461 528 11,
1482 498 1505 524 5.
1523 511 1543 519 —-
1561 498 1628 523 Inte-

969 532 1036 557 riora
1051 537 1134 557 terrae
1153 538 1213 557 sunt
1227 533 1319 566 frigida
1333 533 1359 558 in
1375 539 1455 565 aestu,
1470 534 1496 559 in
1511 538 1628 566 tempore

969 567 1062 600 frigido
1081 576 1144 592 vero
1163 576 1178 593 e
1197 569 1338 593 contrario:
1358 576 1446 601 quare.
1462 570 1479 599 1.
1498 577 1538 600 xv,
1562 577 1629 594 10.—

969 603 1099 627 Excessus
1118 603 1220 636 frigoris
1240 608 1264 628 et
1283 604 1375 629 caloris
1391 604 1497 629 ubinam
1516 605 1629 629 invenia-

969 643 1012 663 tur
1030 638 1057 662 in
1075 642 1152 663 terra.
1171 639 1208 668 11,
1227 647 1256 669 x,
1278 646 1306 668 2,
1327 639 1351 664 3.
1367 653 1387 659 -
1405 639 1487 665 Terra
1512 639 1596 664 calefit
1613 647 1628 664 a

970 673 1124 707 corporibus
1143 674 1306 699 caelestibus.
1325 675 1343 705 1,
1362 682 1396 704 xv,
1417 674 1440 699 3.
1453 683 1487 704 vt,
1504 682 1527 699 2.
1543 675 1571 704 ΙΙ,
1584 682 1629 705 vn,

971 708 1002 740 3,
1021 716 1046 742 9.
1065 716 1104 739 ix,
1126 708 1149 734 5.
1167 722 1187 729 -
1204 709 1276 734 Duae
1295 717 1389 734 causae
1412 710 1583 735 calefactionis
1602 710 1628 734 in

969 749 1045 769 terra.
1064 744 1083 775 1,
1100 752 1134 774 tv,
1156 744 1179 769 3.
1197 757 1216 764 —-
1234 744 1355 769 Caliditas
1372 745 1438 770 circa
1456 750 1550 770 terram
1569 753 1629 770 cau-

969 785 1010 804 sat
1028 779 1224 805 exhalationem.
1238 780 1267 811 11,
1281 788 1325 811 vn,
1342 780 1365 810 3,
1381 779 1403 811 5,
1417 788 1442 814 9.
1454 795 1473 799 -
1486 781 1534 805 Est
1547 781 1629 805 siccae

970 820 1085 841 naturae.
1103 815 1126 846 1,
1143 823 1184 846 vx,
1204 822 1228 840 2.
1250 815 1290 849 Cs.
1310 815 1342 845 11,
1361 823 1409 846 vu,
1429 815 1455 841 6.
1472 830 1491 836 -
1509 816 1630 841 Abundat

970 851 1130 876 exhalatione
1149 851 1224 876 sicca.
1244 851 1273 882 11,
1291 858 1326 882 vl,
1347 851 1370 876 3.
1393 851 1433 885 Cs-
1451 851 1480 881 11,
1496 859 1540 881 vn,
1561 851 1584 881 3,
1604 851 1629 881 6,

969 894 996 920 9.
1013 899 1032 906 —
1050 887 1144 911 Reddit
1163 894 1259 919 aquam
1278 887 1383 918 salsam,
1405 892 1430 911 et
1448 887 1475 911 in
1494 894 1524 912 ea
1542 881 1646 912 causat'

969 922 1035 947 alios
1060 930 1176 955 saporeS.
1195 922 1225 954 11,
1242 930 1278 953 vx,
1297 921 1322 953 8,
1339 936 1359 942 -
1376 922 1498 947 Diversas
1521 923 1629 947 virtutes

969 957 1059 991 recipit
1078 958 1220 983 secundum
1240 958 1358 982 diversos
1383 963 1502 990 aspectus
1521 958 1585 983 solis
1605 963 1631 983 et

970 994 1115 1019 stellarum.
1133 993 1151 1024 1,
1170 1001 1230 1023 xvn,
1251 1001 1274 1018 2.
1296 994 1336 1026 Cf.
1355 993 1384 1023 ΙΙ,
1402 1001 1446 1025 vn,
1466 993 1491 1019 8.

1005 1029 1073 1054 Tota
1091 1034 1158 1054 terra
1177 1034 1217 1053 est
1235 1029 1376 1062 sphaerica.
1395 1029 1424 1060 11,
1438 1037 1462 1061 x,
1479 1036 1504 1054 2.
1516 1043 1536 1049 -
1549 1029 1631 1054 Terra

969 1069 1010 1090 est
1028 1065 1111 1090 multo
1127 1065 1212 1089 minor
1230 1065 1386 1097 quibusdam
1400 1065 1492 1090 astris:
1509 1069 1631 1097 respectu

970 1101 1076 1125 ultimae
1095 1100 1222 1133 sphaerae
1239 1100 1339 1125 obtinet
1349 1100 1434 1125 vicem
1452 1100 1548 1133 puncti.
1562 1100 1579 1130 1,
1592 1108 1630 1132 111,

972 1135 1001 1168 3,
1021 1135 1052 1167 6,
1071 1134 1096 1160 8.
1115 1143 1163 1166 ιη,
1185 1135 1209 1160 3.
1227 1143 1293 1165 xvu,
1312 1143 1339 1167 4.
1356 1149 1375 1155 -
1393 1135 1440 1160 Est
1459 1136 1546 1160 minor
1564 1136 1630 1161 sole.

970 1171 988 1203 1,
1007 1179 1051 1203 ιιι,
1070 1170 1096 1196 6.
1113 1183 1134 1190 -
1150 1171 1217 1195 Tota
1236 1171 1320 1196 moles
1339 1175 1406 1195 terra
1424 1171 1515 1196 eadem
1535 1176 1630 1202 manet,

970 1212 1058 1240 partes
1077 1211 1164 1232 autem
1183 1211 1324 1231 mutantur.
1338 1206 1367 1235 11,
1381 1213 1416 1237 vt,
1429 1214 1455 1239 7.
1466 1220 1486 1226 —
1498 1206 1582 1232 Terra
1600 1214 1631 1232 ex

970 1248 1043 1276 parte
1062 1242 1244 1275 septentrionis
1263 1247 1304 1267 est
1322 1242 1405 1266 altior.
1423 1242 1459 1273 ΙΙ,
1477 1249 1500 1271 ι,
1520 1250 1549 1275 7,
1568 1241 1594 1268 8.
1612 1257 1631 1262 -

971 1278 1105 1309 Quaedam
1124 1285 1184 1310 pars
1205 1278 1320 1303 elevatur
1338 1285 1444 1302 sursum
1463 1285 1511 1310 per
1529 1278 1630 1303 exhala-

969 1313 1080 1343 tionem,
1099 1319 1125 1338 et
1143 1313 1272 1346 quaedam
1291 1312 1435 1338 dimittitur.
1454 1313 1518 1338 ibid.
1535 1326 1555 1333 -
1572 1314 1630 1338 Non

971 1357 1076 1382 semper
1101 1349 1192 1374 eadem
1216 1349 1274 1373 loca
1292 1353 1375 1373 terrae
1394 1353 1455 1373 sunt
1472 1357 1571 1381 aquosa
1588 1349 1630 1374 vel

971 1385 1053 1410 arida:
1072 1392 1162 1417 quare.
1181 1384 1204 1413 Ι,
1222 1391 1287 1414 xvn.
1310 1392 1318 1408 1
1342 1391 1401 1417 sqq.
1419 1397 1439 1404 ·-
1456 1384 1555 1409 Umbra
1573 1385 1630 1410 eius

970 1426 1011 1446 est
1029 1427 1089 1445 nox.
1108 1420 1133 1449 1.
1150 1427 1201 1449 m,
1220 1418 1245 1444 6.
1263 1433 1283 1438 —
1299 1419 1399 1445 Umbra
1417 1425 1501 1445 terrae
1519 1428 1572 1445 non
1590 1425 1631 1446 est

970 1456 1039 1489 apud
1058 1461 1127 1481 asu-a
1139 1454 1202 1486 fixa;
1221 1460 1261 1480 est
1273 1460 1361 1480 tamen
1375 1455 1444 1488 apud
1458 1455 1557 1481 lunam.
1567 1455 1631 1481 ibid.

1005 1491 1088 1517 Terra
1106 1496 1195 1516 nostra
1213 1490 1358 1516 habitabilis
1371 1495 1411 1516 est
1427 1498 1521 1516 versus
1540 1492 1631 1524 polum

970 1527 1108 1553 arcticum:
1128 1527 1208 1552 altera
1225 1534 1318 1551 versus
1338 1526 1480 1551 meridiem.
1499 1527 1534 1557 ΙΙ,
1552 1535 1582 1557 x,
1603 1534 1631 1556 2,

969 1571 996 1595 4.
1013 1576 1033 1582 -
1050 1563 1145 1596 Figura
1163 1562 1299 1596 utriusque
1322 1566 1362 1587 est
1380 1562 1412 1587 ad
1435 1562 1544 1587 modum
1563 1567 1631 1595 tym-

970 1598 1039 1632 pani.
1058 1598 1089 1624 11.
1106 1606 1132 1624 x.
1151 1605 1177 1623 2.
1194 1611 1214 1617 -
1231 1597 1360 1623 Probatur
1375 1598 1447 1630 quod
1460 1605 1513 1623 non
1532 1598 1565 1623 sit
1583 1598 1631 1623 cir-

970 1634 1074 1660 cularis.
1092 1633 1123 1666 11,
1140 1642 1165 1665 x,
1185 1632 1210 1658 3.
1226 1647 1247 1654 -
1263 1633 1303 1658 De
1321 1632 1454 1658 latitudine
1476 1638 1502 1658 et
1520 1633 1631 1666 longitu-

971 1670 1032 1696 dine
1054 1675 1139 1695 terrae
1166 1668 1321 1694 habitabilis.
1347 1668 1411 1694 ibid.
1432 1682 1452 1688 -
1473 1669 1540 1694 Tota
1564 1674 1632 1694 terra

971 1705 1119 1731 habitabilis
1138 1705 1284 1730 secundum
1303 1704 1472 1734 latitudinem,
1491 1703 1632 1730 habitatur:

970 1747 1058 1767 utrum
1077 1741 1223 1766 secundum
1242 1747 1316 1765 suam
1332 1740 1520 1773 longitudinem
1534 1739 1632 1766 habite-

971 1783 1014 1803 tur
1025 1777 1166 1802 nescimus.
1179 1776 1244 1802 ibid.
1253 1789 1274 1795 —
1287 1775 1422 1806 Quaenam
1442 1781 1529 1809 partes
1548 1781 1632 1802 terrae

971 1814 1023 1839 sint
1041 1812 1228 1840 inhabitabiles.
1243 1817 1268 1837 et
1286 1819 1339 1844 quo
1358 1819 1438 1837 sensu
1457 1811 1575 1837 dicantur
1593 1812 1632 1837 in-

971 1847 1133 1874 habitabiles.
1151 1847 1181 1878 11,
1199 1855 1223 1878 x,
1244 1854 1269 1872 2.
1287 1861 1306 1866 -
1321 1847 1393 1873 Ultra
1407 1847 1536 1880 tropicum
1555 1847 1632 1873 aesti-

970 1884 1056 1910 valem
1084 1891 1136 1908 non
1163 1882 1306 1908 habitatur:
1331 1891 1420 1916 quare.
1445 1882 1510 1908 ibid.
1526 1897 1547 1902 -
1569 1883 1634 1909 Vide

972 1920 1061 1950 Mans,
1081 1919 1195 1944 Pon-ran.

935 1955 1135 1981 Tsamaxorus
1153 1969 1188 1973 -
1206 1954 1246 1979 De
1268 1953 1333 1987 ipsis
1353 1954 1437 1987 agitur
1460 1954 1487 1979 in
1504 1954 1632 1979 Meteoro-

971 1991 1050 2024 logia.
1068 1991 1093 2021 Ι,
1112 1998 1134 2020 ι,
1153 1998 1178 2023 7.
1195 2003 1215 2009 ·-
1233 1990 1334 2015 Causae
1358 1997 1451 2015 eorum
1470 1989 1634 2023 assignantur

972 2034 1003 2052 ex
1021 2026 1124 2052 diversa
1142 2025 1229 2058 specie
1247 2030 1340 2051 terrae.
1358 2025 1423 2052 ibid.

935 2062 1064 2088 Tmonas
1082 2076 1116 2080 —
1139 2061 1206 2087 Vide
1224 2061 1302 2087 Dm.

935 2098 1147 2124 'sannam-rano
1165 2111 1200 2116 —
1219 2096 1315 2122 Omnis
1333 2096 1515 2122 transmutatio
1529 2101 1633 2123 natura-

971 2134 1004 2159 lis
1022 2132 1052 2158 fit
1069 2133 1226 2158 successive.
1245 2132 1264 2163 1,
1282 2140 1343 2164 xvn,
1364 2132 1387 2158 3.

935 2170 1051 2196 Troum
1065 2183 1100 2188 -—
1110 2168 1208 2194 Puncta
1219 2168 1326 2200 tropica,
1337 2176 1384 2193 seu
1394 2168 1555 2199 conversiva.
1565 2176 1634 2202 quae

972 2205 1024 2230 sint
1042 2209 1069 2230 et
1087 2212 1168 2238 quare
1186 2203 1224 2229 sic
1243 2203 1318 2230 dicta.
1337 2204 1366 2234 ΙΙ,
1379 2211 1424 2235 vn,
1442 2212 1483 2229 ιο.
1500 2212 1524 2234 x,
1545 2212 1569 2230 2.
1590 2205 1632 2239 (J.

971 2241 1000 2271 ΙΙ,
1018 2247 1052 2270 xx.
1071 2247 1097 2272 4.

936 2276 1082 2302 Trpnom
1101 2289 1136 2294 —
1155 2275 1194 2300 De
1213 2274 1277 2308 ipsis
1296 2274 1379 2308 agitur
1396 2274 1423 2300 in
1439 2275 1632 2309 Meteorologia.

971 2312 990 2342 Ι,
1008 2319 1026 2341 1,
1046 2310 1072 2337 8.
1089 2325 1109 2331 -
1127 2310 1268 2342 Quomodo
1286 2315 1450 2343 generentur.
1470 2310 1534 2336 ibid.

935 2348 1108 2374 Trana-‚uua
1126 2361 1160 2365 —
1179 2346 1250 2372 Mare
1267 2346 1435 2380 Tyrrhenum
1463 2351 1503 2372 est
1524 2347 1632 2381 profun-

972 2383 1118 2408 dissimum.
1137 2382 1167 2411 Π,
1185 2389 1203 2412 1,
1222 2389 1248 2415 7.

1267 2493 1303 2530 U

936 2596 1034 2622 Unam
1051 2609 1086 2614 -
1106 2594 1193 2625 Quare
1211 2595 1282 2620 calor
1298 2595 1332 2620 sit
1350 2594 1436 2620 minor
1448 2595 1475 2620 in
1492 2595 1556 2620 locis
1575 2603 1634 2621 um-

972 2631 1067 2656 brosis.
1085 2630 1104 2662 1,
1121 2637 1147 2661 v,
1166 2637 1193 2663 7.
1210 2644 1230 2650 -
1246 2630 1346 2656 Umbra
1364 2633 1480 2664 corporis
1492 2631 1565 2664 opaci
1584 2631 1634 2656 mi-

971 2667 1042 2692 noris
1055 2673 1165 2699 corpore
1184 2666 1270 2691 lucido
1284 2666 1401 2692 ascendit
1413 2667 1440 2692 in
1452 2665 1547 2692 c'onum
1561 2671 1634 2692 tanto

971 2703 1102 2728 minorem
1129 2707 1228 2735 quanto
1255 2702 1371 2727 lucidum
1389 2702 1477 2727 minus
1500 2702 1579 2727 distat
1600 2702 1632 2728 ab

971 2745 1063 2772 opaco,
1077 2742 1103 2762 et
1120 2737 1203 2770 magis
1223 2737 1322 2763 excedit
1345 2737 1441 2771 ipsum.
1460 2738 1483 2768 Ι,
1502 2745 1552 2768 xn,
1571 2737 1597 2770 6,
1614 2752 1635 2758 -

971 2773 1071 2799 Umbra
1090 2772 1124 2798 ibi
1141 2771 1226 2798 deficit
1243 2773 1287 2798 ubi
1306 2774 1347 2798 sol
1361 2773 1445 2799 existit
1463 2781 1544 2807 super
1561 2781 1634 2799 sum-

971 2808 1075 2834 mitates
1094 2808 1221 2841 eapitum3
1240 2809 1273 2833 ad
1298 2809 1432 2834 meridiem
1455 2816 1520 2834 vero
1537 2808 1567 2834 fit
1588 2809 1633 2834 ubi

971 2845 1011 2869 sol
1030 2844 1063 2869 ad
1081 2843 1284 2877 septentrionem
1303 2844 1422 2870 declinat.
1440 2844 1469 2875 Π,
1487 2853 1512 2874 x.
1532 2852 1557 2870 2.

935 2879 1106 2905 Umvaasau
1125 2893 1160 2898 -—-
1184 2879 1248 2905 Vide
1266 2880 1402 2906 Sensum.

935 2915 1026 2940 Uama
1043 2929 1078 2934 —-
1101 2914 1167 2940 Vide
1185 2915 1283 2940 Sunoa.

935 2951 1011 2976 Uasa
1029 2965 1064 2970 —
1083 2950 1159 2980 Ursa.
1177 2950 1245 2976 idest
1263 2951 1420 2984 septentrio:
1438 2959 1520 2984 quare
1538 2951 1575 2976 sic
1595 2951 1632 2976 di-

971 2990 1052 3012 catur.
1070 2986 1100 3017 ll,
1117 2993 1162 3016 vn,
1185 2994 1225 3012 to.
1246 2987 1286 3020 Cf.
1306 2986 1335 3017 II,
1353 2995 1377 3016 x,
1394 2994 1414 3012 1.
1431 3000 1450 3006 —
1467 2987 1546 3018 Ursa,
1566 2986 1633 3011 idest

971 3022 1049 3055 polus
1060 3041 1067 3053 ‚
1091 3021 1146 3047 sive
1164 3022 1273 3047 arcticus
1292 3023 1348 3048 sive
1366 3022 1528 3048 antarcticus.
1546 3022 1580 3052 11,
1598 3030 1631 3052 x,

976 3066 996 3087 ι,
1015 3065 1042 3089 4.

2298 243 2375 289 455

2011 322 2047 359 V

1681 392 1797 417 Vscmm
1816 407 1850 411 —
1875 392 1938 417 Vide
1956 393 2055 417 Locus.

1681 427 1778 453 Vama
1797 442 1831 446 -
1850 428 1938 460 Vapor
1956 432 1997 452 est
2016 427 2141 452 exhalatio
2159 427 2274 454 humida.
2292 429 2316 459 Ι,
2335 436 2378 459 1v,

1717 462 1743 488 6.
1761 471 1796 492 v1,
1816 470 1840 488 2.
1859 463 1887 492 11,
1906 470 1950 494 vu,
1971 470 1994 492 2,
2015 462 2039 488 3.
2056 477 2076 483 -
2094 463 2140 488 Est
2159 471 2227 496 aqua
2244 464 2376 489 rarefacta.

1718 498 1736 528 Ι,
1755 506 1789 529 xv,
1805 498 1829 524 3.
1843 498 1871 528 11,
1885 506 1912 528 u,
1927 498 1952 523 6.
1965 512 1985 518 -
1998 498 2110 523 Pertinet
2123 499 2155 524 ad
2169 505 2286 524 naturam
2299 500 2375 524 aeris.

1717 534 1741 565 Ι,
1760 541 1814 564 xxv,
1838 542 1860 559 1.
1877 547 1897 554 —
1914 534 2008 559 Mediat
2033 534 2098 559 inter
2117 542 2203 559 aerem
2228 539 2254 559 et
2272 542 2376 567 aquam.

1718 569 1736 600 1,
1755 577 1805 599 xw,
1824 568 1850 594 6.
1867 583 1888 589 -
1905 569 1953 594 Est
1970 570 2120 594 naturaliter
2141 569 2263 595 humidus
2289 575 2314 595 et
2332 570 2375 595 fri—

1717 605 1802 637 gidus.
1822 605 1850 634 ll,
1869 612 1917 634 vu,
1937 604 1962 630 6.
1979 619 1999 624 -
2017 605 2130 630 Calidior
2157 613 2237 638 quam
2256 613 2331 638 aqua.
2351 606 2375 634 1.

1717 648 1768 670 xxv,
1790 649 1798 665 ι
1809 648 1830 665 ι.
1847 654 1868 660 -
1886 640 1932 665 Est
1950 640 2105 673 pn'ncipium
2123 641 2235 674 pluviae.
2249 640 2278 670 11,
2293 648 2337 670 vn,
2353 640 2376 670 3,

1718 683 1744 707 4.
1761 689 1781 696 -
1799 676 1838 700 De
1856 675 1940 701 causis
1959 676 2072 708 vaporis.
2090 676 2109 706 Ι,
2127 683 2177 706 m,
2198 675 2221 707 3,
2240 683 2266 708 4.
2285 676 2313 705 ῙΙ,
2331 684 2375 706 vn,

1720 710 1743 740 3,
1756 719 1782 743 4.
1799 725 1819 730 —
1837 711 1946 736 Sursum
1960 711 2041 736 fertur
2058 719 2106 744 per
2117 712 2238 741 calorem,
2253 712 2376 736 deorsum

1718 754 1766 779 per
1784 746 2007 779 instigidationem.
2020 746 2038 777 Ι,
2056 754 2106 776 xxv,
2124 746 2148 776 5,
2160 755 2186 781 9.
2201 750 2227 772 et
2234 747 2346 779 pluries.
2358 760 2376 767 ›-

1718 782 1850 806 Ascensus
1871 787 1896 806 et
1920 782 2062 807 descensus
2086 790 2212 815 vaporum
2237 787 2278 807 est
2302 783 2377 815 quasi

1718 817 1811 842 fluvius
1831 817 1959 842 circularis
1987 818 2134 842 communis
2162 818 2215 843 aeri
2234 823 2260 843 et
2284 825 2376 851 aquae.

1719 852 1736 881 Ι,
1750 860 1800 882 xxv,
1816 853 1917 885 7.-Fit
1929 853 2072 878 secundum
2087 854 2215 879 ordinem.
2230 853 2258 883 ΙΙ,
2273 861 2307 883 vr,
2324 853 2376 878 3.-

1719 887 1757 912 Ex
1785 888 1847 912 locis
1875 887 1970 913 infimis
1989 893 2015 913 et
2041 888 2193 914 humefactis
2221 889 2378 921 proveniunt

1719 923 1793 947 multi
1811 931 1930 956 vapores.
1945 924 1962 953 1,
1977 931 2027 954 xlv,
2046 923 2085 949 13.
2097 938 2117 943 -
2130 924 2217 950 Omne
2232 925 2303 957 quod
2318 932 2376 949 sur-

1719 966 1778 982 sum
1795 958 1875 983 fertur
1889 959 1947 991 (per
1961 959 2189 992 evaporationem),
2202 960 2268 985 redit
2280 960 2312 985 ad
2325 965 2376 985 ter-

1719 1001 1789 1018 ram:
1804 994 1830 1018 in
1845 994 1972 1026 aliquibus
1985 999 2071 1019 tamen
2081 995 2229 1028 regionibus
2244 996 2302 1028 plus
2317 1003 2376 1020 eva-

1719 1034 1793 1061 porat
1811 1037 1890 1062 quam
1908 1030 1987 1062 pluat.
2006 1030 2034 1061 11,
2053 1038 2080 1060 11,
2096 1030 2121 1055 6.
2135 1038 2160 1061 v,
2180 1038 2205 1056 2.
2222 1044 2242 1050 -
2258 1031 2376 1064 Vapores

1720 1072 1773 1088 non
1798 1070 1859 1089 sunt
1883 1066 2068 1090 nutrimentum
2094 1074 2233 1099 corporum
2259 1066 2377 1099 superio·-

1720 1107 1788 1125 rum.
1813 1099 1875 1125 ibid.
1893 1114 1913 1120 -
1930 1101 2029 1125 Subtile
2053 1106 2174 1134 evaporat
2199 1101 2271 1127 citius
2297 1109 2376 1134 quam

1719 1143 1849 1167 grossum.
1868 1136 1897 1167 11,
1916 1144 1950 1167 vr,
1970 1135 1992 1166 5,
2013 1144 2037 1169 7.
2055 1150 2074 1155 -
2095 1137 2160 1162 Vide
2178 1137 2341 1162 Exaau'no.

1684 1171 1790 1196 vintrus
1809 1185 1843 1189 —
1863 1171 1901 1196 De
1919 1172 2003 1196 causis
2023 1176 2159 1197 ventorum
2178 1173 2261 1205 agitur
2278 1173 2304 1197 in
2323 1173 2376 1197 Me-

1719 1206 1870 1239 teorologia.
1886 1206 1905 1238 1,
1916 1214 1934 1238 1,
1949 1215 1974 1239 7.
1991 1221 2011 1226 -
2029 1207 2113 1232 Causa
2125 1212 2264 1233 ventorum
2283 1216 2376 1233 secun-

1720 1242 1782 1266 dum
1797 1242 1916 1275 antiquos
1930 1243 2075 1268 Naturales.
2088 1243 2116 1274 11,
2129 1251 2147 1274 1,
2157 1251 2183 1275 4.
2192 1257 2211 1262 -
2220 1243 2377 1276 Principium

1720 1278 1852 1302 materiale
1865 1282 2002 1303 ventorum
2022 1283 2083 1303 sunt
2095 1278 2269 1304 exhalationes
2285 1279 2377 1305 siccae.

1719 1313 1738 1343 Ι,
1757 1321 1781 1344 x,
1801 1312 1867 1344 8.11,
1882 1321 1926 1342 vn.
1941 1320 1963 1342 2,
1982 1321 2007 1345 4,
2023 1322 2047 1346 7,
2068 1322 2092 1348 9,
2111 1322 2150 1339 10.
2167 1322 2221 1344 vm.
2236 1322 2259 1339 2.
2273 1322 2307 1346 11,
2325 1323 2378 1340 1.—

1719 1348 1876 1381 Principium
1894 1347 2008 1374 efficiens
2027 1354 2066 1374 est
2084 1353 2171 1374 motus
2190 1350 2263 1375 solis.
2280 1350 2298 1380 Ι,
2310 1358 2335 1380 v,
2352 1358 2376 1375 2.

1720 1384 1749 1413 ΙΙ,
1762 1391 1807 1413 vu.
1825 1384 1848 1413 3,
1864 1383 1886 1408 5.
1898 1392 1953 1415 vm,
1972 1392 1993 1409 1.
2011 1398 2031 1404 -
2047 1385 2087 1410 De
2105 1385 2184 1410 modo
2203 1385 2377 1418 generationis

1719 1424 1867 1444 ventorum.
1886 1419 1915 1450 ΙΙ,
1933 1427 1978 1451 vn,
1996 1427 2014 1452 4
2037 1428 2097 1453 sqq.
2119 1421 2159 1454 Cf.
2178 1420 2206 1452 11,
2225 1428 2280 1452 vm,
2301 1420 2324 1446 3.
2343 1429 2376 1450 1x,

1723 1454 1747 1480 5.
1765 1469 1784 1473 -
1801 1455 1939 1480 Generatio
1962 1460 2098 1480 ventorum
2122 1461 2162 1480 est
2179 1456 2206 1480 in
2230 1464 2290 1481 aere
2314 1456 2379 1481 infra

1719 1495 1834 1515 montes:
1853 1490 1923 1515 venti
1946 1498 1997 1515 non
2025 1491 2150 1516 excedunt
2174 1497 2276 1516 montes
2301 1492 2376 1517 altos.

1721 1525 1739 1555 Ι,
1757 1533 1782 1555 v,
1803 1533 1827 1550 2.
1845 1526 1874 1555 ΙΙ,
1892 1533 1946 1556 v111,
1970 1534 1991 1551 ι.
2008 1539 2028 1545 -
2047 1527 2158 1558 Quidam
2183 1527 2299 1552 dixerunt
2317 1535 2377 1552 ean-

1722 1562 1782 1586 dem
1801 1569 1861 1586 esse
1878 1566 1997 1587 naturam
2015 1569 2106 1595 aquae,
2125 1562 2190 1587 aeris
2210 1567 2235 1587 et
2252 1562 2334 1595 venti;
2353 1567 2379 1587 et

1720 1602 1827 1621 ventum
1847 1604 1898 1621 non
1918 1604 1976 1622 esse
1995 1597 2043 1622 nisi
2061 1605 2148 1622 aerem
2167 1603 2278 1623 motum.
2292 1598 2310 1627 l,
2328 1605 2378 1628 xvt,

1723 1639 1747 1657 2.
1766 1632 1800 1663 ΙΙ,
1818 1640 1866 1662 vn,
1886 1632 1911 1657 6.
1928 1646 1948 1652 —
1965 1633 2140 1658 Excluduntur
2163 1633 2211 1658 hae
2234 1634 2378 1667 opiniones.

1721 1667 1750 1697 ΙΙ,
1768 1675 1813 1699 vu,
1833 1667 1858 1699 6,
1877 1675 1902 1700 7.
1919 1682 1939 1687 -
1950 1664 2103 1694 Differentia
2114 1674 2251 1694 ventorum
2271 1669 2379 1694 attendi-

1721 1708 1763 1728 tur
1781 1704 1926 1728 secundum
1945 1704 2118 1729 diversitatem
2137 1710 2229 1730 terrae.
2247 1704 2265 1734 Ι,
2283 1712 2301 1735 1,
2321 1712 2346 1738 7.
2361 1718 2380 1724 -

1721 1738 1827 1764 Falsum
1847 1743 1887 1764 est
1904 1744 1992 1764 tamen
2011 1747 2056 1764 eos
2076 1747 2128 1764 non
2149 1739 2251 1765 differre
2269 1740 2319 1765 nisi
2337 1748 2380 1765 se-

1722 1775 1837 1800 cundum
1856 1775 1913 1800 loca
1931 1782 1962 1800 ex
1984 1775 2080 1808 quibus
2105 1775 2176 1800 flant.
2194 1775 2221 1805 Ι,
2239 1783 2299 1806 xvi,
2319 1782 2343 1801 2.
2360 1789 2381 1794 -

1722 1810 1810 1835 Motus
1827 1815 1964 1836 ventorum
1977 1815 2018 1836 est
2030 1810 2162 1844 obliquus.
2175 1811 2204 1842 ΙΙ,
2217 1819 2272 1841 vm,
2289 1819 2310 1841 t,
2326 1818 2349 1836 2.
2361 1825 2381 1831 -

1721 1845 1770 1870 Est
1788 1846 1919 1877 naturalis,
1933 1846 2052 1879 quamvis
2071 1846 2210 1879 obliquitas
2224 1847 2279 1871 eius
2298 1846 2332 1872 sit
2350 1854 2380 1872 ex

1722 1886 1796 1906 motu
1815 1882 1886 1907 caeli.
1905 1881 1940 1912 11.
1957 1889 2018 1911 vm,
2038 1889 2062 1907 2.
2080 1896 2099 1901 -
2117 1881 2272 1914 Principium
2291 1887 2379 1907 motus

1721 1921 1859 1942 ventorum
1884 1923 1925 1942 est
1948 1925 2063 1943 sursum.
2082 1917 2146 1943 ibid.
2163 1931 2183 1937 -
2199 1918 2286 1942 Motus
2310 1918 2380 1943 venti

1722 1953 1805 1986 magis
1824 1953 1972 1978 dominatur
1989 1954 2014 1978 in
2033 1954 2096 1978 locis
2112 1953 2179 1978 altis.
2194 1953 2257 1978 ibid.
2274 1967 2294 1972 -
2312 1953 2380 1979 Cau-

1722 1996 1767 2014 sae
1786 1989 1938 2014 cessationis
1953 1994 2102 2014 ventorum.
2114 1989 2143 2020 11,
2157 1996 2190 2018 lx,
2209 1997 2230 2019 1,
2245 1995 2270 2014 2.
2281 2003 2300 2008 -
2313 1989 2380 2014 Ante

1722 2029 1809 2050 ortum
1823 2022 1930 2050 Orionis
1942 2023 1971 2050 fit
1983 2025 2094 2050 maxima
2106 2024 2277 2057 tranquillitas
2295 2032 2380 2057 usque

1722 2061 1755 2085 ad
1778 2060 1881 2085 etesias.
1900 2060 1938 2091 11,
1956 2067 1998 2091 tx,
2022 2068 2051 2090 1,
2072 2060 2096 2085 3.
2114 2074 2133 2079 —-
2150 2060 2235 2084 Etiam
2262 2064 2380 2092 tempore

1721 2097 1808 2129 magni
1827 2095 1937 2129 frigoris.
1956 2095 1986 2125 ΙΙ,
2004 2103 2037 2127 tx,
2058 2103 2081 2121 2.
2094 2109 2114 2115 -
2132 2095 2296 2128 Quandoque
2313 2100 2378 2120 tem-

1722 2132 1830 2164 poribus
1848 2131 2016 2157 intermediis.
2036 2131 2099 2157 ibid.
2116 2145 2136 2150 -
2153 2131 2194 2156 Fit
2211 2135 2380 2163 augmentum

1721 2173 1860 2193 ventorum
1888 2167 1914 2192 in
1932 2172 1992 2192 ortu
2015 2172 2041 2192 et
2059 2174 2153 2192 occasu
2179 2166 2298 2197 Orionis;
2316 2166 2379 2191 item

1722 2209 1783 2237 post
1800 2209 1887 2228 ortum
1906 2202 1992 2228 CaniS.
2011 2202 2041 2233 11,
2059 2210 2093 2232 lx,
2114 2201 2137 2234 3,
2156 2210 2181 2234 4,
2196 2201 2221 2227 8.
2234 2214 2254 2222 -
2267 2202 2380 2232 Quando

1722 2243 1846 2272 apparent
1864 2243 1988 2269 cometae,
2003 2242 2043 2263 est
2062 2245 2182 2263 excessus
2199 2237 2279 2262 venti.
2297 2237 2321 2269 1,
2339 2245 2379 2267 xt,

1722 2274 1747 2300 8.
1764 2288 1784 2294 -
1801 2274 1841 2300 De
1858 2274 2038 2306 inaequalitate
2053 2273 2213 2298 ventositatis
2235 2273 2380 2298 secundum

1723 2310 1826 2335 diversa
1843 2314 1962 2343 tempora
1986 2314 2012 2335 et
2034 2309 2100 2335 loca.
2119 2309 2151 2340 ΙΙ,
2169 2316 2218 2340 vn,
2237 2307 2262 2333 8.
2280 2322 2300 2328 -
2317 2309 2382 2333 Post

1722 2345 1823 2379 pluvias
1841 2344 1907 2370 fiunt
1923 2345 2008 2375 venti;
2027 2350 2053 2370 et
2071 2349 2131 2378 post
2145 2349 2237 2369 ventos
2256 2351 2380 2376 superve-

1722 2381 1796 2407 niunt
1813 2381 1924 2414 pluviae,
1937 2381 1991 2405 imo
2008 2385 2101 2405 ventos
2120 2380 2264 2405 destruunt.
2282 2379 2311 2410 11,
2329 2387 2381 2409 vu,

1722 2425 1748 2451 9.
1765 2431 1785 2436 -
1801 2415 1901 2442 Ventus
1920 2416 2028 2449 impedit
2045 2415 2174 2450 pruinam.
2193 2415 2211 2445 1,
2226 2422 2276 2446 xxv,
2297 2421 2336 2440 12.
2350 2415 2379 2444 ΙΙ,

1722 2460 1756 2484 xx,
1771 2460 1822 2477 2.—
1836 2451 1886 2483 Qui
1899 2452 1968 2476 venti
1982 2452 2033 2477 sint
2046 2451 2151 2477 maximi
2163 2456 2189 2476 et
2202 2450 2285 2483 magis
2298 2450 2381 2477 abun-

1722 2489 1791 2513 dent.
1810 2488 1839 2517 ΙΙ,
1857 2495 1901 2517 vu,
1924 2494 1963 2512 to.

1685 2520 1801 2550 νόμοι)
1819 2537 1854 2542 -
1877 2523 1943 2549 Vide
1959 2523 2088 2548 Bonum.

2021 2623 2052 2659 Z

1685 2702 1806 2729 lavarat
1824 2716 1858 2721 -—
1877 2702 1986 2727 Plurimi
2012 2701 2118 2735 zephyri
2137 2700 2198 2726 flant
2221 2706 2292 2727 extra
2309 2709 2381 2727 mare

1722 2738 1861 2772 Libycum.
1878 2737 1908 2769 11,
1927 2745 1950 2767 x,
1968 2745 1995 2769 4.

1686 2773 1819 2799 Zonncus
1834 2788 1868 2792 —
1881 2773 2000 2798 Circulus
2013 2772 2143 2804 zodiacus,
2158 2780 2206 2797 seu
2221 2772 2378 2797 animalium.

1722 2809 1740 2841 1,
1759 2817 1783 2838 x,
1804 2816 1828 2834 2.
1846 2816 1899 2838 xm,
1917 2816 1943 2841 4.
1955 2823 1974 2828 -
1992 2808 2130 2833 Intersecat
2148 2808 2272 2832 circulum
2291 2808 2379 2840 aequi-

1722 2844 1867 2875 noctialem,
1881 2845 2011 2869 declinans
2025 2844 2056 2868 ad
2074 2848 2213 2876 utramque
2225 2848 2334 2876 partem.
2349 2843 2378 2873 ll,

1721 2888 1746 2911 x,
1766 2887 1790 2905 2.
1807 2893 1827 2899 —-
1844 2880 1927 2904 Totus
1945 2879 2020 2904 nobis
2039 2878 2191 2903 manifestus
2210 2883 2252 2903 est
2269 2878 2377 2903 diversis

1721 2915 1891 2948 temporibus.
1910 2915 1928 2944 Ι,
1946 2922 1990 2946 m,
2011 2914 2035 2939 3.
2051 2928 2070 2933 -
2088 2914 2132 2939 Sol
2157 2919 2183 2938 et
2201 2913 2242 2939 alii
2260 2914 2378 2947 planetae

1722 2958 1769 2983 per
1782 2951 1870 2984 ipsum
1884 2949 2010 2975 feruntur.
2024 2949 2042 2981 Ι,
2056 2957 2099 2979 xn,
2116 2948 2140 2974 3.
2153 2957 2206 2981 xm,
2220 2956 2246 2981 4.
2259 2957 2308 2978 xxv,
2325 2948 2348 2978 3,
2357 2963 2377 2968 —

1721 2986 1750 3011 In
1762 2987 1827 3018 ipso,
1842 2990 1871 3010 ut
1883 2985 2033 3018 plurimum,
2045 2992 2098 3009 non
2112 2989 2235 3018 apparent
2247 2988 2376 3009 cometae:

1721 3028 1810 3054 quare.
1824 3021 1842 3050 Ι,
1856 3028 1909 3052 xm,
1921 3027 1948 3052 4.
1959 3035 1978 3039 —
1991 3020 2039 3045 Est
2057 3027 2134 3045 causa
2146 3027 2254 3044 movens
2269 3024 2295 3044 et
2307 3019 2376 3052 prin-

1721 3057 1809 3090 cipalis
1823 3057 1850 3081 in
1862 3056 2026 3089 generatione
2040 3063 2123 3089 aquae
2137 3060 2163 3080 et
2174 3055 2250 3080 aeris.
2260 3055 2278 3086 1,
2287 3062 2338 3086 xxv,
2354 3054 2379 3080 3.

857 3328 1710 3356 —-····-ss0-÷·ffi·e-z=ssvm——
