2782 4134
90 936 100 945 '
114 935 165 956 Lib.
181 934 201 955 ΙΙ
230 939 249 955 c.
261 939 299 960 111,

90 967 112 983 n.
123 967 149 989 93
160 960 184 982 S.
196 950 240 982 'fh-
249 960 300 982 lect.

89 994 114 1015 u,
130 993 152 1009 n.
168 993 190 1013 9.

90 1046 99 1055 ·
113 1044 183 1066 Num.
195 1042 219 1072 5(

87 1204 99 1215 ⁴
113 1204 182 1226 Num.
194 1210 218 1231 4.

78 2162 89 2173 “
103 2162 157 2189 quia
172 2168 205 2183 ΡΑ.

334 282 381 307 20

332 349 587 386 demonstrata
607 357 651 382 ex
670 342 902 393 quibusdam
921 338 1137 390 praemissis
1157 341 1266 397 (pu-ta
1286 336 1391 395 quo-d

331 402 403 439 sint
417 407 490 437 tres
506 407 631 436 motus
651 396 850 446 simplices,
872 403 908 432 et
933 394 1038 443 quod
1056 399 1182 429 motus
1203 390 1390 449 circularis

331 454 377 491 sit
395 452 570 490 naturalis
599 451 707 488 alicui
743 448 890 498 corpori
918 447 1023 496 quod
1052 452 1106 482 est
1134 443 1300 502 aliud-in
1324 453 1389 478 na-

330 515 413 544 tura
432 519 454 543 a
478 505 699 554 corporibus
726 514 824 551 quae
852 508 938 538 sunt
973 499 1033 536 hic
1060 496 1112 543 β),
1146 495 1388 553 manifestum

329 567 453 610 potest
485 571 566 595 esse
586 570 630 594 ex
648 554 846 606 praedictis
865 553 968 603 quod
993 558 1114 588 toturn
1141 561 1277 607 corpus
1297 547 1388 584 1llud

330 613 434 662 quod
463 611 686 648 circulariter
712 614 898 654 movetur,
918 617 996 642 non
1024 604 1138 662 habet
1165 608 1387 649 gravltatem

330 678 452 715 neque
471 664 674 709 levitatem,
696 674 792 710 quae
826 666 911 697 sunt
932 658 1114 707 princ1p1a
1143 653 1386 704 quorundam

314 726 317 729 ’
328 727 501 756 motuum
528 717 714 754 localium.

383 784 418 809 2.
448 770 596 808 Deinde
634 780 721 805 cum
756 766 860 803 dicit:
904 764 1056 812 Oportet
1089 767 1214 799 autem
1251 772 1385 819 suppo-

329 837 417 862 nere
434 831 515 871 etc.,
534 821 695 860 ostendit
712 818 962 869 propositum.
983 817 1033 853 Et
1051 815 1139 864 quia
1158 814 1384 873 principium

330 875 658 915 demonstrationis
688 880 742 910 est
768 871 869 920 quod
894 870 984 919 quid
1010 874 1081 915 est,
1115 875 1156 904 ut
1185 867 1319 904 d1c1tur
1346 879 1384 926 ¹.¹¹

327 931 422 968 libro
441 931 578 967 Poster.
601 929 632 974 ²¹²,
651 926 776 976 primo
801 922 980 974 supponit
1000 921 1239 960 definitiones
1258 932 1383 968 graws

329 992 364 1021 et
395 983 509 1030 levis;
543 980 709 1019 secundo
743 990 787 1015 ex
814 977 871 1015 his
900 982 1182 1024 argumentatur
1214 974 1269 1032 ad,
1293 985 1382 1022 pro-

325 1037 503 1086 positum,
532 1035 598 1072 ibi:
626 1033 787 1070 Necesse
804 1036 929 1069 autem
951 1031 971 1051 ³⁵
992 1037 1059 1066 etc.
1087 1028 1196 1065 Circa
1214 1039 1381 1086 primurn

327 1091 403 1127 duo
423 1089 523 1126 facit:
550 1087 674 1136 primo
695 1084 871 1123 describit
894 1082 986 1133 quid
1010 1089 1064 1119 est
1091 1093 1204 1129 grave
1230 1088 1267 1117 et
1290 1080 1381 1129 qu1d

326 1150 381 1180 est
408 1143 506 1188 leve;
535 1139 701 1178 secundo
722 1137 898 1176 describit
921 1135 1011 1186 quid
1036 1142 1092 1171 est
1114 1133 1380 1182 gravissimum

326 1204 361 1233 et
380 1195 470 1244 quid
488 1193 732 1239 levissimum,
753 1191 820 1229 ibi:
841 1189 1114 1228 Gravissimum
1130 1193 1254 1224 autem
1272 1189 1291 1206 ⁴*
1309 1195 1378 1224 etc.

375 1248 473 1285 Dicit
503 1259 589 1295 ergo
622 1245 745 1295 primo
780 1243 883 1294 quod
912 1243 960 1280 ad
988 1241 1226 1292 propositum
1255 1248 1380 1278 osten-

323 1302 501 1347 dendum,
522 1306 669 1349 oportet
687 1309 902 1347 supponere
917 1302 931 1324 ⁷
952 1296 1044 1345 quid
1064 1295 1233 1332 dieamus
1257 1306 1381 1344 grave

322 1363 357 1392 et
375 1354 464 1403 quid
482 1353 571 1391 leve.
593 1352 682 1389 Ideo
703 1359 831 1388 autem
852 1350 939 1388 dicit
955 1360 1175 1398 supponere,
1191 1348 1280 1397 quia
1300 1361 1379 1386 non

320 1408 483 1458 perfecte
517 1405 712 1454 investigat
743 1404 804 1442 hic
839 1415 972 1441 eorum
1011 1402 1272 1448 definitiones;
1312 1402 1379 1440 sed

319 1461 432 1498 utitur
451 1460 503 1497 eis
522 1467 564 1496 ut
587 1457 918 1508 suppositionibus,
948 1463 1132 1506 quantum
1161 1455 1302 1493 suffieit
1329 1456 1379 1493 ad

319 1513 580 1552 necessitatem
603 1511 808 1561 praesentis
838 1508 1179 1548 demonstrationis.
1210 1509 1378 1558 Diligen—

319 1568 390 1605 tius
410 1574 536 1604 autem
556 1565 851 1603 considerabitur
880 1564 928 1601 de
952 1563 1005 1601 eis
1028 1563 1066 1600 in
1095 1570 1230 1612 quarto
1251 1563 1375 1611 huius,

318 1621 383 1658 ubi
421 1628 626 1670 exponetur
651 1618 871 1664 substantia,
902 1617 980 1654 sive
1009 1624 1159 1665 natura,
1190 1617 1375 1666 ipsorum.

318 1674 459 1712 Definit
487 1685 574 1722 ergo
603 1685 738 1721 grave,
776 1671 878 1721 quod
904 1676 1032 1708 natum
1065 1676 1120 1707 est
1154 1671 1302 1708 moveri
1327 1671 1380 1708 ad

318 1727 501 1764 medium.-
538 1727 621 1763 leve
661 1733 810 1773 autem,
848 1725 949 1774 quod
979 1729 1108 1761 natum
1142 1730 1196 1761 est
1231 1725 1380 1762 moveri

317 1793 342 1817 a
369 1780 500 1818 medio.

373 1835 406 1871 3.
435 1834 556 1871 Utitur
575 1840 701 1869 autem
726 1831 788 1869 tali
806 1832 925 1869 modo
945 1830 1164 1879 definiendi,
1185 1838 1227 1868 ut
1246 1832 1377 1869 obser-

317 1895 381 1924 vet
400 1900 438 1924 se
454 1884 468 1908 δ
482 1899 503 1923 a
530 1885 785 1923 contrarietate
809 1885 986 1932 Platonis,
1007 1884 1072 1934 qui
1097 1884 1247 1922 dicebat
1270 1886 1375 1935 quod

317 1940 355 1977 in
374 1941 518 1978 mundo
541 1939 749 1976 secundum
779 1951 818 1976 se
847 1951 924 1976 non
955 1946 1009 1975 est
1037 1950 1188 1976 sursum
1209 1946 1246 1976 et
1266 1939 1376 1976 deor-

318 2006 419 2041 sum,
448 2001 601 2043 propter
628 1992 891 2030 rotunditatem
919 1991 1073 2030 mundi:
1103 2004 1241 2042 corpus
1271 1993 1374 2030 enim

317 2047 521 2084 rotundum
544 2054 598 2083 est
624 2046 792 2096 undique
820 2046 1020 2083 uniforme.
1055 2045 1227 2084 Dicebat·
1245 2054 1374 2084 autem

317 2100 421 2150 quod
453 2113 602 2137 sursum
635 2107 671 2136 et
703 2100 881 2137 deorsum
916 2107 970 2137 est
1002 2099 1040 2136 in
1073 2099 1220 2138 mundo
1249 2101 1375 2138 solum

316 2154 442 2203 quoad
470 2166 550 2201 nos,
572 2153 635 2202 qui
656 2154 675 2174 *²
696 2153 936 2190 ncfminamus
964 2165 1115 2190 sursum
1135 2153 1173 2191 id
1193 2154 1299 2203 quod
1321 2162 1376 2191 est

316 2220 428 2256 supra
449 2214 560 2256 caput
578 2215 759 2255 nostrum,
786 2207 963 2244 deorsum
985 2214 1113 2244 autem
1134 2207 1172 2245 id
1193 2207 1299 2257 quod
1320 2216 1375 2245 est

316 2261 385 2298 sub
405 2260 564 2310 pedibus
583 2261 733 2298 nostris:
755 2260 785 2298 si
806 2268 933 2298 autem
953 2273 1122 2298 essemus
1143 2273 1162 2298 e
1184 2261 1373 2299 contrario

315 2313 449 2361 situati,
467 2327 487 2350 e
507 2316 694 2352 contrario
709 2320 719 2334 ’
735 2314 1020 2352 nominaremus
1040 2327 1191 2352 sursum
1212 2323 1248 2352 et
1264 2315 1373 2352 deor-

314 2380 410 2405 sum.
441 2367 504 2404 Sic
532 2380 620 2416 ergo
650 2368 756 2404 Plato
777 2380 855 2405 non
875 2367 1009 2417 accipit
1027 2367 1066 2406 id
1095 2368 1200 2417 quod
1221 2376 1276 2406 est
1295 2381 1374 2406 sur-

314 2433 398 2458 sum
432 2429 467 2458 et
501 2421 701 2468 deorsum,
737 2421 949 2458 secundum
986 2421 1039 2458 rei
1075 2429 1270 2469 naturam,
1307 2422 1374 2460 sed

314 2475 439 2523 quoad
458 2487 539 2511 nos.
560 2474 778 2512 Aristoteles
797 2482 925 2511 autern
944 2474 1059 2511 utitur
1078 2474 1135 2511 his
1155 2475 1374 2513 nominibus

314 2527 523 2565 secundum
553 2540 800 2565 communem
833 2527 994 2565 modum
1027 2528 1226 2577 loquendi,
1260 2537 1375 2578 prout

369 2667 394 2701 β)
413 2675 480 2701 quae
497 2670 559 2693 sunt
577 2668 626 2693 hic.
637 2682 656 2687 —
668 2675 735 2700 quae
752 2671 815 2694 sunt
832 2676 886 2694 om.
900 2669 932 2695 A.
954 2669 1005 2694 Pro
1025 2670 1208 2703 manifestum,
1229 2674 1321 2696 notum
1341 2672 1374 2703 1>;

317 2704 348 2729 cf.
361 2704 418 2729 lect.
430 2711 513 2736 praec.
532 2712 572 2737 γγ.

368 2739 395 2774 γ)
414 2746 568 2772 supponere.
581 2746 823 2771 -praesupponere
841 2741 873 2765 A.
884 2754 904 2759 -
918 2740 973 2766 Lin.
993 2748 1049 2773 seq.
1064 2749 1111 2773 pro
1131 2741 1195 2768 dicit
1218 2750 1374 2775 supponere,

316 2775 392 2801 debet
409 2782 556 2808 supponere
574 2775 604 2800 C.
615 2775 681 2800 —lbi
700 2775 844 2809 investigat
862 2775 911 2805 hic,
933 2777 1006 2801 codd.
1021 2784 1075 2802 exc.
1090 2777 1112 2801 Α
1131 2777 1252 2803 omittunt
1271 2779 1321 2804 hic.

368 2809 392 2843 ὃ)
413 2813 442 2835 ut
459 2810 577 2835 observet
594 2817 630 2835 se.
644 2825 662 2829 -
677 2813 706 2835 ut
723 2815 859 2836 conservet
877 2818 905 2837 se
923 2811 954 2842 G,
969 2815 998 2837 ut
1010 2815 1096 2838 servet
1110 2819 1137 2838 se
1151 2813 1184 2844 P;
1205 2814 1316 2846 legimus
1331 2815 1374 2840 ob-

315 2849 402 2871 servet
420 2854 479 2871 cum
499 2850 546 2871 cet.
561 2851 586 2870 et
604 2846 644 2871 ed.
664 2845 738 2871 1516.
750 2861 767 2865 -
780 2847 902 2879 Sequenti
922 2847 966 2873 lin.
978 2851 1005 2873 et
1024 2848 1146 2874 deorsum
1166 2857 1219 2874 om.
1232 2850 1261 2875 P.

368 2882 389 2913 ε)
404 2889 418 2906 e
432 2881 577 2907 contrario.
590 2895 610 2900 -
622 2881 708 2906 Verba
722 2881 784 2907 haec
797 2882 816 2907 P
830 2883 973 2915 transponit
991 2889 1050 2916 post
1070 2884 1201 2910 deorsum.
1221 2886 1303 2911 Codd.
1318 2894 1375 2919 per-

316 2923 389 2948 gunt:
410 2917 454 2942 Sic
473 2917 557 2950 igitur
575 2917 652 2942 Plato
671 2918 767 2949 accipit
786 2918 814 2943 id
832 2919 903 2951 quod
920 2922 960 2944 est
977 2926 1081 2944 sursum
1100 2923 1127 2946 et
1145 2921 1268 2946 deorsum
1283 2929 1375 2948 secun—

316 2953 378 2977 dum
398 2953 436 2977 rei
450 2956 573 2977 naturam
588 2954 686 2978 Sensus
701 2953 768 2978 iuxta
782 2954 918 2979 lectionem
933 2955 1037 2980 Pianam
1053 2962 1106 2981 est:
1121 2956 1274 2982 Aristoteles
1289 2957 1376 2983 definit

316 2987 356 3012 hic
374 2996 450 3021 grave
469 2994 493 3013 et
512 2988 632 3021 leve.per
656 2989 772 3014 ordinem
798 2990 829 3014 ad
856 2990 985 3019 medium,
1009 2992 1079 3016 nulla
1105 2992 1235 3017 mentione
1260 2993 1324 3018 facta
1344 2995 1376 3019 de

316 3030 419 3048 sursum
438 3029 463 3048 et
481 3024 609 3053 deorsum.
624 3029 652 3048 ut
671 3025 874 3050 contrarietatem
894 3025 1007 3051 Platonis
1027 3033 1122 3053 caveat.
1142 3027 1215 3053 Plato
1234 3029 1303 3053 enim
1323 3037 1376 3054 non

316 3058 426 3090 ponebat
444 3059 469 3083 in
487 3060 584 3084 mundo
602 3067 707 3085 sursum
726 3065 751 3086 et
770 3061 891 3086 deorsum
906 3062 1050 3087 secundum
1070 3064 1109 3088 rei
1127 3067 1260 3094 naturam,
1275 3065 1322 3090 sed
1333 3073 1375 3090 so·

318 3094 371 3118 lum
398 3095 485 3126 quoad
506 3102 565 3120 nos.-
585 3104 599 3118 ι
617 3100 705 3120 natura
730 3097 799 3121 enim
827 3097 893 3122 duos
918 3098 1048 3130 quosdam
1075 3106 1134 3124 esse
1162 3100 1234 3125 locos
1259 3100 1375 3126 bifariam

319 3128 477 3161 dispertitum
496 3129 643 3155 universum
662 3131 817 3167 exhibentes,
838 3133 992 3162 contrarios.
1013 3134 1122 3159 alterum
1142 3134 1303 3167 inferiorem,
1323 3145 1376 3169 quo

318 3163 432 3188 feruntur
449 3166 534 3190 omnia
550 3166 645 3190 molem
660 3168 788 3199 quandam
803 3169 918 3201 corporis
933 3169 1059 3199 habentia,
1074 3171 1183 3196 alterum
1206 3173 1375 3204 superiorem,

319 3206 371 3231 quo
390 3199 451 3224 nihil
470 3208 521 3224 non
546 3200 652 3226 invitum
676 3210 704 3226 se
728 3203 854 3234 conferat,
879 3205 951 3229 nullo
970 3206 1050 3230 modo
1069 3212 1138 3231 recte
1157 3207 1284 3232 statuitur.
1309 3208 1375 3233 Cum

320 3234 387 3258 enim
407 3235 504 3259 caelum
522 3243 599 3260 omne
617 3237 754 3269 globosum
772 3238 805 3263 sit
823 3245 870 3264 etc.
892 3249 906 3263 1>
927 3239 1057 3270 (Platonis
1077 3242 1172 3274 Opera,
1200 3243 1251 3268 vol.
1276 3243 1309 3273 ll,
1331 3243 1376 3268 Ti-

319 3277 421 3310 maeus,
445 3278 502 3311 pag.
518 3278 576 3303 227.
590 3285 609 3290 —
621 3271 667 3297 Ed.
682 3272 771 3303 Didot,
789 3274 891 3300 Parisiis
915 3275 1007 3310 1877).
1027 3278 1182 3303 Aristoteles
1201 3284 1287 3304 nutem
1312 3280 1376 3305 acci-

319 3304 405 3336 piebat
423 3306 527 3338 quidem
545 3314 648 3331 sursum
667 3312 692 3332 et
711 3308 830 3334 deorsum
855 3312 998 3337 secundum
1023 3320 1187 3339 communem
1211 3315 1318 3340 modum
1338 3316 1377 3340 Io-

319 3340 423 3372 quendi,
437 3341 483 3365 sed
502 3341 578 3366 simul
597 3342 708 3374 ponebat
726 3351 829 3369 sursum
848 3350 873 3370 et
892 3347 1013 3372 deorsum
1029 3348 1054 3372 in
1074 3349 1172 3374 mundo
1187 3358 1246 3375 esse
1259 3350 1376 3376 distincta

318 3383 371 3399 non
385 3376 470 3400 solum
483 3377 571 3408 quoad
583 3384 638 3407 nos,
653 3378 699 3402 sed
714 3378 790 3403 etiam
803 3382 945 3406 secundum
961 3386 1100 3413 naturamf
1121 3385 1153 3410 cf.
1169 3386 1212 3411 lib.
1227 3387 1256 3416 11.
1271 3387 1329 3411 lect.
1340 3394 1376 3416 ιιι,

320 3415 344 3434 et
363 3410 406 3435 lib.
421 3411 461 3441 IV¹
481 3419 535 3445 cap.
549 3420 566 3437 1.
580 3426 598 3431 -
610 3413 678 3438 quta
697 3414 770 3438 codd.
785 3422 846 3440 vero
865 3417 912 3441 iste
930 3418 1030 3443 videtur
1055 3427 1114 3445 esse
1140 3428 1248 3451 sensus,
1269 3422 1376 3447 scilicet:

319 3445 406 3476 Plato,
428 3455 440 3468 α
457 3446 500 3478 qui
520 3447 617 3472 dicebat
635 3449 705 3480 quod
723 3449 748 3473 in
768 3450 864 3475 mundo
884 3454 1026 3478 secundum
1046 3462 1075 3479 se
1095 3463 1145 3480 non
1165 3462 1206 3481 est
1224 3465 1328 3482 sursum
1353 3463 1377 3482 et

320 3481 442 3506 deorsum
454 3483 574 3514 ›.accipit
593 3491 696 3508 sursum
716 3489 740 3508 et
759 3485 880 3510 deorsum
902 3497 913 3509 ‹
927 3490 1069 3514 secundum
1090 3491 1124 3515 rei
1141 3498 1256 3517 naturam
1270 3503 1292 3523 ,‚
1313 3493 1378 3518 idest

319 3516 457 3547 obiective;
477 3518 626 3543 Aristoteles
646 3527 715 3550 vero,
735 3521 777 3552 qui
799 3530 811 3543 «
823 3521 899 3546 utitur
918 3522 957 3547 his
977 3525 1124 3550 nominibus
1144 3528 1286 3552 secundum
1307 3536 1377 3553 com-

319 3559 425 3576 munem
445 3553 551 3577 modum
571 3554 736 3586 loquendi‚...
752 3563 855 3581 sursum
875 3562 899 3582 et
919 3558 1040 3584 deorsum
1061 3562 1172 3594 appellat
1191 3562 1216 3588 in
1235 3564 1334 3588 mundo
1353 3565 1378 3589 id

319 3587 390 3619 quod
403 3587 573 3612 communiter
586 3588 616 3613 ab
633 3588 780 3615 hominibus
800 3592 941 3624 appellatur
962 3601 1066 3619 sursum
1086 3602 1111 3621 et
1131 3597 1253 3623 deorsum
1266 3609 1292 3629 ιι,
1313 3599 1379 3624 idest

318 3622 432 3654 loquitur
452 3623 482 3648 de
502 3631 605 3648 sursum
626 3630 650 3649 et
676 3626 795 3650 deorsum
820 3632 847 3651 ut
872 3634 931 3652 sunt
955 3631 1039 3661 quoad
1060 3639 1106 3655 nos
1127 3637 1151 3656 et
1175 3633 1321 3659 subiective.
1348 3635 1379 3659 Et

1032 261 1103 298 DE
1133 258 1308 296 CAELO
1339 257 1410 293 ET
1439 253 1635 292 MUNDO
1666 253 1760 288 LIB.
1792 252 1806 287 1

1447 334 1535 371 dicit
1562 333 1600 369 in
1621 333 1652 368 II
1677 331 1714 368 T
1709 330 1803 379 opic.
1825 329 1845 350 *
1875 329 1981 377 quod
2009 327 2231 366 nominibus
2256 329 2446 368 utendum
2467 339 2525 369 est

1445 395 1487 423 ut
1513 386 1662 435 plures:
1692 383 1795 420 unde
1824 394 1978 419 sursum
2007 389 2044 419 et
2072 382 2254 419 deorsum
2289 384 2456 433 appellat
2483 383 2522 423 in

1445 439 1592 476 mundo
1621 437 1658 475 id
1679 436 1783 485 quod
1804 435 2061 472 communiter
2081 436 2129 472 ab
2149 436 2372 474 hominibus
2392 438 2522 488 appel-

1444 493 1541 529 latur
1568 502 1719 528 sursum
1750 497 1786 526 et
1815 489 2010 526 deorsum.
2041 489 2127 526 Nec
2155 497 2284 527 tamen
2314 497 2370 528 est
2393 492 2520 530 distin-

1444 553 1547 582 ctum
1567 545 1693 581 solum
1719 542 1849 592 quoad
1877 555 1966 590 nos,
1997 542 2066 580 sed
2086 543 2200 580 etiam
2220 544 2435 582 secundum
2455 558 2522 583 na-

1442 606 1577 636 turam.
1609 597 1714 634 Sicut
1733 596 1837 633 enim
1860 595 1900 633 in
1918 596 2029 634 nobis
2050 596 2290 645 distinguitur
2309 596 2324 623 ζ
2344 597 2521 637 dextrum

1443 659 1479 689 et
1506 650 1697 688 sinistrum
1727 649 1941 687 secundum
1971 649 2165 688 diversam
2184 651 2451 690 habitudinem
2471 653 2521 691 ad

1442 712 1592 742 motum
1620 703 1828 740 animalem
1857 702 1922 752 qui
1961 710 2017 740 est
2045 704 2259 742 secundum
2288 706 2441 755 locum,
2471 706 2522 744 ita

1441 770 1593 795 sursum
1628 764 1664 793 et
1698 756 1881 794 deorsum
1911 757 2185 795 determinatur
2217 759 2255 796 in
2283 760 2432 798 mundo
2461 773 2520 798 se-

1441 812 1612 849 cundum
1640 810 1906 847 habitudinem
1935 810 1984 848 ad
2013 819 2143 848 motus
2173 812 2406 862 simplicium
2436 826 2520 853 cor-

1438 877 1601 914 porum,
1632 875 1731 914 quae
1761 871 1849 901 sunt
1875 863 2105 913 principales
2132 873 2261 915 partes
2290 867 2438 905 mundi.
2469 868 2520 906 Et

1438 926 1595 968 propter
1622 918 1698 955 hoc
1726 917 1808 967 ipse
1829 916 1919 956 dicit
1939 919 1958 938 '¹‘
1979 918 2086 968 quod
2104 931 2257 958 sursum
2278 928 2334 958 est
2352 921 2460 959 locus
2480 922 2519 960 in

1438 985 1554 1022 quem
1588 972 1759 1009 feruntur
1787 971 1908 1021 levia,
1939 971 2123 1010 deorsum
2152 970 2282 1011 autem
2302 975 2323 996 *
2343 975 2452 1013 locus
2479 975 2518 1014 in

1438 1038 1554 1076 quem
1573 1026 1747 1063 feruntur
1764 1024 1909 1073 gravia.
1940 1025 1989 1063 Et
2008 1026 2085 1063 hoc
2108 1026 2397 1066 rationabiliter:
2426 1041 2518 1067 nam

1437 1080 1534 1117 sicut
1553 1079 1591 1116 in
1611 1078 1723 1116 nobis
1751 1078 1919 1116 nobilior
1945 1091 2034 1128 pars
2055 1087 2111 1117 est
2134 1092 2235 1130 quae
2263 1089 2321 1119 est
2349 1094 2515 1130 sursum,

1437 1133 1487 1170 ita
1506 1133 1544 1170 in
1565 1132 1713 1170 mundo
1736 1143 1900 1182 corpora
1919 1132 2019 1170 levia
2039 1141 2129 1170 sunt
2146 1134 2346 1183 nobiliora,
2373 1135 2483 1186 quasi
2497 1137 2518 1159 '¹
2545 1139 2555 1148 '

1436 1187 1669 1225 formaliora.
1701 1186 1774 1238 Hic
1792 1193 1935 1234 tamen,
1955 1193 1999 1224 ut
2017 1187 2099 1226 sine
2121 1188 2313 1226 calumnia
2330 1190 2518 1239 procedat

1436 1241 1486 1278 ad
1503 1240 1747 1291 propositum
1767 1240 2064 1290 ostendendum,
2083 1240 2218 1279 definit
2235 1254 2354 1291 grave
2375 1249 2412 1280 et
2429 1244 2515 1282 leve

1434 1307 1505 1344 per
1531 1294 1796 1332 habitudinem
1827 1292 2092 1333 admedium.

1488 1360 1525 1396 4.
1556 1347 1708 1386 Deinde
1728 1359 1818 1384 cum
1837 1346 1948 1385 dicit:
1981 1348 2261 1387 Gravissimum
2281 1355 2409 1388 autem
2427 1357 2514 1399 etc.,

1435 1401 1570 1440 definit
1585 1401 1858 1452 gravissimum
1878 1408 1917 1438 et
1934 1401 2165 1440 levissimum
2182 1403 2213 1439 *.
2235 1403 2286 1440 Et
2304 1402 2396 1441 dicit
2408 1403 2516 1454 quod
2542 1409 2555 1421 ⁸

1433 1455 1704 1504 gravissimum
1731 1461 1786 1492 est
1813 1454 1917 1504 quod
1931 1456 2076 1494 substat
2092 1457 2268 1494 omnibus
2289 1468 2389 1507 quae
2407 1458 2516 1496 deor-

1432 1521 1517 1547 sum
1534 1510 1742 1558 feruntur:
1762 1507 2001 1547 levissimum
2021 1517 2152 1548 autem
2179 1517 2236 1548 est
2259 1511 2364 1560 quod
2384 1523 2516 1562 super-

1433 1563 1572 1601 eminet
1585 1565 1604 1583 *
1625 1563 1799 1601 omnibus
1818 1574 1918 1612 quae
1934 1575 2086 1602 sursum
2095 1565 2294 1613 feruntur.
2315 1564 2366 1602 Et
2385 1572 2442 1604 est
2460 1564 2515 1604 in-

1432 1616 1679 1666 telligendum
1709 1617 1806 1654 inter
1833 1627 1879 1653 ea
1898 1627 1999 1665 quae
2025 1629 2178 1655 sursum
2201 1623 2239 1655 et
2255 1618 2432 1657 deorsum
2451 1620 2515 1670 fe-

1431 1677 1588 1708 runtur.-
1612 1682 1703 1708 nam
1720 1670 1869 1707 caelum
1885 1681 1964 1708 non
1981 1679 2037 1709 est
2055 1671 2307 1720 levissimum,
2333 1671 2515 1722 quamvis

1432 1724 1614 1762 omnibus
1633 1722 1931 1774 superemineat,
1952 1724 2042 1774 quia
2070 1737 2151 1762 non
2179 1737 2333 1763 sursum
2353 1726 2470 1765 fertur
2486 1731 2513 1765 ''.

1431 1778 1539 1816 -Est
1566 1785 1695 1816 autem
1724 1776 2002 1816 attendendum
2023 1778 2131 1828 quod
2149 1777 2212 1817 hic
2232 1778 2309 1817 iam
2329 1778 2447 1818 utitur
2465 1791 2513 1818 eo

1431 1831 1538 1882 quod
1559 1839 1615 1869 est
1633 1843 1787 1870 sursum
1807 1837 1844 1868 et
1862 1830 2060 1880 deorsum,
2085 1839 2272 1882 tanquam
2300 1834 2464 1872 sursum'
2477 1840 2515 1872 et

1432 1886 1615 1923 deorsum
1645 1897 1728 1923 esse
1748 1883 1909 1933 accipiat
1937 1885 1986 1924 ad
2007 1898 2107 1935 quae
2131 1886 2357 1925 terminatur
2382 1889 2515 1926 motus

1432 1939 1496 1989 qui
1527 1947 1582 1976 est
1611 1951 1633 1976 a
1662 1938 1806 1986 medio,
1835 1939 1898 1975 vel
1928 1938 1977 1977 ad
2006 1939 2192 1977 medium.
2511 1987 2513 1989 v

1489 1994 1522 2031 5.
1544 1992 1694 2031 Deinde
1715 2004 1805 2030 cum
1826 1991 1933 2030 dicit:
1952 1993 2119 2031 Necesse
2132 1999 2259 2031 autem
2281 2000 2364 2042 etc.,
2387 1999 2514 2033 osten—

1431 2045 1484 2085 dit
1511 2046 1755 2097 propositum
1776 2058 1822 2084 ex
1840 2046 2074 2095 praemissis,
2095 2046 2226 2087 dicens
2254 2047 2514 2086 necessarium

1431 2112 1514 2138 esse
1542 2098 1555 2121 ⁰
1584 2100 1691 2150 quod
1719 2112 1836 2138 omne
1871 2113 2012 2150 corpus
2043 2101 2151 2150 quod
2183 2100 2301 2139 fertur
2329 2101 2514 2141 deorsum

1430 2162 1496 2191 aut
1514 2166 1679 2202 sursum,
1700 2154 1841 2191 habeat
1860 2154 2034 2192 absolute
2058 2154 2297 2203 gravitatem,
2326 2162 2514 2206 tanquam

1429 2207 1718 2256 gravissimum,
1749 2207 1846 2246 sicut
1863 2215 1984 2255 terra,
2014 2220 2114 2259 quae
2139 2208 2286 2246 substat
2307 2208 2512 2258 omnibus;

1430 2269 1494 2299 aut
1523 2262 1629 2311 quod
1658 2261 1799 2299 habeat
1826 2260 2020 2299 levitatem
2050 2262 2241 2312 absolute,
2275 2262 2373 2301 sicut
2399 2261 2512 2313 ignis,

1430 2314 1494 2365 qui
1523 2323 1713 2366 superstat
1740 2314 1944 2363 omnibus;
1978 2322 2044 2354 aut
2075 2316 2216 2354 habeat
2253 2317 2394 2366 ambo,
2432 2328 2514 2355 non

1429 2369 1588 2418 quidem
1617 2376 1794 2419 respectu
1823 2369 2016 2417 eiusdem,
2046 2369 2116 2408 sed
2140 2377 2317 2420 respectu
2340 2369 2512 2409 diverso·

1431 2435 1527 2460 rum.
1560 2422 1689 2461 Media
1718 2423 1821 2460 enim
1850 2423 2059 2471 elementa,
2089 2423 2231 2462 scilicet
2255 2436 2320 2461 aer
2340 2431 2377 2461 et
2395 2436 2509 2475 aqua,

1430 2484 1517 2514 sunt
1536 2477 1585 2514 ad
1606 2476 1772 2515 invicem
1796 2477 1927 2526 gravia
1952 2485 1990 2515 et
2013 2477 2129 2515 levia:
2158 2477 2255 2515 sicut
2279 2490 2346 2515 aer
2375 2485 2432 2516 est
2458 2476 2512 2516 le-

1428 2530 1487 2567 vis
1510 2543 1580 2580 per
1603 2538 1821 2581 respectum
1848 2530 1896 2570 ad
1917 2543 2072 2580 aquam,
2098 2531 2187 2582 quia
2207 2531 2441 2582 superfertur
2464 2532 2510 2583 ei,

1429 2673 1549 2706 quamvis
1569 2674 1637 2699 iuxta
1651 2681 1728 2699 suam
1743 2674 1898 2700 autenti-m
1913 2681 2021 2699 eurtum
2035 2678 2061 2698 et
2075 2673 2201 2699 deorsum
2214 2681 2268 2699 non
2281 2674 2316 2699 eit
2335 2683 2348 2697 ι
2361 2673 2511 2703 distinam

1429 2709 1514 2734 solum
1535 2710 1622 2742 quoad
1641 2717 1706 2742 non,
1725 2710 1773 2735 sed
1792 2710 1870 2735 etiam
1889 2709 2035 2735 secundum
2054 2715 2175 2735 naturam
2187 2718 2211 2739 ’,
2231 2714 2257 2735 et
2271 2709 2330 2736 ideo
2349 2709 2409 2736 alibi
2428 2710 2513 2742 u-ndqt

1429 2745 1563 2778 quomodo
1583 2745 1727 2770 secundum
1746 2745 1813 2772 hanc
1838 2744 2031 2771 distinctionem
2057 2752 2164 2770 sursum
2184 2750 2210 2771 et
2229 2745 2366 2776 deorsum,
2387 2750 2468 2779 greve
2485 2750 2513 2772 et

1429 2781 1486 2805 leve
1505 2779 1667 2807 definitiones
1687 2781 1843 2813 sortiantur-5
1865 2791 1878 2805 α
1893 2780 1934 2807 hic
1953 2787 2050 2813 tamen,
2068 2786 2098 2806 ut
2116 2780 2174 2807 nine
2192 2781 2321 2807 calumni-
2339 2781 2511 2814 procedam.

1430 2815 1518 2841 definit
1536 2825 1615 2849 grave
1634 2823 1660 2842 et
1678 2817 1736 2842 leve
1755 2825 1802 2852 per
1820 2816 1999 2843 habitudinem
2021 2817 2053 2843 nd
2072 2817 2188 2842 medium
2204 2825 2233 2847 υ,
2253 2824 2286 2842 ne
2305 2817 2338 2842 de
2357 2823 2465 2843 numm
2483 2822 2511 2844 et

1430 2852 1553 2877 deorsum
1579 2860 1730 2878 sermonem
1749 2853 1775 2878 in
1794 2853 1924 2886 praesenti
1943 2853 2027 2878 facere
2047 2857 2162 2886 cogatur.
2175 2866 2195 2872 -
2207 2852 2259 2878 Pro
2284 2852 2326 2878 his
2349 2852 2510 2883 nominibus,

1430 2887 1448 2912 Ρ
1462 2887 1540 2913 habet
1558 2889 1599 2913 his
1613 2889 1744 2919 omnibus,
1759 2894 1786 2914 et
1798 2894 1859 2922 post
1873 2894 1926 2914 tre·
1946 2889 2028 2914 linea·
2046 2895 2096 2922 pro
2109 2889 2144 2914 ab
2157 2887 2316 2918 hominibus,
2331 2888 2365 2914 ab
2379 2889 2510 2916 omum.

1482 2923 1508 2955 ζ)
1529 2924 1716 2958 distinguitur.
1728 2937 1748 2944 —-
1760 2925 1968 2958 distinguuntur
1986 2924 2015 2954 P,
2030 2930 2058 2950 et
2070 2929 2132 2957 post
2144 2924 2211 2950 dun
2225 2924 2307 2950 linas
2320 2932 2369 2957 pm
2383 2924 2510 2952 aerami-

1431 2963 1518 2987 natur,
1535 2960 1752 2986 determinantur
1758 2969 1767 2991 ‚·
1782 2961 1829 2986 sed
1844 2960 1900 2994 ipsa
1915 2961 1935 2985 Ρ
1951 2960 1976 2985 in
1990 2959 2115 2993 principio
2128 2959 2206 2985 huius
2221 2959 2364 2985 sententiae
2380 2960 2442 2993 legit
2454 2961 2511 2987 Nec

1430 2999 1518 3020 tamen
1535 2995 1654 3027 (sursum
1669 3001 1694 3021 et
1715 2995 1850 3031 deorsum)
1870 2999 1910 3022 est
1931 2996 2104 3025 distinctum,·
2122 2995 2186 3021 cf.ll
2197 2996 2256 3020 Vol.
2271 2995 2354 3021 Pmef.
2370 3003 2511 3030 pag-m.

1430 3030 1482 3055 Pro
1501 3035 1601 3057 motum
1621 3031 1775 3062 animalem,
1795 3032 1867 3065 quod
1886 3031 1984 3057 habent
1995 3031 2037 3057 ed.
2056 3030 2124 3056 1516
2142 3037 2168 3057 et
2186 3032 2271 3063 codd„
2286 3035 2390 3058 motum
2403 3032 2510 3059 utima-

1429 3066 1494 3092 lium
1515 3067 1543 3093 P.
1748 3070 1755 3076 '

1483 3103 1510 3135 η)
1530 3104 1652 3136 quamuis
1671 3102 1794 3128 omnibus
1811 3103 2017 3136 superemineat,
2032 3103 2096 3136 quia
2113 3110 2165 3128 non
2178 3110 2287 3129 sursum
2395 3121 2403 3129 .
2414 3102 2437 3124 '-
2447 3103 2511 3130 iicet

1430 3138 1550 3164 omnibus
1569 3139 1768 3172 superemineat
1785 3145 1853 3172 quae
1864 3140 1998 3173 seruntur
2016 3146 2122 3165 sursum
2137 3139 2170 3170 Ρ;
2189 3139 2252 3165 licet
2265 3143 2307 3165 eet
2322 3138 2450 3166 metio
2461 3146 2510 3173 pto

1430 3175 1501 3207 quod
1520 3175 1639 3200 codicum
1658 3182 1712 3201 exc.
1727 3175 1790 3207 ΑιΙς
1810 3175 1831 3200 Α
1853 3174 1964 3200 habet...
1979 3182 2047 3208 quae
2072 3182 2125 3201 non
2151 3182 2260 3200 sursum
2277 3174 2427 3211 jhu-«ntum
2445 3174 2511 3208 legi-

1431 3218 1490 3234 mus
1510 3218 1569 3235 cum
1589 3216 1647 3242 cet„
1667 3211 1728 3244 quia
1746 3211 1864 3244 explicite
1883 3216 1984 3244 ponunt
2003 3218 2085 3244 quare
2104 3210 2219 3240 cnelum.
2239 3209 2361 3244 qumvi-
2385 3210 2510 3236 mnibus

1431 3247 1639 3279 superemineat,
1658 3252 1746 3271 tamen
1765 3254 1817 3271 non
1837 3251 1878 3271 eet
1897 3246 2071 3272 levissimum.
2089 3260 2108 3266 —
2125 3245 2178 3272 Pro
2195 3246 2269 3279 quod
2286 3245 2330 3272 Mc
2347 3245 2452 3271 ian..-
2470 3246 2510 3272 ad

1431 3282 1562 3313 medium,
1583 3283 1602 3307 P
1621 3282 1762 3308 oscitanter
1781 3282 1859 3308 habet
1882 3283 1954 3315 quod
1973 3283 2016 3308 hic
2035 3283 2122 3308 utitur
2139 3289 2171 3308 eo
2193 3281 2267 3316 quod
2290 3285 2331 3307 est
2352 3288 2460 3307 sursum
2483 3285 2511 3308 et

1431 3317 1554 3342 deorsum
1575 3321 1703 3351 tanquam
1723 3320 1765 3343 ter
1780 3318 1877 3352 ser-tur
1896 3326 1948 3344 non
1969 3321 2109 3344 moveatur
2126 3325 2145 3344 a
2163 3317 2252 3344 medlo
2275 3318 2317 3343 vei
2334 3316 2373 3342 ad
2391 3317 2508 3344 medium

1431 3352 1503 3384 quod
1520 3353 1648 3379 circulari
1670 3356 1710 3379 est
1728 3360 1746 3378 a
1765 3354 1853 3379 medio
1877 3355 1918 3379 νει
1940 3354 1979 3380 ad
2001 3354 2136 3384 medius-⁸5
2159 3353 2220 3379 edit.
2242 3351 2309 3378 1516
2328 3353 2390 3385 legit
2411 3357 2443 3379 ut
2465 3361 2510 3379 eo-

1432 3388 1515 3417 dices.
1536 3389 1583 3414 nisi
1604 3390 1676 3423 quod
1694 3397 1749 3415 om.
1769 3390 1823 3415 iam
1843 3395 1872 3415 ut
1891 3390 1924 3420 Ρ,
1947 3396 1973 3416 et
1991 3398 2040 3424 pro
2057 3396 2115 3416 esu
2132 3389 2248 3422 accipiat
2266 3388 2344 3414 habet
2363 3389 2445 3415 etiam
2463 3396 2509 3416 ac-

1431 3423 1523 3456 cipiat.

1485 3457 1510 3491 θ)
1531 3461 1706 3486 necessarium
1726 3468 1789 3487 esse.
1802 3475 1821 3481 -
1835 3465 1927 3487 notum
1946 3468 2002 3487 esse
2021 3461 2051 3487 P.
2070 3461 2185 3494 pergunt
2202 3460 2320 3486 codices:
2340 3461 2414 3495 quod
2430 3467 2510 3487 omne

1432 3502 1527 3527 corpus
1546 3497 1618 3528 quod
1630 3497 1724 3530 fertur
1743 3498 1866 3522 deorsum
1887 3501 1913 3523 et
1933 3497 2044 3530 (corrige
2063 3497 2088 3522 in
2107 3496 2166 3530 aut)
2186 3503 2302 3525 sursum,
2321 3500 2369 3522 aut
2389 3497 2510 3522 absolute

1433 3530 1528 3555 habere
1546 3532 1679 3557 levitatem
1700 3535 1828 3565 tanquam
1848 3533 2019 3562 levissimum,
2034 3533 2103 3559 sicut
2122 3532 2192 3566 ignis
2210 3532 2256 3565 qui
2274 3532 2397 3558 omnibus
2415 3539 2509 3565 super·

1427 3565 1529 3598 ser-tur,
1540 3570 1588 3592 aut
1602 3568 1722 3594 absolute
1735 3569 1899 3602 gravitatem
1916 3572 2043 3603 tanquam
2057 3568 2256 3602 gravissimum,
2270 3568 2339 3594 sicut
2351 3571 2426 3593 terra
2441 3574 2509 3601 quae

1433 3601 1535 3627 substat
1554 3603 1683 3633 omnibus,
1703 3607 1751 3629 aut
1770 3605 1843 3637 quod
1862 3604 1958 3630 habeat
1970 3604 2059 3630 ambo.
2077 3603 2102 3630 Si
2117 3603 2229 3637 primum
2250 3604 2323 3637 quod
2341 3603 2506 3637 expungitur,

1435 3637 1474 3661 vei
1496 3637 1517 3661 si
1537 3645 1583 3669 pro
1603 3638 1699 3663 habere
1718 3639 1811 3671 legitur
1826 3640 1930 3669 habeat,
1945 3639 2021 3665 lectio
2036 3639 2155 3665 codicum
2170 3639 2239 3665 bona
2254 3645 2303 3665 est.

2551 340 2562 350 '¹
2577 339 2638 368 cnp.
2652 346 2678 368 ιι,
2693 347 2717 364 ιι.
2731 347 2753 371 5.
