2704 4108
1132 229 1245 266 CAP.
1276 230 1307 277 1,
1338 229 1491 266 LECT.
1522 231 1554 267 11
2431 233 2449 270 5

980 492 1284 551 LECTIO
1324 494 1715 551 SECUNDA

0 658 5 690 T>
280 657 339 689 DE
361 655 667 688 PERFECTIONE
693 655 895 687 UNIVERSI
927 655 1055 693 QUAM
1078 656 1228 687 HABET
1251 656 1349 688 TUM
1372 656 1612 688 SECUNDUM
1635 657 1868 690 RATIONEM
1891 657 2148 690 COMMUNEM
2172 656 2404 699 CORPORIS,

236 855 378 902 Ξυνεχός
403 854 464 900 μὲν
490 853 548 887 οὖν
574 854 650 886 ἐστὶ
675 853 718 886 τὸ
742 849 915 899 διαιρετὸν
941 853 986 891 εἷς
1013 854 1067 886 ἀεὶ
1091 848 1271 899 διαιρετά,

237 944 337 989 σῶμα
361 937 400 974 ’δὲ
425 941 467 975 τὸ
493 941 612 984 πάντῃ
637 936 824 986 διαιρετόν.

234 985 407 1035 Μεγὲθους
432 981 471 1019 δὲ
497 986 538 1019 τὸ
563 987 623 1031 μὲν
646 984 692 1030 ἐφ’
721 986 755 1018 ἓν
780 984 938 1032 γραμμή,
966 985 1008 1018 τὸ
1033 980 1063 1018 δ’
1085 987 1140 1018 ἐπὶ
1166 980 1227 1020 δύο
1247 984 1319 1020 ἐπί-

305 1026 431 1073 πεδον,
459 1031 501 1064 τὸ
526 1026 556 1062 δ’
578 1029 634 1064 ἐπὶ
662 1033 741 1077 τρία
766 1033 883 1076 σῶμα·

234 1075 297 1110 ’καὶ
325 1075 423 1120 παραὶ
454 1076 575 1109 ταῦτα
610 1073 671 1108 οὐκ
703 1075 797 1108 ἔστιν
829 1075 915 1108 ἄλλο
948 1073 1087 1122 μέγεθος
1119 1070 1179 1109 διαὶ
1203 1076 1246 1109 τὸ
1271 1076 1320 1109 τοὶ

235 1127 245 1152 J
305 1123 385 1165 τρία
411 1120 533 1154 πάντα
559 1117 647 1153 εἶναι
670 1123 729 1153 καὶ
755 1121 798 1154 τὸ
821 1121 893 1166 τρὶς
919 1119 1050 1164 πάντῃ.

234 1164 499 1213 &W
515 1175 601 1211 φασι
624 1167 684 1198 καὶ
711 1168 741 1198 οἱ
765 1164 1000 1212 Πυθαγόρειοι,
1024 1165 1067 1198 τὰ
1093 1166 1162 1199 πᾶν
1186 1167 1245 1198 καὶ
1271 1165 1320 1198 τά

244 1209 428 1245 ”“πάντα
453 1215 527 1250 τοῖς
553 1212 660 1257 τρισὶν
685 1210 843 1256 ὥρισται,
869 1210 1018 1248 τελευτή
1042 1210 1109 1257 γάρ
1133 1212 1192 1243 καὶ
1214 1210 1317 1255 μέσον

302 1257 362 1293 καὶ
389 1255 479 1302 ἀρχή
505 1255 566 1289 τὸν
593 1253 733 1310 ἀριθμόν
760 1255 832 1301 ἔχει
858 1255 918 1288 τὸν
944 1256 1008 1287 τοῦ
1030 1254 1178 1297 παντός,
1198 1256 1317 1288 ταῦτα

303 1295 342 1334 δὲ
366 1300 428 1333 τὸν
454 1301 518 1339 τῆς
545 1295 696 1344 τριαδος.

523 1345 659 1430 ἰάσεως
683 1342 860 1395 εἰληφότες
886 1344 998 1387 ὥσπερ
1024 1343 1146 1388 νόμους
1175 1345 1317 1387 ἐκείνης,

236 1349 295 1384 Διὰ
319 1346 418 1391 παρὰ
442 1357 505 1384 της
589 1391 767 1437 ἁγιστείας
791 1388 953 1443 χρώμεθα
978 1389 1046 1423 τῶν
1071 1387 1154 1444 θειῗιν
1180 1390 1230 1431 τῷ
1250 1390 1318 1433 ἀρι-

302 1391 364 1424 καὶ
388 1391 472 1446 πρόΙς
497 1401 520 1422 τ

351 1447 376 1477 ῳ
401 1447 530 1476 τουτῳ.
887 1465 889 1470 .

230 1485 320 1520 ‘Ano
343 1481 460 1526 ίδομεν
485 1476 524 1514 δὲ
555 1482 615 1512 καὶ
640 1478 704 1517 τοὶς
737 1482 966 1526 προσηγορίας
992 1479 1053 1512 τὸν
1084 1478 1212 1523 τρόπον
1239 1480 1321 1512 τοῦ-

304 1539 384 1563 τονς
411 1526 460 1560 τοὶ
483 1525 549 1574 γάρ
574 1522 637 1558 δύο
665 1525 712 1570 ἄμ
737 1537 763 1556 ω
795 1524 856 1568 μέν
881 1524 1028 1572 λέγομεν
1060 1525 1119 1556 καὶ
1144 1524 1226 1562 τούς
1257 1520 1318 1556 δύο

256 1613 257 1616 ¹
305 1570 530 1619 ἀμφοτέρους,
550 1569 687 1608 πάντας
712 1534 744 1603 ζ’
770 1569 807 1604 οὗ
830 1569 992 1621 λέγομεν,
1016 1568 1109 1602 ἀλλά
1131 1569 1228 1602 κατὰ
1252 1570 1318 1602 τῶν

235 1621 244 1626 “
259 1631 261 1633 ’
304 1618 405 1677 τριῶν
419 1614 558 1654 ταύτην
575 1614 641 1653 τὴν
659 1619 897 1664 προσηγορίαν
908 1613 1018 1664 φαμὲν
1033 1614 1180 1657 πρῶτον.
1196 1615 1320 1648 Ταῦτα

301 1659 323 1696 δ
345 1687 355 1706 ,
381 1661 494 1706 ὥσπερ
519 1661 674 1704 εἴρηται,
701 1657 761 1694 διαὶ
785 1662 827 1695 τὸ
854 1659 918 1698 τὴν
944 1658 1042 1705 φύσιν
1068 1659 1182 1696 αὐτὴν
1210 1658 1318 1698 οὕτως

35 1731 46 1750 .·
304 1706 446 1755 ὶπάγειν
474 1704 739 1751 ἀκολουθοῦμεν.

67 1766 70 1767 ⁷
200 1768 202 1770 v
229 1753 328 1795 ,Ἵλατ’
357 1753 432 1786 ἐπεὶ
457 1751 506 1784 ταὶ
538 1750 659 1784 πάντα
690 1753 750 1784 καὶ
776 1751 818 1784 τό
847 1751 917 1783 πᾶν
949 1751 1008 1782 καὶ
1042 1748 1084 1782 τὰ
1115 1747 1249 1782 τέλειον
1281 1747 1319 1782 οὖ

260 1791 402 1836 ,ἰιατοὶ
432 1796 497 1834 τήν
529 1789 625 1828 ἰδέαν
657 1791 872 1843 διαφέρουσιν
910 1792 1090 1834 ἀλλήλων,
1123 1791 1198 1827 ἀλλ’
1227 1795 1319 1840 εἴπερ

303 1842 387 1889 ἄρα,
407 1842 440 1875 ιἰν
462 1840 509 1884 τῇ
532 1839 596 1884 ὕλῃ
620 1843 679 1874 καὶ
707 1842 754 1886 ἐφ’
775 1841 818 1874 ὢν
837 1841 1018 1887 λέγονται,
1039 1837 1083 1872 ‘td
1098 1839 1197 1883 σῶμα
1217 1839 1320 1884 μόνον

307 1887 347 1921 ἂν
373 1889 423 1926 εἴη
449 1887 520 1919 τῶν
538 1885 687 1932 μεγεθῶν
706 1886 857 1920 τέλειον·
879 1884 982 1930 μόνον
1000 1884 1048 1931 γά
1086 1882 1230 1929 ὥρισται
1248 1888 1320 1923 τοῖς

304 1934 425 1978 τρισίν.
460 1931 574 1963 Τοῦτο
599 1928 629 1966 δ’
658 1929 733 1964 ἐστὶ
764 1932 846 1965 πᾶν.
885 1933 942 1976 Τρι
972 1930 992 1972 ᾖ
1017 1924 1056 1962 δε
1081 1927 1117 1961 ὂν
1146 1927 1319 1974 διαιρετόν

264 1991 274 2010 s
303 1977 424 2020 πάντῃ
449 1971 625 2019 διαιρετόν
651 1977 764 2009 ἐστιν·
784 1978 851 2009 τῶν
876 1971 906 2007 δ’
952 1977 1041 2007 λλων
1059 1973 1101 2008 τὸ
1121 1972 1182 2017 μὲν
1201 1973 1250 2018 ἐφ’
1272 1973 1319 2016 ἓν,

239 2052 241 2054 .
299 2022 348 2060 ,τὸ
371 2017 401 2055 δ’
431 2019 488 2055 ἐπὶ
519 2020 602 2056 δύο·
629 2023 671 2060 ὠς
697 2021 763 2077 γάρ
797 2022 861 2055 τοῦ
893 2020 1035 2067 ἀριθμοῦ
1069 2018 1319 2064 τετυχήκασιν,

254 2102 256 2107 ,
305 2066 398 2102 οὕτω
421 2068 482 2099 καὶ
507 2069 571 2106 τῆς
596 2065 792 2110 διαιρεσεως
817 2067 876 2100 καὶ
902 2066 966 2100 τοῦ
991 2064 1172 2112 συνεχοῦς·
1199 2064 1242 2097 το“
1259 2065 1320 2110 μέν

303 2112 370 2159 γσὶρ
383 2111 451 2167 ,ἐφ’
482 2111 515 2145 ἓν
546 2110 704 2159 συνεχές,
737 2111 779 2145 τό
805 2106 837 2143 δ’
866 2112 922 2145 ἐπὶ
947 2105 1031 2151 δυό,
1063 2109 1106 2143 τὸ
1129 2103 1167 2141 δὲ
1202 2108 1320 2153 πάντῃ

305 2167 480 2190 τοιουτον.

228 2200 320 2235 ‘Oea
344 2202 405 2246 μὲν
430 2199 488 2234 οὗν
514 2197 676 2247 διαιρεταὶ
694 2201 761 2233 τῶν
779 2199 942 2247 μεγεθῶν,
961 2202 1019 2232 καὶ
1040 2198 1166 2243 συνεχῆ
1185 2200 1317 2232 ταῦτα.

304 2247 344 2279 m
369 2241 409 2279 δὲ
431 2249 491 2279 καὶ
517 2246 566 2280 τοὶ
589 2246 716 2291 συνεχῆ
743 2245 864 2278 πάντα
888 2240 1068 2290 διαιρετά,
1094 2245 1190 2277 οὔπω
1214 2239 1320 2280 δῆλον

306 2291 344 2325 ἰκ-
368 2291 436 2325 τῶν
461 2292 535 2324 νῦν·
564 2292 639 2324 ἀλλ’
661 2292 769 2325 ἐκεῖνο
795 2290 856 2323 μὲν
880 2284 1001 2331 δῆλον,
1021 2290 1063 2328 ὥς
1084 2287 1145 2322 οὐκ
1164 2289 1256 2321 ἔστιν
1275 2289 1319 2326 εἰς

249 2363 261 2371 .
307 2337 392 2370 ἄλλο
417 2335 514 2383 γένος
538 2336 748 2392 μετάβασις,
773 2322 885 2380 dieses?
912 2335 949 2368 ὲκ
974 2333 1112 2379 μήκους,
1128 2335 1173 2372 εἰς
1200 2333 1322 2378 ἑπιφά·

305 2393 411 2423 νειαν,
439 2381 485 2420 εἷς
509 2376 548 2414 δε
572 2382 672 2428 σῶμα
699 2380 734 2422 ἐξ
760 2380 979 2425 ἐπιφανείας·
1007 2379 1046 2412 οὖ
1063 2379 1129 2427 γάρ
1150 2378 1189 2412 ἂν
1208 2378 1260 2411 ἔτι
1279 2379 1320 2412 τὸ

305 2427 468 2460 τοιοῦτον
495 2425 627 2459 τέλειον
653 2428 702 2464 εἴη
721 2424 881 2473 μέγεθος·
907 2423 1040 2471 ἀνάγκη
1058 2424 1124 2471 γάρ
1142 2425 1319 2471 γίγνεσθαι

305 2470 371 2509 τὴν
396 2471 535 2512 ἔκβασιν
567 2472 665 2504 κατά
690 2470 755 2508 τὴν
790 2469 959 2514 ἔλλειψιν,
986 2470 1051 2515 οὐχ
1076 2468 1189 2502 οἷόντε
1214 2463 1254 2501 δὲ
1277 2469 1320 2501 τό

305 2515 439 2550 τέλειον
465 2517 654 2550 ἐλλείπειν·
682 2519 801 2560 πάντῃ
826 2514 893 2562 γάρ
918 2513 1026 2547 ἐστιν.

237 2606 310 2639 Τῶν
335 2606 395 2650 μὲν
423 2604 479 2638 οὖν
506 2606 539 2638 ὲν
565 2608 682 2651 μορίου
707 2599 788 2637 εἴδει
813 2604 984 2649 σωμάτων
1008 2603 1106 2637 κατά
1131 2602 1192 2636 τὸν
1216 2601 1320 2649 λόγον

307 2649 455 2684 ἕκαστόν
504 2650 682 2692 τοιοῦτόν]
711 2650 822 2684 ἐστιν·
849 2648 966 2688 πάσας
982 2649 1048 2695 γάρ
1067 2649 1138 2694 ἔχει
1163 2647 1226 2686 τάς
1247 2643 1322 2680 δια-

305 2695 459 2734 στάσεις.
509 2696 587 2727 ,ἁλλ’
615 2695 759 2741 ὥρισται
789 2694 870 2739 πρὸς
897 2694 939 2727 τὸ
967 2696 1112 2732 πλησίον
1143 2694 1234 2737 ἀφῇ,
1268 2689 1321 2726 διὸ

306 2739 436 2785 τρόπον
457 2741 540 2773 τινά
563 2740 679 2773 πολλοὶ
704 2741 771 2772 τῶν
797 2739 966 2784 σωμάτων
993 2738 1141 2772 ἕκαστόν
1167 2740 1273 2772 ἐστιν.

237 2785 288 2819 1Ξό
309 2779 349 2818 δὲ
373 2785 444 2818 πᾶν
475 2785 513 2817 οὗ
539 2786 661 2818 ταῦτα
694 2784 818 2830 μόρια,
844 2783 977 2818 τέλειον
1015 2785 1203 2831 ἀναγκαῖον
1233 2780 1322 2815 εἶναι

243 2855 251 2860 .
305 2832 366 2886 καὶ
389 2829 547 2908 καθὲίπερ
573 2830 730 2874 τοῦνομα
754 2832 925 2875 σημαίνει,
953 2829 1091 2872 πάντῃ,
1116 2830 1176 2861 καὶ
1201 2828 1248 2873 μή
1276 2829 1321 2871 τῇ

273 2897 276 2903 ·
308 2886 368 2920 μιν
394 2876 440 2918 τῇ
488 2875 496 2886 '
527 2875 577 2908 οὔ.

281 3008 288 3014 .
305 2969 456 3016 Syrtopsts.
474 2989 508 2994 -
530 2982 554 3001 1.
575 2973 792 3011 Argumentum
813 2979 842 3001 et
863 2971 968 3001 divisio
989 2971 1079 3001 totius
1101 2971 1213 3009 operis,
1235 2971 1322 3000 huius

245 3019 332 3046 primi
347 3010 421 3047 hbri,
436 3019 470 3039 ac
487 3018 582 3041 textus
602 3013 763 3050 praesentis
784 3013 928 3042 lectionis.
944 3030 963 3035 -
978 3021 1006 3041 2.
1031 3013 1218 3046 Continuam,
1241 3013 1323 3050 quod

246 3056 290 3078 est
310 3058 411 3096 genus·
423 3051 565 3088 corporis,
586 3053 739 3090 dupliciter
759 3053 904 3082 invenitur
925 3053 1078 3082 definitum
1092 3062 1111 3082 a
1125 3052 1321 3090 Philosopho:

243 3091 274 3125 a)
297 3089 466 3128 definitione
479 3091 624 3129 formali,
645 3091 735 3122 idest:
761 3093 930 3122 continuum
945 3099 989 3122 est
1009 3093 1093 3122 cuius
1109 3099 1214 3132 partes
1235 3102 1322 3131 copu-

245 3130 347 3158 lantur
367 3130 406 3158 ad
428 3139 517 3158 unum
538 3139 719 3172 communem
739 3133 915 3168 terminum;
936 3133 964 3170 b)
980 3134 1149 3173 definitione
1164 3133 1322 3167 materiali,

244 3170 408 3199 secundum
430 3179 519 3207 quam
541 3169 714 3200 continuum
733 3171 782 3201 hic
802 3173 947 3210 definitur,
962 3174 1040 3211 quod
1060 3180 1104 3203 est
1124 3174 1271 3202 divisibile
1293 3173 1322 3202 in

245 3219 364 3248 semper
384 3210 552 3238 divisibilia.
575 3227 593 3232 -
617 3211 642 3239 3.
669 3211 784 3250 Corpus
811 3219 856 3241 est
881 3213 1050 3243 continuum
1076 3214 1153 3252 quod
1180 3214 1324 3242 dividitur

245 3250 341 3288 quoad
362 3259 478 3279 omnem
495 3255 624 3288 partem,
638 3259 691 3279 seu
709 3252 870 3281 secundum
891 3262 1013 3282 omnem
1027 3254 1258 3283 dimensionem:
1280 3260 1324 3282 est

243 3290 325 3319 enim
347 3290 520 3328 magnitudo
542 3290 692 3319 divisibilis
713 3293 875 3321 secundum
895 3299 954 3322 tres
975 3294 1184 3323 dimensiones.
1199 3311 1219 3316 -
1234 3295 1324 3329 Quod

246 3337 344 3359 autem
358 3330 389 3359 id
404 3331 486 3368 quod
500 3337 544 3359 est
557 3330 699 3359 divisibile
714 3331 771 3360 hoc
785 3333 887 3368 modu,
905 3333 942 3361 sit
955 3333 1098 3363 divisibile
1112 3335 1323 3372 omniquaque‚

244 3370 448 3400 manifestatur
468 3380 503 3400 ex
524 3379 560 3399 eo
583 3372 665 3408 quod
685 3378 800 3408 praeter
820 3378 878 3400 tres
899 3372 1100 3402 dimensiones
1121 3384 1183 3403 non
1204 3381 1247 3403 est
1268 3374 1325 3403 alia

245 3410 400 3447 dimensio,
423 3421 460 3440 eo
481 3412 564 3449 quod
584 3411 639 3440 tria
659 3411 769 3440 habent
789 3411 935 3440 rationem
956 3414 1038 3450 quod
1058 3413 1116 3442 sint
1137 3414 1248 3450 omnia,
1272 3424 1324 3443 seu

244 3451 354 3480 habent
375 3451 520 3480 rationem
541 3451 694 3480 cuiusdam
707 3451 867 3481 totalitatis.
882 3469 902 3474 —
914 3461 944 3488 4.
967 3453 1058 3488 Quod
1071 3454 1214 3490 probatur
1233 3456 1263 3491 a)
1277 3464 1324 3483 ra-

244 3490 326 3519 tione
347 3491 628 3529 Pythagoricorum,
658 3502 692 3521 ex
720 3502 780 3530 qua
804 3498 884 3529 patet
911 3493 993 3530 quod
1014 3502 1154 3522 numerus
1181 3494 1324 3523 ternarius

245 3531 382 3564 convenit
403 3532 483 3561 omni
502 3538 531 3561 et
553 3533 613 3561 toti.
630 3550 650 3554 —
667 3533 693 3561 5.
716 3533 744 3568 b)
767 3534 822 3561 Per
843 3542 877 3561 ea
898 3541 974 3570 quae
995 3533 1026 3561 in
1047 3534 1127 3562 cultu
1148 3533 1248 3563 divino
1269 3535 1324 3563 ob-

245 3578 406 3600 servantur.
429 3589 448 3594 -
469 3573 498 3600 6.
519 3574 546 3608 c)
569 3574 625 3601 Per
645 3582 836 3602 communem
857 3583 944 3601 usum
972 3573 1133 3611 loquendi,
1162 3575 1324 3603 secundum

244 3621 335 3649 quem
357 3612 398 3641 sic
423 3612 605 3650 assignamus
625 3613 769 3642 vocabula
790 3614 896 3650 rebus,
925 3614 1006 3651 quod
1030 3613 1168 3651 perfectio
1195 3614 1324 3643 ternario

0 3863 7 3992 -ae—qvqrvp
0 3823 5 3849 m«
0 3800 4 3803 v

663 713 761 744 TUM
785 711 1027 744 SECUNDUM
1051 713 1286 745 RATIONEM
1308 713 1531 745 PROPRIAM
1555 714 1666 746 SUAE
1689 715 2022 747 UNIVERSITATIS

1372 856 1390 875 *
1407 855 1611 888 Continuum
1633 857 1766 898 quidem
1784 858 1880 899 igitur
1903 866 1960 899 est,
1983 859 2075 900 quod
2098 858 2253 890 divisibile
2269 859 2302 890 in
2326 868 2454 900 semper

1442 901 1626 933 divisibilia:

1374 937 1503 988 Corpus
1527 953 1652 986 autem,
1676 947 1766 988 quod
1790 948 2010 989 omniquaque
2032 947 2197 980 divisibile.

1373 991 1602 1032 Magnitudinis
1632 998 1741 1023 autem
1764 1002 1847 1033 quae
1875 993 2007 1034 quidem
2035 993 2076 1023 ad
2100 1003 2220 1032 unum,
2243 992 2345 1031 linea;
2369 1002 2452 1034 quae

1441 1043 1550 1067 autem
1573 1035 1613 1067 ad
1637 1036 1719 1076 du0‚
1744 1037 1894 1078 planum;
1919 1048 2001 1079 quae
2029 1044 2138 1069 autem
2162 1037 2202 1068 ad
2226 1037 2299 1075 tria,
2324 1047 2452 1078 corpus.

1373 1080 1414 1111 Et
1437 1087 1560 1121 praeter
1581 1081 1638 1111 has
1662 1091 1729 1111 non
1754 1088 1800 1113 est
1819 1081 1879 1112 alia
1895 1082 2099 1122 magnitudo,
2123 1088 2255 1123 propter
2269 1081 2328 1113 tria
2344 1081 2454 1112 omnia

1441 1135 1526 1163 esse,
1551 1131 1582 1156 et
1604 1125 1713 1165 ipsum
1736 1132 1783 1157 ter
1806 1127 2036 1168 omniquaque.

1373 1170 1662 1208 Quemadmodum
1682 1171 1768 1201 enim
1783 1171 1873 1202 aiunt
1889 1178 1920 1202 et
1937 1171 2149 1213 Pythagorici,
2172 1177 2280 1202 totum
2295 1177 2326 1201 et
2345 1170 2455 1202 omnia

1441 1215 1542 1246 tribus
1558 1215 1766 1247 determinata
1781 1223 1864 1247 sunt.
1891 1215 2139 1247 Consummatio
2155 1215 2242 1246 enim
2261 1222 2292 1246 et
2307 1215 2453 1246 medium

1442 1266 1473 1291 et
1495 1259 1691 1301 principium
1714 1271 1887 1292 numerum
1910 1260 2029 1292 habent
2052 1271 2128 1292 eum
2150 1259 2207 1302 qui
2230 1260 2352 1291 omnis:
2376 1260 2454 1292 haec

1442 1311 1551 1335 autem
1574 1315 1651 1336 eum
1674 1305 1730 1346 qui
1755 1305 1900 1337 trinitatis
1925 1312 1980 1336 est.

1373 1349 1507 1390 Propter
1530 1350 1637 1391 quod,
1662 1360 1680 1380 a
1704 1356 1816 1381 natura
1845 1349 2033 1391 accipientes
2063 1356 2217 1391 tanquam
2240 1349 2325 1389 leges
2349 1349 2452 1390 illius,

1441 1400 1472 1425 et
1495 1395 1536 1425 ad
1559 1394 1822 1426 sanctificationes
1846 1395 1982 1426 deorum
2005 1395 2068 1426 hoc
2091 1395 2213 1426 utimur
2235 1404 2382 1426 numero.

1374 1485 1586 1526 Assignamus
1599 1491 1707 1515 autem
1719 1490 1750 1515 et
1766 1483 1994 1524 appellationes
2011 1483 2190 1514 secundum
2202 1482 2340 1513 modum
2356 1483 2453 1514 hunc.

1444 1530 1536 1568 Quae
1551 1529 1638 1560 enim
1661 1529 1740 1567 duo,
1756 1529 1852 1559 ambo
1877 1527 2024 1565 dicimus,
2045 1534 2076 1559 et
2094 1528 2177 1558 duos
2194 1528 2322 1558 ambos:
2340 1537 2453 1558 omnes

1443 1581 1552 1605 autem
1575 1584 1642 1605 non
1667 1573 1814 1610 dicimus,
1837 1572 1892 1603 sed
1915 1573 1954 1603 de
1978 1572 2077 1603 tribus
2100 1572 2183 1603 hanc
2207 1571 2456 1612 appellationem

1444 1619 1581 1650 dicimus
1604 1618 1758 1659 primum.
1784 1617 1857 1648 l-loc
1880 1624 2005 1656 autem,
2030 1616 2309 1658 quemadmodum
2333 1616 2456 1647 dictum

1444 1670 1506 1703 est,
1531 1670 1662 1705 propter
1689 1670 1837 1694 naturam
1860 1662 1964 1703 ipsam
1988 1661 2032 1693 sic
2051 1662 2256 1692 inducentem
2280 1660 2455 1702 sequimur.

1375 1756 1393 1775 *
1410 1755 1531 1796 ltaque,
1547 1754 1704 1796 quoniam
1721 1763 1818 1784 omne
1841 1759 1872 1784 et
1891 1758 1998 1783 totum
2014 1759 2045 1783 et
2063 1751 2240 1793 perfectum
2261 1761 2328 1782 non
2344 1761 2456 1782 secun-

1444 1800 1524 1831 dum
1539 1799 1680 1840 speciem
1696 1797 1844 1829 differunt
1859 1797 1898 1828 ab
1914 1796 2063 1836 invicem,
2080 1797 2136 1828 sed
2151 1796 2177 1827 si
2193 1796 2327 1837 quidem
2342 1795 2453 1837 unque

1444 1844 1478 1875 in
1501 1843 1633 1876 materia
1657 1850 1687 1875 et
1717 1843 1750 1874 in
1774 1841 1892 1884 quibus
1915 1842 2084 1881 dicuntur,
2109 1851 2227 1881 corpus
2258 1840 2369 1882 utique
2400 1840 2458 1871 erit

1445 1889 1553 1920 solum
1577 1899 1593 1919 e
1618 1887 1892 1929 magnitudinibus
1916 1886 2065 1928 perfecta.
2095 1886 2210 1917 Solum
2240 1885 2327 1916 enim
2355 1886 2457 1916 deter-

1445 1934 1604 1964 minatum
1628 1939 1675 1964 est
1697 1932 1816 1971 tribus;
1841 1932 1904 1963 hoc
1928 1938 2036 1963 autem
2059 1937 2106 1962 est
2130 1940 2237 1962 omne.
2262 1930 2458 1971 Terquaque

1444 1985 1554 2010 autem
1591 1977 1726 2009 existens
1757 1977 1930 2015 divisibile,
1961 1976 2183 2017 omniquaque
2213 1981 2260 2006 est
2291 1974 2456 2006 divisibile.

1444 2023 1593 2054 Aliorum
1605 2030 1714 2054 autem
1728 2022 1791 2053 hoc
1801 2022 1934 2063 quidem
1946 2022 1986 2052 ad
1996 2022 2076 2060 duo,
2088 2021 2151 2052 hoc
2163 2026 2272 2051 autem
2286 2020 2326 2050 ad
2342 2029 2458 2051 unum.

1444 2069 1488 2100 Ut
1511 2067 1598 2099 enim
1621 2077 1795 2098 numerum
1825 2067 1939 2107 adepta
1962 2073 2054 2105 sunt,
2078 2065 2122 2096 sic
2152 2071 2183 2096 et
2214 2064 2403 2095 divisionem
2428 2071 2459 2095 et

1445 2112 1707 2145 continuitatem:
1731 2112 1795 2143 hoc
1817 2111 1950 2153 quidem
1964 2110 2051 2142 enim
2066 2111 2106 2141 ad
2130 2119 2234 2140 unum
2253 2109 2457 2149 continuum,

1445 2158 1508 2189 hoc
1531 2165 1640 2189 autem
1663 2157 1703 2188 ad
1728 2157 1810 2195 duo,
1834 2156 1897 2187 hoc
1920 2162 2029 2187 autem
2052 2154 2272 2196 omniquaque
2295 2154 2367 2185 tale.

1376 2204 1393 2223 *
1410 2203 1644 2244 Quaecumque
1659 2201 1792 2243 quidem
1806 2200 1902 2241 igitur
1923 2200 2094 2231 divisibiles
2117 2198 2354 2240 magnitudines
2371 2205 2459 2238 sunt,

1445 2255 1476 2279 et
1499 2247 1670 2278 continuae
1693 2246 1771 2277 haec
1795 2252 1879 2277 sunt.
1904 2244 1938 2276 Si
1961 2251 2070 2276 autem
2093 2251 2124 2275 et
2147 2244 2318 2285 continuae
2346 2253 2459 2275 omnes

1444 2292 1616 2323 divisibiles
1632 2297 1718 2330 sunt,
1736 2290 1885 2322 nondum
1900 2290 2109 2320 manifestum
2125 2299 2162 2319 ex
2184 2288 2233 2319 his
2254 2298 2336 2330 quae
2361 2298 2457 2319 nunc.

1445 2337 1507 2369 Sed
1519 2337 1599 2367 illud
1612 2335 1745 2377 quidem
1761 2335 1879 2376 palam,
1892 2334 2049 2376 quoniam
2061 2344 2128 2365 non
2141 2340 2188 2364 est
2203 2333 2235 2364 in
2253 2333 2341 2364 aliud
2356 2343 2458 2374 genus

1444 2381 1600 2420 transitio,
1617 2380 1896 2423 quemadmodum
1911 2390 1949 2410 ex
1971 2378 2173 2420 longitudine
2196 2378 2230 2409 in
2245 2377 2459 2419 superficiem,

1444 2426 1477 2457 in
1501 2436 1619 2467 corpus
1642 2431 1751 2456 autem
1775 2435 1812 2456 ex
1841 2423 2024 2466 superficie:
2050 2433 2117 2454 non
2142 2423 2229 2454 enim
2260 2423 2365 2454 adhuc
2388 2423 2459 2454 talis

1444 2470 1583 2512 perfecta
1606 2469 1664 2501 erit
1687 2469 1888 2511 magnitudo.
1913 2469 2048 2500 Necesse
2073 2468 2159 2499 enim
2182 2466 2250 2499 fieri
2274 2468 2395 2499 exitum
2411 2477 2458 2498 se-

1445 2515 1590 2547 cundum
1614 2514 1844 2546 defectionem:
1874 2523 1942 2545 non
1969 2520 2078 2544 autem
2105 2512 2256 2554 possibile
2281 2512 2460 2553 perfectum

1445 2559 1595 2599 deficere;
1619 2559 1841 2601 omniquaque
1865 2558 1952 2590 enim
1975 2564 2032 2589 est.

1377 2605 1563 2637 Partialium
1596 2605 1730 2645 quidem
1760 2604 1857 2645 igitur
1887 2613 2063 2644 corporum
2093 2602 2273 2633 secundum
2303 2601 2460 2633 rationem

1444 2649 1704 2691 unumquodque
1723 2649 1786 2680 tale
1809 2655 1870 2680 est:
1888 2658 2002 2679 omnes
2019 2647 2106 2678 enim
2122 2647 2216 2678 habet
2231 2646 2458 2678 dimensiones.

1445 2695 1507 2726 Sed
1531 2694 1738 2726 terminatum
1754 2700 1801 2725 est
1824 2693 1864 2724 ad
1888 2692 2073 2734 proximum
2096 2698 2199 2723 tactu:
2223 2698 2355 2732 propter
2370 2692 2461 2733 quod

1445 2739 1546 2771 modo
1571 2739 1716 2781 quodam
1739 2738 1842 2770 multa
1871 2747 2046 2779 corporum
2069 2737 2330 2778 unumquodque
2357 2743 2413 2768 est.

1377 2785 1503 2816 Totum
1526 2790 1648 2823 autem,
1672 2783 1764 2815 cuius
1787 2782 1864 2814 haec
1889 2789 1993 2823 partes
2017 2778 2107 2821 sunt,
2131 2781 2309 2822 perfectum
2333 2790 2459 2812 necesse

1445 2836 1492 2861 est
1515 2836 1599 2868 esse;
1617 2835 1658 2868 et,
1675 2828 1955 2870 quemadmodum
1971 2837 2092 2858 nomen
2109 2826 2274 2867 significat,
2288 2826 2459 2867 omniqua-

1444 2884 1520 2916 que,
1544 2881 1575 2905 et
1598 2884 1666 2905 non
1690 2874 1750 2904 hac
1773 2873 1917 2914 quidem,
1940 2873 2000 2903 hac
2024 2878 2133 2902 autem
2156 2881 2234 2902 non.

1375 2970 1520 2999 tribuitur.
1536 2988 1555 2992 -
1571 2980 1597 3008 7.
1614 2971 1677 2999 Hae
1698 2976 1798 2999 tamen
1819 2969 1947 2998 rationes
1969 2978 2030 2997 non
2051 2975 2119 2997 sunt
2137 2967 2390 3003 demonstrativae,
2406 2968 2458 2996 sed

1375 3011 1559 3048 probabiles:
1582 3011 1620 3039 ad
1641 3010 1880 3039 mathematicum
1902 3009 1980 3037 enim
2001 3009 2126 3046 pertinet
2147 3007 2374 3037 demonstrative
2388 3017 2460 3045 pro-

1376 3052 1447 3080 bare
1468 3060 1531 3080 esse
1553 3051 1650 3079 solum
1671 3057 1730 3079 tres
1751 3049 1959 3078 dimensiones.
1981 3066 2001 3070 -
2019 3049 2046 3077 8.
2064 3049 2158 3077 Omne
2179 3055 2208 3077 et
2229 3054 2319 3076 totum
2340 3054 2369 3076 et
2385 3057 2459 3086 per-

1369 3094 1487 3131 fectum
1515 3101 1578 3120 non
1606 3091 1744 3119 differunt
1772 3090 1933 3119 secundum
1961 3089 2105 3117 rationem
2134 3089 2302 3124 formalem,
2333 3088 2385 3117 sed
2413 3097 2461 3116 se-

1378 3133 1508 3161 cundum
1530 3131 1683 3160 materiam
1705 3138 1734 3160 et
1754 3130 1934 3164 subiectum,
1957 3129 2133 3166 inquantum
2153 3129 2190 3157 de
2212 3128 2331 3158 diversis
2353 3128 2458 3158 dicun-v

1376 3179 1433 3202 tur.
1455 3173 1540 3201 Unde
1562 3181 1669 3208 corpus
1690 3171 1850 3208 perfectum
1865 3176 1908 3198 est
1928 3169 2004 3198 inter
2024 3169 2255 3207 magnitudines:
2278 3169 2366 3198 habet
2380 3168 2458 3197 enim

1377 3212 1522 3241 rationem
1544 3212 1648 3246 omnis,
1671 3221 1722 3239 seu
1743 3217 1786 3239 est
1807 3209 1982 3238 continuum
2003 3210 2165 3238 secundum
2187 3218 2309 3238 omnem
2324 3209 2459 3243 modum.

1378 3270 1398 3275 -
1409 3263 1437 3290 9.
1454 3252 1609 3288 Quaelibet
1622 3250 1795 3289 magnitudo
1809 3249 1959 3278 divisibilis
1973 3256 2016 3279 est
2030 3249 2183 3279 continua:
2200 3250 2282 3287 quod
2296 3250 2459 3278 secundum

1377 3303 1408 3322 se
1424 3293 1610 3321 manifestum
1625 3298 1677 3320 est.
1692 3309 1711 3313 -
1725 3292 1750 3318 E
1764 3300 1916 3327 converso,
1931 3299 2022 3319 omne
2043 3290 2217 3319 continuum
2239 3296 2282 3318 est
2296 3289 2439 3318 divisibile
2452 3301 2458 3318 :

1378 3334 1459 3370 quod
1480 3333 1637 3370 probatum
1652 3337 1695 3359 est
1709 3331 1742 3359 in
1753 3332 1791 3359 Vl
1806 3331 2016 3370 Physicorum.
2032 3347 2051 3352 —
2070 3332 2096 3359 A
2111 3340 2236 3368 corpore
2250 3339 2313 3359 non
2333 3330 2366 3358 fit
2379 3337 2459 3358 tran-

1378 3373 1449 3402 situs
1470 3372 1500 3400 in
1522 3372 1602 3401 aliud
1629 3380 1721 3409 genus
1749 3370 1972 3409 magnitudinis:
2002 3377 2030 3400 et
2057 3371 2115 3400 hoc
2143 3370 2329 3400 manifestum
2357 3377 2401 3399 est
2425 3379 2460 3398 ex

1378 3412 1553 3451 praemissis,
1573 3429 1590 3433 -
1614 3421 1658 3440 10.
1681 3412 1922 3449 Unumquodque
1942 3411 2162 3448 particularium
2184 3420 2344 3448 corporum
2365 3410 2458 3448 perfe-

1378 3460 1457 3482 ctum
1481 3459 1524 3481 est
1545 3452 1708 3481 secundum
1731 3451 1878 3481 rationem
1898 3461 2089 3481 communem
2111 3451 2261 3489 corporis,
2283 3451 2458 3488 inquantum

1378 3495 1466 3523 habet
1487 3502 1591 3522 omnes
1605 3491 1818 3521 dimensiones:
1840 3493 1893 3521 sed
1906 3499 1950 3521 est
1963 3492 2166 3530 imperfectum
2180 3492 2356 3529 inquantum
2370 3491 2459 3519 habet

1379 3541 1458 3562 extra
1485 3542 1516 3562 se
1538 3542 1643 3570 corpus
1671 3533 1709 3561 ad
1737 3533 1819 3570 quod
1845 3532 2029 3561 terminatur.
2052 3549 2073 3555 -
2095 3542 2139 3561 11.
2161 3533 2201 3560 At
2221 3532 2389 3560 universum
2415 3536 2459 3559 est

1378 3574 1538 3611 perfectum
1559 3572 1698 3602 omnibus
1719 3573 1826 3609 modis,
1841 3573 1909 3610 quia
1930 3579 1960 3602 et
1979 3574 2067 3602 habet
2088 3582 2192 3602 omnes
2207 3572 2413 3606 dimensiones,
2429 3576 2458 3599 et

1379 3613 1602 3651 comprehendit
1622 3613 1652 3642 in
1674 3622 1704 3642 se
1725 3613 1827 3642 omnia
1847 3623 1983 3651 corpora.

2478 868 2490 879 ¹*
2505 868 2561 896 Seq.
2577 874 2628 896 cap.
2643 874 2658 890 1.

2479 894 2548 917 Text.
2564 900 2585 916 π.

2483 1757 2494 1768 ·
2509 1757 2577 1779 Text.
2592 1762 2613 1785 3.

2488 2204 2497 2213 '¹
2511 2203 2580 2225 Text.
2595 2209 2619 2230 4.
