2782 4134
20 526 31 536 ·
42 529 72 546 ex
80 530 126 573 ἵζω
141 525 178 546 est
190 529 234 551 ge-

21 557 81 573 nera
92 558 100 572 ι

101 557 116 572 0
131 556 180 572 om·
195 555 233 571 (Ἃ.

1118 277 1230 314 CAP.
1261 277 1328 324 ΙΙΙ,
1358 275 1510 313 LECT.
1542 277 1594 313 IX

262 357 308 394 sit
335 355 525 393 sensibile.
564 357 673 392 Patet
701 367 790 403 ergo
821 354 947 404 quod,
977 355 1189 392 secundum
1226 356 1329 392 hunc

261 410 424 446 modum
441 438 450 456 ,
480 408 519 445 id
547 408 652 456 quod
681 416 736 445 est
762 407 947 444 terminus
976 408 1243 456 corruptionis,
1273 416 1330 444 est

261 461 490 511 principium
510 460 773 509 generationis.
791 460 881 497 Sive
903 472 992 508 ergo
1008 460 1054 497 sit
1069 461 1222 509 aliquod
1242 461 1329 498 sub-

262 515 403 552 iectum
432 526 478 551 ex
506 526 584 562 quo
615 521 670 550 est
696 513 888 561 generatio
903 513 934 559 ²³⁶,
956 513 1036 550 sive
1066 525 1156 560 non,
1177 526 1331 562 semper

263 574 415 617 oportet
433 567 539 616 quod
557 566 749 614 generatio
771 565 852 602 eius
880 565 926 602 sit
945 578 990 602 ex
1009 578 1087 602 non
1108 573 1204 613 ente,
1226 567 1330 614 quod

264 628 320 658 est
346 620 531 658 terminus
569 618 837 668 corruptionis:
865 619 940 655 hoc
970 619 1071 655 enim
1108 626 1164 655 est
1197 618 1245 655 de
1274 631 1330 655 ra-

262 673 366 711 tione
394 672 667 722 generationis,
697 672 802 720 quod
830 671 876 708 sit
904 683 950 708 ex
977 683 1056 708 non
1091 678 1197 717 ente3
1227 671 1332 720 quod

264 734 392 763 autem
420 725 512 763 illud
532 738 611 763 non
630 738 698 762 ens
718 724 943 772 adiungatur
971 724 1075 761 alteri
1105 723 1275 760 existenti
1294 723 1330 770 ²¹⁶,

264 778 399 816 accidit
426 778 671 827 generafioni.
697 777 826 824 Quare
854 784 958 826 patet
991 777 1098 827 quod
1126 776 1239 813 simul
1268 776 1332 813 ali-

264 832 357 882 quid
384 838 586 880 generatur
623 843 668 868 ex
696 843 775 868 non
804 838 910 878 ente,
942 838 978 887 et
1012 829 1266 878 corrumpitur
1293 829 1331 866 in

263 897 343 922 non
358 897 437 932 ens,
449 884 776 933 qualitercumque
793 883 938 920 dicatur
951 895 1031 920 non
1047 895 1125 920 ens.
1147 883 1210 920 Sic
1223 882 1334 931 igitur

226 957 237 961 -
263 938 368 976 idem
387 945 443 975 est
460 937 500 974 in
514 937 620 987 quod
638 936 862 974 terminatur
875 936 896 958 ’¹‘
911 937 1116 986 corruptio,
1132 943 1171 974 et
1185 948 1231 973 ex
1251 948 1330 984 quo

265 998 321 1029 est
339 990 551 1039 generatio:
573 997 609 1028 et
626 997 784 1040 propter
801 990 876 1027 hoc
895 989 1088 1038 generatio
1109 997 1165 1027 est
1185 1001 1230 1026 ex
1250 1000 1332 1026 cor-

265 1043 395 1094 ruptis.
410 1065 435 1072 -
452 1043 735 1082 Convenienter
763 1055 854 1091 ergo
882 1055 962 1080 non
986 1043 1114 1080 deficit
1141 1041 1331 1079 successio

264 1097 517 1146 generationis
537 1104 574 1134 et
587 1096 851 1145 corruptionis,
866 1103 909 1133 ut
927 1108 1043 1145 supra
1056 1095 1077 1118 *
1091 1095 1235 1133 dictum
1256 1102 1329 1132 est:

265 1150 354 1200 quia
380 1149 572 1198 generatio
602 1157 658 1187 est
685 1149 876 1199 quaedam
898 1149 1089 1198 corruptio
1118 1161 1196 1186 non
1226 1148 1332 1193 entis,

266 1210 304 1240 et
331 1203 527 1260 corraeuptio
544 1210 610 1240 est
637 1204 828 1251 quaedam
857 1203 1050 1250 generatio
1079 1214 1158 1239 non
1187 1201 1281 1238 entis
1300 1199 1331 1247 λ;

263 1256 511 1305 etita‘unum
531 1268 666 1293 eorum
686 1268 840 1305 semper
858 1255 1072 1303 adiungitur
1091 1254 1212 1302 alteri,
1243 1266 1332 1291 cum

265 1307 305 1347 in
332 1308 371 1346 id
399 1321 445 1347 ex
465 1321 543 1358 quo
571 1321 695 1346 unum
723 1308 863 1358 incipit,
892 1308 996 1346 aliud
1017 1307 1250 1346 terminetur.

325 1363 358 1400 5.
375 1363 595 1400 Secundam
624 1362 890 1411 quaestionem
908 1361 929 1384 ²¹²
947 1361 1056 1410 ponit
1073 1361 1142 1398 ibi:
1172 1360 1247 1397 Sed
1262 1361 1334 1397 hoc

267 1426 343 1453 non
362 1427 428 1452 ens
448 1423 518 1453 etc.
538 1416 671 1453 Potest
690 1415 793 1453 enim
813 1414 946 1463 aliquis
966 1426 1149 1464 quaerere
1169 1421 1298 1450 utrum
1311 1412 1333 1435 ²¹²

267 1467 368 1506 istud
395 1481 474 1506 non
503 1481 570 1506 ens
599 1481 644 1506 ex
672 1481 750 1518 quo
780 1475 836 1505 est
861 1467 1067 1516 generatio,
1098 1474 1135 1504 et
1161 1466 1199 1503 in
1228 1467 1333 1515 quod

267 1521 492 1559 terminatur
519 1521 710 1571 corrupti‘o
730 1520 960 1570 simpliciter,
977 1519 1084 1569 quod
1103 1519 1259 1568 quidem
1279 1527 1335 1556 est

268 1574 560 1624 quodammodo
598 1587 666 1612 ens
684 1581 724 1622 μ,
759 1574 806 1611 sit
839 1574 999 1611 alterum
1034 1573 1332 1610 contrariorum:

266 1635 360 1677 puta
378 1628 484 1677 quod
511 1635 609 1664 terra
637 1634 674 1664 et
697 1639 814 1675 grave
833 1627 880 1664 sit
897 1639 977 1664 non
997 1639 1075 1674 ens,
1096 1626 1191 1663 sicut
1207 1625 1335 1675 posuit

267 1680 529 1728 Parmenides,
550 1680 646 1729 ignis
668 1688 796 1718 autem
814 1687 850 1717 et
863 1681 948 1717 leve
965 1680 1011 1717 sit
1025 1692 1103 1717 enS.
1117 1701 1141 1708 -
1155 1680 1206 1717 Et
1223 1679 1355 1717 solvit·

267 1734 374 1784 quod
401 1745 480 1771 non
501 1741 557 1771 est
583 1733 645 1781 ita,
675 1734 744 1771 sed
762 1740 862 1771 terra
882 1740 939 1771 est
963 1745 1050 1771 ens:
1080 1732 1169 1782 quia
1192 1732 1334 1770 scilicet

236 1815 238 1817 »
265 1793 366 1831 terra
393 1786 437 1824 fit
463 1799 533 1836 per
563 1787 640 1824 hoc
668 1786 775 1835 quod
803 1786 961 1824 materia
989 1786 1120 1836 recipit
1138 1785 1334 1836 quandam

243 1838 247 1840 ’
267 1839 433 1880 formam
447 1846 470 1887 ⁸,
487 1852 587 1889 quae
605 1840 693 1878 facit
713 1852 794 1877 esse
814 1840 852 1877 in
867 1847 965 1877 actu.
981 1840 1074 1877 Non
1089 1852 1157 1877 ens
1171 1851 1262 1888 ergo
1280 1847 1336 1876 est

253 1892 426 1930 ⁴materia
443 1901 566 1930 terrae
580 1900 617 1930 et
631 1893 736 1941 ignis.
758 1894 850 1930 Non
865 1901 995 1930 tamen
1009 1892 1168 1930 materia
1183 1900 1239 1930 est
1257 1905 1336 1930 non

267 1957 335 1983 ens
362 1958 431 1996 per
458 1958 520 1993 se,
549 1945 646 1983 sicut
671 1947 780 1983 Plato
807 1946 952 1995 posuit:
983 1946 1050 1984 sed
1079 1953 1135 1983 est
1161 1958 1241 1983 non
1269 1958 1336 1984 ens

232 2021 239 2028 ·
266 2010 336 2049 per
354 1999 543 2047 accidens,
570 1999 715 2037 ratione
742 1999 966 2048 privationis
995 1999 1055 2036 cui
1075 1999 1290 2048 adiungitur
1302 1999 1334 2036 ²¹⁶.

320 2156 348 2191 λ)
373 2157 438 2191 quia
458 2157 646 2191 generatio...
663 2158 804 2191 generatio
822 2164 874 2182 non
893 2157 970 2183 entis.
987 2171 1007 2176 -
1024 2158 1076 2182 Pro
1094 2157 1172 2190 quia,
1196 2165 1279 2191 quare
1298 2159 1334 2188 A;

266 2193 331 2227 quia
347 2193 487 2227 generatio
511 2196 552 2219 est
575 2193 707 2226 quaedam
731 2193 883 2226 corruptio,
903 2193 1004 2219 scilicet
1027 2200 1080 2218 non
1099 2193 1168 2218 entis
1190 2193 1280 2224 Peab;
1302 2193 1334 2218 cf.

266 2232 375 2254 textum.
392 2242 412 2247 —
429 2228 480 2254 Pro
497 2236 572 2258 cum,
596 2235 657 2254 cum
682 2232 770 2254 tamen
795 2229 871 2254 codd.
891 2234 917 2253 et
939 2229 1015 2261 edd-3
1034 2237 1082 2262 pro
1107 2228 1278 2259 terminetur,
1297 2229 1335 2261 fi-

266 2265 360 2290 nimr-
376 2264 409 2289 A.

322 2299 351 2334 μ.)
369 2299 567 2332 quodammodo
584 2306 640 2325 ens.
655 2313 675 2318 -
687 2299 885 2332 quodammodo
902 2306 955 2324 non
974 2307 1021 2325 ens
1038 2300 1195 2332 simpliciter
1210 2300 1247 2330 A;
1267 2307 1335 2332 quae

267 2335 344 2361 lectio
358 2343 412 2360 non
425 2335 554 2360 discordat
571 2343 659 2368 neque
672 2342 687 2359 a
700 2340 779 2367 textu,
798 2342 884 2368 neque
896 2335 928 2360 ab
942 2335 983 2360 his
1002 2343 1070 2368 quae
1089 2340 1232 2368 sequuntur
1244 2335 1272 2360 in
1285 2334 1335 2359 hoc

267 2377 388 2396 numero.
405 2384 424 2389 -
441 2371 492 2395 Pro
510 2371 634 2400 alterum,
653 2370 804 2403 aliquorum
824 2370 914 2400 Peab5
933 2370 965 2396 cf.
978 2375 1086 2396 textum.

321 2405 345 2439 ν)
364 2406 436 2438 quod
450 2406 565 2431 materia
577 2406 672 2439 recipit
685 2406 821 2439 quandam
834 2406 966 2440 formam.
977 2420 996 2425 -
1009 2406 1081 2439 quod
1093 2406 1204 2439 suscipit
1217 2406 1335 2439 aliquam

258 2441 433 2475 forn-amai.

321 2475 346 2510 Ε)
364 2477 402 2503 sit
423 2484 570 2503 commune.
587 2492 606 2497 -
623 2477 659 2503 sit
677 2477 747 2502 idem
770 2484 908 2503 commune
926 2477 964 2508 Α,
984 2478 1031 2502 sed
1050 2477 1120 2503 idem
1139 2477 1274 2511 expungit;
1300 2477 1336 2502 sit

2374 291 2448 328 297

1438 356 1474 392 6.
1505 354 1677 392 Tertiam
1706 354 1969 404 quaestionem
1996 355 2104 405 ponit
2123 356 2192 393 ibi:
2221 358 2272 393 Et
2297 370 2346 394 an
2376 359 2452 395 alia

1386 409 1576 457 utriusque
1596 415 1683 445 etc.:
1713 415 1841 444 utrum
1860 408 2001 445 scilicet
2028 409 2127 446 istud
2156 422 2235 446 non
2255 423 2321 447 ens
2347 411 2453 459 quod

1386 468 1441 498 est
1455 461 1627 508 materia,
1644 461 1690 498 sit
1706 473 1912 498 commune
1929 459 1942 484 ξ
1956 461 2014 498 his
2034 474 2133 511 quae
2154 463 2370 500 adinvicem
2389 477 2452 512 ge-

1386 522 1574 551 nerantur.
1605 535 1629 542 -
1658 515 1714 559 Et
1736 514 1824 551 dicit
1852 515 1958 563 quod
1987 514 2017 551 si
2045 515 2116 552 alia
2138 524 2235 552 esset
2259 516 2451 565 utriusque

1386 567 1555 614 materia,
1576 567 1715 604 scilicet
1734 567 1829 615 ignis
1855 575 1892 604 et
1910 575 2042 615 terrae,
2064 581 2143 605 non
2157 577 2428 616 generarentur
2442 576 2454 590 ⁰

1386 619 1622 657 adinvicem:
1653 620 1748 657 sicut
1776 620 1911 658 accidit
1937 621 2007 657 illis
2037 621 2100 670 qui
2127 630 2339 670 posuerunt
2367 630 2404 659 et
2432 622 2452 644 ’¹‘
2482 633 2489 641 ·

1386 671 1512 718 ignem
1549 680 1584 709 et
1611 680 1751 710 terram
1770 674 1914 722 primas
1939 674 2127 711 materias.
2158 675 2320 724 Oportet
2349 676 2450 712 enirn

1388 736 1434 760 ea
1461 737 1559 772 quae
1589 738 1634 761 ex
1662 738 1828 763 lnvlcem
1848 734 2087 775 generantur,
2109 728 2395 765 communicare
2415 729 2452 765 in

1388 776 1570 823 subiecto,
1592 778 1698 826 quod
1726 779 1903 829 suscipiat
1925 779 1945 801 ²⁸
1973 781 2138 817 formam
2166 780 2375 829 utriusque.
2405 782 2454 818 Et
2480 786 2489 796 ⁸

1387 841 1456 878 per
1485 841 1723 877 Consequens
1751 844 1829 868 non
1857 833 1965 869 fieret
1992 833 2255 871 transmutatio
2286 846 2331 871 ΘΧ
2364 847 2453 871 COH-

1387 881 1507 919 trariis
1544 882 1730 928 invicem,
1770 884 1864 921 sicut
1892 898 2006 935 supra
2033 886 2054 908 ’¹‘
2081 886 2224 924 dictum
2254 895 2329 924 est:
2365 887 2454 936 quia
2481 895 2490 903 ·

1389 935 1671 972 contrarietates
1700 936 1861 974 existunt
1887 939 2013 987 primo
2033 946 2069 976 et
2087 952 2156 988 per
2183 952 2224 976 se
2251 940 2453 989 praedictis

1389 988 1597 1036 elementis,
1618 988 1758 1026 scilicet
1779 990 1854 1037 igni
1884 998 1919 1027 et
1947 999 2078 1039 terrae,
2109 1005 2231 1041 aquae
2261 1001 2297 1030 et
2324 994 2402 1030 aeri
2420 999 2451 1030 π.

1388 1041 1499 1079 Unde
1529 1041 1559 1078 si
1587 1041 1676 1078 nihil
1714 1049 2026 1081 transmutaretur
2059 1057 2104 1081 ex
2132 1045 2217 1093 igne
2245 1046 2283 1083 in
2311 1059 2452 1095 aquam

1387 1095 1450 1131 vel
1479 1106 1525 1131 ex
1544 1106 1631 1131 aere
1650 1094 1689 1131 in
1707 1102 1859 1142 terram,
1881 1104 1944 1133 aut
1964 1110 1983 1133 e
2004 1110 2203 1146 converso,
2225 1099 2316 1136 nihil
2340 1099 2453 1136 etiam

1387 1155 1702 1184 transmutaretur
1729 1161 1774 1184 ex
1803 1149 1924 1185 calido
1953 1150 1991 1186 in
2019 1150 2195 1198 frigidum
2223 1153 2286 1189 vel
2314 1164 2334 1189 e
2364 1165 2453 1190 con-

1386 1213 1513 1247 verso,
1542 1208 1585 1237 ut
1612 1213 1726 1250 supra
1753 1201 1773 1222 '¹‘
1801 1201 1943 1238 dictum
1972 1210 2038 1240 est.

1469 1253 1670 1301 Subiungit
1700 1261 1830 1291 tamen
1863 1255 1967 1303 quod
1999 1256 2156 1293 materia
2189 1270 2321 1294 eorum
2354 1270 2452 1307 quae

1386 1313 1685 1344 transmutantur
1713 1307 1946 1355 adinvicem,
1977 1309 2183 1357 aliqualiter
2212 1318 2267 1347 est
2293 1310 2452 1359 Eadem,

1388 1367 1426 1396 et
1452 1359 1662 1408 aliqualiter
1689 1360 1772 1397 alia.
1803 1361 1983 1398 Subiecto
2014 1362 2115 1398 enim
2146 1370 2201 1399 est
2229 1363 2382 1400 eadem:
2419 1372 2454 1401 et

1386 1413 1462 1450 hoc
1491 1419 1547 1449 est
1574 1413 1680 1462 quod
1708 1412 1814 1461 dicit,
1845 1414 1950 1463 quod
1977 1414 2015 1451 id
2044 1415 2149 1464 quod
2178 1416 2370 1453 subiicitur
2399 1425 2454 1454 est

1386 1465 1510 1514 idem,
1541 1466 1868 1515 qualitercumque
1897 1467 1943 1503 sit
1971 1479 2038 1504 ens
2066 1468 2173 1516 (quia
2202 1469 2339 1506 scilicet
2376 1482 2454 1507 non

1388 1526 1444 1556 est
1472 1531 1539 1557 ens
1567 1527 1665 1566 actu,
1696 1521 1763 1557 sed
1783 1519 1983 1568 potentia).'
2008 1519 2096 1557 Non
2126 1529 2181 1558 est
2204 1529 2332 1559 autem
2352 1522 2454 1560 idem

1387 1573 1599 1610 secundum
1630 1585 1712 1610 esse
1739 1574 1801 1610 vel
1826 1573 2033 1610 rationem:
2071 1573 2182 1611 aliam
2215 1575 2316 1612 enim
2345 1576 2455 1613 ratio-

1387 1638 1478 1662 nem
1507 1634 1544 1663 et
1571 1625 1672 1663 aliud
1701 1638 1784 1663 esse
1813 1625 1947 1675 accipit
1972 1634 2086 1675 prout
2115 1634 2169 1664 est
2197 1629 2268 1665 sub
2297 1628 2454 1666 diversis

1388 1678 1533 1727 formis,
1564 1686 1600 1716 et
1628 1679 1742 1716 etiam
1771 1680 1983 1717 secundum
2011 1681 2086 1716 hoc
2114 1680 2239 1729 ipsum
2264 1683 2369 1729 quod
2395 1695 2454 1719 or-

1389 1732 1540 1770 dinatur
1558 1732 1608 1769 ad
1627 1731 1800 1769 diversas
1819 1732 1979 1779 formas;
2000 1733 2096 1769 sicut
2115 1746 2252 1782 corpus
2279 1741 2334 1771 est
2352 1735 2452 1772 aliud

1389 1785 1534 1823 ratione
1563 1785 1776 1822 secundum
1805 1785 1910 1834 quod
1939 1794 1994 1822 est
2022 1787 2262 1835 aegrotabile,
2292 1795 2329 1824 et
2353 1788 2455 1825 aliud

1389 1840 1603 1876 secundum
1641 1839 1758 1888 quod*
1778 1838 1946 1876 sanabile
1975 1845 2010 1886 Ρ,
2045 1839 2130 1876 licet
2162 1840 2207 1877 sit
2234 1840 2338 1877 idem
2367 1842 2454 1878 sub-

1388 1892 1497 1929 iecto.

1443 1945 1586 1983 Ultimo
1625 1953 1753 1982 autem
1783 1945 2010 1994 epilogando
2050 1946 2239 1983 concludit
2275 1947 2380 1995 quod
2409 1947 2456 1984 de

1390 1998 1448 2036 his
1476 1999 1663 2036 intantum
1692 1998 1834 2036 dictum
1863 2006 1919 2035 est
1936 1998 1967 2035 *.

1388 2158 1465 2183 aliud
1483 2165 1521 2183 ex
1539 2158 1615 2183 aliud
1634 2157 1678 2191 (et
1691 2158 1767 2183 aliud
1781 2158 1825 2187 Pb,
1841 2165 1879 2183 ex
1890 2158 1944 2184 alio
1957 2157 1989 2192 C)
2009 2158 2080 2191 quod
2099 2162 2139 2183 est
2156 2165 2294 2184 commune
2317 2158 2407 2188 PCab;
2425 2159 2458 2184 cf.

1389 2198 1562 2262 tandin-quod
1579 2229 1604 2254 si
1625 2229 1713 2254 alia...
1728 2236 1779 2254 non
1805 2233 2010 2262 generarentur.
2028 2243 2047 2248 —
2064 2229 2136 2261 quod
2159 2229 2249 2254 alia...
2262 2229 2287 2254 si
2304 2237 2356 2254 non
2378 2237 2458 2263 gene-

1389 2267 1487 2289 rantur
1506 2264 1596 2294 Peab,
1617 2264 1663 2289 sed
1683 2265 1856 2289 conditionem
1875 2272 1928 2289 non
1951 2265 1988 2289 sic
2007 2265 2204 2298 proponendam
2223 2272 2290 2296 esse,
2309 2270 2379 2297 patet
2393 2265 2458 2289 infra

1389 2307 1420 2325 ex
1436 2299 1550 2331 Oportet
1567 2299 1680 2325 enim...
1700 2300 1736 2324 Ee
1750 2307 1802 2332 per
1819 2307 1987 2332 consequens.
2007 2301 2058 2325 Pro
2075 2303 2270 2333 generarentur
2282 2301 2306 2324 A
2318 2300 2395 2325 habet
2412 2308 2459 2333 ge-

1390 2338 1551 2404 ηενῖῧῄέἓηί
1568 2374 1595 2395 et
1613 2373 1714 2400 terrae,
1734 2378 1820 2403 aquae
1838 2373 1865 2395 et
1882 2371 1949 2396 aeri.
1967 2384 1987 2389 -
2004 2370 2073 2404 igni,
2099 2374 2187 2396 terrae
2206 2374 2232 2396 et
2250 2378 2334 2403 aquae
2353 2374 2379 2396 et
2396 2370 2457 2395 aeri

1390 2406 1475 2431 PCab.
1486 2420 1506 2425 —
1518 2406 1609 2431 Statim
1628 2414 1676 2438 pro
1695 2407 1735 2431 vel
1753 2413 1790 2431 ex
1804 2412 1867 2431 aere
1886 2406 1911 2431 in
1932 2409 2043 2435 terram,
2058 2407 2099 2431 vel
2116 2414 2204 2431 aerem
2221 2406 2305 2431 PCab.

1443 2442 1468 2475 p)
1488 2444 1515 2466 et
1531 2441 1608 2467 aliud
1626 2442 1770 2467 secundum
1795 2441 1867 2474 quod
1884 2442 2011 2467 sanabile.
2025 2456 2044 2461 —
2056 2445 2083 2467 et
2101 2441 2219 2467 sanabile
2236 2441 2306 2471 Aah,
2322 2446 2348 2466 et
2365 2448 2459 2466 secun-

1391 2477 1454 2502 dum
1473 2477 1546 2510 quod
1563 2480 1604 2503 est
1621 2477 1741 2503 sanabile
1760 2477 1789 2502 C.

411 3684 480 3716 Opp.
500 3684 531 3708 D.
550 3683 664 3708 Tuosne
683 3684 715 3708 T.
730 3684 769 3708 111.

2243 3673 2274 3699 38

2506 634 2529 653 et
2542 638 2590 654 om.
2605 639 2628 654 Α.

2504 786 2603 813 suscipit
2615 793 2638 808 Α.

2506 894 2569 916 Lect.
2586 901 2610 922 υ,
2626 901 2647 916 n.
2656 902 2678 921 4.

2577 1009 2592 1016 ι-

2482 1214 2491 1222 ’
2506 1211 2566 1233 Ibid.

2486 2011 2496 2022 ⁸
2516 2011 2550 2032 sit
2563 2011 2647 2033 dictum
2661 2017 2684 2032 Α.
