2782 4134
1115 222 1228 259 CAP.
1257 223 1346 271 VII,
1377 223 1528 259 LECT.
1558 223 1646 259 XlII

283 303 473 353 quaelibet
486 315 575 352 pars
591 310 646 341 est
666 315 778 353 aqua.
796 301 841 340 Si
862 314 958 340 vero
978 301 1024 338 sit
1048 309 1172 338 totum
1193 301 1352 339 dissimi-

282 356 376 393 lium
395 356 574 405 partium,
595 364 709 394 restat
735 355 843 394 tertia
871 355 1029 392 divisio:
1058 362 1187 391 utrum
1216 355 1354 392 seilicet

282 409 430 458 species
458 409 623 458 partium
642 409 726 446 talis
753 408 923 457 corporis
951 408 1023 445 sint
1041 408 1171 445 finitae
1190 420 1353 445 numero

284 470 349 500 aut
376 462 557 500 infinitae.
581 462 621 500 Si
642 474 732 510 ergo
750 461 935 510 probetur
958 461 1063 510 quod
1083 473 1162 498 non
1190 468 1278 498 sunt
1300 461 1355 498 in-

283 515 426 563 finitae,
452 527 578 565 neque
602 515 740 552 iterum
769 520 856 551 sunt
883 513 1012 551 finitae
1033 513 1064 560 ²3;
1094 522 1131 551 et
1154 514 1260 563 quod
1287 514 1355 550 ite-

284 580 370 605 rum
384 569 532 606 nullum
547 580 686 617 corpus
701 566 882 604 similium
894 567 1061 616 partium
1081 567 1127 604 sit
1144 567 1353 604 infinitum:

282 622 491 670 probatum
520 620 590 658 erit
619 620 726 668 quod
754 620 901 657 nullum
928 632 1068 670 corpus
1094 619 1356 656 universaliter

285 682 341 712 est
368 674 574 712 infinitum.

338 739 376 776 7.
404 726 555 764 Deinde
583 738 673 763 cum
691 725 796 764 dicit:
822 726 932 768 Quod
957 726 1107 774 quidem
1136 725 1253 775 igitur
1272 732 1355 772 etc.,

282 779 527 830 prosequitur
545 781 565 801 ‘⁸
585 779 732 827 singula
758 778 1055 828 praedictorum.
1078 779 1128 815 Et
1160 778 1260 815 circa
1282 779 1358 815 hoc

283 833 354 870 tria
380 832 485 870 facit:
514 832 640 882 primo
669 832 834 870 ostendit
861 832 968 881 quod
988 844 1068 869 non
1098 839 1154 868 est
1177 831 1356 880 possibile

285 885 456 935 corporis
476 885 716 923 dissimilium
736 885 903 934 partium
923 897 1007 922 esse
1027 884 1193 922 infinitas
1212 884 1357 934 species

281 938 450 988 partium
469 939 568 986 eius;
589 938 761 976 secundo
788 938 953 976 ostendit
971 938 1077 988 quod
1096 950 1176 975 non
1196 946 1252 975 est
1270 950 1358 987 pos-

283 991 391 1030 sibile
420 1004 504 1030 esse
532 1004 672 1041 corpus
700 992 892 1030 infinitum
913 991 1152 1029 dissimilium
1178 991 1357 1040 partium,

282 1044 334 1083 ita
361 1046 468 1095 quod
487 1045 634 1094 species
651 1045 818 1095 partium
847 1045 922 1083 sint
940 1045 1082 1093 finitae,
1110 1044 1178 1082 ibi:
1208 1046 1283 1082 Sed
1304 1050 1358 1082 ta-

223 1118 229 1121 r
282 1109 370 1136 men
396 1099 433 1136 si
449 1098 599 1147 quidem
611 1099 631 1120 *
648 1106 737 1146 etc.;
757 1098 866 1136 tertio
896 1098 1062 1135 ostendit
1080 1098 1185 1147 quod
1204 1110 1284 1135 non
1304 1105 1360 1135 est

281 1151 465 1203 possibile
493 1164 581 1193 esse
592 1151 762 1201 aliquod
790 1164 930 1202 eorpus
957 1151 1148 1189 infinitum
1175 1151 1358 1188 similium

49 1188 56 1198 ⁸
108 1184 162 1195 ’Ἴ
228 1224 232 1226 ·
279 1202 464 1255 partium,
483 1205 554 1242 ibi:
583 1206 659 1242 Sed
683 1206 808 1243 adhuc
835 1217 956 1254 neque
983 1210 1100 1242 totum
1129 1204 1150 1226 ¹²
1179 1211 1248 1241 etc.

336 1257 439 1296 Dicit
467 1270 558 1306 ergo
585 1258 711 1307 primo
749 1258 856 1307 quod
884 1257 1131 1296 manifestum
1168 1264 1224 1294 est
1253 1257 1358 1306 quod

283 1322 364 1349 non
393 1318 451 1348 est
476 1311 658 1361 possibile
686 1323 732 1348 ex
767 1311 923 1349 infinitis
959 1310 1161 1360 speciebus
1192 1310 1359 1359 partium

284 1363 462 1402 constitui
498 1364 654 1414 aliquod
683 1376 823 1414 corpus
859 1363 1051 1402 infinitum
1064 1393 1073 1411 ‚
1102 1363 1133 1400 si
1162 1363 1247 1412 quis
1274 1375 1359 1412 per-

284 1417 408 1457 mittat
424 1423 440 1442 '¹
458 1429 618 1455 manere
635 1417 676 1455 in
695 1430 765 1455 sua
782 1417 941 1454 veritate
958 1417 1108 1465 primas
1125 1417 1358 1464 hypotheses,

282 1469 383 1509 idest
400 1470 684 1520 suppositiones
711 1470 816 1519 prius
835 1470 971 1518 factas,
992 1469 1132 1507 scilicet
1153 1469 1260 1518 quod
1288 1470 1362 1507 sint

284 1523 390 1561 solae
417 1530 493 1561 tres
521 1523 668 1573 species
700 1531 879 1561 motuum
914 1522 1157 1573 simplicium.
1188 1522 1229 1560 Si
1258 1523 1360 1560 enim

282 1575 398 1626 primi
414 1583 555 1624 motus,
576 1576 718 1614 scilicet
741 1576 950 1626 simplices,
970 1583 1058 1613 sunt
1075 1575 1184 1623 finiti,
1204 1588 1361 1613 necesse

285 1636 346 1671 eat
357 1629 465 1679 quod
483 1629 631 1679 species
647 1642 856 1679 corporum
875 1629 1106 1678 simplicium
1121 1629 1195 1666 sint
1212 1629 1361 1667 finitae:
1393 1655 1398 1661 ·

286 1689 325 1721 et
349 1683 427 1721 hoc
453 1682 555 1732 ideo,
575 1682 667 1732 quia
693 1690 823 1720 motus
850 1682 968 1732 ipsius
993 1682 1163 1732 corporis
1182 1682 1362 1732 simplicis

177 1761 185 1774 ‚
216 1761 224 1769 -
242 1762 251 1769 -
286 1743 344 1775 est
361 1735 536 1786 simplex,
564 1743 607 1774 ut
634 1748 752 1786 supra
770 1736 791 1757 ⁸
820 1736 995 1774 habitum
1024 1743 1092 1773 est.
1122 1735 1278 1773 Dictum
1307 1743 1364 1774 est

228 1811 231 1814 1
285 1796 415 1829 autem
444 1802 561 1839 supra
579 1790 600 1812 ²
620 1790 727 1838 quod
755 1789 948 1838 simplices
981 1796 1110 1827 motus
1130 1796 1218 1826 sunt
1244 1789 1361 1827 finiti:

285 1850 374 1883 sunt
393 1842 496 1880 enim
515 1850 605 1891 tres,
625 1842 767 1880 scilicet
794 1850 923 1880 motus
942 1842 1008 1891 qui
1027 1850 1085 1880 est
1107 1842 1157 1879 ad
1176 1842 1360 1891 medium,

285 1903 325 1934 et
350 1903 482 1934 motus
500 1896 564 1945 qui
595 1903 653 1933 est
671 1907 694 1933 a
712 1895 862 1943 medio,
883 1903 921 1934 et
939 1903 1068 1933 motus
1087 1895 1152 1945 qui
1182 1903 1238 1932 est
1263 1895 1362 1933 circa

284 1949 472 1994 medium.
489 1970 514 1978 -
529 1949 621 1987 ldeo
637 1956 767 1986 autem
781 1956 934 1998 oportet
946 1948 1065 1998 quod,
1080 1948 1111 1986 si
1130 1956 1259 1986 motus
1273 1948 1363 1986 sim-

282 2001 402 2053 plices
429 2009 518 2040 sunt
542 2002 653 2050 finiti,
683 2002 789 2051 quod
818 2015 981 2051 corpora
1009 2001 1196 2051 simplicia
1225 2002 1298 2039 sint
1316 2003 1362 2039 fi-

238 2078 240 2082 *
284 2055 376 2103 nita,
395 2055 487 2104 quia
515 2067 675 2094 necesse
694 2062 752 2092 est
769 2055 876 2104 quod
895 2067 1012 2092 omne
1033 2067 1173 2104 corpus
1191 2057 1362 2093 naturale

283 2108 427 2147 habeat
452 2108 654 2158 proprium
673 2116 846 2146 motum:
877 2108 908 2145 si
936 2116 1064 2146 autem
1086 2115 1212 2146 essent
1239 2108 1363 2146 infini-

284 2167 348 2199 tae
365 2162 514 2211 species
534 2173 755 2211 corporum,
775 2161 945 2198 motibus
965 2161 1210 2198 existentibus
1234 2161 1362 2209 finitis,

285 2222 482 2264 oporteret
518 2227 600 2252 esse
629 2214 776 2264 aliquas
812 2214 960 2263 species
998 2226 1227 2263 corporum,
1262 2227 1362 2263 quae

285 2279 366 2307 non
393 2268 580 2306 haberent
607 2275 757 2305 motus:
787 2268 893 2317 quod
922 2275 978 2305 est
1005 2267 1254 2316 impossibile.

341 2320 405 2358 Sic
432 2321 544 2369 igitur
572 2333 618 2358 ex
643 2322 721 2358 hoc
754 2321 860 2370 quod
889 2328 1017 2358 motus
1046 2320 1238 2369 simplices
1275 2329 1363 2358 sunt

240 2402 243 2403 γ
285 2373 394 2422 finiti,
410 2374 644 2412 sufficienter
657 2374 845 2423 probatur
863 2373 969 2423 quod
988 2373 1134 2423 species
1155 2386 1361 2422 corporum

286 2426 520 2476 simplicium
549 2427 624 2465 sint
649 2427 793 2465 finitae.
824 2427 969 2464 Omnia
996 2435 1125 2464 autem
1152 2427 1173 2448 *
1202 2439 1363 2476 corpora

285 2480 404 2518 mixta
423 2488 711 2530 componuntur
729 2493 776 2518 ex
804 2479 1052 2529 simplicibus.
1072 2479 1185 2518 Unde
1205 2479 1236 2516 si
1264 2488 1364 2517 esset

285 2533 444 2583 aliquod
462 2541 587 2571 totum
608 2533 851 2571 dissimilium
878 2533 1058 2583 partium,
1078 2533 1184 2582 quod
1204 2545 1363 2582 compo-

247 2601 259 2607 ·
285 2594 441 2625 neretur
451 2599 496 2625 ex
511 2587 668 2625 infinitis
677 2588 698 2609 ¹*
707 2587 910 2636 speciebus
921 2599 1128 2635 corporum
1144 2585 1362 2634 mixtorum,

285 2648 416 2678 tamen
443 2648 639 2690 oporteret
657 2641 765 2690 quod
792 2640 938 2689 species
957 2640 1175 2689 primorum
1205 2652 1364 2689 compo-

285 2693 461 2733 nentium
498 2693 573 2731 sint
607 2693 762 2731 finitae:
801 2693 980 2742 quamvis
1017 2693 1133 2730 etiam
1172 2693 1248 2730 hoc
1284 2705 1364 2730 non

285 2746 463 2785 videatur
488 2746 686 2796 possibile,
715 2746 822 2796 quod
849 2747 1048 2784 finitorum
1084 2746 1363 2783 elementorum

339 2869 367 2903 ζ)
387 2870 419 2895 Si
435 2877 502 2903 ergo
515 2870 676 2902 probetur...
695 2876 779 2902 neque
797 2869 894 2894 iterum
913 2872 978 2894 sunt
995 2870 1101 2903 finitae.
1115 2884 1135 2890 —-
1147 2870 1199 2894 Pro
1213 2870 1362 2902 prdetur,

283 2905 446 2938 probabitur
463 2905 494 2930 P.
511 2905 563 2930 Pro
582 2912 665 2938 neque
683 2905 780 2930 iterum
798 2908 863 2930 sunt
873 2905 980 2938 finitae.
1004 2906 1075 2938 quod
1094 2905 1206 2938 legimus
1226 2913 1286 2930 cum
1309 2905 1362 2930 edi-

287 2940 360 2966 tione
382 2939 458 2971 1516,
472 2947 556 2973 neque
574 2948 665 2966 rerum
687 2943 751 2965 sunt
762 2940 863 2974 finitae
876 2940 905 2971 P,
929 2947 1012 2973 neque
1026 2940 1123 2966 iterum
1138 2941 1210 2974 quod
1229 2948 1280 2966 non
1300 2944 1364 2966 sunt

282 2975 382 3009 finitae
399 2975 537 3006 BCDEF1;
556 2975 605 3001 AG
617 2976 737 3001 lacunam
746 2975 852 3001 habent.
866 2975 951 3001 Huius
970 2975 1020 3001 loci
1035 2983 1129 3001 sensus
1142 2976 1279 3001 manifeste
1293 2980 1364 3009 patet

290 3019 321 3036 ex
339 3010 562 3043 consequentibus
580 3011 706 3036 numeris.

343 3046 371 3078 η)
385 3045 465 3070 tertio
479 3045 597 3070 ostendit
605 3046 677 3078 quod
691 3053 742 3071 non
757 3049 798 3071 est
810 3046 964 3078 possibile...
978 3047 1003 3072 si
1016 3046 1076 3079 quis
1091 3047 1244 3079 permittat.
1256 3061 1275 3065 -
1287 3047 1307 3071 P
1321 3054 1362 3071 se-

290 3081 380 3114 quenti
393 3081 473 3105 modo
485 3080 559 3113 legit:
573 3081 653 3106 tertio
667 3081 784 3106 ostendit
795 3082 867 3114 quod
879 3089 976 3114 corpus
991 3082 1125 3115 infinitum
1140 3089 1192 3107 non
1204 3085 1294 3114 potest
1307 3089 1363 3107 esse

290 3116 417 3142 similium
431 3116 567 3148 partium,
586 3115 638 3140 ibi:
657 3116 712 3141 Sed
727 3117 816 3141 adhuc
829 3124 912 3149 neque
923 3120 1008 3142 toturn
1022 3121 1072 3143 etc.
1092 3117 1183 3142 Prt‘mo
1197 3125 1263 3151 ergo
1276 3121 1364 3143 osten—

291 3152 333 3177 dit
350 3151 423 3184 quod
441 3158 493 3176 non
512 3154 552 3176 est
565 3151 693 3182 possibile
709 3151 821 3183 aliquod
837 3159 935 3184 corpus
954 3153 1087 3186 infinitum
1105 3160 1170 3183 esse,
1190 3153 1214 3178 si
1230 3153 1288 3186 quis
1298 3160 1362 3185 per-

291 3187 398 3218 mittas,-
417 3191 457 3212 est
475 3186 602 3212 correctio
616 3186 724 3211 lacunae
740 3186 766 3211 in
780 3187 855 3212 codd.
874 3195 930 3212 exc.
947 3188 1024 3218 AsG;
1044 3189 1169 3213 omittunt
1181 3188 1250 3213 enim
1269 3188 1362 3213 homo-

290 3223 408 3248 teleuton
430 3222 557 3247 similium
576 3221 731 3253 partium...
743 3221 854 3254 aliquod
870 3229 967 3255 corpus
985 3222 1128 3256 infinitum.
1147 3223 1240 3254 Quoad
1258 3224 1362 3256 pinnam

289 3258 439 3288 lectionem,
451 3257 644 3282 observandum
664 3261 704 3281 est
717 3256 803 3289 primo
816 3258 888 3290 quod
901 3257 928 3282 in
940 3265 971 3282 ea
990 3258 1095 3283 tertium
1111 3259 1259 3283 membrum
1283 3259 1362 3284 tertio

291 3294 410 3319 ostendit
422 3298 480 3324 etc.,
494 3293 526 3318 ad
539 3292 652 3317 formam
666 3292 738 3324 quod
751 3293 848 3322 attinet,
863 3300 917 3317 non
930 3294 1071 3325 respondet
1083 3294 1260 3326 superioribus
1270 3295 1363 3326 primo

291 3329 410 3355 ostendit
423 3334 480 3359 etc.,
497 3328 614 3354 secundo
627 3327 744 3353 ostendit
757 3332 815 3357 etc.,
828 3335 895 3360 quae
909 3333 970 3353 sunt
982 3329 1039 3353 loca
1051 3329 1187 3360 parallela,
1202 3330 1249 3354 sed
1262 3330 1363 3355 videtur

293 3365 462 3397 desumptum
478 3371 509 3389 ex
526 3363 653 3397 principio
665 3371 737 3388 num.
754 3370 799 3387 12:
819 3363 943 3395 secundo,
954 3364 1026 3396 quod
1039 3363 1176 3389 illa.verba
1189 3365 1282 3390 Primo
1297 3372 1362 3398 ergo

293 3399 410 3425 ostendit
428 3404 478 3424 etc.
504 3407 558 3424 non
576 3399 735 3424 examussim
753 3399 913 3431 respondent
938 3398 1056 3423 divisioni
1074 3399 1174 3432 positae
1193 3399 1219 3424 in
1237 3400 1362 3433 principio

293 3435 403 3464 numeri.
416 3442 502 3467 neque
515 3435 592 3460 etiam
612 3434 732 3459 exhibent
746 3439 832 3459 exacte
851 3434 1005 3458 sententiam
1027 3434 1186 3465 Aristotelis;
1205 3435 1238 3460 cf.
1256 3440 1361 3460 textum.

348 3468 374 3504 θ)
383 3470 441 3495 Nec
453 3473 542 3495 tamen
553 3470 664 3503 aliquod
674 3477 772 3502 corpus
786 3470 931 3494 mixtum...
945 3469 1102 3501 corporibus
1114 3469 1313 3501 simplicibus·
1321 3471 1362 3495 Ad

293 3505 390 3532 horum
403 3505 603 3531 declarationem
617 3510 730 3538 praestat
738 3505 863 3530 nonnulla
874 3505 1046 3530 transcribere
1055 3504 1126 3529 exiis
1137 3512 1204 3537 quae
1214 3513 1236 3530 s.
1246 3505 1363 3530 Thomas

292 3541 370 3567 tradit
384 3541 410 3565 in
424 3540 480 3566 aliis
498 3541 572 3571 locis,
583 3541 629 3566 ubi
643 3549 674 3566 ex
691 3541 811 3574 professo
826 3545 963 3574 pertractat
977 3540 1155 3572 quaestionem
1171 3540 1203 3564 de
1217 3541 1297 3565 modo
1310 3548 1364 3573 quo

294 3576 423 3602 elementa
441 3581 547 3602 manent
562 3576 588 3601 in
609 3576 690 3602 mixto
707 3577 778 3609 quod
794 3583 824 3601 ex
844 3576 881 3601 eis
901 3575 1074 3608 componitur.
1094 3575 1133 3600 De
1147 3575 1245 3600 ratione
1257 3575 1364 3608 quidem

2430 229 2476 265 53

1408 301 1711 339 diversificentur
1730 302 2023 340 commixtiones
2042 303 2080 341 in
2099 304 2302 342 infinitum.
2323 307 2408 343 Nec
2422 315 2476 344 ta-

1408 367 1500 392 men
1519 355 1674 404 aliquod
1694 368 1834 404 cor-pus
1854 356 2015 393 mixtum
2030 365 2155 405 potest
2174 358 2246 395 dici
2267 360 2443 396 omnium
2459 361 2478 381 *
2506 365 2515 374 ‘

1409 408 1590 446 similium
1609 408 1792 457 partium:
1813 409 1913 458 quia,
1936 409 2003 446 etsi
2022 418 2148 459 partes
2168 411 2248 448 eius
2267 412 2478 460 quantitati-

1407 474 1481 499 vae
1501 462 1574 498 sint
1593 462 1735 499 similes
1755 462 1894 511 specie,
1915 462 2010 499 sicut
2029 463 2220 511 quaelibet
2238 477 2326 513 pars
2345 465 2479 513 lapidis

1410 522 1467 552 est
1493 514 1600 564 lapis,
1629 523 1755 563 partes
1774 523 1903 552 tamen
1923 516 2141 553 essentiales
2170 516 2250 553 eius
2269 517 2290 538 *
2315 525 2402 554 sunt
2425 518 2479 555 di-

1409 580 1544 605 versae
1565 568 1778 605 secundum
1793 568 1980 617 speciem:
2002 569 2246 618 componitur
2270 570 2371 607 enim
2392 571 2479 607 sub-

1411 621 1546 657 stantia
1565 621 1734 669 corporis
1757 621 1864 659 mixti
1885 634 1931 659 ex
1951 622 2176 671 corporibus
2200 623 2434 672 simplicibus
2454 622 2479 661 ⁰.

1467 675 1502 710 8.
1523 674 1675 711 Deinde
1695 687 1784 711 cum
1805 675 1906 712 dicit:
1936 675 2012 712 Sed
2028 681 2154 712 tamen
2171 676 2206 712 si
2227 676 2375 724 quidem
2396 685 2479 725 etc.,

1413 726 1577 763 ostendit
1596 727 1702 774 quod
1721 740 1799 764 non
1820 736 1875 765 est
1894 728 2074 777 possibile
2095 740 2178 766 esse
2198 741 2337 778 corpus
2355 729 2480 766 infini-

1412 786 1493 816 tum
1513 779 1748 826 dissimilium
1766 781 1943 830 partium,
1964 781 2014 818 ita
2029 782 2135 831 quod
2155 782 2300 831 species
2315 782 2480 831 partium

1413 832 1486 869 sint
1512 832 1654 869 finitae.
1683 834 1733 870 Et
1760 834 1810 870 ad
1838 835 1912 870 hoc
1940 834 2084 871 inducit
2110 842 2276 884 quatuor
2303 835 2478 873 rationes.

1413 886 1590 932 Quarum
1605 885 1729 934 prima
1745 894 1800 923 est
1810 887 1926 935 quod,
1943 888 1973 924 si
1988 900 2127 937 corpus
2143 888 2381 925 dissimilium
2396 901 2482 938 par-

1411 938 1520 986 tium,
1548 938 1741 976 infinitum
1762 939 1934 987 existens,
1956 953 2002 977 ex
2020 941 2190 990 partibus
2213 941 2328 979 finitis
2356 941 2482 990 specie

1413 999 1721 1041 componeretur,
1751 1000 1943 1041 oporteret
1970 995 2074 1042 quod
2099 994 2290 1043 quaelibet
2316 995 2481 1044 partium

1414 1045 1494 1082 eius
1523 1053 1620 1082 esset
1639 1045 1787 1082 infinita
1804 1047 2016 1083 secundum
2036 1047 2356 1095 magnitudinem:
2376 1055 2480 1097 puta,

1413 1098 1443 1135 si
1459 1098 1614 1147 aliquod
1629 1111 1768 1148 corpus
1782 1098 1943 1136 mixtum
1960 1107 2058 1137 esset
2071 1100 2274 1149 infinitum,
2287 1101 2483 1139 elementis

1413 1151 1658 1188 existentibus
1676 1152 1803 1199 finitis,
1824 1160 2017 1201 oporteret
2035 1165 2164 1190 aerem
2190 1167 2271 1191 esse
2291 1154 2482 1192 infinitum

1415 1212 1451 1241 et
1465 1216 1607 1253 aquarn
1623 1205 1690 1241 et*
1701 1205 1843 1253 ignem.
1862 1206 1939 1243 Sed
1954 1207 2028 1243 hoc
2044 1215 2099 1243 est
2113 1207 2364 1256 impossibile:
2380 1208 2480 1256 quia,

1415 1269 1504 1295 cum
1533 1257 1728 1307 quodlibet
1756 1271 1890 1295 eorum
1919 1259 1965 1296 sit
1993 1272 2108 1308 grave
2130 1262 2193 1298 vel
2221 1262 2318 1308 leve,
2348 1273 2483 1310 seque-

1415 1318 1517 1348 retur
1545 1312 1756 1349 secundum
1784 1312 1994 1361 praemissa
2020 1313 2041 1334 ’²‘
2069 1314 2175 1362 quod
2211 1314 2374 1362 gravitas
2402 1315 2484 1352 eius

1413 1365 1476 1401 vel
1504 1364 1637 1402 levitas
1672 1371 1769 1402 esset
1801 1365 1963 1413 infinita;
2002 1374 2199 1404 ostensum
2229 1375 2284 1405 est
2305 1368 2325 1389 ¹⁸
2354 1375 2483 1405 autem

1415 1417 1520 1466 quod
1535 1418 1638 1455 nulla
1652 1418 1814 1466 gravitas
1832 1419 1896 1456 vel
1911 1419 2043 1456 levitas
2058 1428 2183 1468 potest
2195 1421 2215 1442 *
2227 1432 2308 1458 esse
2323 1421 2481 1459 infinita.

1415 1471 1518 1518 Ergo
1556 1483 1636 1508 non
1665 1479 1721 1508 est
1757 1472 1936 1520 possibile
1974 1473 2081 1521 quod
2118 1485 2256 1523 corpus
2293 1474 2484 1512 infinitum

1416 1523 1655 1561 dissimilium
1674 1524 1840 1573 partium
1861 1533 2116 1574 componatur
2135 1538 2180 1563 ex
2208 1526 2323 1564 finitis
2342 1528 2485 1575 specie-

1416 1577 1487 1614 bus
1516 1577 1694 1625 partium.
2064 1576 2067 1578 ’

1470 1631 1601 1667 Potest
1626 1637 1755 1667 autern
1775 1629 1910 1679 aliquis
1938 1630 2103 1668 obiicere
2128 1631 2234 1680 quod
2257 1645 2336 1670 non
2361 1633 2486 1682 sequi-

1415 1690 1487 1730 tur,
1517 1683 1590 1720 hac
1609 1683 1754 1720 ratione
1782 1683 1891 1731 facta,
1912 1684 2016 1733 quod
2031 1696 2284 1734 unaquaeque
2320 1686 2486 1735 panium

1416 1736 1462 1773 sit
1489 1736 1652 1774 infinita:
1682 1744 1780 1774 esset
1809 1737 1911 1774 enim
1938 1737 2118 1786 possibile
2146 1745 2269 1774 totum
2299 1751 2382 1776 esse
2402 1739 2486 1776 infi-

1416 1787 1549 1836 nitum,
1569 1802 1647 1827 una
1674 1797 1781 1839 parte
1802 1790 1982 1827 existente
2002 1790 2147 1828 infinita
2172 1791 2384 1829 secundum
2405 1805 2485 1829 ma-

1416 1842 1664 1890 gnitudinem,
1686 1850 1723 1880 et
1750 1843 1830 1880 aliis
1850 1844 2095 1881 existentibus
2122 1844 2248 1881 finitis.
2267 1866 2291 1873 -
2307 1845 2383 1882 Sed
2411 1846 2487 1882 hoc

1417 1896 1665 1945 reprobatum
1702 1904 1758 1933 est
1794 1897 1832 1933 in
1865 1898 1915 1933 ΙΙΙ
1943 1897 2093 1946 Physic.
2131 1898 2176 1934 *ε
2212 1897 2242 1934 si
2271 1898 2373 1935 enim
2410 1911 2488 1936 una

1415 1961 1504 1998 pars
1532 1957 1631 1986 esset
1650 1949 1807 1996 infinita,
1838 1957 2082 1987 consumeret
2100 1950 2191 1987 alias
2210 1959 2336 2000 partes
2362 1951 2487 1989 finitas

1416 2009 1573 2051 propter
1607 2014 1804 2039 excessum
1846 2002 2004 2040 virtutis.
2041 2005 2171 2040 Potest
2207 2011 2337 2041 tamen
2366 2005 2386 2026 ⁵²
2415 2005 2488 2042 dici

1417 2055 1533 2104 quod,
1554 2055 1669 2093 etiarn
1687 2056 1764 2093 hoc
1796 2056 1934 2104 posito,
1964 2064 2144 2106 sequetur
2175 2056 2279 2094 idem
2307 2057 2488 2095 inconve-

1416 2108 1546 2156 niens,
1576 2109 1717 2146 scilicet
1744 2109 1850 2158 quod
1877 2109 1924 2146 sit
1951 2109 2115 2157 gravitas
2142 2111 2205 2148 vel
2242 2110 2374 2148 levitas
2403 2111 2488 2148 infi-

1416 2162 1518 2208 nita;
1549 2169 1586 2199 et
1612 2162 1700 2199 ideo
1730 2162 1778 2200 de
1807 2163 1882 2199 hoc
1909 2162 2130 2200 Aristoteles
2158 2175 2238 2200 non
2267 2164 2423 2201 curavit.

1471 2227 1507 2263 9.
1538 2215 1757 2252 Secundam
1792 2215 1978 2252 rationem
2016 2216 2125 2265 ponit
2152 2216 2225 2253 ibi:
2253 2217 2389 2254 Adhuc
2425 2229 2487 2254 ne-

1416 2268 1621 2305 cessarium
1651 2276 1720 2305 etc.
1751 2268 1792 2305 Si
1820 2269 1923 2305 enim
1951 2276 2078 2317 partes
2105 2269 2219 2307 totius
2247 2269 2382 2307 infiniti
2415 2270 2488 2308 sint

1416 2320 1584 2358 infinitae
1613 2321 1826 2358 secundum
1855 2321 2174 2370 magnitudinem,
2195 2330 2346 2371 oportet
2373 2323 2486 2360 etiam

1416 2375 1522 2423 quod
1550 2375 1634 2411 loca
1663 2386 1796 2411 earum
1826 2382 1952 2411 essent
1979 2375 2126 2412 infinita
2159 2376 2372 2412 secundum
2406 2388 2486 2413 ma-

1416 2427 1672 2475 gnitudinem3
1692 2427 1781 2476 quia
1795 2428 1879 2464 loca
1894 2435 2045 2476 oportet
2059 2440 2140 2479 esse
2156 2429 2328 2477 aequalia
2342 2429 2484 2466 locatis.

1418 2480 1496 2517 Sed
1524 2487 1652 2517 motus
1680 2488 1921 2517 mensuratur
1948 2482 2159 2519 secundum
2185 2482 2486 2530 magnitudinem

1417 2533 1490 2570 loci
1518 2533 1557 2570 in
1585 2545 1702 2582 quern
1721 2533 1940 2582 pertransit,
1969 2542 2012 2571 ut
2037 2535 2222 2583 probatur
2244 2535 2284 2572 in
2310 2536 2362 2572 VI
2386 2537 2486 2584 Phy-

1415 2587 1514 2623 sic.*
1530 2586 1633 2634 Ergo
1662 2586 1831 2635 sequitur
1859 2587 1965 2636 quod
1993 2595 2122 2624 motus
2145 2588 2321 2625 omnium
2349 2589 2486 2625 harum

1416 2639 1582 2689 partium
1603 2639 1676 2677 sint
1703 2639 1851 2677 infiniti.
1883 2640 1961 2677 Sed
1988 2641 2064 2677 hoc
2093 2648 2148 2678 est
2181 2641 2434 2690 impossibile,
2456 2642 2486 2678 si

1419 2693 1493 2730 sint
1518 2705 1612 2730 vera
1641 2705 1686 2730 ea
1713 2705 1813 2741 quae
1841 2705 1956 2742 supra
1983 2694 2004 2716 '¹‘
2030 2694 2318 2743 supposuimus,
2349 2694 2488 2732 seilicet

1419 2745 1524 2795 quod
1553 2758 1632 2783 non
1651 2746 1832 2795 contingit
1849 2747 1870 2768 ’⁸
1888 2746 2030 2795 aliquid
2059 2747 2208 2784 moveri
2238 2748 2418 2785 deorsum
2448 2749 2487 2785 in

1418 2870 1537 2895 elementi
1552 2875 1593 2895 est
1607 2879 1621 2894 ε
1631 2870 1702 2903 quod
1717 2870 1751 2895 sit
1764 2870 1912 2900 inexistens,
1927 2870 1982 2895 sive
2001 2870 2176 2900 intrinsecum.
2190 2878 2238 2903 per
2250 2871 2322 2903 quod
2337 2870 2419 2895 differt
2432 2871 2485 2895 ele-

1417 2910 1535 2930 mentum
1554 2906 1586 2930 ab
1599 2905 1671 2930 omni
1690 2913 1722 2930 eo
1741 2913 1771 2931 ex
1790 2914 1843 2938 quo
1861 2905 1890 2930 fit
1908 2906 2004 2938 aliquid
2023 2906 2088 2930 sicut
2107 2913 2137 2930 ex
2155 2911 2335 2931 transeunte...
2350 2906 2486 2931 Elementa

1417 2941 1487 2966 enim
1505 2946 1607 2974 oportet
1625 2949 1731 2966 manere
1755 2942 1781 2966 in
1806 2941 1846 2966 his
1865 2949 1979 2974 quorum
2003 2946 2063 2965 sunt
2087 2941 2216 2966 elementa
2232 2950 2245 2964 2
2267 2939 2437 2974 (Metaphys.
2453 2941 2484 2970 V.

1417 2977 1476 3001 lect.
1486 2984 1520 3007 w,
1530 2976 1676 3009 principio).
1686 2977 1738 3001 Sed
1750 2977 1892 3001 notandum
1905 2977 1975 3008 quod
1990 2982 2020 3000 ea
2031 2985 2045 2999 α
2057 2983 2123 3008 quae
2138 2975 2287 3006 miscentur,
2298 2975 2420 3000 mixtione
2434 2976 2484 3000 iam

1417 3012 1490 3042 facta,
1505 3020 1558 3036 non
1577 3017 1683 3036 manent
1697 3017 1762 3041 actu,
1781 3012 1828 3036 sed
1847 3012 1940 3036 virtute
1959 3016 2074 3036 tantum:
2094 3019 2153 3035 nam
2173 3011 2193 3035 si
2209 3016 2266 3035 actu
2280 3016 2414 3035 manerent
2432 3019 2484 3035 non

1417 3051 1488 3072 esset
1506 3047 1607 3076 mixtio,
1627 3047 1674 3071 sed
1695 3047 1813 3071 confusio
1832 3052 1939 3071 tantum.
1965 3046 2039 3071 Unde
2058 3054 2152 3078 corpus
2172 3046 2279 3070 mixtum
2299 3053 2330 3070 ex
2349 3046 2484 3071 elementis

1416 3083 1518 3107 nullum
1529 3090 1620 3107 eorum
1631 3087 1671 3107 est
1682 3092 1695 3105 »
1707 3083 1812 3115 (Contr.
1826 3082 1943 3112 Gent.11,
1953 3089 2009 3114 cap.
2019 3089 2067 3110 nvi,
2079 3081 2144 3105 circa
2154 3080 2327 3115 principium).
2338 3081 2485 3106 Substantia

1417 3125 1480 3150 ergo
1499 3118 1615 3150 corporis
1634 3118 1706 3142 mixti
1725 3118 1888 3150 componitur
1906 3124 1936 3141 ex
1950 3117 2102 3149 corporibus
2116 3115 2285 3148 simplicibus,
2299 3124 2353 3141 non
2365 3116 2399 3141 ita
2413 3117 2485 3149 quod

1417 3154 1546 3178 elementa
1565 3153 1708 3178 secundum
1723 3160 1813 3177 eorum
1833 3151 1978 3184 specificam
1998 3156 2115 3176 naturam
2135 3156 2192 3176 actu
2211 3156 2334 3176 maneant
2351 3151 2377 3176 in
2395 3151 2483 3182 mixto,

1417 3189 1464 3213 sed
1479 3189 1539 3220 quia
1553 3193 1658 3213 manent
1671 3188 1774 3217 virtute,
1784 3192 1911 3219 quatenus
1925 3186 2033 3211 mixtum
2048 3187 2121 3211 dotes
2137 3186 2327 3211 elementorum
2340 3194 2390 3211 suo
2405 3188 2484 3212 modo

1417 3223 1523 3256 retinet,
1543 3223 1603 3256 quia
1622 3231 1730 3255 nempe,
1751 3232 1764 3244 ‹
1776 3222 1892 3247 remissis
1917 3221 2075 3246 excellentiis
2100 3222 2297 3246 elementarium
2323 3222 2483 3255 qualitatum,

1417 3259 1581 3283 constituitur
1595 3266 1625 3283 ex
1639 3259 1676 3283 eis
1691 3258 1818 3290 quaedam
1831 3257 1941 3289 qualitas
1956 3257 2048 3286 media,
2058 3265 2126 3289 quae
2138 3262 2178 3282 est
2190 3257 2293 3289 propria
2303 3258 2413 3290 qualitas
2428 3265 2484 3283 cor-

1418 3294 1488 3326 poris
1506 3294 1610 3318 mixti...
1623 3294 1694 3318 Sicut
1706 3293 1783 3325 igitur
1802 3297 1916 3316 extrema
1933 3292 2098 3317 inveniuntur
2115 3292 2142 3316 in
2160 3292 2255 3324 medio,
2268 3293 2339 3325 quod
2351 3292 2486 3326 participat

1416 3334 1533 3354 naturam
1552 3330 1701 3361 utriusque,
1722 3328 1758 3352 sic
1781 3327 1916 3360 qualitates
1936 3327 2093 3360 simplicium
2113 3335 2252 3360 corporum
2275 3327 2441 3353 inveniuntur
2458 3328 2484 3353 in

1417 3364 1540 3396 qualitate
1554 3364 1670 3396 corporis
1685 3362 1754 3387 mixti
1767 3372 1780 3385 ι
1797 3363 1856 3394 (De
1873 3363 1939 3388 Gen.
1954 3365 1980 3387 et
1994 3364 2056 3388 Cor.
2069 3363 2087 3393 1,
2100 3363 2158 3388 lect.
2172 3371 2239 3393 ων,
2253 3370 2334 3396 prope
2346 3362 2452 3396 finem).
2464 3378 2484 3383 -

1417 3399 1518 3429 Quibus
1537 3398 1627 3431 positis
1647 3402 1752 3430 apparet
1771 3398 1905 3430 quomodo
1924 3398 2089 3431 intelligenda
2107 3398 2157 3423 sint
2174 3398 2255 3423 verba
2273 3406 2340 3431 quae
2357 3398 2485 3424 habentur

1417 3435 1442 3459 in
1461 3439 1547 3459 notata
1566 3433 1797 3465 peri0d0.·Dicitur
1814 3433 1883 3458 enim
1898 3434 1969 3466 quod
1988 3437 2083 3466 partes
2105 3433 2256 3459 essentiales
2275 3434 2391 3467 corporls
2413 3434 2484 3458 mixti

1417 3473 1479 3495 sunt
1498 3469 1619 3494 diversae
1636 3469 1780 3494 secundum
1798 3469 1923 3501 speciem,
1943 3477 1995 3494 non
2015 3469 2089 3502 quasi
2108 3469 2234 3494 elementa
2251 3475 2370 3494 maneant
2388 3469 2484 3494 forma-

1418 3506 1475 3530 liter
1489 3512 1536 3529 seu
1550 3503 1668 3537 specifice
1681 3504 1781 3528 diversa
1795 3505 1821 3528 in
1835 3504 1923 3535 mixto,
1934 3505 1980 3529 sed
1994 3506 2054 3537 quia
2073 3506 2096 3529 1⁰
2109 3505 2140 3529 ad
2151 3505 2360 3537 componendum
2375 3505 2482 3530 mixtum

1417 3540 1584 3573 requiruntur
1603 3540 1730 3564 elementa
1748 3539 1890 3565 formaliter
1908 3547 1954 3565 seu
1973 3539 2093 3573 specifice
2112 3540 2213 3564 diversa
2219 3548 2226 3571 ;
2248 3541 2274 3564 2⁰
2288 3540 2347 3572 quia
2363 3541 2418 3572 ipsa
2430 3541 2482 3564 ele-

1418 3580 1505 3600 menta
1523 3580 1628 3600 manent
1646 3575 1672 3600 in
1686 3575 1774 3607 mixto,
1789 3583 1842 3600 non
1861 3575 1967 3608 quidem
1979 3581 2045 3607 actu,
2060 3575 2106 3601 sed
2124 3575 2226 3606 virtute,
2240 3580 2269 3600 ut
2283 3576 2379 3600 dictum
2398 3580 2446 3600 est.

2531 366 2624 387 omnino
2638 372 2698 387 Asci.

2507 524 2515 533 ·
2527 523 2628 544 eiusdem
2639 530 2659 550 Ρ,
2668 529 2717 545 om.

2507 555 2529 570 o.

2608 623 2621 648 θ

2510 1216 2520 1226 '
2535 1217 2578 1237 aut
2586 1221 2672 1243 aquam
2681 1217 2726 1237 aut

2510 1242 2580 1264 codd.

2509 1322 2519 1332 *
2534 1321 2597 1343 Lect.
2612 1321 2718 1349 praeced.

2510 1354 2723 1402 viimam...

2510 1428 2520 1437 ·
2527 1427 2606 1455 possit
2619 1432 2635 1454 Ι,
2643 1428 2725 1454 posset

2511 1457 2554 1475 cet.
2571 1459 2621 1475 exc.
2634 1460 2656 1475 Α.

2513 1906 2525 1917 ¹⁸
2540 1905 2572 1927 ca
2591 1907 2626 1927 .'v
2636 1922 2641 1931 ‚
2656 1913 2679 1928 n.
2694 1907 2707 1928 8
2720 1914 2725 1933 ;

2514 1932 2570 1980 {g
2589 1948 2594 1954 .
2611 1932 2722 1960 lect.v111‚

2515 2012 2525 2021 ·
2540 2011 2610 2033 etiam
2623 2018 2716 2034 senem.

2513 2593 2525 2605 ι
2719 2602 2724 2607 ,

2514 2593 2600 2641 Sca..
2604 2600 2672 2642 vligctrl
2676 2610 2681 2616 ⁸
2687 2601 2711 2642 ιΞ
2719 2612 2724 2648 J

2514 2652 2537 2668 n.
2553 2652 2586 2668 10.

2515 2683 2524 2692 ·
2539 2682 2603 2703 Lect.
2617 2683 2723 2709 praeced.

2514 2714 2537 2730 n.
2551 2714 2572 2729 2.

2514 2736 2523 2744 ·
2539 2735 2641 2756 ostendit
2652 2741 2727 2757 neum

2510 2767 2545 2788 pi,
2561 2762 2666 2783 convenit
2681 2768 2703 2783 P.
