2782 4134
1040 239 1151 276 CAP.
1182 240 1231 287 ΙΙ,
1262 240 1413 277 LECT.
1444 241 1476 276 II
2278 241 2353 289 389

880 480 1196 560 *LECTIO
1236 482 1616 539 SECUNDA

563 637 844 669 OSTENDITUR
867 639 988 669 MARE
1013 640 1112 670 ESSE
1137 640 1291 672 LOCUM
1314 642 1586 674 NATURALEM
1609 644 1771 675 TOTIUS
1794 645 1943 682 AQUAE

161 779 235 824 Περὶ
260 772 299 810 δὲ
323 777 387 816 τῆς
418 775 579 823 γενέσεως
612 776 744 818 αὐτῆς,
771 777 799 808 εἰ
828 777 968 824 γέγονε,
994 780 1053 811 καὶ
1078 780 1141 812 τοῦ
1173 792 1230 824 χυ-

157 913 200 944 Ἤ

157 1935 205 1970 '16

228 823 307 867 μοῦ,
325 823 376 859 τίς
402 821 422 858 ἡ
449 821 547 854 αἰτία
572 822 634 859 τῆς
663 821 900 866 οἱλμυρότητος
924 825 982 855 καὶ
1008 823 1229 866 πικρότητος,

227 867 381 899 λεκτέον.

224 911 283 956 μὲν
317 909 374 943 οὖν
409 910 507 942 αἰτία
532 910 552 946 ἡ
579 908 758 946 ποιήσασα
790 911 869 949 τοὺς
905 911 1069 956 πρότερον
1103 911 1231 944 οἴεσθαι

227 955 292 993 τήν
317 953 502 987 θάλατταν
530 954 638 998 ἀρχήν
671 951 757 986 εἶναι
788 957 848 987 καὶ
880 957 977 999 σῶμα
1010 957 1073 989 τοῦ
1099 957 1229 995 παντὸς

229 997 356 1038 ὕδατος
382 996 437 1036 ἥδ’
458 999 569 1031 ἐστίν·
595 994 704 1039 δόξειε
729 999 794 1045 γοὶρ
822 999 860 1032 ἂν
886 1000 1026 1047 εὔλογον
1052 998 1152 1043 εἶναι,
1169 1013 1230 1034 κα-

227 1044 334 1090 θοίπερ
367 1046 426 1076 καὶ
452 1044 518 1076 τῶν
546 1042 657 1075 ἄλλων
686 1046 864 1088 στοιχείων
890 1046 982 1077 ἐστὶν
1016 1044 1056 1082 ἠθ
1080 1045 1231 1090 οισμένος

229 1089 327 1136 ὄγκος
351 1090 410 1120 καὶ
438 1087 526 1133 ἀρχή
551 1083 611 1120 διαὶ
636 1087 677 1120 τὸ
703 1089 847 1131 πλῆθος,
868 1088 939 1121 ὅθεν
961 1058 1174 1133 μεταβάλλει
1192 1102 1230 1123 τε

227 1132 444 1178 μεριζόμενον
477 1133 536 1179 καὶ
568 1135 731 1178 μίγνυται
763 1138 834 1172 τοῖς
869 1133 1003 1174 ἄλλοις,
1035 1135 1102 1166 οἷον
1130 1135 1229 1179 πυρὸς

224 1178 288 1227 μὲν
315 1179 349 1212 ἐν
373 1181 447 1215 τοῖς
474 1176 541 1209 ἅνω
567 1176 705 1219 τόποις,
734 1176 830 1219 ἀέρος
855 1174 893 1210 δὲ
919 1177 1048 1217 πλῆθος
1073 1178 1114 1212 τὸ
1139 1179 1232 1223 μετοὶ

226 1219 289 1256 τόν
315 1222 377 1256 τοῦ
412 1221 514 1266 πυρὸς
539 1220 670 1263 τόπον,
697 1223 760 1268 γῆς
783 1219 822 1256 δὲ
846 1224 944 1267 σῶμα
970 1226 1043 1268 περὶ
1070 1223 1086 1255 ὂ
1112 1224 1230 1256 ταῦτα

228 1266 349 1300 πάντα
380 1270 494 1299 κεῖται
518 1266 683 1311 φανερῶς·
709 1266 796 1300 ὥστε
825 1262 930 1304 δῆλον
963 1267 1017 1300 ὅτι
1048 1266 1146 1299 κατοὶ
1170 1267 1229 1300 τὸν

228 1311 336 1344 αὐτὸν
360 1310 463 1357 λόγον
493 1311 553 1342 καὶ
579 1311 654 1355 περὶ
679 1306 806 1350 ὕδατος
834 1311 965 1358 ἀνάγκη
991 1313 1117 1355 ζητεῖν.
1157 1313 1231 1344 Τοι-

229 1357 331 1389 οῦτον
352 1350 381 1387 δ’
404 1353 500 1387 οὐθὲν
523 1354 607 1387 ἄλλο
624 1358 783 1399 φαίνεται
803 1357 901 1401 σῶμα
924 1359 1076 1400 κείμενον
1097 1355 1229 1401 ἀθρόον,

227 1399 339 1446 ὥσπερ
363 1401 423 1432 καὶ
449 1400 515 1431 τῶν
544 1399 653 1432 ἄλλων
679 1403 875 1446 στοιχείων,
902 1400 991 1437 πλήν
1017 1401 1058 1434 τό
1084 1401 1147 1439 τῆς
1173 1401 1232 1433 θα-

224 1443 360 1483 λάττης
386 1442 546 1499 μέγεθος·
572 1443 614 1476 τὸ
638 1443 703 1500 γαὶρ
729 1448 795 1477 τῶν
814 1446 980 1490 ποταμῶν
999 1445 1070 1478 οὔτ’
1094 1444 1229 1491 ἀθρόον,

228 1489 309 1523 οὔτε
326 1500 507 1532 στασιμον,
529 1487 605 1520 ἀλλ’
626 1500 668 1526 ως
689 1489 865 1535 γινόμενον
893 1490 943 1523 ἀεὶ
964 1491 1126 1534 φαίνεται
1149 1489 1226 1522 καθ’

226 1533 372 1587 ἡμέραν.
402 1533 462 1564 Ἐκ
487 1531 621 1570 ταύτης
646 1528 689 1570 δὴ
715 1534 778 1572 τῆς
805 1532 949 1578 ἀπορίας
972 1536 1030 1566 καὶ
1056 1534 1144 1580 ἀρχὴ
1162 1536 1229 1567 τῶν

227 1580 334 1626 ὑγρων
361 1572 474 1618 ἔδοξεν
504 1573 590 1609 εἶναι
621 1578 679 1610 καὶ
710 1580 773 1610 τοῦ
807 1579 938 1617 παντὸς
972 1574 1099 1617 ὕδατος
1125 1580 1145 1617 ’ἡ
1171 1578 1231 1612 θοί-

224 1625 364 1656 λαττα·
389 1617 443 1654 διὸ
466 1623 525 1653 καὶ
544 1620 624 1659 τοὺς
641 1623 820 1667 ποταμούς
840 1624 877 1656 οὑ
895 1624 997 1668 μόνον
1015 1624 1060 1661 εἱς
1078 1622 1228 1666 ταύτην,

228 1667 319 1702 ἑλλοὶ
351 1667 410 1698 καὶ
439 1663 476 1698 ἐκ
500 1665 635 1704 ταύτης
665 1669 745 1711 φασί
779 1680 864 1706 τινες
897 1670 981 1714 ῥεῖν·
1008 1663 1228 1713 διηθούμενον

225 1711 291 1760 γὰρ
315 1709 467 1758 γίνεσθαι
493 1710 534 1742 το“
562 1711 708 1756 ἁλμυρόν
734 1711 894 1758 πότιμον.

632 1755 638 1766 ἱ

152 1757 363 1791 Ἀντίκειται
387 1750 416 1786 δ’
447 1755 549 1807 ἑτέρα
574 1767 655 1800 προς
690 1756 825 1795 ταύτην
858 1757 922 1794 τὴν
947 1752 1052 1797 δόξαν
1086 1756 1227 1811 ἀπορίαι,

226 1802 262 1835 τί
285 1795 330 1838 δή
357 1797 435 1832 ποτ’
466 1811 525 1832 ουκ
551 1798 624 1832 ἔστι
657 1800 698 1833 τὸ
731 1802 889 1840 συνεστός
923 1797 990 1834 ὕδω
1035 1802 1142 1835 τοῦτο
1169 1813 1230 1834 πο·

226 1856 356 1922 τζμονῃ
372 1846 464 1889 εἴπερ
492 1843 579 1890 ἀρχῆ
605 1845 668 1876 τοῦ
694 1846 826 1885 παντός
853 1847 944 1880 ἑστιν
971 1814 1120 1888 ὕδατος,
1150 1846 1224 1879 ἀλλ’

227 1902 250 1923 α
298 1902 316 1922 υ
339 1900 390 1922 ον.

228 1901 394 1967 &valiat-nov
422 1931 494 1977 ἅμα
519 1931 651 1970 ταύτης
677 1945 715 1966 τε
741 1935 804 1972 τῆς
831 1935 974 1980 ἀπορίας
998 1934 1093 1972 λύσις
1115 1933 1227 1976 ἔσται,

224 1981 284 2012 καὶ
317 1979 390 2023 περὶ
425 1975 604 2015 θαλάττης
641 1977 705 2014 τήν
741 1978 876 2024 πρώτήν
909 1980 1028 2020 λαβεῖν
1062 1978 1227 2022 ὑπόληψιν

227 2023 416 2070 ἀναγκαῖον
449 2020 570 2066 ὀρθῶς·
601 2022 665 2054 τοῦ
697 2022 762 2069 γοίρ
795 2019 924 2062 ὕδατος
957 2025 1032 2067 περὶ
1068 2023 1132 2061 τήν
1163 2024 1228 2069 γῆν

175 2106 179 2110 ᾗ
226 2066 518 2112 περιτεταμένου,
553 2063 708 2111 καθάπερ
742 2069 816 2113 περὶ
847 2069 955 2102 τοῦτο
985 2070 1006 2106 ἡ
1037 2069 1099 2101 τοῦ
1133 2068 1228 2112 ἀέρος

225 2116 352 2158 σφαῖρα
383 2112 442 2143 καὶ
468 2112 542 2156 περὶ
567 2110 702 2148 ταύτην
729 2113 749 2149 ἡ
773 2114 810 2144 λε
840 2112 940 2158 ομένη
967 2113 1068 2157 πυρὸς
1098 2112 1228 2157 (ζτοῦτο

225 2156 292 2204 γοίρ
318 2157 392 2190 ἐστι
419 2154 558 2188 πάντων
586 2155 758 2202 ἔσχατον,
786 2125 843 2189 εἴθ’
872 2159 914 2196 ὠς
941 2159 969 2189 οἱ
996 2159 1153 2190 πλεῖστοι
1176 2156 1232 2189 λε’-

225 2212 355 2248 γουσιν,
382 2199 439 2232 εἴθ’
461 2201 503 2237 ὠς
529 2201 659 2244 ἡμεῖς),
686 2201 866 2246 φερομένου
890 2197 928 2234 δέ
954 2203 1016 2234 τοῦ
1037 2202 1133 2238 ἡλίου
1152 2202 1231 2233 τοῦ·

225 2257 286 2280 τον
312 2245 372 2279 τὸν
398 2243 539 2289 τρόπον,
564 2246 624 2277 καὶ
649 2245 708 2279 δια
731 2247 851 2280 ταῦτα
868 2248 931 2284 τῆς
949 2246 1147 2289 μεταβολῆς
1171 2247 1230 2277 καὶ

224 2289 387 2338 γενέσεώς
411 2301 450 2322 τε
474 2291 533 2321 καὶ
558 2288 680 2334 φθορᾶς
708 2289 827 2333 οὔσης,
854 2290 896 2323 τὸ
921 2291 980 2335 μέν
1004 2289 1228 2324 λεπτότατόν

226 2347 265 2368 τε
288 2336 348 2367 καὶ
371 2333 592 2380 γλυκύτατον
619 2335 791 2382 ἀνοίγεται
820 2334 895 2368 καθ’
926 2334 1075 2372 ἑκοίστην
1101 2334 1229 2390 ἡμέραν

225 2381 284 2412 καὶ
309 2378 447 2424 φέρεται
472 2373 725 2424 διακρινόμενον
749 2382 808 2412 καὶ
835 2380 978 2424 ἀτμίζον
1005 2381 1050 2418 εὶς
1075 2380 1134 2412 τὸν
1163 2391 1229 2411 ανω

227 2423 361 2464 τόπον,
390 2423 459 2455 ἐκεῖ
481 2418 519 2455 δὲ
545 2423 648 2456 ποίλιν
679 2424 808 2457 συστοίν
834 2420 893 2457 διαὶ
916 2424 981 2461 τὴν
1006 2423 1100 2468 ψύξιν
1131 2422 1232 2456 κοίτω“

226 2467 367 2514 φέρεται
393 2467 496 2501 πάλιν
522 2467 602 2512 πρὸς
628 2469 692 2506 τήν
718 2469 795 2515 γῆν.
823 2470 889 2502 Καὶ
915 2469 1011 2502 τοῦτ’
1037 2467 1088 2502 ἀεὶ
1113 2468 1232 2509 βούλε-

226 2525 288 2548 ται
313 2516 420 2545 ποιεῖν
430 2509 458 2551 ’ἡ
480 2511 574 2557 φύσις
596 2513 700 2556 οὕτω,
718 2512 874 2558 καθάπερ
892 2516 1026 2567 ε’ίρηται
1043 2513 1227 2558 πρότερον·

158 2551 214 2590 3ιό
244 2560 303 2590 καὶ
335 2559 462 2603 γελοῖοι
493 2556 621 2596 πάντες
654 2557 726 2591 ὅσοι
758 2559 824 2591 τῶν
858 2570 1020 2603 προτερον
1056 2557 1230 2598 ὑπέλαβον

227 2602 288 2636 τόν
313 2600 408 2639 ἥλιον
434 2601 615 2646 τρέφεσθαι
640 2604 689 2645 τῷ
716 2603 816 2649 ὑγρῷ.
855 2604 922 2634 Καὶ
946 2598 1006 2635 διαὶ
1029 2603 1125 2636 τοῦτ’
1151 2602 1231 2635 ἔνιοί

226 2647 267 2694 γέ
291 2658 372 2692 φασι
403 2649 461 2679 καὶ
493 2646 663 2679 ποιεῖσθαι
695 2647 759 2685 τοὶς
791 2648 922 2692 τροποὶς
949 2646 1075 2680 αὐτόν·
1103 2647 1140 2679 οὑ
1165 2646 1230 2692 γάρ

231 2689 284 2724 αἰεὶ
315 2691 395 2729 τοὺς
432 2689 560 2730 αὑτοὺς
594 2688 763 2724 δύνασθαι
798 2691 925 2730 τόπους
958 2692 1230 2737 παρασκευάζειν

228 2736 324 2777 αὐτῷ
350 2735 415 2773 τήν
445 2735 592 2780 τροφήν·
621 2737 809 2782 ἀναγκαῖον
834 2731 863 2767 δ’
893 2734 978 2768 εἶναι
1012 2738 1120 2769 τοῦτο
1152 2749 1232 2780 συμ-

229 2780 356 2821 βαίνειν
383 2782 456 2825 περῐ
490 2780 620 2820 αὑτόν,
648 2780 669 2817 ἦ
694 2779 902 2825 φθείρεσθαι·
928 2782 988 2812 καὶ
1011 2780 1077 2827 γοὶρ
1102 2781 1144 2813 τὸ
1170 2793 1232 2825 φα-

228 2825 321 2880 νερόν
347 2826 430 2869 πῦρ,
458 2823 517 2862 ἕως
544 2824 583 2858 ἄν
609 2825 671 2870 ἔχῃ
698 2825 845 2870 τροφήν,
872 2824 969 2870 μέχρι
995 2825 1123 2857 τούτου
1155 2826 1231 2868 ζῆν,

229 2881 272 2902 το
296 2865 325 2901 δ’
355 2870 454 2923 ὑγρὺΙν
481 2870 530 2910 τῷ
557 2871 633 2924 πυρὶ
660 2869 786 2914 τροφήν
812 2866 904 2924 εἶναι,
923 2868 1043 2913 μόνον,

745 2914 752 2924 Ι

141 2906 272 2959 ’ὥσπερ
299 2914 541 2959 ἀφικνουμένον
566 2926 664 2959 μεχρι
690 2926 771 2959 προς
798 2914 856 2946 τόν
883 2914 977 2950 ἡλιον
1004 2914 1046 2947 τό
1065 2913 1235 2960 ἀναγόμε-

229 2970 284 2990 νον
310 2969 373 2991 του
399 2960 520 3005 ὑγρου,

161 3001 186 3038 ἦ
217 3001 282 3039 τὴν
319 2998 440 3036 ἄνοδον
477 3003 644 3041 τοιαύτην
680 3001 783 3035 οὖσαν
818 3001 957 3046 οἵανπερ
991 3003 1038 3045 τῇ
1074 3001 1233 3048 γινομένῃ

229 3049 348 3094 φλογὶ,
374 3043 411 3080 δι’
441 3047 480 3085 ἧς
506 3048 547 3080 τό
572 3048 660 3085 εἰκός
679 3047 847 3088 λαβόντες
874 3045 963 3079 οὕτω
987 3049 1045 3078 καὶ
1072 3049 1145 3101 περὶ
1171 3049 1234 3080 τοῦ

229 3093 327 3129 ἡλίου
349 3092 536 3133 ὑπέλαβον.
563 3093 609 3124 Τὸ
626 3087 656 3124 δ’
679 3092 739 3124 οὑκ
757 3091 848 3124 ’ἐστιν
876 3090 1009 3135 ὅμοιον·
1037 3104 1057 3135 η
1083 3102 1143 3135 μεν
1169 3092 1233 3137 γοὶρ

229 3136 313 3181 φλόξ
335 3132 395 3169 διαὶ
417 3137 577 3181 συνεχοῦς
604 3138 706 3183 ὑγροῦ
730 3138 788 3168 καὶ
814 3135 914 3191 ξηροῦ
939 3135 1232 3180 μεταβαλλόντων

229 3182 378 3228 γίνεται,
403 3183 461 3213 καὶ
487 3181 526 3214 οὑ
552 3180 714 3225 τρέφεται
742 3179 801 3222 (οὐ
822 3192 886 3226 γαρ
905 3180 925 3216 ή
945 3179 1036 3216 αὑτὴ
1059 3178 1144 3212 οὖσα
1162 3175 1234 3211 δια-

230 3225 322 3270 μένει
348 3224 471 3257 οὑθένα
496 3225 629 3271 χρόνον,
656 3226 698 3262 ὠς
723 3225 864 3267 εἰπεῖν),
891 3226 965 3266 περὶ
991 3219 1028 3255 δὲ
1053 3224 1113 3256 τὸν
1140 3223 1234 3260 ἥλιον

232 3265 405 3303 ἀδύνατον
430 3270 538 3303 τοῦτο
563 3269 772 3313 συμβαίνειν,
794 3266 866 3300 ἐπεὶ
884 3267 1088 3312 τρεφομένου
1109 3280 1148 3314 γε
1173 3268 1233 3300 τὸν

231 3313 338 3347 αὑτὸν
363 3313 506 3358 τρόπον,
531 3313 640 3357 ὥσπερ
667 3314 786 3345 ἑκεῖνοί
811 3323 904 3355 φασι,
931 3308 1035 3348 δῆλον
1063 3311 1116 3344 ὅτι
1140 3313 1199 3344 καὶ
1218 3313 1233 3344 ὁ

231 3357 325 3395 ἥλιος
345 3356 383 3389 οὑ
400 3357 501 3402 μόνον
522 3357 677 3401 καθάπερ
704 3358 720 3388 ὁ
742 3355 962 3401 Ἡράκλειτός
980 3367 1072 3399 φησι,
1091 3355 1163 3394 νέος
1181 3354 1228 3400 ἐφ’

231 3403 252 3439 ἡ
283 3402 340 3447 έρῃ
367 3400 478 3441 ἐστὶν,
506 3402 578 3435 ἀλλ’
610 3402 662 3434 ἀεὶ
686 3400 758 3438 νέος
783 3401 941 3444 συνεχῶς.

155 3445 235 3479 Ἔτι
272 3447 279 3459 ’
302 3447 322 3483 ’ἦ
342 3447 408 3478 ὑπό
433 3447 496 3479 τοῦ
522 3447 618 3482 ἡλίου
645 3444 822 3499 οἰναγωγήγ
836 3445 900 3477 τοῦ
916 3444 1020 3498 ὑγροῦ
1043 3444 1143 3487 ὁμοία
1161 3447 1232 3481 τοῖς

232 3490 504 3536 θερμαινομένοις
517 3485 634 3522 ὕδασίν
651 3490 742 3522 ἐστιν
757 3491 823 3521 ὑπο
839 3500 952 3533 πυρος.
969 3489 1006 3519 Ει
1021 3486 1076 3519 οὖν
1092 3482 1178 3529 μηδὲ
1191 3487 1232 3519 τό

233 3535 468 3579 ὑποκαόμενον
489 3534 652 3578 τρέφεται
677 3534 755 3578 πῦρ,
778 3528 856 3565 οὐδὲ
874 3532 933 3566 τόν
959 3531 1053 3568 ἥλιον
1079 3531 1165 3569 εἱκός
1191 3527 1231 3566 ἦν

233 3580 432 3621 ὑπολαβεῖν,
449 3574 521 3612 οὐδ’
535 3580 563 3611 εἰ
580 3579 648 3612 πᾶν
665 3577 847 3623 θερμαίνων
865 3576 1059 3618 ἑξατμίσειε
1073 3576 1115 3608 τὸ
1130 3571 1228 3619 ὕδωρ.

1284 781 1302 799 ‘³‘
1319 783 1367 813 De
1389 783 1590 823 generatione
1614 792 1720 815 autem
1734 786 1844 826 ipsius,
1869 786 1895 817 si
1910 787 2030 818 factum
2053 793 2110 826 est,
2126 793 2157 818 et
2173 787 2212 817 de
2228 797 2351 828 sapore,

1351 837 1433 868 quae
1457 838 1551 858 causa
1575 829 1736 860 salsedinis
1760 837 1790 861 et
1813 831 2040 871 amaritudinis,
2066 831 2246 862 dicendum.
2267 831 2273 834 ’

1286 914 1392 946 Causa
1415 915 1546 957 quidem
1568 916 1663 956 igitur
1686 927 1767 957 quae
1784 918 1857 949 fecit
1878 918 1998 958 priores
2022 925 2133 960 putare
2156 929 2243 950 mare
2266 919 2351 959 prin-

1353 960 1473 1000 cipium
1496 970 1563 991 esse
1586 967 1617 991 et
1640 971 1755 1001 corpus
1778 962 1882 993 omnis
1907 973 2017 1004 aquae,
2041 963 2117 994 haec
2141 970 2195 995 est.
2219 963 2352 994 Videtur

1352 1004 1437 1035 enim
1461 1005 1572 1045 utique
1600 1005 1784 1036 rationabile
1808 1016 1892 1045 esse,
1916 1008 2192 1047 quemadmodum
2215 1007 2352 1038 aliorum

1353 1049 1585 1079 elementorum
1605 1055 1651 1080 est
1667 1057 1853 1089 congregata
1871 1052 1973 1081 moles
2000 1058 2030 1082 et
2052 1052 2256 1092 principium,
2275 1062 2351 1092 pro·-

1352 1100 1422 1133 pter
1449 1093 1706 1132 multitudinem,
1731 1094 1816 1124 unde
1838 1102 2036 1134 permutatur
2063 1096 2215 1136 partitum
2238 1103 2269 1127 et
2290 1096 2351 1126 rni-

1353 1143 1457 1168 scetur
1479 1137 1564 1176 aliis;
1592 1144 1669 1178 puta
1697 1137 1777 1177 ignis
1806 1138 1936 1179 quidem
1959 1139 1992 1170 in
2023 1140 2237 1180 superioribus
2259 1140 2350 1178 locis,

1353 1181 1430 1211 aeris
1454 1188 1562 1212 autem
1585 1181 1757 1212 multitudo
1782 1183 1870 1223 quod
1897 1190 1970 1223 post
2001 1183 2081 1223 ignis
2103 1184 2228 1223 locum,
2253 1189 2351 1215 terrae

1352 1233 1460 1256 autem
1483 1235 1599 1266 corpus
1623 1226 1703 1256 circa
1728 1227 1817 1266 quod
1839 1227 1916 1258 haec
1935 1228 2043 1258 omnia
2062 1228 2165 1268 posita
2188 1235 2262 1259 sunt
2284 1238 2350 1258 ma-

1352 1269 1477 1300 nifeste:
1503 1280 1599 1311 quare
1622 1270 1728 1310 palam
1751 1270 1825 1311 quia
1848 1272 2025 1302 secundum
2048 1273 2181 1303 eandem
2194 1272 2351 1303 rationem

1352 1320 1383 1345 et
1397 1315 1436 1345 de
1452 1324 1534 1355 aqua
1557 1324 1683 1345 necesse
1707 1324 1865 1355 quaerere.
1890 1316 1968 1346 Tale
1992 1323 2099 1347 autem
2114 1317 2239 1347 nullum
2263 1316 2351 1347 aliud

1353 1369 1468 1399 corpus
1491 1358 1614 1389 videtur
1637 1358 1779 1399 positum
1803 1366 1908 1390 totum
1932 1360 2038 1398 simul,
2059 1360 2138 1391 sicut
2161 1367 2192 1391 et
2215 1361 2351 1391 aliorum

1352 1403 1594 1441 elementorum,
1612 1409 1732 1443 praeter
1755 1403 1849 1433 maris
1867 1404 2133 1444 magnitudinem:
2159 1405 2245 1445 quod
2266 1404 2351 1434 enim

1352 1447 1538 1485 fluviorum,
1564 1457 1668 1488 neque
1691 1453 1797 1477 totum
1819 1447 1934 1487 simul,
1957 1458 2061 1489 neque
2089 1449 2213 1487 stabile,
2237 1449 2292 1479 sed
2315 1455 2352 1479 ut

1352 1491 1472 1523 facturn
1495 1501 1620 1531 semper
1642 1490 1765 1521 videtur
1788 1491 1941 1532 quotidie.
1966 1492 2013 1523 Ex
2027 1492 2085 1523 hac
2105 1492 2211 1533 itaque
2227 1492 2350 1523 dubita-

1351 1536 1450 1574 tione,
1466 1532 1659 1576 principium
1676 1535 1824 1566 omniurn
1846 1535 2055 1567 humidorum
2072 1543 2102 1568 et
2119 1537 2224 1567 omnis
2248 1547 2348 1577 aquae

1351 1587 1500 1621 putatum
1529 1586 1575 1610 est
1599 1589 1665 1610 esse
1693 1589 1789 1610 mare.
1823 1580 1955 1620 Propter
1983 1581 2072 1622 quod
2095 1587 2125 1611 et
2149 1580 2262 1611 fluvios
2285 1591 2350 1611 non

1352 1625 1459 1656 solum
1474 1625 1507 1655 in
1526 1624 1600 1662 hoc,
1617 1624 1670 1654 sed
1688 1630 1718 1654 et
1734 1634 1770 1654 ex
1787 1624 1849 1654 hoc
1873 1624 2003 1665 quidam
2027 1625 2115 1656 aiunt
2130 1624 2241 1655 fluere:
2267 1625 2349 1655 cola-

1351 1677 1422 1701 tum
1445 1669 1532 1700 enim
1553 1667 1620 1699 fieri
1645 1668 1735 1708 quod
1758 1668 1877 1698 salsum
1900 1669 2050 1709 potabile.

1285 1757 1471 1799 Opponitur
1493 1763 1601 1788 autem
1624 1756 1720 1787 altera
1743 1757 1782 1787 ad
1797 1756 1878 1787 hanc
1899 1757 2085 1797 opinionem
2101 1757 2270 1788 dubitatio:
2295 1767 2351 1788 cur

1350 1802 1481 1843 quidem
1495 1811 1562 1832 non
1577 1807 1623 1831 est
1638 1801 1812 1831 consistens
1827 1811 1910 1841 aqua
1925 1801 2001 1832 haec
2014 1801 2171 1842 potabilis,
2183 1802 2208 1832 si
2220 1801 2351 1842 quidem

1350 1846 1544 1888 principium
1568 1845 1672 1877 omnis
1696 1855 1808 1886 aquae,
1833 1845 1893 1877 sed
1910 1843 2008 1876 salsa?

1285 1935 1390 1967 Causa
1413 1942 1521 1966 autem
1544 1933 1641 1965 simul
1671 1939 1702 1964 et
1724 1933 1820 1964 huius
1851 1934 2055 1965 dubitationis
2083 1934 2199 1965 solutio
2224 1934 2296 1971 erit,
2321 1941 2351 1965 et

1351 1980 1390 2010 de
1414 1979 1493 2010 mafi
1516 1978 1655 2018 accipere
1671 1978 1835 2018 propriam
1855 1978 2118 2009 existimationem
2141 1979 2351 2009 necessarium

1351 2030 1444 2055 recte.
1468 2026 1563 2064 Aqua
1579 2022 1664 2053 enim
1681 2022 1762 2053 circa
1779 2029 1894 2053 terram
1909 2023 2062 2061 ordinata,
2082 2023 2162 2053 sicut
2177 2023 2257 2053 circa
2270 2022 2351 2052 hanc

1351 2069 1430 2099 aeris
1463 2068 1613 2108 sphaera,
1638 2073 1668 2097 et
1697 2066 1778 2097 circa
1806 2067 1887 2098 hanc
1914 2077 1996 2107 quae
2025 2067 2138 2097 dicitur
2169 2067 2249 2107 ignis
2273 2065 2351 2109 (hic

1351 2112 1437 2143 enim
1460 2119 1507 2143 est
1529 2111 1647 2142 horum
1670 2111 1832 2150 ultimum,
1850 2111 1914 2142 sive
1938 2118 1974 2142 ut
1995 2111 2124 2152 plurimi
2142 2111 2261 2150 dicunt,
2286 2111 2350 2141 sive

1350 2164 1387 2188 ut
1409 2155 1501 2199 nos);
1525 2156 1591 2187 lato
1615 2161 1723 2186 autem
1747 2156 1813 2186 sole
1837 2155 1898 2186 hoc
1913 2156 2024 2195 modo,
2049 2162 2080 2186 et
2098 2162 2263 2196 propterea
2282 2165 2350 2195 per-

1350 2201 1528 2231 mutatione
1543 2206 1574 2230 et
1589 2199 1790 2239 generatione
1809 2206 1839 2230 et
1855 2200 2058 2240 corruptione
2075 2199 2237 2238 existente;
2260 2199 2350 2240 quod

1351 2245 1482 2286 quidem
1506 2243 1748 2275 subtilissimum
1772 2250 1803 2274 et
1826 2244 2062 2282 dulcissimum,
2084 2254 2211 2274 sursum
2226 2243 2351 2274 ducitur

1350 2299 1406 2330 per
1430 2289 1572 2329 singulos
1596 2288 1673 2327 dies,
1694 2294 1724 2318 et
1739 2287 1838 2318 fertur
1859 2288 2071 2329 disgregatum
2094 2292 2124 2318 et
2146 2297 2302 2328 vaporans
2317 2287 2350 2318 in

1351 2333 1548 2374 superiorem
1570 2332 1698 2370 locum3
1721 2332 1765 2362 ibi
1789 2339 1896 2363 autem
1919 2342 2026 2363 rursus
2051 2339 2196 2363 constans
2220 2338 2350 2372 propter

1350 2378 1638 2418 infrigidationem,
1663 2377 1813 2407 deorsum
1841 2376 1938 2408 fertur
1960 2377 2076 2407 iterum
2099 2377 2139 2407 ad
2161 2383 2284 2407 terram.
2309 2376 2351 2407 Et

1351 2422 1414 2453 hoc
1437 2432 1562 2463 semper
1583 2421 1653 2452 vult
1667 2421 1768 2452 facere
1787 2428 1909 2460 natura,
1934 2421 2015 2452 sicut
2038 2421 2158 2452 dictum
2182 2427 2228 2451 est
2251 2420 2349 2461 prius.

1285 2562 1418 2602 Propter
1441 2561 1529 2602 quod
1553 2567 1584 2591 et
1613 2559 1774 2591 deridendi
1801 2566 1875 2590 sunt
1905 2570 2017 2590 omnes
2044 2559 2240 2600 quicumque
2267 2559 2350 2599 prio-

1353 2616 1424 2637 rum
1449 2605 1706 2636 existimaverunt
1736 2604 1839 2635 solem
1867 2604 1962 2635 cibari
1988 2603 2140 2643 humido,
2171 2610 2201 2634 et
2223 2610 2352 2644 propter

1352 2650 1415 2681 hoc
1445 2650 1534 2680 aiunt
1555 2649 1716 2680 versiones
1747 2648 1848 2679 facere
1875 2648 2000 2689 ipsum:
2028 2658 2095 2679 non
2119 2648 2205 2678 enim
2228 2658 2352 2688 semper

1353 2704 1446 2735 posse
1462 2695 1574 2725 eadem
1597 2694 1668 2724 loca
1687 2693 1830 2724 exhibere
1846 2693 1907 2734 ipsi
1923 2693 2126 2731 alimentum;
2142 2692 2352 2722 necessarium

1353 2746 1462 2770 autem
1485 2748 1552 2769 esse
1575 2738 1637 2768 hoc
1661 2738 1800 2768 accidere
1824 2738 1903 2768 circa
1926 2737 2052 2778 ipsum,
2076 2744 2130 2767 aut
2153 2737 2259 2777 ipsum
2283 2746 2350 2766 cor—

1353 2783 1475 2824 rumpi;
1499 2782 1617 2813 etenim
1644 2782 1849 2812 manifestum
1880 2781 2008 2822 ignem,
2041 2780 2182 2822 quandiu
2209 2780 2353 2811 habuerit

1354 2828 1553 2865 alimentum,
1570 2836 1672 2867 usque
1689 2827 1728 2856 ad
1744 2827 1805 2857 hoc
1820 2826 1939 2864 vivere;
1962 2825 2135 2856 humidum
2157 2831 2264 2854 autem
2287 2824 2351 2864 igni

1354 2882 1422 2903 esse
1444 2871 1633 2902 alimentum
1655 2871 1772 2901 solum.

1286 2917 1458 2957 Tanquam
1481 2915 1637 2956 pertingat
1659 2925 1761 2955 usque
1785 2914 1824 2944 ad
1847 2914 1949 2944 solem
1972 2913 2062 2954 quod
2084 2921 2210 2943 sursum
2227 2912 2352 2942 ducitur

1353 2960 1496 2998 humidi;

1287 3012 1343 3036 aut
1365 3014 1512 3035 ascensus
1535 3003 1605 3034 talis
1629 3003 1669 3033 sit
1690 3001 1792 3043 qualis
1815 3001 1946 3042 quidem
1969 3000 2068 3031 factae
2091 3000 2255 3038 flammae,
2278 3010 2351 3040 pro-

1355 3056 1424 3090 pter
1446 3058 1544 3089 quam
1568 3047 1695 3087 signum
1718 3046 1920 3085 accipientes,
1950 3045 1994 3075 sic
2017 3051 2047 3075 et
2070 3045 2110 3075 de
2133 3044 2199 3075 sole
2222 3050 2351 3085 putave-

1354 3100 1438 3124 runt.
1463 3093 1536 3123 Hoc
1560 3098 1667 3122 autem
1690 3100 1756 3120 non
1772 3096 1818 3120 est
1834 3089 1949 3119 simile:
1973 3089 2102 3119 flamma
2119 3088 2249 3129 quidem
2266 3088 2351 3118 enim

1354 3148 1411 3178 per
1434 3136 1624 3167 continuum
1652 3134 1823 3164 humidum
1847 3140 1877 3164 et
1900 3133 2019 3163 siccum
2042 3138 2220 3173 permutata
2242 3131 2296 3170 fit,
2321 3139 2351 3162 et

1354 3191 1420 3212 non
1453 3180 1563 3218 alitur;
1587 3189 1653 3209 non
1677 3178 1763 3208 enim
1796 3178 1906 3208 eadem
1936 3177 2068 3207 existens
2097 3182 2260 3216 permanet
2283 3176 2350 3206 ullo

1353 3232 1508 3265 tempore,
1529 3230 1564 3253 ut
1583 3229 1629 3253 est
1652 3222 1763 3252 dicere.
1789 3221 1880 3252 Circa
1903 3221 2004 3251 solem
2027 3227 2134 3251 autem
2156 3220 2351 3260 impossibile

1353 3270 1415 3299 hoc
1431 3268 1584 3298 accidere:
1609 3266 1774 3307 quoniam,
1787 3266 1862 3296 alito
1879 3265 2009 3306 quidem
2028 3265 2142 3295 eodem
2156 3265 2255 3295 modo
2271 3265 2352 3295 sicut

1353 3313 1397 3344 ini
1422 3312 1540 3350 dicunt,
1557 3311 1662 3351 palam
1685 3311 1773 3351 quod
1798 3316 1828 3340 et
1850 3310 1899 3339 sol
1921 3319 1987 3340 non
2009 3309 2126 3347 solum,
2150 3309 2231 3339 sicut
2253 3309 2351 3339 Hera-

1354 3357 1445 3388 clitus
1467 3356 1520 3394 ait,
1538 3365 1640 3385 novus
1659 3354 1692 3384 in
1708 3354 1758 3384 die
1774 3360 1830 3392 est,
1847 3353 1902 3384 sed
1921 3363 2046 3394 semper
2069 3363 2172 3384 novus
2191 3353 2350 3384 continue.

1286 3445 1401 3476 Adhuc
1425 3450 1531 3474 autem
1555 3452 1636 3483 quae
1660 3453 1678 3472 a
1701 3442 1768 3472 sole
1791 3442 1923 3472 elevatio
1947 3441 2082 3480 humidi,
2103 3441 2213 3472 similis
2233 3448 2280 3472 est
2303 3451 2351 3472 ca-

1353 3488 1472 3518 lefactis
1496 3487 1586 3528 aquis
1610 3487 1648 3517 ab
1672 3486 1754 3526 igne.
1780 3486 1811 3517 Si
1835 3486 1930 3526 igitur
1953 3495 2057 3527 neque
2076 3486 2248 3516 subardens
2271 3485 2351 3525 ignis

1354 3532 1458 3570 alitur,
1475 3541 1578 3572 neque
1602 3531 1703 3561 solem
1725 3530 1892 3561 verisimile
1908 3537 1973 3561 erat
1988 3530 2174 3569 existimare,
2199 3540 2302 3571 neque
2326 3529 2351 3559 si

1354 3586 1486 3607 omnem
1510 3575 1693 3606 calefaciens
1716 3585 1885 3615 evaporare
1909 3574 2014 3605 fecerit
2037 3585 2163 3615 aquam.

2380 792 2391 803 ⁸
2406 792 2463 820 Cap.
2477 799 2503 815 11.
