2782 4134
0 651 29 727 ἰ*
42 682 101 699 caro
114 675 181 697 amb.

11 726 26 743 Ψ
92 740 93 743 =
118 727 171 749 rab.

3 764 13 792 s
43 754 107 804 {act
117 753 224 782 praeced.

14 858 25 866 ,.
32 837 106 861 solun
116 843 164 859 om.
171 837 224 859 rab.

1092 273 1203 311 cAP.
1232 274 1289 321 v,
1319 274 1472 311 LECT.
1501 273 1607 311 xv11

255 355 440 397 quantum
475 348 566 386 illud
599 349 704 397 quod
738 349 893 387 advenit
926 358 982 387 est
1009 352 1048 388 in
1075 353 1246 401 potentia
1273 354 1323 391 ad

253 409 473 451 utrumque,
492 409 586 450 puta
613 402 663 439 ad
691 402 766 438 hoc
794 403 899 451 quod
919 403 965 440 sit
992 411 1133 452 quanta
1153 418 1256 452 caro,
1281 415 1323 444 ut

254 454 393 492 scilicet
407 466 487 491 non
506 455 632 492 solum
651 455 699 492 sit
717 463 849 503 aptum
868 456 1036 505 recipere
1057 458 1223 507 speciem
1245 472 1323 496 car-

253 507 323 555 nis,
344 507 413 545 sed
442 507 555 545 etiam
583 507 622 544 in
650 507 838 545 maiorem
867 509 1116 558 quantitatem
1139 513 1321 560 produci,

255 560 469 598 secundum
498 561 573 597 hoc
602 568 715 608 auget
741 565 766 597 ⁷.
788 561 850 598 Ad
868 563 944 599 hoc
973 563 1076 600 enim
1106 566 1211 613 quod
1239 566 1284 603 sit
1302 566 1322 588 ²⁸

254 621 517 661 augmentum,
548 620 698 662 oportet
726 614 809 650 fieri
837 622 874 651 et
893 623 1092 664 quantum,
1122 625 1163 654 ut
1182 618 1323 655 scilicet

253 667 320 703 fiat
339 667 463 704 maior
482 666 689 715 quantitaS‚
711 675 747 703 et
767 679 921 705 carnem
941 668 982 705 *τ
1002 669 1091 718 quia
1116 679 1266 719 oportet
1285 672 1323 709 id

254 719 360 768 quod
380 720 551 767 advenit,
572 720 610 756 in
629 720 707 757 fine
725 719 745 741 '¹‘
764 720 974 770 assimilari,
1004 730 1046 759 ut
1073 736 1189 772 supra
1207 724 1248 746 ³¹⁸*
1268 725 1322 761 di-

254 779 358 809 ctum
383 780 448 810 est.
476 774 707 821 Inquantum
732 785 825 810 vero
845 774 936 811 illud
960 777 1065 823 quod
1091 776 1245 814 advenit
1269 785 1323 814 est

252 825 292 862 in
319 825 488 874 potentia
507 827 632 863 solum
651 825 671 847 ’¹‘
691 826 740 863 ad
767 827 843 864 hoc
862 828 968 876 quod
987 829 1032 865 sit
1058 842 1159 876 caro,
1189 842 1323 867 secun-

253 879 348 916 dum
384 879 459 916 hoc
488 878 612 916 nutrit.
652 879 714 916 Sic
753 880 856 916 enim
894 881 1073 919 differunt
1110 883 1323 921 secundum

252 931 439 969 rationem
469 932 575 969 cibus
608 940 645 969 et
683 935 961 982 augmentatio:
992 948 1083 972 nam
1117 936 1222 973 cibus
1255 949 1323 974 nu-

251 985 366 1022 triens
395 992 451 1022 est
473 986 700 1035 inquantum
730 987 962 1025 convertitur
985 989 1023 1026 in
1044 1001 1198 1026 carnem
1219 987 1243 1036 ὅ,
1269 990 1323 1027 in-

252 1045 437 1087 quantum
458 1047 586 1076 autem
606 1039 762 1089 suscipit
777 1041 963 1078 maiorem
985 1043 1246 1091 quantitatem,
1268 1051 1324 1080 est

254 1103 409 1139 augens.

303 1156 340 1191 4.
363 1145 544 1182 Secundo
564 1145 634 1182 ibi:
654 1146 745 1183 Ideo
774 1148 939 1184 nutritur
967 1156 1049 1196 etc.,
1070 1148 1180 1186 infert
1199 1149 1320 1198 quod-

251 1197 342 1235 dam
362 1198 603 1237 corollarium
624 1211 670 1235 ex
691 1211 737 1236 eo
758 1201 863 1249 quod
893 1201 1035 1239 dictum
1055 1209 1122 1250 est,
1142 1202 1320 1240 videlicet

248 1250 365 1300 quod
393 1248 525 1301 aliquis
563 1252 724 1290 nutritur
760 1265 953 1303 quousque
991 1255 1181 1301 salvatur,
1219 1256 1319 1293 idest

249 1304 419 1353 quandiu
439 1313 688 1342 conservatur
706 1312 718 1326 ¹
736 1306 775 1343 in
794 1307 889 1344 vita:
919 1308 1008 1357 quia
1036 1320 1189 1357 semper
1208 1321 1320 1358 opor-

248 1364 302 1394 tet
319 1357 462 1395 restitui
480 1371 549 1408 per
569 1359 843 1397 nutrimentum
863 1361 902 1398 id
921 1361 1026 1410 quod
1047 1361 1226 1398 continue
1246 1363 1319 1399 sol-

246 1410 365 1458 vitur3
394 1411 511 1459 idest,
541 1412 579 1449 id
607 1413 714 1462 quod
742 1413 972 1451 deminuitur
1000 1422 1150 1463 oportet
1177 1416 1318 1454 nutriri.

249 1463 342 1501 Non
361 1472 490 1502 autern
511 1477 664 1515 semper
684 1466 824 1503 animal
850 1475 1025 1515 augetur:
1053 1468 1119 1505 sed
1149 1469 1318 1518 quandiu

249 1517 356 1554 cibus
376 1530 586 1556 conversus
606 1519 645 1556 in
665 1532 819 1556 carnem
834 1528 959 1569 potest
979 1521 1128 1558 extendi
1144 1522 1183 1559 in
1198 1523 1318 1559 maio-

248 1583 331 1608 rem
360 1571 618 1620 quantitatem.

305 1625 338 1661 5.
355 1624 504 1662 Deinde
526 1637 613 1662 cum
630 1625 733 1662 dicit:
749 1626 801 1662 Et
814 1627 1082 1664 nutrimentum
1098 1636 1182 1677 etc.,
1195 1637 1319 1666 osten-

247 1677 302 1715 dit
329 1676 581 1715 differe'ntiam
610 1678 707 1715 inter
743 1678 867 1728 ipsum
907 1689 1156 1729 augmentum
1187 1690 1224 1719 et
1251 1695 1319 1719 nu-

245 1729 478 1769 trimentum.
500 1732 549 1768 Et
577 1732 665 1769 dicit
692 1733 798 1781 quod
827 1734 1101 1772 nutrimentum
1131 1743 1186 1772 est
1214 1735 1318 1773 idem

245 1783 350 1832 quod
369 1783 496 1834 ipsum
511 1793 772 1834 augmentum,
794 1799 876 1823 esse
892 1795 1020 1825 autem
1037 1796 1093 1825 est
1107 1788 1159 1826 eis
1175 1789 1276 1827 aliud
1293 1789 1317 1826 ζ;

245 1837 354 1886 quasi
382 1837 496 1875 dicat:
519 1846 606 1876 sunt
634 1839 737 1876 idem
757 1839 940 1888 subiecto,
962 1841 1029 1879 sed
1055 1842 1233 1879 differunt
1262 1855 1318 1880 ra-

244 1890 359 1928 tione.
381 1892 614 1940 Inquantum
644 1893 746 1930 enim
765 1893 856 1931 illud
884 1895 990 1943 quod
1014 1895 1168 1933 advenit
1196 1903 1251 1933 est
1279 1896 1317 1933 in

243 1944 414 1994 potentia
433 1945 482 1982 ad
501 1953 718 1994 utrumque,
738 1946 834 1984 idest
853 1948 902 1985 ad
921 1948 996 1985 hoc
1011 1950 1117 1997 quod
1136 1949 1183 1986 sit
1201 1962 1320 1998 quan-

243 2004 282 2035 ta
299 1997 320 2020 *
340 2011 441 2046 caro,
472 1999 684 2037 secundum
713 2001 789 2037 hoc
818 2009 873 2038 est
901 2010 1150 2050 augmentum
1179 2000 1331 2040 earnis!

244 2051 470 2101 inquantum
485 2065 580 2090 vero
601 2061 657 2090 est
675 2053 714 2090 in
729 2054 896 2103 potentia
916 2056 1040 2092 solum
1056 2056 1104 2093 ad
1117 2057 1194 2094 hoc
1213 2056 1319 2106 quod

244 2105 291 2142 sit
319 2117 420 2152 caro,
450 2106 663 2144 secundum
689 2107 765 2144 hoc
794 2115 849 2145 est
872 2109 1148 2147 nutrimentum
1176 2117 1240 2148 aut
1269 2109 1319 2148 ci·

244 2158 329 2206 bus,
354 2166 397 2196 ut
424 2171 539 2208 supra
557 2160 578 2182 ²¹⁸
606 2160 819 2209 expositum
849 2169 915 2198 est.

299 2213 334 2248 6.
351 2212 502 2250 Deinde
518 2225 606 2250 cum
624 2213 728 2250 dicit:
744 2215 835 2251 Hoc
849 2220 974 2252 autem
988 2216 1129 2264 species
1144 2217 1225 2253 sine
1238 2229 1319 2254 ma-

244 2266 338 2302 teria
359 2273 442 2313 etc.‚
474 2266 637 2304 ostendit
665 2268 865 2316 quomodo
886 2268 951 2305 fiat
972 2268 1181 2306 deminutio
1197 2269 1228 2306 *.
1255 2270 1317 2307 Ad

245 2318 477 2356 evidentiam
499 2327 626 2357 autem
655 2321 795 2358 horum
816 2334 914 2370 quae
934 2321 995 2358 hic
1020 2322 1206 2371 dicuntur,
1229 2335 1318 2360 con-

243 2371 489 2410 siderandum
510 2381 565 2410 est
584 2373 690 2422 quod
708 2374 828 2411 virtus
856 2375 995 2424 speciei
1020 2375 1125 2412 aliter
1144 2389 1184 2412 se
1204 2377 1319 2414 habet

242 2425 282 2463 in
309 2426 423 2463 rebus
450 2427 689 2475 viventibus,
726 2440 824 2476 quae
852 2428 1006 2477 proprie
1041 2429 1255 2466 nutriuntur
1283 2438 1319 2467 et

243 2486 439 2527 augentur,
461 2487 498 2516 et
517 2480 555 2517 in
575 2480 690 2517 rebus
710 2481 924 2518 carentibus
951 2481 1040 2529 vita,
1064 2495 1162 2530 quae
1192 2495 1317 2532 neque

243 2532 458 2570 nutriuntur
477 2545 602 2582 neque
622 2542 818 2582 augentur.
837 2535 1011 2584 Corpora
1031 2536 1131 2572 enim
1149 2536 1318 2573 viventia

242 2593 401 2623 movent
428 2586 563 2635 seipsa,
594 2600 673 2624 non
701 2588 827 2625 solum
857 2589 1069 2625 secundum
1090 2598 1240 2626 motum
1264 2591 1339 2641 10--

244 2639 383 2687 calem,
414 2639 482 2677 sed
512 2640 624 2677 etiam
652 2641 865 2678 secundum
895 2649 1043 2679 motum
1071 2643 1316 2690 alterationis,

242 2699 335 2741 puta
364 2705 452 2730 cum
482 2694 623 2730 animal
652 2695 869 2732 naturaliter
897 2703 1065 2741 sanatur;
1097 2703 1132 2732 et
1161 2696 1274 2733 etiam
1295 2696 1315 2718 '¹‘

297 2843 324 2877 γ)
343 2844 381 2868 Et
400 2843 465 2869 dicit
483 2844 556 2876 quod
574 2844 731 2876 inquantum
755 2845 854 2870 illud...
868 2845 1013 2870 secundum
1032 2846 1081 2870 hoc
1099 2850 1189 2879 auget.
1206 2860 1226 2865 —
1244 2846 1316 2878 quod

243 2879 352 2910 (dicens
375 2879 448 2912 quod
467 2879 504 2911 Ρ)
524 2879 553 2904 id
572 2880 728 2912 inquantum
749 2880 823 2905 id..
833 2887 886 2912 per
903 2881 952 2906 hoc
975 2881 1045 2906 enim
1064 2885 1146 2914 auget
1164 2882 1231 2909 Pab,
1251 2882 1315 2914 quia

244 2915 304 2940 id...
314 2922 367 2947 per
385 2915 435 2940 hoc
453 2915 522 2940 enim
542 2918 624 2948 auget
642 2915 677 2944 C.
697 2916 743 2940 sed
762 2916 865 2948 utrique
891 2917 993 2941 lectioni
1017 2922 1145 2942 structura
1164 2916 1262 2948 deficit;
1282 2917 1314 2942 cf.

244 2950 322 2975 etiam
340 2950 405 2975 infra
426 2950 587 2983 Inquantum
606 2958 669 2976 vero
690 2951 788 2976 illud...
803 2952 947 2977 secundum
966 2953 1016 2977 hoc
1035 2953 1129 2977 nutrit.

297 2984 322 3018 δ)
346 2993 408 3010 nam
434 2986 538 3011 cibus...
553 2994 669 3012 carnem.
684 3001 702 3006 -
721 2994 783 3011 nam
802 2987 875 3012 cibus
895 2988 1015 3012 nutriens
1034 2991 1073 3012 est
1093 2988 1119 3012 in
1134 2988 1259 3020 potentia
1274 2988 1313 3012 in-

244 3024 372 3053 quantum
391 3021 558 3047 convertitur
576 3022 602 3047 in
622 3029 729 3048 carnem
749 3023 841 3051 PCab;
860 3023 882 3047 A
901 3031 954 3047 om.
974 3024 1096 3048 nutriens
1114 3026 1161 3052 est,
1182 3029 1207 3048 et
1225 3024 1312 3056 proin

243 3063 351 3082 carnem
370 3057 448 3082 habet
466 3057 493 3082 in
512 3065 594 3083 carne
612 3061 652 3082 est
670 3058 791 3083 nutritio.
805 3072 824 3078 -
843 3058 893 3083 Pro
911 3066 1022 3092 augens,
1042 3059 1246 3092 augumentatio
1265 3059 1312 3084 Ca.

297 3092 320 3124 ε)
339 3092 436 3125 aliquis
462 3093 615 3118 nutritur...
631 3097 813 3119 conservatur.
832 3108 851 3113 —
868 3094 971 3126 aliquid
997 3094 1117 3119 nutritur
1142 3095 1314 3127 quoadusque

243 3127 380 3157 saluatur,
407 3128 475 3153 idest
494 3135 575 3161 usque
593 3129 630 3153 ad
649 3132 760 3154 mortem
781 3130 821 3154 vel
839 3130 958 3162 quandiu
981 3133 1156 3155 conservatur
1174 3131 1205 3155 A.
1224 3144 1243 3149 -
1261 3130 1313 3154 Pro

244 3162 387 3188 solvitur...
403 3163 511 3194 nutriri,
531 3165 674 3189 resolvitur
687 3165 726 3189 ita
739 3165 812 3197 quod
830 3165 856 3190 in
871 3165 939 3190 illud
953 3165 1149 3197 quodammodo
1167 3165 1313 3198 (corrigitur

244 3198 270 3223 in
284 3198 347 3230 quo)
362 3199 434 3230 quod
452 3199 618 3224 deminuitur
637 3203 742 3232 oportet
759 3201 859 3225 nutriri
871 3201 893 3225 A
899 3209 906 3232 ς
919 3201 1040 3230 solvitur,
1057 3201 1132 3228 idest,
1147 3201 1312 3226 deminuitur

244 3236 271 3258 et
288 3233 327 3259 sic
345 3238 452 3266 oportet
469 3235 595 3259 continue
613 3236 715 3260 nutriri
733 3235 768 3266 C,
788 3243 855 3268 quae
875 3236 950 3260 lectio
969 3237 1051 3268 magis
1071 3237 1138 3260 clara
1157 3241 1271 3268 apparet.

297 3268 322 3301 ζ)
342 3269 414 3301 quod
433 3270 658 3295 nutrimentum...
673 3271 784 3295 aliud.-
794 3271 865 3302 quod
879 3271 1071 3296 nutrimentum
1085 3274 1126 3296 est
1140 3271 1209 3296 idem
1225 3271 1310 3303 ipsum

244 3308 417 3337 augmentum
432 3312 487 3330 esse
499 3305 540 3330 vel
552 3306 652 3336 (autem
668 3306 709 3330 ed.
723 3306 750 3337 b)
768 3313 828 3331 cum
841 3306 879 3331 eis
892 3306 968 3331 aliud
983 3306 1041 3330 edd.
1055 3306 1102 3335 ab,
1118 3306 1310 3331 nutrimentum

244 3342 284 3364 est
302 3339 372 3364 idem
392 3340 478 3372 ipsum
499 3341 571 3372 quod
588 3344 762 3374 augmentum
777 3344 803 3365 et
815 3341 891 3366 aliud
904 3348 959 3366 esse
974 3341 1009 3372 C;
1029 3341 1098 3366 idem
1111 3342 1183 3374 quod
1198 3349 1252 3366 om.
1272 3342 1310 3372 A;

244 3382 292 3406 pro
311 3378 351 3399 est
364 3375 410 3404 eis,
425 3382 483 3400 cum
495 3375 532 3400 eis
545 3375 574 3399 P.

298 3409 326 3442 η)
351 3413 542 3443 aggeneratur.
561 3424 579 3429 -
596 3410 701 3443 aliquid
723 3414 871 3443 generatur·
890 3412 931 3436 ed.
949 3418 979 3440 a,
1003 3415 1150 3444 generatur
1174 3411 1202 3436 C.
1222 3426 1241 3430 -
1259 3412 1310 3435 Pro

249 3444 333 3469 Omne
345 3448 434 3470 autem
454 3452 561 3470 movens
579 3446 703 3477 seipsum,
719 3446 768 3471 Est
779 3449 867 3471 autem
887 3453 994 3471 mouens
1012 3447 1048 3471 sit
1061 3454 1141 3479 psum
1155 3447 1195 3472 ed.
1210 3454 1235 3475 a,
1249 3446 1308 3470 Mo-

245 3487 308 3505 vens
325 3483 415 3505 autem
434 3481 547 3512 seipsum
567 3481 597 3505 C.
615 3494 633 3500 -·
651 3481 702 3505 Pro
715 3481 862 3512 probatum
880 3485 927 3511 est,
941 3482 1077 3513 probatur
1094 3483 1126 3506 A.

299 3513 323 3547 θ)
343 3515 369 3539 in
381 3522 411 3540 re
421 3516 533 3541 vivente.
542 3516 597 3540 -in
608 3516 648 3541 rei
665 3517 777 3541 veritate
790 3521 910 3548 corrupte
923 3516 1007 3546 PCab,
1018 3517 1044 3541 in
1060 3524 1089 3541 re
1104 3519 1223 3541 mouente
1236 3523 1264 3541 se
1278 3516 1311 3540 A.

299 3550 317 3582 ι)
338 3550 529 3576 determinat...
543 3551 688 3583 signatam.
702 3566 720 3569 —
735 3551 896 3576 determinat
913 3551 964 3576 sibi
980 3552 1071 3584 aliqua
1090 3552 1204 3577 materia
1223 3551 1310 3576 deter-

245 3586 348 3610 minata
366 3586 500 3619 signatam
520 3587 560 3611 ed.
573 3593 599 3615 a,
615 3586 777 3611 determinat
789 3587 906 3619 aliquam
922 3587 1062 3612 materiam
1081 3587 1131 3612 sibi
1149 3587 1309 3612 determina-

245 3623 301 3645 tam
320 3624 347 3646 et
364 3621 499 3654 signatam
520 3621 550 3647 C.
567 3635 586 3641 -
604 3621 654 3646 Pro
674 3622 769 3655 effluat,
790 3622 889 3656 defluat
907 3623 938 3647 A.

387 3676 456 3708 Opp.
476 3676 507 3700 D.
526 3675 640 3699 Tnosmr.
659 3675 691 3699 Τ.
711 3676 750 3699 ΙΙΙ.

2369 279 2439 315 321

1379 354 1592 391 secundum
1609 361 1760 391 motum
1776 354 2090 402 augmentationis
2106 362 2142 391 et
2154 355 2446 404 *generationis,

1377 406 1600 455 praesertim
1629 408 1842 445 secundum
1870 407 1975 456 quod
1999 408 2273 446 nutrimentum
2304 418 2358 446 est
2385 422 2448 458 ge-

1378 460 1522 496 neratio
1552 460 1755 508 quaedam,
1777 469 1818 498 ut
1845 460 1994 510 supra*
2023 461 2166 498 dictum
2195 469 2268 509 est,
2289 462 2447 512 inquan-

1378 520 1458 550 tum
1483 513 1642 560 scilicet,
1673 514 1741 551 etsi
1769 526 1848 551 non
1876 522 2075 563 generetur
2111 527 2200 551 earo
2235 516 2445 553 secundum

1378 578 1431 613 se,
1447 574 1694 614 aggeneratur
1712 573 1726 590 ‘¹
1745 575 1875 604 tamen
1896 567 1998 604 carni
2018 568 2295 617 praeexistenti.
2318 569 2445 606 Omne

1378 626 1506 655 autem
1535 632 1698 657 movens
1727 621 1908 669 seipsum,
1929 629 1971 657 ut
1988 621 2193 670 probatum
2219 621 2331 658 estin
2358 622 2445 658 VIII

1377 672 1525 719 Pnysic.
1555 672 1595 719 ²¹⁸,
1625 673 1803 710 dividitur
1830 674 1869 710 in
1898 674 1995 721 duo,
2033 686 2197 723 quorum
2232 687 2353 711 unum
2392 682 2447 711 est

1377 736 1552 771 movens,
1579 725 1680 763 aliud
1708 739 1802 763 vero
1829 735 1991 764 motum.
2022 727 2133 764 Unde
2162 736 2312 776 oportet
2340 728 2445 776 quod

1378 776 1416 813 in
1445 790 1485 813 re
1513 778 1666 815 vivente
1695 778 1707 799 ⁰
1736 779 1781 816 sit
1809 780 1949 828 aliquid
1972 787 2142 827 motum,
2173 782 2278 829 quod
2307 781 2446 818 scilicet

1379 830 1610 867 convertitur
1628 831 1667 868 in
1687 840 1860 869 naturam
1881 833 2032 881 speciei,
2054 841 2089 870 et
2108 833 2247 882 aliquid
2267 846 2442 881 movens,

1378 883 1518 920 scilicet
1545 883 1627 932 ipsa
1645 884 1764 921 virtus
1788 886 1926 934 speciei
1947 894 2184 924 convertens.
2205 887 2255 923 Et
2282 887 2370 924 inde
2391 895 2446 924 est

1379 937 1483 985 quod
1510 936 1630 974 virtus
1659 938 1797 986 speciei
1826 938 1863 975 in
1893 939 2006 976 rebus
2028 940 2245 977 viventibus
2273 953 2352 977 non
2381 940 2444 977 de-

1378 990 1554 1026 terminat
1582 990 1652 1027 sibi
1672 991 1838 1040 aliquam
1868 992 2066 1029 materiam
2097 993 2280 1040 signatam
2309 1000 2328 1040 ‘,
2355 1005 2442 1030 cum

1378 1055 1454 1080 una
1471 1056 1560 1092 pars
1580 1043 1711 1080 effluat
1726 1052 1761 1080 et
1781 1045 1852 1081 alia
1868 1045 2056 1093 adveniat,
2076 1053 2117 1082 ut
2135 1046 2279 1095 supra*
2300 1046 2442 1083 dictum

1378 1104 1443 1133 est.
1474 1097 1565 1133 Non
1593 1104 1718 1145 potest
1744 1105 1874 1134 tamen
1900 1098 2019 1135 virtus
2038 1099 2177 1147 speciei
2197 1112 2278 1136 esse
2299 1093 2441 1148 absque

1377 1150 1483 1186 omni
1513 1150 1687 1197 materia,
1717 1150 1784 1187 sed
1822 1150 2107 1188 indeterminate
2143 1152 2182 1188 in
2209 1153 2280 1189 hac
2314 1154 2375 1191 vel
2404 1153 2441 1189 in

1376 1202 1438 1239 illa
1457 1209 1485 1239 ¹:
1508 1203 1608 1251 quia,
1629 1211 1670 1240 ut
1688 1204 1871 1252 probatur
1891 1204 1928 1240 in
1947 1205 2015 1241 VII
2036 1205 2251 1254 Metaphys.
2272 1205 2303 1253 ³⁸,
2322 1206 2441 1243 virtus

1376 1256 1589 1303 generantis
1618 1264 1674 1293 est
1702 1257 1825 1294 forma
1853 1269 1951 1306 quae
1976 1265 2031 1294 est
2059 1258 2096 1294 in
2125 1258 2182 1295 his
2211 1258 2386 1296 carnibus
2406 1267 2443 1296 et

1376 1309 1414 1345 in
1442 1309 1499 1346 his
1519 1309 1680 1346 ossibus.
1704 1311 1745 1346 In
1774 1310 1887 1347 rebus
1915 1318 2042 1347 autem
2062 1311 2081 1332 ’¹‘
2110 1311 2322 1348 inanimatis
2351 1312 2441 1349 nihil

1375 1363 1447 1399 tale
1476 1363 1686 1399 invenitur:
1716 1363 1786 1400 nisi
1806 1364 1901 1400 forte
1922 1364 2144 1413 inquantum
2164 1372 2220 1401 est
2238 1365 2276 1402 in
2297 1365 2349 1401 eis
2378 1366 2441 1402 ali-

1375 1428 1451 1464 qua
1480 1416 1686 1453 similitudo
1715 1417 1907 1464 augmenti
1943 1425 1978 1453 et
2010 1418 2245 1465 nutrimenti,
2273 1426 2366 1467 puta
2403 1420 2441 1456 in

1374 1469 1460 1517 igne
1499 1478 1533 1506 et
1561 1470 1665 1516 vino,
1695 1477 1851 1519 propter
1879 1470 2089 1507 efficaciam
2119 1471 2266 1508 virtutis
2295 1472 2440 1508 activae

1374 1522 1413 1559 in
1434 1523 1486 1559 eis
1505 1521 1528 1560 λ.
1557 1523 1618 1560 Sic
1647 1522 1756 1571 igitur
1783 1523 1901 1560 virtus
1931 1523 2069 1572 speciei
2098 1525 2219 1560 carnis
2238 1525 2300 1561 vel
2320 1524 2440 1562 cuius-

1375 1588 1540 1625 cumque
1577 1576 1818 1623 huiusmodi,
1852 1577 2077 1626 inquantum
2111 1589 2189 1614 non
2218 1577 2442 1614 determinat

1374 1629 1444 1666 sibi
1464 1629 1630 1678 aliquam
1647 1630 1846 1667 materiam
1861 1630 2058 1678 signatam,
2075 1630 2143 1667 sed
2157 1643 2259 1667 nunc
2275 1631 2440 1668 salvatur

1373 1682 1411 1719 in
1431 1683 1503 1719 hac
1523 1695 1624 1720 nunc
1643 1683 1682 1720 in
1700 1683 1776 1730 illa,
1808 1691 1862 1720 est
1881 1684 1975 1720 sicut
1999 1683 2144 1732 species
2172 1683 2438 1721 immaterialis.

1429 1737 1515 1773 Hoc
1544 1744 1599 1773 est
1631 1748 1720 1784 ergo
1751 1737 1856 1785 quod
1889 1737 1950 1773 hic
1979 1737 2232 1786 Philosophus
2261 1737 2438 1784 ostendit,

1375 1790 1479 1838 quod
1507 1791 1589 1836 hoc,
1611 1789 1750 1826 scilicet
1769 1790 1888 1827 virtus
1909 1790 2047 1839 speciei
2067 1790 2200 1838 carnis,
2222 1798 2277 1827 est
2296 1791 2441 1839 species

1374 1843 1454 1880 sine
1469 1843 1638 1891 materia,
1659 1855 1703 1879 ac
1720 1843 1749 1880 si
1764 1843 1808 1880 sit
1823 1843 2015 1891 quaedam
2035 1843 2292 1881 immaterialis
2306 1851 2439 1893 poten-

1373 1896 1443 1944 tia,
1479 1904 1665 1945 quantum
1694 1897 1743 1933 ad
1766 1897 1841 1933 hoc
1874 1897 1978 1946 quod
2006 1909 2084 1934 non
2119 1897 2344 1934 determinat
2371 1897 2441 1933 sibi

1374 1950 1572 1987 materiam
1597 1949 1800 1997 signatam:
1831 1958 1886 1987 est
1909 1957 2039 1987 tamen
2068 1962 2221 1999 semper
2249 1950 2287 1987 in
2316 1950 2441 1999 aliqua

1373 2003 1531 2040 materia
1550 2010 1580 2040 μ.
1598 2004 1647 2040 Et
1675 2003 1812 2040 eadem
1842 2003 1934 2040 ratio
1956 2011 2012 2040 est
2031 2004 2078 2040 de
2099 2016 2345 2052 quocumque
2366 2003 2438 2040 alio

1374 2069 1530 2106 organo,
1550 2064 1643 2106 puta
1671 2057 1718 2094 de
1748 2069 1833 2093 osse
1863 2064 1926 2093 aut
1954 2068 2074 2094 nervo
2104 2065 2168 2094 aut
2195 2068 2440 2106 quocumque

1372 2110 1606 2148 huiusmodi.
1621 2108 1661 2147 Si
1677 2122 1767 2158 ergo
1783 2110 2013 2147 advenerit*
2028 2110 2153 2158 aliqua
2170 2110 2328 2147 materia
2342 2123 2441 2158 quae

1373 2163 1420 2201 sit
1437 2163 1476 2200 in
1495 2163 1676 2212 potentia,
1697 2175 1776 2200 non
1805 2165 1930 2200 solum
1951 2164 1999 2201 ad
2019 2164 2118 2200 hanc
2142 2163 2321 2212 speciem,
2343 2176 2439 2212 quae

1373 2217 1667 2266 quodammodo
1704 2224 1760 2253 est
1796 2216 2074 2264 immaterialis,
2109 2217 2176 2253 sed
2208 2216 2320 2253 etiam
2349 2217 2395 2253 sit
2421 2216 2441 2238 ²⁸

1373 2270 1411 2307 in
1439 2270 1608 2319 potentia
1637 2270 1685 2306 ad
1714 2269 1901 2307 maiorem
1937 2270 2204 2318 quantitatem,
2234 2271 2305 2306 hae
2332 2276 2443 2306 erunt

1373 2325 1536 2360 maiores
1556 2323 1821 2360 immateriales
1836 2329 1858 2369 ⁹,
1875 2323 1983 2371 idest,
2004 2323 2108 2372 ipsae
2127 2323 2282 2360 virtutes
2302 2323 2441 2372 speciei

1372 2389 1471 2426 quae
1501 2384 1588 2413 sunt
1616 2376 1654 2413 in
1684 2389 1795 2413 carne
1826 2383 1862 2412 et
1881 2389 1966 2413 osse
1996 2384 2032 2412 et
2051 2376 2287 2423 huiusmodi,
2314 2384 2441 2413 exten·

1373 2431 1513 2468 duntur
1545 2430 1585 2467 in
1622 2429 1809 2466 maiorem
1847 2429 2106 2478 quantitatem.
2147 2430 2223 2467 Sed
2260 2430 2334 2466 hoc
2362 2442 2441 2466 non

1373 2496 1524 2532 semper
1550 2490 1677 2532 potest
1703 2483 1802 2519 fieri:
1831 2483 1920 2532 quia
1947 2483 2066 2520 virtus
2103 2482 2241 2531 speciei
2276 2483 2441 2520 debilita-

1372 2545 1443 2584 tur,
1465 2549 1554 2573 cum
1575 2536 1620 2573 sit
1647 2536 1684 2573 in
1713 2536 1870 2573 materia
1892 2536 2144 2573 contrarietati
2172 2536 2351 2583 subiecta,
2372 2549 2441 2585 per

1373 2590 1594 2627 continuam
1624 2590 1814 2626 actionem
1843 2597 1878 2626 et
1906 2589 2138 2638 passionem,
2160 2597 2196 2626 et
2223 2601 2291 2638 per
2310 2589 2441 2626 adiun-

1373 2644 1540 2680 ctionem
1569 2643 1751 2680 materiae
1772 2650 1970 2680 extraneae
1990 2643 2021 2689 ³¹⁶,
2051 2655 2149 2692 quae
2179 2655 2256 2679 non
2285 2642 2336 2679 ita
2355 2655 2439 2691 per-

1373 2697 1468 2734 fecte
1495 2696 1515 2718 *
1543 2696 1674 2746 recipit
1700 2696 1880 2733 virtutem
1916 2696 2055 2745 speciei
2093 2695 2188 2732 sicut
2214 2695 2318 2745 prius
2348 2703 2435 2733 erat.

1422 2847 1447 2878 κ)
1466 2846 1514 2871 sed
1533 2846 1737 2871 indeterminate
1757 2847 1782 2871 in
1803 2846 1853 2871 hac
1872 2847 1912 2871 vel
1931 2846 1957 2870 in
1978 2846 2032 2871 illa.
2050 2860 2069 2864 -
2087 2847 2135 2871 sed
2153 2846 2202 2871 hac
2221 2847 2261 2871 vel
2280 2847 2306 2871 in
2326 2847 2371 2871 illa
2392 2847 2434 2879 (in

1369 2881 1418 2906 hac
1437 2882 1478 2906 vel
1497 2882 1542 2906 illa
1562 2881 1592 2913 P)
1614 2882 1790 2906 determinate
1817 2882 1901 2906 PCab.
1915 2895 1933 2900 -
1947 2882 2010 2913 quia
2029 2886 2054 2906 et
2073 2881 2191 2906 virtus...
2205 2882 2245 2906 his
2263 2882 2364 2906 ossibus
2382 2890 2435 2907 om.

1368 2917 1412 2947 Pb,
1432 2917 1479 2942 sed
1498 2924 1565 2949 quae
1585 2924 1615 2941 ex
1634 2917 1708 2941 codd.
1729 2922 1753 2941 et
1772 2918 1812 2941 ed.
1826 2924 1843 2941 a
1862 2917 2029 2947 restituimus,
2049 2917 2080 2941 ad
2099 2922 2246 2941 contextum
2261 2922 2286 2941 et
2299 2918 2330 2941 ad
2346 2918 2432 2942 locum

1369 2953 1473 2977 citatum
1492 2952 1590 2985 optime
1609 2953 1745 2984 quadrant.

1420 2987 1449 3020 λ)
1464 2991 1579 3019 propter
1597 2987 1743 3021 efficaciam
1769 2987 1876 3012 virtutis
1899 2987 2003 3012 activae
2021 2987 2048 3011 in
2069 2987 2114 3012 eis.
2132 3001 2151 3005 —
2170 2987 2220 3011 Pro
2234 2991 2361 3019 propter,
2383 2995 2435 3019 per

1369 3023 1459 3053 mab,-
1479 3023 1587 3048 virtutis
1605 3023 1708 3048 activae
1728 3023 1754 3047 in
1775 3023 1812 3047 eis
1830 3030 1883 3046 om.
1903 3022 1950 3047 Ca.
1962 3036 1982 3042 -
1995 3023 2109 3054 Pergunt
2123 3022 2215 3046 PCab:
2232 3023 2327 3054 speciei
2345 3023 2434 3047 carnis

1367 3060 1407 3083 vel
1425 3059 1612 3091 cuiuscumque
1631 3058 1783 3083 huiusmodi
1806 3058 1832 3082 in
1851 3064 2042 3090 quamcumque
2064 3057 2159 3089 speciei
2176 3058 2266 3082 carnis
2289 3059 2329 3082 vel
2347 3058 2433 3083 cuius-

1366 3101 1476 3126 cumque
1501 3093 1654 3118 huiusmodi
1678 3094 1704 3118 in
1729 3099 1919 3125 quamcumque
1943 3092 2137 3124 (repetitionem
2162 3093 2257 3124 speciei
2279 3093 2368 3118 carnis
2394 3094 2435 3118 vel

1366 3130 1552 3161 cuiuscumque
1570 3129 1723 3153 huiusmodi
1741 3129 1767 3152 in
1786 3134 1977 3160 quamcumque
1995 3135 2048 3152 om.
2068 3127 2140 3159 PCb)
2160 3131 2247 3153 tamen
2268 3128 2330 3159 (Sic
2349 3128 2433 3161 igitur

1367 3165 1453 3189 virtus
1472 3168 1560 3189 tamen
1581 3164 1621 3188 ed.
1636 3164 1659 3192 b,
1679 3169 1704 3188 et
1723 3163 1822 3187 omisso
1842 3166 1938 3189 tamen.
1954 3163 1989 3195 Ρ)
2005 3170 2055 3187 non
2076 3163 2237 3187 determinat
2252 3163 2303 3187 sibi
2316 3163 2432 3196 aliquam

1367 3200 1507 3224 materiam
1526 3199 1704 3232 significatam
1724 3199 1874 3231 (signatam
1894 3198 1964 3229 PCb)
1982 3198 2030 3222 sed
2043 3205 2113 3222 nunc
2126 3199 2247 3223 salvatur
2260 3198 2285 3223 in
2301 3199 2350 3223 hac
2363 3206 2433 3223 nunc

1367 3235 1392 3259 in
1414 3235 1460 3259 illa
1477 3237 1518 3259 est
1536 3235 1636 3265 (ehest
1654 3234 1701 3265 Pb)
1719 3233 1788 3258 sicut
1805 3233 1902 3264 species
1922 3233 2106 3257 immaterialis
2126 3234 2258 3265 potentia.
2276 3234 2296 3258 P
2316 3241 2378 3266 ergo
2392 3242 2432 3259 re-

1366 3275 1454 3294 movet
1473 3277 1487 3293 a
1506 3269 1610 3302 proprio
1634 3269 1691 3293 loco
1709 3269 1788 3292 verba
1807 3269 1852 3293 Sic
1871 3268 1956 3301 igitur
1975 3268 2067 3297 uirtus,
2087 3276 2135 3300 pro
2154 3269 2310 3300 inquantum
2330 3269 2391 3301 legit
2404 3270 2430 3294 in

1364 3311 1568 3337 quamcumque,
1589 3309 1614 3328 et
1633 3304 1664 3328 ad
1684 3304 1833 3328 salvandam
1857 3308 2012 3327 structuram
2036 3303 2158 3328 orationis
2183 3305 2252 3328 addit
2276 3307 2302 3329 et
2326 3309 2386 3337 post
2405 3305 2430 3329 in

1365 3340 1426 3368 illa‚·
1445 3340 1551 3372 insuper
1568 3339 1662 3363 omittit
1681 3346 1740 3363 cum
1760 3339 1814 3363 aliis
1834 3338 1958 3363 homotel.
1979 3338 2038 3363 Hoc
2056 3342 2131 3364 est...
2156 3340 2285 3371 quaedam
2311 3340 2431 3365 immate-

1365 3375 1449 3399 rialis.
1468 3375 1491 3398 A
1506 3382 1554 3406 pro
1568 3381 1638 3399 nunc
1657 3374 1683 3398 in
1704 3374 1764 3403 illa,
1785 3374 1855 3406 quod
1879 3374 1990 3406 legimus
2010 3381 2068 3398 cum
2084 3374 2168 3403 PCab,
2183 3374 2261 3399 habet
2276 3375 2316 3399 vel
2329 3375 2355 3399 in
2372 3375 2417 3399 illa
2422 3384 2431 3405 ;

1364 3414 1390 3434 et
1408 3417 1455 3442 pro
1473 3413 1513 3434 est
1530 3409 1628 3441 species
1646 3409 1703 3433 sine
1722 3409 1843 3440 materia,
1863 3411 1902 3434 est
1921 3408 2016 3441 speciei
2034 3409 2124 3434 carnis
2142 3410 2199 3435 sine
2217 3410 2340 3439 materia,
2360 3411 2431 3443 quod

1363 3445 1514 3477 corrigimus
1534 3444 1677 3469 secundum
1697 3449 1803 3468 textum.

1419 3480 1446 3513 μ)
1467 3483 1506 3504 est
1525 3483 1647 3504 tamen...
1662 3479 1785 3504 materia.
1798 3493 1817 3498 -
1829 3483 1870 3504 est
1887 3480 1957 3504 enim
1977 3480 2083 3509 (tamen
2098 3480 2146 3511 Pb)
2161 3481 2187 3505 in
2202 3481 2316 3506 materia
2329 3487 2432 3512 semper

1364 3515 1455 3548 aliqua
1474 3514 1559 3539 PCab.
1577 3528 1596 3533 -
1614 3515 1664 3539 Pro
1683 3521 1795 3547 organo,
1815 3515 1944 3547 organico
1963 3515 2010 3540 Ca.

1417 3550 1441 3582 ν)
1461 3549 1510 3574 hae
1528 3553 1608 3575 erunt
1626 3549 1741 3575 maiores
1760 3550 1958 3575 immateriales.
1975 3564 1996 3570 -
2013 3550 2078 3575 haec
2096 3551 2176 3575 etiam
2196 3551 2292 3583 (erunt
2305 3552 2362 3576 add.
2375 3551 2430 3581 Pb)

1364 3585 1478 3610 maiores
1497 3588 1523 3610 et
1541 3585 1693 3610 materiales
1712 3585 1914 3618 (immateriales
1932 3586 1962 3618 P)
1982 3586 2044 3610 Pab.
2057 3599 2077 3605 -·
2095 3586 2219 3619 Sequenti
2238 3587 2305 3611 linea
2319 3594 2367 3619 pro
2381 3594 2430 3611 ex-

1364 3620 1518 3649 tenduntur,
1537 3620 1718 3645 extendentur
1737 3621 1814 3645 editio
1833 3621 1857 3646 b.

2216 3682 2246 3705 41

2480 368 2488 375 ·
2503 370 2545 388 aut
2558 372 2624 391 reah.

2478 469 2485 476 ·
2501 468 2564 490 Lect.
2585 471 2692 497 praeced.

2476 500 2498 515 n.
2514 501 2526 516 2
2541 502 2576 523 sq.

2472 1050 2479 1058 ¹
2495 1049 2557 1071 Lect.
2573 1056 2615 1077 xv,
2637 1057 2659 1072 n.
2670 1057 2683 1079 3

2469 1082 2504 1103 sq.

2567 1206 2581 1222 κ

2470 1232 2478 1240 ·
2491 1231 2515 1252 S.
2523 1231 2567 1252 Th.
2578 1232 2681 1258 lect.v11;

2470 1257 2523 1278 Did.
2534 1258 2617 1284 lib.V1,
2628 1264 2680 1286 cap.

2470 1290 2520 1310 viu,
2537 1290 2559 1305 n.
2575 1291 2586 1312 5
2601 1291 2637 1312 sq.

2470 1317 2478 1325 ’
2496 1317 2572 1337 tamen
2589 1316 2655 1337 reab-

2566 2018 2584 2042 μ,

2468 2118 2477 2128 “
2493 2117 2516 2137 in
2532 2116 2583 2139 add.
2597 2123 2620 2138 Α.

2469 2225 2477 2233 ·
2494 2225 2529 2244 est
2543 2223 2608 2244 rcab.

2571 2331 2585 2347 ν

2469 2627 2476 2634 ·
2490 2627 2620 2647 extraneae
2630 2632 2678 2647 om.

2482 2658 2505 2673 α.

2467 2658 2481 2687 'C
2490 2678 2597 2726 qerfecte
2606 2685 2654 2700 om.
2665 2685 2679 2700 Ρ

2465 2710 2494 2726 ca
2512 2720 2518 2727 .
