<?xml version="1.0" encoding="UTF-8"?>
<!DOCTYPE html PUBLIC "-//W3C//DTD XHTML 1.0 Transitional//EN"
    "http://www.w3.org/TR/xhtml1/DTD/xhtml1-transitional.dtd">
<html xmlns="http://www.w3.org/1999/xhtml" xml:lang="en" lang="en">
 <head>
  <title>
</title>
<meta http-equiv="Content-Type" content="text/html;charset=utf-8" />
  <meta name='ocr-system' content='tesseract 3.04.00' />
  <meta name='ocr-capabilities' content='ocr_page ocr_carea ocr_par ocr_line ocrx_word'/>
</head>
<body>
  <div class='ocr_page' id='page_1' title='image "./operaomniaiussui03thom/operaomniaiussui03thom_0025.png"; bbox 0 0 2554 4062; ppageno 0'>
   <div class='ocr_carea' id='block_1_1' title="bbox 2302 291 2362 316">
    <p class='ocr_par' dir='ltr' id='par_1_1' title="bbox 2302 291 2362 316">
     <span class='ocr_line' id='line_1_1' title="bbox 2302 291 2362 316; baseline 0.017 -1"><span class='ocrx_word' id='word_1_1' title='bbox 2302 291 2362 316; x_wconf 80' lang='lat' dir='ltr'>XXI</span> 
     </span>
    </p>
   </div>
   <div class='ocr_carea' id='block_1_2' title="bbox 102 353 2362 3720">
    <p class='ocr_par' dir='ltr' id='par_1_2' title="bbox 126 353 2361 2284">
     <span class='ocr_line' id='line_1_2' title="bbox 157 353 2359 410; baseline 0.004 -14"><span class='ocrx_word' id='word_1_2' title='bbox 157 354 334 410; x_wconf 90' lang='lat' dir='ltr'>quidem</span> <span class='ocrx_word' id='word_1_3' title='bbox 357 367 462 395; x_wconf 88' lang='lat' dir='ltr'>vera</span> <span class='ocrx_word' id='word_1_4' title='bbox 494 353 741 395; x_wconf 89' lang='lat' dir='ltr'>audivimus</span> <span class='ocrx_word' id='word_1_5' title='bbox 784 366 914 407; x_wconf 89' lang='lat' dir='ltr'>supra</span> <span class='ocrx_word' id='word_1_6' title='bbox 957 354 1132 394; x_wconf 85' lang='lat' dir='ltr'>Petrum</span> <span class='ocrx_word' id='word_1_7' title='bbox 1166 354 1407 410; x_wconf 90' lang='lat' dir='ltr'>Rogerium</span> <span class='ocrx_word' id='word_1_8' title='bbox 1451 355 1607 397; x_wconf 80' lang='lat' dir='ltr'>diserte</span> <span class='ocrx_word' id='word_1_9' title='bbox 1649 365 1912 400; x_wconf 80' lang='lat' dir='ltr'>asserentem</span> <span class='ocrx_word' id='word_1_10' title='bbox 1946 373 1978 400; x_wconf 94' lang='lat' dir='ltr'>s.</span> <span class='ocrx_word' id='word_1_11' title='bbox 2009 361 2225 403; x_wconf 90' lang='lat' dir='ltr'>Thomam</span> <span class='ocrx_word' id='word_1_12' title='bbox 2256 366 2359 405; x_wconf 91' lang='lat' dir='ltr'>scri-</span> 
     </span>
     <span class='ocr_line' id='line_1_3' title="bbox 156 414 2360 476; baseline 0.004 -18"><span class='ocrx_word' id='word_1_13' title='bbox 156 418 296 472; x_wconf 90' lang='lat' dir='ltr'>psisse</span> <span class='ocrx_word' id='word_1_14' title='bbox 326 434 340 453; x_wconf 74' lang='grc' dir='ltr'><strong><em>ι</em></strong></span> <span class='ocrx_word' id='word_1_15' title='bbox 359 430 490 472; x_wconf 90' lang='lat' dir='ltr'>super</span> <span class='ocrx_word' id='word_1_16' title='bbox 522 422 710 471; x_wconf 89' lang='lat' dir='ltr'>quatuor</span> <span class='ocrx_word' id='word_1_17' title='bbox 742 415 877 456; x_wconf 89' lang='lat' dir='ltr'>libros</span> <span class='ocrx_word' id='word_1_18' title='bbox 915 414 968 455; x_wconf 81' lang='lat' dir='ltr'>de</span> <span class='ocrx_word' id='word_1_19' title='bbox 1006 416 1160 464; x_wconf 81' lang='lat' dir='ltr'>Cael0,·</span> <span class='ocrx_word' id='word_1_20' title='bbox 1180 435 1194 453; x_wconf 83' lang='lat'><strong>»</strong></span> <span class='ocrx_word' id='word_1_21' title='bbox 1235 417 1337 458; x_wconf 91' lang='lat' dir='ltr'>item</span> <span class='ocrx_word' id='word_1_22' title='bbox 1369 418 1751 461; x_wconf 90' lang='lat' dir='ltr'>Bartholomaeum</span> <span class='ocrx_word' id='word_1_23' title='bbox 1786 420 1840 462; x_wconf 89' lang='lat' dir='ltr'>de</span> <span class='ocrx_word' id='word_1_24' title='bbox 1880 422 2053 476; x_wconf 86' lang='lat' dir='ltr'>Capua,</span> <span class='ocrx_word' id='word_1_25' title='bbox 2093 425 2360 468; x_wconf 90' lang='lat' dir='ltr'>Bernardum</span> 
     </span>
     <span class='ocr_line' id='line_1_4' title="bbox 157 478 2358 533; baseline 0.004 -12"><span class='ocrx_word' id='word_1_26' title='bbox 157 479 386 529; x_wconf 88' lang='lat' dir='ltr'>Guidonis,</span> <span class='ocrx_word' id='word_1_27' title='bbox 411 479 610 533; x_wconf 89' lang='lat' dir='ltr'>aliosque</span> <span class='ocrx_word' id='word_1_28' title='bbox 633 478 819 518; x_wconf 86' lang='lat' dir='ltr'>aientes:</span> <span class='ocrx_word' id='word_1_29' title='bbox 862 495 876 514; x_wconf 79' lang='grc'>&lt;&lt;</span> <span class='ocrx_word' id='word_1_30' title='bbox 900 491 1030 532; x_wconf 92' lang='lat' dir='ltr'>super</span> <span class='ocrx_word' id='word_1_31' title='bbox 1052 485 1138 520; x_wconf 88' lang='lat' dir='ltr'>tres</span> <span class='ocrx_word' id='word_1_32' title='bbox 1162 479 1296 520; x_wconf 91' lang='lat' dir='ltr'>libros</span> <span class='ocrx_word' id='word_1_33' title='bbox 1318 480 1371 521; x_wconf 82' lang='lat' dir='ltr'>de</span> <span class='ocrx_word' id='word_1_34' title='bbox 1397 480 1525 522; x_wconf 83' lang='lat' dir='ltr'>Caelo</span> <span class='ocrx_word' id='word_1_35' title='bbox 1547 484 1592 522; x_wconf 84' lang='lat' dir='ltr'>et</span> <span class='ocrx_word' id='word_1_36' title='bbox 1609 482 1818 524; x_wconf 84' lang='lat' dir='ltr'>Mundo.»</span> <span class='ocrx_word' id='word_1_37' title='bbox 1849 484 1938 524; x_wconf 89' lang='lat' dir='ltr'>Iam</span> <span class='ocrx_word' id='word_1_38' title='bbox 1961 498 2067 526; x_wconf 91' lang='lat' dir='ltr'>vero</span> <span class='ocrx_word' id='word_1_39' title='bbox 2086 486 2128 526; x_wconf 93' lang='lat' dir='ltr'>in</span> <span class='ocrx_word' id='word_1_40' title='bbox 2160 488 2358 530; x_wconf 88' lang='lat' dir='ltr'>confesso</span> 
     </span>
     <span class='ocr_line' id='line_1_5' title="bbox 156 540 2359 600; baseline 0.003 -16"><span class='ocrx_word' id='word_1_41' title='bbox 156 542 273 597; x_wconf 89' lang='lat' dir='ltr'>apud</span> <span class='ocrx_word' id='word_1_42' title='bbox 308 554 461 583; x_wconf 89' lang='lat' dir='ltr'>omnes</span> <span class='ocrx_word' id='word_1_43' title='bbox 496 546 562 582; x_wconf 92' lang='lat' dir='ltr'>est</span> <span class='ocrx_word' id='word_1_44' title='bbox 591 540 859 595; x_wconf 85' lang='lat' dir='ltr'>Aquinatem</span> <span class='ocrx_word' id='word_1_45' title='bbox 892 540 1052 582; x_wconf 90' lang='lat' dir='ltr'>nedum</span> <span class='ocrx_word' id='word_1_46' title='bbox 1084 548 1284 596; x_wconf 90' lang='lat' dir='ltr'>quartum</span> <span class='ocrx_word' id='word_1_47' title='bbox 1301 543 1456 584; x_wconf 92' lang='lat' dir='ltr'>librum</span> <span class='ocrx_word' id='word_1_48' title='bbox 1480 543 1534 584; x_wconf 82' lang='lat' dir='ltr'>de</span> <span class='ocrx_word' id='word_1_49' title='bbox 1559 543 1687 585; x_wconf 86' lang='lat' dir='ltr'>Caelo</span> <span class='ocrx_word' id='word_1_50' title='bbox 1713 558 1801 585; x_wconf 94' lang='lat' dir='ltr'>non</span> <span class='ocrx_word' id='word_1_51' title='bbox 1829 547 2095 600; x_wconf 82' lang='lat' dir='ltr'>exposuisse,</span> <span class='ocrx_word' id='word_1_52' title='bbox 2119 549 2198 589; x_wconf 93' lang='lat' dir='ltr'>sed</span> <span class='ocrx_word' id='word_1_53' title='bbox 2233 551 2359 592; x_wconf 90' lang='lat' dir='ltr'>etiam</span> 
     </span>
     <span class='ocr_line' id='line_1_6' title="bbox 138 602 2361 664; baseline 0.003 -18"><span class='ocrx_word' id='word_1_54' title='bbox 138 604 476 660; x_wconf 78' lang='lat' dir='ltr'>expositionem</span> <span class='ocrx_word' id='word_1_55' title='bbox 510 603 620 644; x_wconf 88' lang='lat' dir='ltr'>tertii</span> <span class='ocrx_word' id='word_1_56' title='bbox 654 602 749 643; x_wconf 90' lang='lat' dir='ltr'>libri</span> <span class='ocrx_word' id='word_1_57' title='bbox 781 603 1074 657; x_wconf 85' lang='lat' dir='ltr'>imperfectam</span> <span class='ocrx_word' id='word_1_58' title='bbox 1107 605 1352 659; x_wconf 91' lang='lat' dir='ltr'>reliquisse:</span> <span class='ocrx_word' id='word_1_59' title='bbox 1389 606 1616 659; x_wconf 91' lang='lat' dir='ltr'>quomodo</span> <span class='ocrx_word' id='word_1_60' title='bbox 1652 620 1758 664; x_wconf 88' lang='lat' dir='ltr'>ergo</span> <span class='ocrx_word' id='word_1_61' title='bbox 1797 609 2046 663; x_wconf 91' lang='lat' dir='ltr'>accipienda</span> <span class='ocrx_word' id='word_1_62' title='bbox 2087 617 2187 651; x_wconf 89' lang='lat' dir='ltr'>sunt</span> <span class='ocrx_word' id='word_1_63' title='bbox 2226 613 2361 654; x_wconf 89' lang='lat' dir='ltr'>verba</span> 
     </span>
     <span class='ocr_line' id='line_1_7' title="bbox 157 665 2358 728; baseline 0.003 -19"><span class='ocrx_word' id='word_1_64' title='bbox 157 667 338 723; x_wconf 90' lang='lat' dir='ltr'>Rogerii</span> <span class='ocrx_word' id='word_1_65' title='bbox 372 672 415 707; x_wconf 93' lang='lat' dir='ltr'>et</span> <span class='ocrx_word' id='word_1_66' title='bbox 447 665 642 715; x_wconf 91' lang='lat' dir='ltr'>aliorum,</span> <span class='ocrx_word' id='word_1_67' title='bbox 679 665 784 706; x_wconf 90' lang='lat' dir='ltr'>dum</span> <span class='ocrx_word' id='word_1_68' title='bbox 815 671 1013 706; x_wconf 89' lang='lat' dir='ltr'>asserunt</span> <span class='ocrx_word' id='word_1_69' title='bbox 1045 680 1078 707; x_wconf 93' lang='lat' dir='ltr'>s.</span> <span class='ocrx_word' id='word_1_70' title='bbox 1103 667 1320 708; x_wconf 91' lang='lat' dir='ltr'>Thomam</span> <span class='ocrx_word' id='word_1_71' title='bbox 1354 668 1576 722; x_wconf 89' lang='lat' dir='ltr'>scripsisse</span> <span class='ocrx_word' id='word_1_72' title='bbox 1614 682 1743 724; x_wconf 90' lang='lat' dir='ltr'>super</span> <span class='ocrx_word' id='word_1_73' title='bbox 1784 677 1970 724; x_wconf 89' lang='lat' dir='ltr'>quatuor</span> <span class='ocrx_word' id='word_1_74' title='bbox 1999 673 2069 712; x_wconf 92' lang='lat' dir='ltr'>vel</span> <span class='ocrx_word' id='word_1_75' title='bbox 2110 686 2239 728; x_wconf 91' lang='lat' dir='ltr'>super</span> <span class='ocrx_word' id='word_1_76' title='bbox 2273 681 2358 716; x_wconf 92' lang='lat' dir='ltr'>tres</span> 
     </span>
     <span class='ocr_line' id='line_1_8' title="bbox 156 727 2359 791; baseline 0.003 -20"><span class='ocrx_word' id='word_1_77' title='bbox 156 730 291 772; x_wconf 89' lang='lat' dir='ltr'>libros</span> <span class='ocrx_word' id='word_1_78' title='bbox 313 728 367 770; x_wconf 81' lang='lat' dir='ltr'>de</span> <span class='ocrx_word' id='word_1_79' title='bbox 393 727 554 769; x_wconf 81' lang='lat' dir='ltr'>Caelo?</span> <span class='ocrx_word' id='word_1_80' title='bbox 585 729 653 769; x_wconf 88' lang='lat' dir='ltr'>Eo</span> <span class='ocrx_word' id='word_1_81' title='bbox 677 741 783 769; x_wconf 92' lang='lat' dir='ltr'>sane</span> <span class='ocrx_word' id='word_1_82' title='bbox 806 727 942 768; x_wconf 91' lang='lat' dir='ltr'>modo</span> <span class='ocrx_word' id='word_1_83' title='bbox 967 742 1056 782; x_wconf 92' lang='lat' dir='ltr'>quo</span> <span class='ocrx_word' id='word_1_84' title='bbox 1080 729 1136 769; x_wconf 89' lang='lat' dir='ltr'>ab</span> <span class='ocrx_word' id='word_1_85' title='bbox 1161 729 1364 770; x_wconf 91' lang='lat' dir='ltr'>omnibus</span> <span class='ocrx_word' id='word_1_86' title='bbox 1389 731 1612 785; x_wconf 91' lang='lat' dir='ltr'>hucusque</span> <span class='ocrx_word' id='word_1_87' title='bbox 1635 738 1811 786; x_wconf 89' lang='lat' dir='ltr'>accepta</span> <span class='ocrx_word' id='word_1_88' title='bbox 1833 739 1942 782; x_wconf 92' lang='lat' dir='ltr'>sunt,</span> <span class='ocrx_word' id='word_1_89' title='bbox 1969 740 2181 788; x_wconf 90' lang='lat' dir='ltr'>quatenus</span> <span class='ocrx_word' id='word_1_90' title='bbox 2205 749 2359 791; x_wconf 90' lang='lat' dir='ltr'>nempe</span> 
     </span>
     <span class='ocr_line' id='line_1_9' title="bbox 155 790 2360 849; baseline 0.003 -16"><span class='ocrx_word' id='word_1_91' title='bbox 155 797 355 834; x_wconf 81' lang='lat' dir='ltr'>auctores</span> <span class='ocrx_word' id='word_1_92' title='bbox 388 790 446 831; x_wconf 92' lang='lat' dir='ltr'>illi</span> <span class='ocrx_word' id='word_1_93' title='bbox 473 803 523 831; x_wconf 90' lang='lat' dir='ltr'>ea</span> <span class='ocrx_word' id='word_1_94' title='bbox 553 790 693 832; x_wconf 87' lang='lat' dir='ltr'>forma</span> <span class='ocrx_word' id='word_1_95' title='bbox 732 790 941 844; x_wconf 92' lang='lat' dir='ltr'>loquendi</span> <span class='ocrx_word' id='word_1_96' title='bbox 984 790 1050 831; x_wconf 90' lang='lat' dir='ltr'>usi</span> <span class='ocrx_word' id='word_1_97' title='bbox 1082 797 1183 832; x_wconf 90' lang='lat' dir='ltr'>sunt</span> <span class='ocrx_word' id='word_1_98' title='bbox 1224 791 1280 832; x_wconf 90' lang='lat' dir='ltr'>ad</span> <span class='ocrx_word' id='word_1_99' title='bbox 1312 791 1629 847; x_wconf 88' lang='lat' dir='ltr'>designandum</span> <span class='ocrx_word' id='word_1_100' title='bbox 1671 807 1782 848; x_wconf 92' lang='lat' dir='ltr'>opus</span> <span class='ocrx_word' id='word_1_101' title='bbox 1822 795 1864 835; x_wconf 93' lang='lat' dir='ltr'>in</span> <span class='ocrx_word' id='word_1_102' title='bbox 1896 796 2016 849; x_wconf 91' lang='lat' dir='ltr'>quod</span> <span class='ocrx_word' id='word_1_103' title='bbox 2054 799 2360 840; x_wconf 89' lang='lat' dir='ltr'>commentaria</span> 
     </span>
     <span class='ocr_line' id='line_1_10' title="bbox 156 852 2354 912; baseline 0.003 -17"><span class='ocrx_word' id='word_1_104' title='bbox 156 853 291 896; x_wconf 88' lang='lat' dir='ltr'>edidit</span> <span class='ocrx_word' id='word_1_105' title='bbox 321 853 574 909; x_wconf 86' lang='lat' dir='ltr'>Angelicus,</span> <span class='ocrx_word' id='word_1_106' title='bbox 608 867 696 894; x_wconf 92' lang='lat' dir='ltr'>non</span> <span class='ocrx_word' id='word_1_107' title='bbox 723 859 869 894; x_wconf 90' lang='lat' dir='ltr'>autem</span> <span class='ocrx_word' id='word_1_108' title='bbox 901 852 957 893; x_wconf 91' lang='lat' dir='ltr'>ad</span> <span class='ocrx_word' id='word_1_109' title='bbox 992 853 1325 909; x_wconf 90' lang='lat' dir='ltr'>significandum</span> <span class='ocrx_word' id='word_1_110' title='bbox 1350 854 1471 908; x_wconf 91' lang='lat' dir='ltr'>quod</span> <span class='ocrx_word' id='word_1_111' title='bbox 1497 861 1636 895; x_wconf 91' lang='lat' dir='ltr'>totum</span> <span class='ocrx_word' id='word_1_112' title='bbox 1673 869 1783 910; x_wconf 90' lang='lat' dir='ltr'>opus</span> <span class='ocrx_word' id='word_1_113' title='bbox 1815 857 1870 897; x_wconf 92' lang='lat' dir='ltr'>sit</span> <span class='ocrx_word' id='word_1_114' title='bbox 1899 858 1992 912; x_wconf 90' lang='lat' dir='ltr'>ipse</span> <span class='ocrx_word' id='word_1_115' title='bbox 2027 866 2354 902; x_wconf 90' lang='lat' dir='ltr'>commentatus.</span> 
     </span>
     <span class='ocr_line' id='line_1_11' title="bbox 155 915 2356 976; baseline 0.003 -19"><span class='ocrx_word' id='word_1_116' title='bbox 155 916 328 958; x_wconf 89' lang='lat' dir='ltr'>Eodem</span> <span class='ocrx_word' id='word_1_117' title='bbox 362 916 493 972; x_wconf 88' lang='lat' dir='ltr'>igitur</span> <span class='ocrx_word' id='word_1_118' title='bbox 531 915 666 957; x_wconf 91' lang='lat' dir='ltr'>modo</span> <span class='ocrx_word' id='word_1_119' title='bbox 711 915 1030 970; x_wconf 89' lang='lat' dir='ltr'>interpretanda</span> <span class='ocrx_word' id='word_1_120' title='bbox 1067 922 1168 957; x_wconf 86' lang='lat' dir='ltr'>sunt</span> <span class='ocrx_word' id='word_1_121' title='bbox 1210 916 1457 957; x_wconf 90' lang='lat' dir='ltr'>testimonia</span> <span class='ocrx_word' id='word_1_122' title='bbox 1498 917 1663 958; x_wconf 91' lang='lat' dir='ltr'>Triveti</span> <span class='ocrx_word' id='word_1_123' title='bbox 1696 924 1738 958; x_wconf 89' lang='lat' dir='ltr'>et</span> <span class='ocrx_word' id='word_1_124' title='bbox 1773 919 2082 970; x_wconf 88' lang='lat' dir='ltr'>Valleoletani;</span> <span class='ocrx_word' id='word_1_125' title='bbox 2118 934 2356 976; x_wconf 92' lang='lat' dir='ltr'>eorumque</span> 
     </span>
     <span class='ocr_line' id='line_1_12' title="bbox 154 978 2358 1034; baseline 0.002 -14"><span class='ocrx_word' id='word_1_126' title='bbox 154 978 386 1021; x_wconf 86' lang='lat' dir='ltr'>auctoritas</span> <span class='ocrx_word' id='word_1_127' title='bbox 420 979 583 1033; x_wconf 87' lang='lat' dir='ltr'>optime</span> <span class='ocrx_word' id='word_1_128' title='bbox 617 978 827 1034; x_wconf 85' lang='lat' dir='ltr'>allegatur</span> <span class='ocrx_word' id='word_1_129' title='bbox 865 978 921 1019; x_wconf 89' lang='lat' dir='ltr'>ad</span> <span class='ocrx_word' id='word_1_130' title='bbox 952 978 1229 1033; x_wconf 91' lang='lat' dir='ltr'>probandum</span> <span class='ocrx_word' id='word_1_131' title='bbox 1258 993 1291 1020; x_wconf 83' lang='lat' dir='ltr'>S.</span> <span class='ocrx_word' id='word_1_132' title='bbox 1316 979 1535 1020; x_wconf 89' lang='lat' dir='ltr'>Thomam</span> <span class='ocrx_word' id='word_1_133' title='bbox 1567 981 1872 1021; x_wconf 87' lang='lat' dir='ltr'>commentaria</span> <span class='ocrx_word' id='word_1_134' title='bbox 1902 981 2089 1023; x_wconf 90' lang='lat' dir='ltr'>edidisse</span> <span class='ocrx_word' id='word_1_135' title='bbox 2124 983 2166 1023; x_wconf 95' lang='lat' dir='ltr'>in</span> <span class='ocrx_word' id='word_1_136' title='bbox 2203 984 2358 1025; x_wconf 91' lang='lat' dir='ltr'>librum</span> 
     </span>
     <span class='ocr_line' id='line_1_13' title="bbox 154 1041 2357 1100; baseline 0.002 -17"><span class='ocrx_word' id='word_1_137' title='bbox 154 1041 209 1083; x_wconf 86' lang='lat' dir='ltr'>de</span> <span class='ocrx_word' id='word_1_138' title='bbox 245 1042 541 1089; x_wconf 74' lang='lat' dir='ltr'>Generatione,</span> <span class='ocrx_word' id='word_1_139' title='bbox 571 1041 650 1082; x_wconf 90' lang='lat' dir='ltr'>sed</span> <span class='ocrx_word' id='word_1_140' title='bbox 669 1054 723 1082; x_wconf 90' lang='lat' dir='ltr'>ex</span> <span class='ocrx_word' id='word_1_141' title='bbox 742 1054 792 1082; x_wconf 88' lang='lat' dir='ltr'>ea</span> <span class='ocrx_word' id='word_1_142' title='bbox 810 1041 1053 1082; x_wconf 90' lang='lat' dir='ltr'>nullatenus</span> <span class='ocrx_word' id='word_1_143' title='bbox 1082 1041 1306 1082; x_wconf 89' lang='lat' dir='ltr'>conficitur</span> <span class='ocrx_word' id='word_1_144' title='bbox 1328 1041 1636 1082; x_wconf 89' lang='lat' dir='ltr'>commentaria</span> <span class='ocrx_word' id='word_1_145' title='bbox 1655 1043 1734 1082; x_wconf 88' lang='lat' dir='ltr'>ista</span> <span class='ocrx_word' id='word_1_146' title='bbox 1756 1043 1811 1083; x_wconf 89' lang='lat' dir='ltr'>ad</span> <span class='ocrx_word' id='word_1_147' title='bbox 1837 1049 1976 1084; x_wconf 88' lang='lat' dir='ltr'>totum</span> <span class='ocrx_word' id='word_1_148' title='bbox 2001 1058 2111 1099; x_wconf 92' lang='lat' dir='ltr'>opus</span> <span class='ocrx_word' id='word_1_149' title='bbox 2135 1046 2357 1100; x_wconf 91' lang='lat' dir='ltr'>pertinere.</span> 
     </span>
     <span class='ocr_line' id='line_1_14' title="bbox 176 1104 2358 1162; baseline 0.002 -17"><span class='ocrx_word' id='word_1_150' title='bbox 176 1136 180 1157; x_wconf 79' lang='grc'><em>,</em></span> <span class='ocrx_word' id='word_1_151' title='bbox 282 1104 337 1145; x_wconf 92' lang='lat' dir='ltr'>V.</span> <span class='ocrx_word' id='word_1_152' title='bbox 362 1104 468 1156; x_wconf 82' lang='lat' dir='ltr'>QUA</span> <span class='ocrx_word' id='word_1_153' title='bbox 496 1115 725 1145; x_wconf 71' lang='lat' dir='ltr'>LsscrroNE</span> <span class='ocrx_word' id='word_1_154' title='bbox 749 1115 1056 1144; x_wconf 83' lang='lat' dir='ltr'>COMPLEATUR</span> <span class='ocrx_word' id='word_1_155' title='bbox 1082 1116 1319 1145; x_wconf 80' lang='lat' dir='ltr'>EXPOSITIO</span> <span class='ocrx_word' id='word_1_156' title='bbox 1342 1115 1377 1144; x_wconf 82' lang='lat' dir='ltr'>s,</span> <span class='ocrx_word' id='word_1_157' title='bbox 1394 1105 1606 1145; x_wconf 81' lang='lat' dir='ltr'>THOMAE.</span> <span class='ocrx_word' id='word_1_158' title='bbox 1625 1128 1643 1134; x_wconf 99' lang='lat'>-</span> <span class='ocrx_word' id='word_1_159' title='bbox 1668 1105 1782 1146; x_wconf 89' lang='lat' dir='ltr'>Satis</span> <span class='ocrx_word' id='word_1_160' title='bbox 1807 1119 1911 1161; x_wconf 87' lang='lat' dir='ltr'>ergo</span> <span class='ocrx_word' id='word_1_161' title='bbox 1938 1113 2135 1148; x_wconf 86' lang='lat' dir='ltr'>constare</span> <span class='ocrx_word' id='word_1_162' title='bbox 2157 1114 2358 1162; x_wconf 88' lang='lat' dir='ltr'>putamus</span> 
     </span>
     <span class='ocr_line' id='line_1_15' title="bbox 126 1166 2357 1225; baseline 0.001 -16"><span class='ocrx_word' id='word_1_163' title='bbox 126 1181 217 1209; x_wconf 75' lang='lat' dir='ltr'>-ex</span> <span class='ocrx_word' id='word_1_164' title='bbox 243 1167 497 1208; x_wconf 86' lang='lat' dir='ltr'>auctoritate</span> <span class='ocrx_word' id='word_1_165' title='bbox 532 1172 729 1208; x_wconf 91' lang='lat' dir='ltr'>veterum</span> <span class='ocrx_word' id='word_1_166' title='bbox 763 1166 1034 1220; x_wconf 90' lang='lat' dir='ltr'>scriptorum,</span> <span class='ocrx_word' id='word_1_167' title='bbox 1058 1166 1168 1206; x_wconf 90' lang='lat' dir='ltr'>hanc</span> <span class='ocrx_word' id='word_1_168' title='bbox 1203 1166 1523 1220; x_wconf 85' lang='lat' dir='ltr'>expositionem</span> <span class='ocrx_word' id='word_1_169' title='bbox 1556 1168 1924 1208; x_wconf 88' lang='lat' dir='ltr'>annumerandam</span> <span class='ocrx_word' id='word_1_170' title='bbox 1958 1182 2053 1210; x_wconf 92' lang='lat' dir='ltr'>esse</span> <span class='ocrx_word' id='word_1_171' title='bbox 2087 1169 2196 1211; x_wconf 89' lang='lat' dir='ltr'>inter</span> <span class='ocrx_word' id='word_1_172' title='bbox 2225 1184 2357 1225; x_wconf 87' lang='lat' dir='ltr'>opera</span> 
     </span>
     <span class='ocr_line' id='line_1_16' title="bbox 155 1228 2357 1287; baseline 0.001 -15"><span class='ocrx_word' id='word_1_173' title='bbox 155 1243 189 1272; x_wconf 88' lang='lat' dir='ltr'>s.</span> <span class='ocrx_word' id='word_1_174' title='bbox 219 1230 422 1273; x_wconf 77' lang='lat' dir='ltr'>Thomae</span> <span class='ocrx_word' id='word_1_175' title='bbox 464 1229 738 1284; x_wconf 90' lang='lat' dir='ltr'>incompleta.</span> <span class='ocrx_word' id='word_1_176' title='bbox 774 1228 865 1270; x_wconf 88' lang='lat' dir='ltr'>Sed</span> <span class='ocrx_word' id='word_1_177' title='bbox 899 1241 1013 1269; x_wconf 91' lang='lat' dir='ltr'>nunc</span> <span class='ocrx_word' id='word_1_178' title='bbox 1058 1229 1190 1269; x_wconf 90' lang='lat' dir='ltr'>altera</span> <span class='ocrx_word' id='word_1_179' title='bbox 1234 1228 1432 1283; x_wconf 89' lang='lat' dir='ltr'>quaestio</span> <span class='ocrx_word' id='word_1_180' title='bbox 1474 1229 1659 1285; x_wconf 87' lang='lat' dir='ltr'>exurgit,</span> <span class='ocrx_word' id='word_1_181' title='bbox 1695 1230 1834 1285; x_wconf 90' lang='lat' dir='ltr'>magis</span> <span class='ocrx_word' id='word_1_182' title='bbox 1880 1231 2007 1272; x_wconf 88' lang='lat' dir='ltr'>etiam</span> <span class='ocrx_word' id='word_1_183' title='bbox 2040 1231 2238 1286; x_wconf 90' lang='lat' dir='ltr'>implexa,</span> <span class='ocrx_word' id='word_1_184' title='bbox 2269 1246 2357 1287; x_wconf 93' lang='lat' dir='ltr'>quo</span> 
     </span>
     <span class='ocr_line' id='line_1_17' title="bbox 155 1290 2356 1348; baseline 0.001 -14"><span class='ocrx_word' id='word_1_185' title='bbox 155 1304 314 1348; x_wconf 87' lang='lat' dir='ltr'>nempe</span> <span class='ocrx_word' id='word_1_186' title='bbox 336 1292 436 1333; x_wconf 93' lang='lat' dir='ltr'>loco</span> <span class='ocrx_word' id='word_1_187' title='bbox 461 1291 724 1333; x_wconf 87' lang='lat' dir='ltr'>constituere</span> <span class='ocrx_word' id='word_1_188' title='bbox 757 1296 958 1346; x_wconf 90' lang='lat' dir='ltr'>oporteat</span> <span class='ocrx_word' id='word_1_189' title='bbox 980 1290 1112 1331; x_wconf 90' lang='lat' dir='ltr'>finem</span> <span class='ocrx_word' id='word_1_190' title='bbox 1146 1291 1362 1346; x_wconf 86' lang='lat' dir='ltr'>genuinae</span> <span class='ocrx_word' id='word_1_191' title='bbox 1387 1292 1763 1333; x_wconf 86' lang='lat' dir='ltr'>commentationis</span> <span class='ocrx_word' id='word_1_192' title='bbox 1788 1293 2030 1347; x_wconf 88' lang='lat' dir='ltr'>Aquinatis.</span> <span class='ocrx_word' id='word_1_193' title='bbox 2056 1293 2180 1347; x_wconf 75' lang='lat' dir='ltr'>Quae</span> <span class='ocrx_word' id='word_1_194' title='bbox 2213 1301 2356 1336; x_wconf 90' lang='lat' dir='ltr'>autern</span> 
     </span>
     <span class='ocr_line' id='line_1_18' title="bbox 155 1353 2357 1407; baseline 0.001 -11"><span class='ocrx_word' id='word_1_195' title='bbox 155 1368 262 1397; x_wconf 89' lang='lat' dir='ltr'>mox</span> <span class='ocrx_word' id='word_1_196' title='bbox 296 1354 447 1396; x_wconf 91' lang='lat' dir='ltr'>dicturi</span> <span class='ocrx_word' id='word_1_197' title='bbox 481 1368 633 1395; x_wconf 90' lang='lat' dir='ltr'>sumus</span> <span class='ocrx_word' id='word_1_198' title='bbox 668 1354 710 1395; x_wconf 93' lang='lat' dir='ltr'>in</span> <span class='ocrx_word' id='word_1_199' title='bbox 744 1353 963 1394; x_wconf 84' lang='lat' dir='ltr'>solutione</span> <span class='ocrx_word' id='word_1_200' title='bbox 986 1353 1113 1394; x_wconf 91' lang='lat' dir='ltr'>huius</span> <span class='ocrx_word' id='word_1_201' title='bbox 1142 1353 1421 1407; x_wconf 86' lang='lat' dir='ltr'>quaestionis,</span> <span class='ocrx_word' id='word_1_202' title='bbox 1447 1367 1498 1394; x_wconf 89' lang='lat' dir='ltr'>ea</span> <span class='ocrx_word' id='word_1_203' title='bbox 1531 1354 1678 1395; x_wconf 89' lang='lat' dir='ltr'>omnia</span> <span class='ocrx_word' id='word_1_204' title='bbox 1711 1355 1982 1396; x_wconf 86' lang='lat' dir='ltr'>manifestum</span> <span class='ocrx_word' id='word_1_205' title='bbox 2017 1362 2082 1397; x_wconf 90' lang='lat' dir='ltr'>est</span> <span class='ocrx_word' id='word_1_206' title='bbox 2113 1357 2196 1397; x_wconf 92' lang='lat' dir='ltr'>huc</span> <span class='ocrx_word' id='word_1_207' title='bbox 2230 1358 2357 1398; x_wconf 91' lang='lat' dir='ltr'>etiam</span> 
     </span>
     <span class='ocr_line' id='line_1_19' title="bbox 154 1415 2356 1474; baseline 0 -15"><span class='ocrx_word' id='word_1_208' title='bbox 154 1423 363 1474; x_wconf 86' lang='lat' dir='ltr'>spectare,</span> <span class='ocrx_word' id='word_1_209' title='bbox 381 1423 428 1458; x_wconf 89' lang='lat' dir='ltr'>ut</span> <span class='ocrx_word' id='word_1_210' title='bbox 449 1416 726 1472; x_wconf 90' lang='lat' dir='ltr'>praecedenti</span> <span class='ocrx_word' id='word_1_211' title='bbox 748 1415 1126 1471; x_wconf 87' lang='lat' dir='ltr'>argumentationi,</span> <span class='ocrx_word' id='word_1_212' title='bbox 1145 1415 1180 1456; x_wconf 87' lang='lat' dir='ltr'>si</span> <span class='ocrx_word' id='word_1_213' title='bbox 1204 1429 1315 1470; x_wconf 91' lang='lat' dir='ltr'>opus</span> <span class='ocrx_word' id='word_1_214' title='bbox 1339 1416 1404 1464; x_wconf 92' lang='lat' dir='ltr'>sit,</span> <span class='ocrx_word' id='word_1_215' title='bbox 1425 1430 1589 1457; x_wconf 91' lang='lat' dir='ltr'>novum</span> <span class='ocrx_word' id='word_1_216' title='bbox 1614 1417 1758 1458; x_wconf 91' lang='lat' dir='ltr'>lumen</span> <span class='ocrx_word' id='word_1_217' title='bbox 1783 1423 1824 1458; x_wconf 91' lang='lat' dir='ltr'>et</span> <span class='ocrx_word' id='word_1_218' title='bbox 1848 1418 1986 1458; x_wconf 88' lang='lat' dir='ltr'>maius</span> <span class='ocrx_word' id='word_1_219' title='bbox 2009 1419 2142 1459; x_wconf 92' lang='lat' dir='ltr'>robur</span> <span class='ocrx_word' id='word_1_220' title='bbox 2163 1419 2356 1461; x_wconf 89' lang='lat' dir='ltr'>addatur.</span> 
     </span>
     <span class='ocr_line' id='line_1_20' title="bbox 155 1474 2356 1534; baseline -0 -11"><span class='ocrx_word' id='word_1_221' title='bbox 155 1480 249 1524; x_wconf 78' lang='lat' dir='ltr'>Sed</span> <span class='ocrx_word' id='word_1_222' title='bbox 280 1485 516 1534; x_wconf 88' lang='lat' dir='ltr'>antequam</span> <span class='ocrx_word' id='word_1_223' title='bbox 550 1479 814 1520; x_wconf 85' lang='lat' dir='ltr'>solutionem</span> <span class='ocrx_word' id='word_1_224' title='bbox 848 1474 1167 1534; x_wconf 85' lang='lat' dir='ltr'>aggrediamur,</span> <span class='ocrx_word' id='word_1_225' title='bbox 1194 1478 1348 1519; x_wconf 90' lang='lat' dir='ltr'>iuverit</span> <span class='ocrx_word' id='word_1_226' title='bbox 1380 1479 1423 1520; x_wconf 93' lang='lat' dir='ltr'>in</span> <span class='ocrx_word' id='word_1_227' title='bbox 1446 1485 1719 1520; x_wconf 91' lang='lat' dir='ltr'>antecessum</span> <span class='ocrx_word' id='word_1_228' title='bbox 1753 1493 1886 1520; x_wconf 90' lang='lat' dir='ltr'>unum</span> <span class='ocrx_word' id='word_1_229' title='bbox 1918 1487 2124 1522; x_wconf 89' lang='lat' dir='ltr'>annotare</span> <span class='ocrx_word' id='word_1_230' title='bbox 2149 1481 2204 1522; x_wconf 90' lang='lat' dir='ltr'>de</span> <span class='ocrx_word' id='word_1_231' title='bbox 2237 1481 2356 1522; x_wconf 91' lang='lat' dir='ltr'>codi-</span> 
     </span>
     <span class='ocr_line' id='line_1_21' title="bbox 155 1540 2357 1598; baseline 0 -14"><span class='ocrx_word' id='word_1_232' title='bbox 155 1543 280 1585; x_wconf 79' lang='lat' dir='ltr'>cibus</span> <span class='ocrx_word' id='word_1_233' title='bbox 313 1542 356 1583; x_wconf 93' lang='lat' dir='ltr'>in</span> <span class='ocrx_word' id='word_1_234' title='bbox 390 1541 806 1596; x_wconf 88' lang='lat' dir='ltr'>quibusexhibetur</span> <span class='ocrx_word' id='word_1_235' title='bbox 827 1541 933 1582; x_wconf 89' lang='lat' dir='ltr'>haec</span> <span class='ocrx_word' id='word_1_236' title='bbox 957 1540 1186 1595; x_wconf 89' lang='lat' dir='ltr'>expositio.</span> <span class='ocrx_word' id='word_1_237' title='bbox 1222 1541 1358 1582; x_wconf 89' lang='lat' dir='ltr'>Facto</span> <span class='ocrx_word' id='word_1_238' title='bbox 1383 1540 1495 1582; x_wconf 91' lang='lat' dir='ltr'>enim</span> <span class='ocrx_word' id='word_1_239' title='bbox 1532 1547 1800 1595; x_wconf 90' lang='lat' dir='ltr'>compertum</span> <span class='ocrx_word' id='word_1_240' title='bbox 1824 1547 1899 1590; x_wconf 92' lang='lat' dir='ltr'>est,</span> <span class='ocrx_word' id='word_1_241' title='bbox 1923 1555 2013 1596; x_wconf 92' lang='lat' dir='ltr'>quo</span> <span class='ocrx_word' id='word_1_242' title='bbox 2047 1543 2186 1598; x_wconf 88' lang='lat' dir='ltr'>magis</span> <span class='ocrx_word' id='word_1_243' title='bbox 2220 1543 2357 1584; x_wconf 91' lang='lat' dir='ltr'>abun-</span> 
     </span>
     <span class='ocr_line' id='line_1_22' title="bbox 155 1603 2358 1659; baseline -0 -12"><span class='ocrx_word' id='word_1_244' title='bbox 155 1605 261 1648; x_wconf 85' lang='lat' dir='ltr'>dant</span> <span class='ocrx_word' id='word_1_245' title='bbox 293 1603 468 1646; x_wconf 87' lang='lat' dir='ltr'>codices</span> <span class='ocrx_word' id='word_1_246' title='bbox 503 1617 685 1659; x_wconf 91' lang='lat' dir='ltr'>operum</span> <span class='ocrx_word' id='word_1_247' title='bbox 720 1617 833 1658; x_wconf 89' lang='lat' dir='ltr'>quae</span> <span class='ocrx_word' id='word_1_248' title='bbox 867 1604 922 1644; x_wconf 93' lang='lat' dir='ltr'>D.</span> <span class='ocrx_word' id='word_1_249' title='bbox 947 1603 1142 1644; x_wconf 89' lang='lat' dir='ltr'>Thomas</span> <span class='ocrx_word' id='word_1_250' title='bbox 1162 1603 1246 1644; x_wconf 88' lang='lat' dir='ltr'>&#39;vel</span> <span class='ocrx_word' id='word_1_251' title='bbox 1282 1603 1518 1658; x_wconf 89' lang='lat' dir='ltr'>complevit</span> <span class='ocrx_word' id='word_1_252' title='bbox 1550 1603 1742 1652; x_wconf 86' lang='lat' dir='ltr'>omnino,</span> <span class='ocrx_word' id='word_1_253' title='bbox 1766 1604 1836 1644; x_wconf 90' lang='lat' dir='ltr'>vel</span> <span class='ocrx_word' id='word_1_254' title='bbox 1871 1617 1924 1644; x_wconf 93' lang='lat' dir='ltr'>ex</span> <span class='ocrx_word' id='word_1_255' title='bbox 1955 1618 2114 1659; x_wconf 89' lang='lat' dir='ltr'>magna</span> <span class='ocrx_word' id='word_1_256' title='bbox 2136 1611 2254 1659; x_wconf 91' lang='lat' dir='ltr'>parte</span> <span class='ocrx_word' id='word_1_257' title='bbox 2287 1606 2358 1646; x_wconf 89' lang='lat' dir='ltr'>ab·</span> 
     </span>
     <span class='ocr_line' id='line_1_23' title="bbox 154 1666 2358 1721; baseline -0 -12"><span class='ocrx_word' id='word_1_258' title='bbox 154 1667 300 1716; x_wconf 77' lang='lat' dir='ltr'>solvit,</span> <span class='ocrx_word' id='word_1_259' title='bbox 327 1680 381 1708; x_wconf 92' lang='lat' dir='ltr'>eo</span> <span class='ocrx_word' id='word_1_260' title='bbox 406 1667 590 1708; x_wconf 89' lang='lat' dir='ltr'>rariores</span> <span class='ocrx_word' id='word_1_261' title='bbox 613 1680 711 1708; x_wconf 90' lang='lat' dir='ltr'>esse</span> <span class='ocrx_word' id='word_1_262' title='bbox 742 1666 917 1707; x_wconf 90' lang='lat' dir='ltr'>codices</span> <span class='ocrx_word' id='word_1_263' title='bbox 941 1679 1094 1706; x_wconf 91' lang='lat' dir='ltr'>eorum</span> <span class='ocrx_word' id='word_1_264' title='bbox 1118 1679 1300 1720; x_wconf 88' lang='lat' dir='ltr'>operum</span> <span class='ocrx_word' id='word_1_265' title='bbox 1324 1679 1437 1720; x_wconf 93' lang='lat' dir='ltr'>quae</span> <span class='ocrx_word' id='word_1_266' title='bbox 1460 1666 1700 1721; x_wconf 90' lang='lat' dir='ltr'>Angelicus</span> <span class='ocrx_word' id='word_1_267' title='bbox 1725 1679 1778 1706; x_wconf 93' lang='lat' dir='ltr'>ex</span> <span class='ocrx_word' id='word_1_268' title='bbox 1800 1666 1951 1706; x_wconf 90' lang='lat' dir='ltr'>maiori</span> <span class='ocrx_word' id='word_1_269' title='bbox 1969 1673 2088 1720; x_wconf 90' lang='lat' dir='ltr'>parte</span> <span class='ocrx_word' id='word_1_270' title='bbox 2112 1667 2358 1721; x_wconf 87' lang='lat' dir='ltr'>imperfecta</span> 
     </span>
     <span class='ocr_line' id='line_1_24' title="bbox 154 1728 2360 1786; baseline -0.001 -13"><span class='ocrx_word' id='word_1_271' title='bbox 154 1730 338 1786; x_wconf 71' lang='lat' dir='ltr'>reliquit.</span> <span class='ocrx_word' id='word_1_272' title='bbox 372 1730 525 1779; x_wconf 90' lang='lat' dir='ltr'>Porro,</span> <span class='ocrx_word' id='word_1_273' title='bbox 550 1729 752 1784; x_wconf 89' lang='lat' dir='ltr'>quamvis</span> <span class='ocrx_word' id='word_1_274' title='bbox 786 1729 828 1770; x_wconf 92' lang='lat' dir='ltr'>in</span> <span class='ocrx_word' id='word_1_275' title='bbox 863 1728 1141 1783; x_wconf 89' lang='lat' dir='ltr'>exquirendis</span> <span class='ocrx_word' id='word_1_276' title='bbox 1175 1728 1302 1769; x_wconf 91' lang='lat' dir='ltr'>huius</span> <span class='ocrx_word' id='word_1_277' title='bbox 1326 1728 1623 1769; x_wconf 91' lang='lat' dir='ltr'>commentarii</span> <span class='ocrx_word' id='word_1_278' title='bbox 1658 1728 1881 1769; x_wconf 89' lang='lat' dir='ltr'>codicibus</span> <span class='ocrx_word' id='word_1_279' title='bbox 1904 1729 2105 1782; x_wconf 89' lang='lat' dir='ltr'>peculiari</span> <span class='ocrx_word' id='word_1_280' title='bbox 2140 1729 2360 1784; x_wconf 90' lang='lat' dir='ltr'>diligentia</span> 
     </span>
     <span class='ocr_line' id='line_1_25' title="bbox 154 1790 2356 1846; baseline -0.001 -11"><span class='ocrx_word' id='word_1_281' title='bbox 154 1793 444 1838; x_wconf 80' lang='lat' dir='ltr'>bibliothecas</span> <span class='ocrx_word' id='word_1_282' title='bbox 468 1791 759 1840; x_wconf 87' lang='lat' dir='ltr'>lustravimus,</span> <span class='ocrx_word' id='word_1_283' title='bbox 776 1797 922 1832; x_wconf 89' lang='lat' dir='ltr'>tamen</span> <span class='ocrx_word' id='word_1_284' title='bbox 944 1791 1230 1846; x_wconf 87' lang='lat' dir='ltr'>expositionis</span> <span class='ocrx_word' id='word_1_285' title='bbox 1255 1791 1382 1832; x_wconf 91' lang='lat' dir='ltr'>huius</span> <span class='ocrx_word' id='word_1_286' title='bbox 1406 1791 1577 1832; x_wconf 91' lang='lat' dir='ltr'>nonnisi</span> <span class='ocrx_word' id='word_1_287' title='bbox 1601 1797 1686 1832; x_wconf 89' lang='lat' dir='ltr'>tres</span> <span class='ocrx_word' id='word_1_288' title='bbox 1710 1790 1882 1831; x_wconf 92' lang='lat' dir='ltr'>codices</span> <span class='ocrx_word' id='word_1_289' title='bbox 1906 1790 2097 1832; x_wconf 89' lang='lat' dir='ltr'>invenire</span> <span class='ocrx_word' id='word_1_290' title='bbox 2119 1792 2356 1846; x_wconf 88' lang='lat' dir='ltr'>potuimus:</span> 
     </span>
     <span class='ocr_line' id='line_1_26' title="bbox 153 1853 2357 1911; baseline -0.002 -13"><span class='ocrx_word' id='word_1_291' title='bbox 153 1869 314 1911; x_wconf 89' lang='lat' dir='ltr'>nempe</span> <span class='ocrx_word' id='word_1_292' title='bbox 347 1854 460 1896; x_wconf 92' lang='lat' dir='ltr'>duos</span> <span class='ocrx_word' id='word_1_293' title='bbox 500 1854 798 1903; x_wconf 89' lang='lat' dir='ltr'>Oxonienses,</span> <span class='ocrx_word' id='word_1_294' title='bbox 835 1853 876 1894; x_wconf 92' lang='lat' dir='ltr'>in</span> <span class='ocrx_word' id='word_1_295' title='bbox 910 1867 1098 1908; x_wconf 92' lang='lat' dir='ltr'>quorum</span> <span class='ocrx_word' id='word_1_296' title='bbox 1132 1866 1220 1894; x_wconf 93' lang='lat' dir='ltr'>uno</span> <span class='ocrx_word' id='word_1_297' title='bbox 1258 1859 1374 1894; x_wconf 89' lang='lat' dir='ltr'>extat</span> <span class='ocrx_word' id='word_1_298' title='bbox 1407 1853 1622 1908; x_wconf 91' lang='lat' dir='ltr'>expositio</span> <span class='ocrx_word' id='word_1_299' title='bbox 1655 1859 1821 1894; x_wconf 86' lang='lat' dir='ltr'>tantum</span> <span class='ocrx_word' id='word_1_300' title='bbox 1853 1865 1993 1907; x_wconf 91' lang='lat' dir='ltr'>usque</span> <span class='ocrx_word' id='word_1_301' title='bbox 2026 1853 2081 1894; x_wconf 87' lang='lat' dir='ltr'>ad</span> <span class='ocrx_word' id='word_1_302' title='bbox 2114 1853 2244 1894; x_wconf 89' lang='lat' dir='ltr'>finem</span> <span class='ocrx_word' id='word_1_303' title='bbox 2279 1854 2357 1894; x_wconf 90' lang='lat' dir='ltr'>cir-</span> 
     </span>
     <span class='ocr_line' id='line_1_27' title="bbox 155 1912 2358 1972; baseline -0.001 -12"><span class='ocrx_word' id='word_1_304' title='bbox 155 1918 260 1962; x_wconf 85' lang='lat' dir='ltr'>citer</span> <span class='ocrx_word' id='word_1_305' title='bbox 291 1912 472 1960; x_wconf 86' lang='lat' dir='ltr'>sec&#39;undi</span> <span class='ocrx_word' id='word_1_306' title='bbox 506 1917 673 1959; x_wconf 90' lang='lat' dir='ltr'>numeri</span> <span class='ocrx_word' id='word_1_307' title='bbox 708 1922 886 1972; x_wconf 90' lang='lat' dir='ltr'>quartae</span> <span class='ocrx_word' id='word_1_308' title='bbox 920 1916 1116 1957; x_wconf 91' lang='lat' dir='ltr'>lectionis</span> <span class='ocrx_word' id='word_1_309' title='bbox 1149 1915 1192 1956; x_wconf 94' lang='lat' dir='ltr'>in</span> <span class='ocrx_word' id='word_1_310' title='bbox 1227 1916 1413 1970; x_wconf 91' lang='lat' dir='ltr'>primum</span> <span class='ocrx_word' id='word_1_311' title='bbox 1439 1916 1614 1964; x_wconf 88' lang='lat' dir='ltr'>librum,</span> <span class='ocrx_word' id='word_1_312' title='bbox 1639 1916 1682 1956; x_wconf 92' lang='lat' dir='ltr'>in</span> <span class='ocrx_word' id='word_1_313' title='bbox 1716 1916 1850 1956; x_wconf 89' lang='lat' dir='ltr'>altero</span> <span class='ocrx_word' id='word_1_314' title='bbox 1883 1928 2024 1969; x_wconf 89' lang='lat' dir='ltr'>usque</span> <span class='ocrx_word' id='word_1_315' title='bbox 2057 1915 2113 1956; x_wconf 92' lang='lat' dir='ltr'>ad</span> <span class='ocrx_word' id='word_1_316' title='bbox 2147 1915 2358 1971; x_wconf 88' lang='lat' dir='ltr'>integram</span> 
     </span>
     <span class='ocr_line' id='line_1_28' title="bbox 154 1977 2357 2033; baseline -0.002 -10"><span class='ocrx_word' id='word_1_317' title='bbox 154 1981 387 2025; x_wconf 79' lang='lat' dir='ltr'>lectionem</span> <span class='ocrx_word' id='word_1_318' title='bbox 409 1993 502 2021; x_wconf 86' lang='lat' dir='ltr'>xvn</span> <span class='ocrx_word' id='word_1_319' title='bbox 536 1979 732 2021; x_wconf 91' lang='lat' dir='ltr'>eiusdem</span> <span class='ocrx_word' id='word_1_320' title='bbox 766 1979 884 2027; x_wconf 91' lang='lat' dir='ltr'>libri;</span> <span class='ocrx_word' id='word_1_321' title='bbox 921 1983 963 2019; x_wconf 89' lang='lat' dir='ltr'>et</span> <span class='ocrx_word' id='word_1_322' title='bbox 995 1979 1166 2020; x_wconf 91' lang='lat' dir='ltr'>tertium</span> <span class='ocrx_word' id='word_1_323' title='bbox 1199 1978 1499 2027; x_wconf 88' lang='lat' dir='ltr'>Parisiensem,</span> <span class='ocrx_word' id='word_1_324' title='bbox 1525 1978 1610 2033; x_wconf 92' lang='lat' dir='ltr'>qui,</span> <span class='ocrx_word' id='word_1_325' title='bbox 1647 1978 1725 2019; x_wconf 89' lang='lat' dir='ltr'>etsi</span> <span class='ocrx_word' id='word_1_326' title='bbox 1750 1977 2067 2033; x_wconf 89' lang='lat' dir='ltr'>expositionem</span> <span class='ocrx_word' id='word_1_327' title='bbox 2095 1978 2294 2019; x_wconf 89' lang='lat' dir='ltr'>exhibeat</span> <span class='ocrx_word' id='word_1_328' title='bbox 2315 1978 2357 2018; x_wconf 94' lang='lat' dir='ltr'>in</span> 
     </span>
     <span class='ocr_line' id='line_1_29' title="bbox 156 2040 2358 2099; baseline -0.003 -13"><span class='ocrx_word' id='word_1_329' title='bbox 156 2044 269 2087; x_wconf 79' lang='lat' dir='ltr'>duos</span> <span class='ocrx_word' id='word_1_330' title='bbox 302 2043 437 2084; x_wconf 90' lang='lat' dir='ltr'>libros</span> <span class='ocrx_word' id='word_1_331' title='bbox 471 2043 679 2099; x_wconf 82' lang='lat' dir='ltr'>integros,</span> <span class='ocrx_word' id='word_1_332' title='bbox 714 2042 872 2083; x_wconf 91' lang='lat' dir='ltr'>nullius</span> <span class='ocrx_word' id='word_1_333' title='bbox 906 2047 1050 2082; x_wconf 90' lang='lat' dir='ltr'>tamen</span> <span class='ocrx_word' id='word_1_334' title='bbox 1084 2041 1349 2082; x_wconf 89' lang='lat' dir='ltr'>auctoritatis</span> <span class='ocrx_word' id='word_1_335' title='bbox 1393 2047 1458 2082; x_wconf 92' lang='lat' dir='ltr'>est</span> <span class='ocrx_word' id='word_1_336' title='bbox 1490 2041 1533 2082; x_wconf 90' lang='lat' dir='ltr'>in</span> <span class='ocrx_word' id='word_1_337' title='bbox 1576 2041 1655 2082; x_wconf 89' lang='lat' dir='ltr'>hac</span> <span class='ocrx_word' id='word_1_338' title='bbox 1689 2040 1965 2095; x_wconf 91' lang='lat' dir='ltr'>quaestione,</span> <span class='ocrx_word' id='word_1_339' title='bbox 2001 2054 2098 2081; x_wconf 92' lang='lat' dir='ltr'>cum</span> <span class='ocrx_word' id='word_1_340' title='bbox 2131 2040 2186 2081; x_wconf 91' lang='lat' dir='ltr'>sit</span> <span class='ocrx_word' id='word_1_341' title='bbox 2219 2040 2358 2081; x_wconf 91' lang='lat' dir='ltr'>codex</span> 
     </span>
     <span class='ocr_line' id='line_1_30' title="bbox 155 2102 2352 2159; baseline -0.003 -10"><span class='ocrx_word' id='word_1_342' title='bbox 155 2105 499 2154; x_wconf 78' lang='lat' dir='ltr'>recentissimus,</span> <span class='ocrx_word' id='word_1_343' title='bbox 545 2105 681 2146; x_wconf 91' lang='lat' dir='ltr'>immo</span> <span class='ocrx_word' id='word_1_344' title='bbox 727 2104 966 2159; x_wconf 90' lang='lat' dir='ltr'>exscriptus</span> <span class='ocrx_word' id='word_1_345' title='bbox 1006 2109 1211 2158; x_wconf 89' lang='lat' dir='ltr'>appareat</span> <span class='ocrx_word' id='word_1_346' title='bbox 1245 2117 1298 2145; x_wconf 92' lang='lat' dir='ltr'>ex</span> <span class='ocrx_word' id='word_1_347' title='bbox 1332 2103 1521 2144; x_wconf 89' lang='lat' dir='ltr'>editione</span> <span class='ocrx_word' id='word_1_348' title='bbox 1556 2103 1727 2144; x_wconf 89' lang='lat' dir='ltr'>Veneta</span> <span class='ocrx_word' id='word_1_349' title='bbox 1766 2104 1906 2155; x_wconf 88' lang='lat'>1498;</span> <span class='ocrx_word' id='word_1_350' title='bbox 1946 2102 2000 2143; x_wconf 92' lang='lat' dir='ltr'>de</span> <span class='ocrx_word' id='word_1_351' title='bbox 2041 2116 2127 2157; x_wconf 88' lang='lat' dir='ltr'>qua</span> <span class='ocrx_word' id='word_1_352' title='bbox 2158 2116 2202 2143; x_wconf 93' lang='lat' dir='ltr'>re</span> <span class='ocrx_word' id='word_1_353' title='bbox 2236 2102 2352 2143; x_wconf 87' lang='lat' dir='ltr'>infra.</span> 
     </span>
     <span class='ocr_line' id='line_1_31' title="bbox 154 2164 2355 2225; baseline -0.002 -15"><span class='ocrx_word' id='word_1_354' title='bbox 154 2169 254 2225; x_wconf 89' lang='lat' dir='ltr'>Ipse</span> <span class='ocrx_word' id='word_1_355' title='bbox 287 2181 395 2224; x_wconf 89' lang='lat' dir='ltr'>ergo</span> <span class='ocrx_word' id='word_1_356' title='bbox 419 2167 635 2209; x_wconf 89' lang='lat' dir='ltr'>maximus</span> <span class='ocrx_word' id='word_1_357' title='bbox 659 2166 851 2208; x_wconf 87' lang='lat' dir='ltr'>defectus</span> <span class='ocrx_word' id='word_1_358' title='bbox 875 2166 1075 2207; x_wconf 91' lang='lat' dir='ltr'>codicum</span> <span class='ocrx_word' id='word_1_359' title='bbox 1110 2166 1337 2207; x_wconf 84' lang='lat' dir='ltr'>manifesto</span> <span class='ocrx_word' id='word_1_360' title='bbox 1369 2165 1528 2206; x_wconf 91' lang='lat' dir='ltr'>indicio</span> <span class='ocrx_word' id='word_1_361' title='bbox 1553 2179 1649 2207; x_wconf 92' lang='lat' dir='ltr'>esse</span> <span class='ocrx_word' id='word_1_362' title='bbox 1672 2171 1827 2220; x_wconf 86' lang='lat' dir='ltr'>potest,</span> <span class='ocrx_word' id='word_1_363' title='bbox 1852 2164 1972 2219; x_wconf 93' lang='lat' dir='ltr'>quod</span> <span class='ocrx_word' id='word_1_364' title='bbox 2011 2164 2116 2206; x_wconf 87' lang='lat' dir='ltr'>haec</span> <span class='ocrx_word' id='word_1_365' title='bbox 2143 2165 2355 2220; x_wconf 90' lang='lat' dir='ltr'>expositio</span> 
     </span>
     <span class='ocr_line' id='line_1_32' title="bbox 154 2228 1581 2284; baseline -0.006 -10"><span class='ocrx_word' id='word_1_366' title='bbox 154 2230 396 2274; x_wconf 86' lang='lat' dir='ltr'>admodum</span> <span class='ocrx_word' id='word_1_367' title='bbox 431 2230 692 2284; x_wconf 88' lang='lat' dir='ltr'>incompleta</span> <span class='ocrx_word' id='word_1_368' title='bbox 725 2228 940 2270; x_wconf 89' lang='lat' dir='ltr'>remansit.</span> <span class='ocrx_word' id='word_1_369' title='bbox 1578 2234 1581 2237; x_wconf 85' lang='lat'>·</span> 
     </span>
    </p>

    <p class='ocr_par' dir='ltr' id='par_1_3' title="bbox 154 2288 2359 2848">
     <span class='ocr_line' id='line_1_33' title="bbox 242 2288 2354 2348; baseline -0.002 -14"><span class='ocrx_word' id='word_1_370' title='bbox 242 2289 247 2293; x_wconf 75' lang='grc'><strong>’</strong></span> <span class='ocrx_word' id='word_1_371' title='bbox 282 2293 365 2334; x_wconf 91' lang='lat' dir='ltr'>His</span> <span class='ocrx_word' id='word_1_372' title='bbox 397 2292 658 2348; x_wconf 89' lang='lat' dir='ltr'>praemissis,</span> <span class='ocrx_word' id='word_1_373' title='bbox 695 2291 750 2332; x_wconf 90' lang='lat' dir='ltr'>ad</span> <span class='ocrx_word' id='word_1_374' title='bbox 790 2291 1059 2346; x_wconf 89' lang='lat' dir='ltr'>propositam</span> <span class='ocrx_word' id='word_1_375' title='bbox 1104 2290 1406 2345; x_wconf 89' lang='lat' dir='ltr'>quaestionem</span> <span class='ocrx_word' id='word_1_376' title='bbox 1442 2290 1640 2344; x_wconf 91' lang='lat' dir='ltr'>sequenti</span> <span class='ocrx_word' id='word_1_377' title='bbox 1682 2289 1980 2345; x_wconf 91' lang='lat' dir='ltr'>propositione</span> <span class='ocrx_word' id='word_1_378' title='bbox 2014 2288 2354 2344; x_wconf 87' lang='lat' dir='ltr'>respondemus:</span> 
     </span>
     <span class='ocr_line' id='line_1_34' title="bbox 162 2351 2355 2409; baseline -0.003 -11"><span class='ocrx_word' id='word_1_379' title='bbox 162 2356 364 2399; x_wconf 84' lang='lat' dir='ltr'>Genuina</span> <span class='ocrx_word' id='word_1_380' title='bbox 395 2369 430 2396; x_wconf 86' lang='lat' dir='ltr'>s.</span> <span class='ocrx_word' id='word_1_381' title='bbox 467 2355 510 2395; x_wconf 89' lang='lat' dir='ltr'><em>T</em></span> <span class='ocrx_word' id='word_1_382' title='bbox 501 2355 658 2396; x_wconf 76' lang='lat' dir='ltr'>homae</span> <span class='ocrx_word' id='word_1_383' title='bbox 690 2354 899 2409; x_wconf 78' lang='lat' dir='ltr'>expositio</span> <span class='ocrx_word' id='word_1_384' title='bbox 939 2352 1181 2394; x_wconf 80' lang='lat' dir='ltr'>absolvitur</span> <span class='ocrx_word' id='word_1_385' title='bbox 1218 2366 1315 2394; x_wconf 83' lang='lat' dir='ltr'>cum</span> <span class='ocrx_word' id='word_1_386' title='bbox 1354 2353 1529 2393; x_wconf 82' lang='lat' dir='ltr'>lectione</span> <span class='ocrx_word' id='word_1_387' title='bbox 1570 2365 1661 2393; x_wconf 85' lang='lat' dir='ltr'>xvn</span> <span class='ocrx_word' id='word_1_388' title='bbox 1685 2352 1827 2406; x_wconf 78' lang='lat' dir='ltr'>primi</span> <span class='ocrx_word' id='word_1_389' title='bbox 1857 2352 1966 2392; x_wconf 80' lang='lat' dir='ltr'>libri.</span> <span class='ocrx_word' id='word_1_390' title='bbox 2001 2351 2193 2392; x_wconf 90' lang='lat' dir='ltr'>Primum</span> <span class='ocrx_word' id='word_1_391' title='bbox 2227 2365 2355 2406; x_wconf 89' lang='lat' dir='ltr'>argu-</span> 
     </span>
     <span class='ocr_line' id='line_1_35' title="bbox 155 2413 2356 2471; baseline -0.003 -11"><span class='ocrx_word' id='word_1_392' title='bbox 155 2423 353 2460; x_wconf 86' lang='lat' dir='ltr'>mentum</span> <span class='ocrx_word' id='word_1_393' title='bbox 386 2417 441 2458; x_wconf 86' lang='lat' dir='ltr'>ad</span> <span class='ocrx_word' id='word_1_394' title='bbox 475 2417 586 2458; x_wconf 89' lang='lat' dir='ltr'>hanc</span> <span class='ocrx_word' id='word_1_395' title='bbox 618 2416 774 2458; x_wconf 88' lang='lat' dir='ltr'>thesim</span> <span class='ocrx_word' id='word_1_396' title='bbox 808 2415 1080 2471; x_wconf 85' lang='lat' dir='ltr'>probandam</span> <span class='ocrx_word' id='word_1_397' title='bbox 1113 2414 1412 2470; x_wconf 87' lang='lat' dir='ltr'>suppeditatur</span> <span class='ocrx_word' id='word_1_398' title='bbox 1443 2429 1469 2455; x_wconf 91' lang='lat' dir='ltr'>a</span> <span class='ocrx_word' id='word_1_399' title='bbox 1492 2415 1641 2456; x_wconf 89' lang='lat' dir='ltr'>codice</span> <span class='ocrx_word' id='word_1_400' title='bbox 1675 2414 1746 2455; x_wconf 94' lang='lat' dir='ltr'>illo</span> <span class='ocrx_word' id='word_1_401' title='bbox 1781 2414 2034 2462; x_wconf 91' lang='lat' dir='ltr'>Oxoniensi,</span> <span class='ocrx_word' id='word_1_402' title='bbox 2059 2414 2132 2468; x_wconf 90' lang='lat' dir='ltr'>qui</span> <span class='ocrx_word' id='word_1_403' title='bbox 2167 2413 2208 2453; x_wconf 93' lang='lat' dir='ltr'>in</span> <span class='ocrx_word' id='word_1_404' title='bbox 2242 2413 2356 2454; x_wconf 91' lang='lat' dir='ltr'>notis</span> 
     </span>
     <span class='ocr_line' id='line_1_36' title="bbox 154 2476 2356 2536; baseline -0.003 -14"><span class='ocrx_word' id='word_1_405' title='bbox 154 2481 373 2524; x_wconf 88' lang='lat' dir='ltr'>invenitur</span> <span class='ocrx_word' id='word_1_406' title='bbox 406 2479 660 2536; x_wconf 72' lang='lat' dir='ltr'>designatus</span> <span class='ocrx_word' id='word_1_407' title='bbox 694 2492 772 2534; x_wconf 91' lang='lat' dir='ltr'>per</span> <span class='ocrx_word' id='word_1_408' title='bbox 793 2478 976 2519; x_wconf 88' lang='lat' dir='ltr'>litteram</span> <span class='ocrx_word' id='word_1_409' title='bbox 1000 2478 1062 2525; x_wconf 93' lang='lat' dir='ltr'>A,</span> <span class='ocrx_word' id='word_1_410' title='bbox 1097 2478 1271 2532; x_wconf 89' lang='lat' dir='ltr'>quique,</span> <span class='ocrx_word' id='word_1_411' title='bbox 1296 2483 1343 2518; x_wconf 93' lang='lat' dir='ltr'>ut</span> <span class='ocrx_word' id='word_1_412' title='bbox 1366 2476 1564 2526; x_wconf 89' lang='lat' dir='ltr'>diximus,</span> <span class='ocrx_word' id='word_1_413' title='bbox 1590 2476 1739 2518; x_wconf 92' lang='lat' dir='ltr'>decern</span> <span class='ocrx_word' id='word_1_414' title='bbox 1774 2482 1816 2517; x_wconf 91' lang='lat' dir='ltr'>et</span> <span class='ocrx_word' id='word_1_415' title='bbox 1847 2482 2013 2531; x_wconf 91' lang='lat' dir='ltr'>septem</span> <span class='ocrx_word' id='word_1_416' title='bbox 2042 2476 2247 2516; x_wconf 91' lang='lat' dir='ltr'>lectiones</span> <span class='ocrx_word' id='word_1_417' title='bbox 2282 2489 2356 2516; x_wconf 91' lang='lat' dir='ltr'>ex-</span> 
     </span>
     <span class='ocr_line' id='line_1_37' title="bbox 155 2537 2357 2601; baseline -0.003 -16"><span class='ocrx_word' id='word_1_418' title='bbox 155 2543 387 2601; x_wconf 88' lang='lat' dir='ltr'>positionis</span> <span class='ocrx_word' id='word_1_419' title='bbox 410 2556 443 2584; x_wconf 89' lang='lat' dir='ltr'>s.</span> <span class='ocrx_word' id='word_1_420' title='bbox 468 2543 669 2584; x_wconf 90' lang='lat' dir='ltr'>Thomae</span> <span class='ocrx_word' id='word_1_421' title='bbox 704 2541 890 2582; x_wconf 91' lang='lat' dir='ltr'>exhibet.</span> <span class='ocrx_word' id='word_1_422' title='bbox 914 2541 956 2582; x_wconf 95' lang='lat' dir='ltr'>Is</span> <span class='ocrx_word' id='word_1_423' title='bbox 990 2540 1117 2589; x_wconf 91' lang='lat' dir='ltr'>enim,</span> <span class='ocrx_word' id='word_1_424' title='bbox 1137 2540 1339 2581; x_wconf 88' lang='lat' dir='ltr'>absoluta</span> <span class='ocrx_word' id='word_1_425' title='bbox 1360 2552 1451 2580; x_wconf 90' lang='lat' dir='ltr'>xv11</span> <span class='ocrx_word' id='word_1_426' title='bbox 1484 2539 1680 2587; x_wconf 92' lang='lat' dir='ltr'>lectione,</span> <span class='ocrx_word' id='word_1_427' title='bbox 1704 2539 1810 2579; x_wconf 91' lang='lat' dir='ltr'>haec</span> <span class='ocrx_word' id='word_1_428' title='bbox 1832 2538 1974 2579; x_wconf 77' lang='lat' dir='ltr'>statim</span> <span class='ocrx_word' id='word_1_429' title='bbox 2008 2538 2203 2578; x_wconf 88' lang='lat' dir='ltr'>adnotat:</span> <span class='ocrx_word' id='word_1_430' title='bbox 2234 2555 2248 2574; x_wconf 85' lang='lat'><strong>‹</strong></span> <span class='ocrx_word' id='word_1_431' title='bbox 2274 2537 2357 2578; x_wconf 92' lang='lat' dir='ltr'>Hic</span> 
     </span>
     <span class='ocr_line' id='line_1_38' title="bbox 155 2600 2359 2660; baseline -0.003 -13"><span class='ocrx_word' id='word_1_432' title='bbox 155 2606 408 2648; x_wconf 85' lang='lat' dir='ltr'>terminatur</span> <span class='ocrx_word' id='word_1_433' title='bbox 441 2604 656 2660; x_wconf 91' lang='lat' dir='ltr'>expositio</span> <span class='ocrx_word' id='word_1_434' title='bbox 690 2604 736 2645; x_wconf 84' lang='lat' dir='ltr'>fr.</span> <span class='ocrx_word' id='word_1_435' title='bbox 761 2603 960 2644; x_wconf 90' lang='lat' dir='ltr'>Thomae</span> <span class='ocrx_word' id='word_1_436' title='bbox 996 2602 1050 2644; x_wconf 92' lang='lat' dir='ltr'>de</span> <span class='ocrx_word' id='word_1_437' title='bbox 1073 2602 1266 2657; x_wconf 85' lang='lat' dir='ltr'>Aquino,</span> <span class='ocrx_word' id='word_1_438' title='bbox 1292 2608 1334 2643; x_wconf 92' lang='lat' dir='ltr'>et</span> <span class='ocrx_word' id='word_1_439' title='bbox 1357 2601 1502 2657; x_wconf 90' lang='lat' dir='ltr'>incipit</span> <span class='ocrx_word' id='word_1_440' title='bbox 1525 2601 1738 2656; x_wconf 90' lang='lat' dir='ltr'>expositio</span> <span class='ocrx_word' id='word_1_441' title='bbox 1772 2600 1817 2641; x_wconf 87' lang='lat' dir='ltr'>fr.</span> <span class='ocrx_word' id='word_1_442' title='bbox 1841 2601 2039 2641; x_wconf 88' lang='lat' dir='ltr'>Thomae</span> <span class='ocrx_word' id='word_1_443' title='bbox 2074 2600 2126 2640; x_wconf 94' lang='lat' dir='ltr'>de</span> <span class='ocrx_word' id='word_1_444' title='bbox 2161 2600 2359 2641; x_wconf 90' lang='lat' dir='ltr'>Suthona</span> 
     </span>
     <span class='ocr_line' id='line_1_39' title="bbox 157 2662 2359 2723; baseline -0.003 -14"><span class='ocrx_word' id='word_1_445' title='bbox 157 2668 227 2723; x_wconf 93' lang='lat' dir='ltr'>(de</span> <span class='ocrx_word' id='word_1_446' title='bbox 261 2681 351 2723; x_wconf 93' lang='lat' dir='ltr'>quo</span> <span class='ocrx_word' id='word_1_447' title='bbox 386 2668 594 2723; x_wconf 90' lang='lat' dir='ltr'>scriptore</span> <span class='ocrx_word' id='word_1_448' title='bbox 630 2666 734 2707; x_wconf 91' lang='lat' dir='ltr'>vide</span> <span class='ocrx_word' id='word_1_449' title='bbox 768 2665 951 2714; x_wconf 88' lang='lat' dir='ltr'>Echard,</span> <span class='ocrx_word' id='word_1_450' title='bbox 977 2666 1105 2706; x_wconf 91' lang='lat' dir='ltr'>Tom.</span> <span class='ocrx_word' id='word_1_451' title='bbox 1130 2666 1160 2714; x_wconf 93' lang='grc' dir='ltr'>Ι,</span> <span class='ocrx_word' id='word_1_452' title='bbox 1184 2679 1224 2720; x_wconf 91' lang='lat' dir='ltr'>p.</span> <span class='ocrx_word' id='word_1_453' title='bbox 1250 2664 1369 2719; x_wconf 91' lang='lat'><strong>464).</strong></span> <span class='ocrx_word' id='word_1_454' title='bbox 1395 2682 1407 2699; x_wconf 85' lang='lat'><strong>›</strong></span> <span class='ocrx_word' id='word_1_455' title='bbox 1449 2665 1586 2705; x_wconf 90' lang='lat' dir='ltr'>Porro</span> <span class='ocrx_word' id='word_1_456' title='bbox 1622 2663 1764 2704; x_wconf 90' lang='lat' dir='ltr'>codex</span> <span class='ocrx_word' id='word_1_457' title='bbox 1796 2663 1875 2704; x_wconf 89' lang='lat' dir='ltr'>iste</span> <span class='ocrx_word' id='word_1_458' title='bbox 1912 2663 1967 2703; x_wconf 89' lang='lat' dir='ltr'>ad</span> <span class='ocrx_word' id='word_1_459' title='bbox 1995 2662 2215 2703; x_wconf 87' lang='lat' dir='ltr'>saeculum</span> <span class='ocrx_word' id='word_1_460' title='bbox 2244 2662 2359 2703; x_wconf 91' lang='lat' dir='ltr'>deci-</span> 
     </span>
     <span class='ocr_line' id='line_1_40' title="bbox 156 2724 2358 2785; baseline -0.004 -12"><span class='ocrx_word' id='word_1_461' title='bbox 156 2744 278 2773; x_wconf 91' lang='lat' dir='ltr'>mum</span> <span class='ocrx_word' id='word_1_462' title='bbox 310 2730 483 2772; x_wconf 84' lang='lat' dir='ltr'>tertium</span> <span class='ocrx_word' id='word_1_463' title='bbox 516 2730 710 2785; x_wconf 87' lang='lat' dir='ltr'>pertinet,</span> <span class='ocrx_word' id='word_1_464' title='bbox 735 2729 931 2783; x_wconf 89' lang='lat' dir='ltr'>interque</span> <span class='ocrx_word' id='word_1_465' title='bbox 966 2727 1140 2769; x_wconf 93' lang='lat' dir='ltr'>codices</span> <span class='ocrx_word' id='word_1_466' title='bbox 1163 2728 1306 2769; x_wconf 88' lang='lat' dir='ltr'>bonae</span> <span class='ocrx_word' id='word_1_467' title='bbox 1330 2732 1460 2768; x_wconf 89' lang='lat' dir='ltr'>notae</span> <span class='ocrx_word' id='word_1_468' title='bbox 1482 2731 1807 2775; x_wconf 87' lang='lat' dir='ltr'>annumeratur;</span> <span class='ocrx_word' id='word_1_469' title='bbox 1837 2738 1978 2780; x_wconf 92' lang='lat' dir='ltr'>neque</span> <span class='ocrx_word' id='word_1_470' title='bbox 2002 2725 2086 2766; x_wconf 91' lang='lat' dir='ltr'>ulla</span> <span class='ocrx_word' id='word_1_471' title='bbox 2107 2724 2231 2765; x_wconf 89' lang='lat' dir='ltr'>adest</span> <span class='ocrx_word' id='word_1_472' title='bbox 2252 2724 2358 2765; x_wconf 89' lang='lat' dir='ltr'>ratio</span> 
     </span>
     <span class='ocr_line' id='line_1_41' title="bbox 158 2792 1687 2848; baseline -0.007 -12"><span class='ocrx_word' id='word_1_473' title='bbox 158 2807 234 2836; x_wconf 89' lang='lat' dir='ltr'>cur</span> <span class='ocrx_word' id='word_1_474' title='bbox 260 2793 299 2834; x_wconf 93' lang='lat' dir='ltr'>ei</span> <span class='ocrx_word' id='word_1_475' title='bbox 322 2792 431 2834; x_wconf 89' lang='lat' dir='ltr'>fides</span> <span class='ocrx_word' id='word_1_476' title='bbox 466 2792 716 2848; x_wconf 90' lang='lat' dir='ltr'>denegetur.</span> <span class='ocrx_word' id='word_1_477' title='bbox 1683 2799 1687 2803; x_wconf 90' lang='lat'>·</span> 
     </span>
    </p>

    <p class='ocr_par' dir='ltr' id='par_1_4' title="bbox 102 2849 2362 3720">
     <span class='ocr_line' id='line_1_42' title="bbox 283 2849 2360 2908; baseline -0.003 -12"><span class='ocrx_word' id='word_1_478' title='bbox 283 2854 375 2897; x_wconf 91' lang='lat' dir='ltr'>Sed</span> <span class='ocrx_word' id='word_1_479' title='bbox 409 2860 452 2896; x_wconf 90' lang='lat' dir='ltr'>et</span> <span class='ocrx_word' id='word_1_480' title='bbox 483 2854 567 2896; x_wconf 91' lang='lat' dir='ltr'>alia</span> <span class='ocrx_word' id='word_1_481' title='bbox 600 2854 759 2895; x_wconf 89' lang='lat' dir='ltr'>adsunt</span> <span class='ocrx_word' id='word_1_482' title='bbox 793 2853 972 2895; x_wconf 88' lang='lat' dir='ltr'>indubia</span> <span class='ocrx_word' id='word_1_483' title='bbox 1004 2858 1272 2908; x_wconf 88' lang='lat' dir='ltr'>argumenta,</span> <span class='ocrx_word' id='word_1_484' title='bbox 1299 2865 1353 2893; x_wconf 90' lang='lat' dir='ltr'>ex</span> <span class='ocrx_word' id='word_1_485' title='bbox 1387 2851 1546 2906; x_wconf 93' lang='lat' dir='ltr'>quibus</span> <span class='ocrx_word' id='word_1_486' title='bbox 1581 2857 1623 2892; x_wconf 93' lang='lat' dir='ltr'>et</span> <span class='ocrx_word' id='word_1_487' title='bbox 1655 2851 1781 2892; x_wconf 91' lang='lat' dir='ltr'>huius</span> <span class='ocrx_word' id='word_1_488' title='bbox 1809 2849 1970 2891; x_wconf 92' lang='lat' dir='ltr'>codicis</span> <span class='ocrx_word' id='word_1_489' title='bbox 1993 2849 2222 2891; x_wconf 90' lang='lat' dir='ltr'>auctoritas</span> <span class='ocrx_word' id='word_1_490' title='bbox 2257 2862 2360 2890; x_wconf 92' lang='lat' dir='ltr'>con-</span> 
     </span>
     <span class='ocr_line' id='line_1_43' title="bbox 157 2911 2360 2972; baseline -0.004 -13"><span class='ocrx_word' id='word_1_491' title='bbox 157 2919 362 2967; x_wconf 87' lang='lat' dir='ltr'>firmatur,</span> <span class='ocrx_word' id='word_1_492' title='bbox 389 2923 433 2959; x_wconf 93' lang='lat' dir='ltr'>et</span> <span class='ocrx_word' id='word_1_493' title='bbox 471 2917 696 2958; x_wconf 89' lang='lat' dir='ltr'>conficitur</span> <span class='ocrx_word' id='word_1_494' title='bbox 727 2916 854 2972; x_wconf 87' lang='lat' dir='ltr'>plane</span> <span class='ocrx_word' id='word_1_495' title='bbox 887 2929 921 2957; x_wconf 84' lang='lat' dir='ltr'>S.</span> <span class='ocrx_word' id='word_1_496' title='bbox 945 2916 1145 2956; x_wconf 90' lang='lat' dir='ltr'>Thomae</span> <span class='ocrx_word' id='word_1_497' title='bbox 1180 2914 1498 2969; x_wconf 89' lang='lat' dir='ltr'>expositionem</span> <span class='ocrx_word' id='word_1_498' title='bbox 1532 2927 1620 2954; x_wconf 92' lang='lat' dir='ltr'>non</span> <span class='ocrx_word' id='word_1_499' title='bbox 1654 2927 1702 2954; x_wconf 91' lang='lat' dir='ltr'>se</span> <span class='ocrx_word' id='word_1_500' title='bbox 1735 2913 1955 2968; x_wconf 91' lang='lat' dir='ltr'>porrigere</span> <span class='ocrx_word' id='word_1_501' title='bbox 1988 2912 2097 2953; x_wconf 91' lang='lat' dir='ltr'>ultra</span> <span class='ocrx_word' id='word_1_502' title='bbox 2129 2911 2360 2966; x_wconf 86' lang='lat' dir='ltr'>praefatam</span> 
     </span>
     <span class='ocr_line' id='line_1_44' title="bbox 157 2974 2360 3033; baseline -0.004 -11"><span class='ocrx_word' id='word_1_503' title='bbox 157 2980 389 3022; x_wconf 86' lang='lat' dir='ltr'>lectionem</span> <span class='ocrx_word' id='word_1_504' title='bbox 422 2992 526 3021; x_wconf 85' lang='lat' dir='ltr'>Xvn.</span> <span class='ocrx_word' id='word_1_505' title='bbox 552 2979 665 3021; x_wconf 88' lang='lat' dir='ltr'>Sunt</span> <span class='ocrx_word' id='word_1_506' title='bbox 686 2985 831 3020; x_wconf 90' lang='lat' dir='ltr'>autem</span> <span class='ocrx_word' id='word_1_507' title='bbox 865 2978 972 3019; x_wconf 88' lang='lat' dir='ltr'>haec</span> <span class='ocrx_word' id='word_1_508' title='bbox 1005 2974 1261 3033; x_wconf 87' lang='lat' dir='ltr'>argumenta</span> <span class='ocrx_word' id='word_1_509' title='bbox 1284 2991 1338 3018; x_wconf 92' lang='lat' dir='ltr'>ex</span> <span class='ocrx_word' id='word_1_510' title='bbox 1362 2976 1601 3017; x_wconf 91' lang='lat' dir='ltr'>intrinsecis</span> <span class='ocrx_word' id='word_1_511' title='bbox 1636 2975 1948 3016; x_wconf 89' lang='lat' dir='ltr'>characteribus</span> <span class='ocrx_word' id='word_1_512' title='bbox 1971 2974 2105 3029; x_wconf 92' lang='lat' dir='ltr'>ipsius</span> <span class='ocrx_word' id='word_1_513' title='bbox 2140 2986 2360 3014; x_wconf 91' lang='lat' dir='ltr'>commen-</span> 
     </span>
     <span class='ocr_line' id='line_1_45' title="bbox 158 3035 2360 3097; baseline -0.004 -14"><span class='ocrx_word' id='word_1_514' title='bbox 158 3042 335 3084; x_wconf 85' lang='lat' dir='ltr'>tationis</span> <span class='ocrx_word' id='word_1_515' title='bbox 374 3042 526 3097; x_wconf 88' lang='lat' dir='ltr'>petita,</span> <span class='ocrx_word' id='word_1_516' title='bbox 561 3055 611 3083; x_wconf 92' lang='lat' dir='ltr'>ac</span> <span class='ocrx_word' id='word_1_517' title='bbox 650 3041 707 3082; x_wconf 91' lang='lat' dir='ltr'>ad</span> <span class='ocrx_word' id='word_1_518' title='bbox 750 3041 830 3082; x_wconf 89' lang='lat' dir='ltr'>tria</span> <span class='ocrx_word' id='word_1_519' title='bbox 873 3040 1012 3095; x_wconf 90' lang='lat' dir='ltr'>capita</span> <span class='ocrx_word' id='word_1_520' title='bbox 1057 3039 1290 3081; x_wconf 91' lang='lat' dir='ltr'>commode</span> <span class='ocrx_word' id='word_1_521' title='bbox 1333 3045 1603 3080; x_wconf 87' lang='lat' dir='ltr'>revocantur.</span> <span class='ocrx_word' id='word_1_522' title='bbox 1644 3038 1790 3079; x_wconf 91' lang='lat' dir='ltr'>Primo</span> <span class='ocrx_word' id='word_1_523' title='bbox 1836 3049 2021 3090; x_wconf 90' lang='lat' dir='ltr'>namque</span> <span class='ocrx_word' id='word_1_524' title='bbox 2064 3035 2360 3076; x_wconf 88' lang='lat' dir='ltr'>annotandum</span> 
     </span>
     <span class='ocr_line' id='line_1_46' title="bbox 158 3097 2362 3159; baseline -0.004 -14"><span class='ocrx_word' id='word_1_525' title='bbox 158 3104 280 3146; x_wconf 91' lang='lat' dir='ltr'>venit</span> <span class='ocrx_word' id='word_1_526' title='bbox 311 3103 471 3145; x_wconf 85' lang='lat' dir='ltr'>factum</span> <span class='ocrx_word' id='word_1_527' title='bbox 504 3104 620 3153; x_wconf 92' lang='lat' dir='ltr'>illud,</span> <span class='ocrx_word' id='word_1_528' title='bbox 657 3104 699 3144; x_wconf 92' lang='lat' dir='ltr'>in</span> <span class='ocrx_word' id='word_1_529' title='bbox 733 3103 855 3159; x_wconf 93' lang='lat' dir='ltr'>quod</span> <span class='ocrx_word' id='word_1_530' title='bbox 889 3103 1031 3144; x_wconf 91' lang='lat' dir='ltr'>statim</span> <span class='ocrx_word' id='word_1_531' title='bbox 1067 3102 1248 3143; x_wconf 87' lang='lat' dir='ltr'>offendit</span> <span class='ocrx_word' id='word_1_532' title='bbox 1282 3102 1433 3142; x_wconf 93' lang='lat' dir='ltr'>oculus</span> <span class='ocrx_word' id='word_1_533' title='bbox 1468 3107 1510 3142; x_wconf 90' lang='lat' dir='ltr'>et</span> <span class='ocrx_word' id='word_1_534' title='bbox 1543 3114 1664 3141; x_wconf 92' lang='lat' dir='ltr'>mens</span> <span class='ocrx_word' id='word_1_535' title='bbox 1697 3099 1878 3147; x_wconf 92' lang='lat' dir='ltr'>lectoris,</span> <span class='ocrx_word' id='word_1_536' title='bbox 1904 3098 1977 3153; x_wconf 90' lang='lat' dir='ltr'>qui</span> <span class='ocrx_word' id='word_1_537' title='bbox 2001 3112 2026 3138; x_wconf 88' lang='lat' dir='ltr'>a</span> <span class='ocrx_word' id='word_1_538' title='bbox 2047 3097 2232 3138; x_wconf 89' lang='lat' dir='ltr'>lectione</span> <span class='ocrx_word' id='word_1_539' title='bbox 2270 3110 2362 3138; x_wconf 90' lang='lat' dir='ltr'>xv11</span> 
     </span>
     <span class='ocr_line' id='line_1_47' title="bbox 102 3159 2361 3222; baseline -0.004 -13"><span class='ocrx_word' id='word_1_540' title='bbox 102 3210 107 3214; x_wconf 78' lang='grc'><em>,</em></span> <span class='ocrx_word' id='word_1_541' title='bbox 157 3166 216 3209; x_wconf 91' lang='lat' dir='ltr'>ad</span> <span class='ocrx_word' id='word_1_542' title='bbox 249 3178 357 3207; x_wconf 88' lang='lat' dir='ltr'>xvm</span> <span class='ocrx_word' id='word_1_543' title='bbox 391 3172 434 3207; x_wconf 93' lang='lat' dir='ltr'>et</span> <span class='ocrx_word' id='word_1_544' title='bbox 465 3172 700 3221; x_wconf 89' lang='lat' dir='ltr'>sequentes</span> <span class='ocrx_word' id='word_1_545' title='bbox 733 3165 875 3222; x_wconf 86' lang='lat' dir='ltr'>pergit</span> <span class='ocrx_word' id='word_1_546' title='bbox 909 3165 1046 3220; x_wconf 91' lang='lat' dir='ltr'>(quod</span> <span class='ocrx_word' id='word_1_547' title='bbox 1081 3164 1258 3220; x_wconf 90' lang='lat' dir='ltr'>quidem</span> <span class='ocrx_word' id='word_1_548' title='bbox 1292 3164 1450 3205; x_wconf 89' lang='lat' dir='ltr'>facturn</span> <span class='ocrx_word' id='word_1_549' title='bbox 1485 3162 1783 3217; x_wconf 91' lang='lat' dir='ltr'>unusquisque</span> <span class='ocrx_word' id='word_1_550' title='bbox 1815 3174 1891 3216; x_wconf 93' lang='lat' dir='ltr'>per</span> <span class='ocrx_word' id='word_1_551' title='bbox 1920 3160 2111 3215; x_wconf 89' lang='lat' dir='ltr'>seipsum</span> <span class='ocrx_word' id='word_1_552' title='bbox 2140 3159 2361 3214; x_wconf 90' lang='lat' dir='ltr'>explorare</span> 
     </span>
     <span class='ocr_line' id='line_1_48' title="bbox 159 3222 2359 3285; baseline -0.004 -15"><span class='ocrx_word' id='word_1_553' title='bbox 159 3235 317 3285; x_wconf 89' lang='lat' dir='ltr'>potest,</span> <span class='ocrx_word' id='word_1_554' title='bbox 342 3228 378 3269; x_wconf 89' lang='lat' dir='ltr'>si</span> <span class='ocrx_word' id='word_1_555' title='bbox 400 3234 566 3284; x_wconf 87' lang='lat' dir='ltr'>partem</span> <span class='ocrx_word' id='word_1_556' title='bbox 600 3229 836 3284; x_wconf 88' lang='lat' dir='ltr'>genuinam</span> <span class='ocrx_word' id='word_1_557' title='bbox 860 3228 1051 3269; x_wconf 86' lang='lat' dir='ltr'>conferat</span> <span class='ocrx_word' id='word_1_558' title='bbox 1074 3241 1172 3268; x_wconf 91' lang='lat' dir='ltr'>cum</span> <span class='ocrx_word' id='word_1_559' title='bbox 1195 3226 1455 3281; x_wconf 90' lang='lat' dir='ltr'>apocrypha,</span> <span class='ocrx_word' id='word_1_560' title='bbox 1481 3239 1593 3280; x_wconf 90' lang='lat' dir='ltr'>quae</span> <span class='ocrx_word' id='word_1_561' title='bbox 1627 3225 1669 3265; x_wconf 93' lang='lat' dir='ltr'>in</span> <span class='ocrx_word' id='word_1_562' title='bbox 1698 3223 1934 3278; x_wconf 89' lang='lat' dir='ltr'>appendice</span> <span class='ocrx_word' id='word_1_563' title='bbox 1968 3222 2094 3263; x_wconf 85' lang='lat' dir='ltr'>huius</span> <span class='ocrx_word' id='word_1_564' title='bbox 2127 3222 2359 3263; x_wconf 91' lang='lat' dir='ltr'>voluminis</span> 
     </span>
     <span class='ocr_line' id='line_1_49' title="bbox 160 3284 2361 3346; baseline -0.005 -13"><span class='ocrx_word' id='word_1_565' title='bbox 160 3291 313 3346; x_wconf 89' lang='lat' dir='ltr'>extat):</span> <span class='ocrx_word' id='word_1_566' title='bbox 348 3291 492 3332; x_wconf 90' lang='lat' dir='ltr'>statim</span> <span class='ocrx_word' id='word_1_567' title='bbox 528 3290 642 3331; x_wconf 89' lang='lat' dir='ltr'>enim</span> <span class='ocrx_word' id='word_1_568' title='bbox 675 3290 990 3338; x_wconf 88' lang='lat' dir='ltr'>animadvertit,</span> <span class='ocrx_word' id='word_1_569' title='bbox 1014 3303 1040 3336; x_wconf 85' lang='lat' dir='ltr'>a</span> <span class='ocrx_word' id='word_1_570' title='bbox 1062 3289 1246 3330; x_wconf 90' lang='lat' dir='ltr'>lectione</span> <span class='ocrx_word' id='word_1_571' title='bbox 1270 3302 1284 3329; x_wconf 92' lang='lat'>1</span> <span class='ocrx_word' id='word_1_572' title='bbox 1308 3301 1447 3342; x_wconf 91' lang='lat' dir='ltr'>usque</span> <span class='ocrx_word' id='word_1_573' title='bbox 1481 3287 1536 3328; x_wconf 90' lang='lat' dir='ltr'>ad</span> <span class='ocrx_word' id='word_1_574' title='bbox 1569 3299 1661 3327; x_wconf 89' lang='lat' dir='ltr'>xv11</span> <span class='ocrx_word' id='word_1_575' title='bbox 1683 3286 1902 3334; x_wconf 91' lang='lat' dir='ltr'>inclusive,</span> <span class='ocrx_word' id='word_1_576' title='bbox 1927 3298 2058 3325; x_wconf 90' lang='lat' dir='ltr'>unam</span> <span class='ocrx_word' id='word_1_577' title='bbox 2092 3284 2361 3339; x_wconf 91' lang='lat' dir='ltr'>eandemque</span> 
     </span>
     <span class='ocr_line' id='line_1_50' title="bbox 160 3346 2362 3402; baseline -0.004 -7"><span class='ocrx_word' id='word_1_578' title='bbox 160 3354 375 3396; x_wconf 90' lang='lat' dir='ltr'>rationem</span> <span class='ocrx_word' id='word_1_579' title='bbox 411 3351 732 3394; x_wconf 88' lang='lat' dir='ltr'>commentandi</span> <span class='ocrx_word' id='word_1_580' title='bbox 767 3358 1015 3393; x_wconf 90' lang='lat' dir='ltr'>constanter</span> <span class='ocrx_word' id='word_1_581' title='bbox 1047 3351 1230 3400; x_wconf 90' lang='lat' dir='ltr'>servari,</span> <span class='ocrx_word' id='word_1_582' title='bbox 1267 3350 1711 3402; x_wconf 88' lang='lat' dir='ltr'>commentariumque</span> <span class='ocrx_word' id='word_1_583' title='bbox 1744 3348 1897 3402; x_wconf 92' lang='lat' dir='ltr'>ipsum,</span> <span class='ocrx_word' id='word_1_584' title='bbox 1922 3353 2013 3387; x_wconf 88' lang='lat' dir='ltr'>tum</span> <span class='ocrx_word' id='word_1_585' title='bbox 2047 3346 2194 3401; x_wconf 91' lang='lat' dir='ltr'>quoad</span> <span class='ocrx_word' id='word_1_586' title='bbox 2219 3346 2362 3387; x_wconf 90' lang='lat' dir='ltr'>stilum</span> 
     </span>
     <span class='ocr_line' id='line_1_51' title="bbox 160 3408 2362 3470; baseline -0.004 -13"><span class='ocrx_word' id='word_1_587' title='bbox 160 3423 255 3458; x_wconf 90' lang='lat' dir='ltr'>tum</span> <span class='ocrx_word' id='word_1_588' title='bbox 289 3416 438 3470; x_wconf 87' lang='lat' dir='ltr'>quoad</span> <span class='ocrx_word' id='word_1_589' title='bbox 473 3415 792 3470; x_wconf 90' lang='lat' dir='ltr'>expositionem</span> <span class='ocrx_word' id='word_1_590' title='bbox 827 3413 1060 3463; x_wconf 87' lang='lat' dir='ltr'>doctrinae,</span> <span class='ocrx_word' id='word_1_591' title='bbox 1096 3414 1320 3454; x_wconf 86' lang='lat' dir='ltr'>manifeste</span> <span class='ocrx_word' id='word_1_592' title='bbox 1360 3412 1555 3453; x_wconf 91' lang='lat' dir='ltr'>redolere</span> <span class='ocrx_word' id='word_1_593' title='bbox 1589 3410 1810 3466; x_wconf 89' lang='lat' dir='ltr'>ingenium</span> <span class='ocrx_word' id='word_1_594' title='bbox 1849 3423 1882 3450; x_wconf 90' lang='lat' dir='ltr'>s.</span> <span class='ocrx_word' id='word_1_595' title='bbox 1906 3409 2137 3457; x_wconf 91' lang='lat' dir='ltr'>Doctoris,</span> <span class='ocrx_word' id='word_1_596' title='bbox 2183 3408 2362 3463; x_wconf 91' lang='lat' dir='ltr'>eiusque</span> 
     </span>
     <span class='ocr_line' id='line_1_52' title="bbox 151 3471 2362 3535; baseline -0.005 -15"><span class='ocrx_word' id='word_1_597' title='bbox 151 3479 387 3535; x_wconf 11' lang='lat' dir='ltr'>,proprium</span> <span class='ocrx_word' id='word_1_598' title='bbox 421 3477 668 3534; x_wconf 88' lang='lat' dir='ltr'>exponendi</span> <span class='ocrx_word' id='word_1_599' title='bbox 703 3476 883 3517; x_wconf 90' lang='lat' dir='ltr'>modum</span> <span class='ocrx_word' id='word_1_600' title='bbox 918 3475 1094 3524; x_wconf 86' lang='lat' dir='ltr'>referre;</span> <span class='ocrx_word' id='word_1_601' title='bbox 1129 3476 1207 3516; x_wconf 91' lang='lat' dir='ltr'>sed</span> <span class='ocrx_word' id='word_1_602' title='bbox 1241 3476 1295 3516; x_wconf 91' lang='lat' dir='ltr'>ab</span> <span class='ocrx_word' id='word_1_603' title='bbox 1316 3474 1450 3520; x_wconf 19' lang='lat' dir='ltr'>*initio</span> <span class='ocrx_word' id='word_1_604' title='bbox 1494 3472 1689 3514; x_wconf 89' lang='lat' dir='ltr'>lectionis</span> <span class='ocrx_word' id='word_1_605' title='bbox 1723 3485 1849 3521; x_wconf 91' lang='lat' dir='ltr'>xv111,</span> <span class='ocrx_word' id='word_1_606' title='bbox 1886 3471 2010 3517; x_wconf 74' lang='lat' dir='ltr'>illico,</span> <span class='ocrx_word' id='word_1_607' title='bbox 2031 3477 2208 3525; x_wconf 88' lang='lat' dir='ltr'>apparet</span> <span class='ocrx_word' id='word_1_608' title='bbox 2245 3484 2362 3511; x_wconf 90' lang='lat' dir='ltr'>nova</span> 
     </span>
     <span class='ocr_line' id='line_1_53' title="bbox 163 3533 2361 3594; baseline -0.005 -11"><span class='ocrx_word' id='word_1_609' title='bbox 163 3541 486 3583; x_wconf 90' lang='lat' dir='ltr'>commentandi</span> <span class='ocrx_word' id='word_1_610' title='bbox 521 3541 642 3589; x_wconf 90' lang='lat' dir='ltr'>ratio,</span> <span class='ocrx_word' id='word_1_611' title='bbox 668 3552 781 3594; x_wconf 88' lang='lat' dir='ltr'>quae</span> <span class='ocrx_word' id='word_1_612' title='bbox 814 3552 840 3579; x_wconf 89' lang='lat' dir='ltr'>a</span> <span class='ocrx_word' id='word_1_613' title='bbox 873 3538 1147 3593; x_wconf 89' lang='lat' dir='ltr'>praecedenti</span> <span class='ocrx_word' id='word_1_614' title='bbox 1181 3551 1270 3578; x_wconf 93' lang='lat' dir='ltr'>non</span> <span class='ocrx_word' id='word_1_615' title='bbox 1292 3549 1444 3592; x_wconf 91' lang='lat' dir='ltr'>parum</span> <span class='ocrx_word' id='word_1_616' title='bbox 1479 3535 1661 3584; x_wconf 91' lang='lat' dir='ltr'>abludit,</span> <span class='ocrx_word' id='word_1_617' title='bbox 1697 3548 1835 3589; x_wconf 92' lang='lat' dir='ltr'>eaque</span> <span class='ocrx_word' id='word_1_618' title='bbox 1869 3533 2361 3588; x_wconf 18' lang='lat' dir='ltr'>indesinenter-servata</span> 
     </span>
     <span class='ocr_line' id='line_1_54' title="bbox 162 3595 2359 3658; baseline -0.005 -13"><span class='ocrx_word' id='word_1_619' title='bbox 162 3598 432 3658; x_wconf 77' lang='lat' dir='ltr'>conspicituf</span> <span class='ocrx_word' id='word_1_620' title='bbox 459 3603 515 3644; x_wconf 92' lang='lat' dir='ltr'>ad</span> <span class='ocrx_word' id='word_1_621' title='bbox 549 3604 680 3644; x_wconf 90' lang='lat' dir='ltr'>finem</span> <span class='ocrx_word' id='word_1_622' title='bbox 714 3614 853 3656; x_wconf 90' lang='lat' dir='ltr'>usque</span> <span class='ocrx_word' id='word_1_623' title='bbox 887 3599 1065 3641; x_wconf 91' lang='lat' dir='ltr'>secundi</span> <span class='ocrx_word' id='word_1_624' title='bbox 1089 3599 1196 3640; x_wconf 91' lang='lat' dir='ltr'>libri.</span> <span class='ocrx_word' id='word_1_625' title='bbox 1220 3601 1358 3640; x_wconf 89' lang='lat' dir='ltr'>Porro</span> <span class='ocrx_word' id='word_1_626' title='bbox 1394 3597 1515 3652; x_wconf 92' lang='lat' dir='ltr'>quod</span> <span class='ocrx_word' id='word_1_627' title='bbox 1538 3597 1652 3638; x_wconf 91' lang='lat' dir='ltr'>idern</span> <span class='ocrx_word' id='word_1_628' title='bbox 1686 3603 1836 3638; x_wconf 90' lang='lat' dir='ltr'>auctor</span> <span class='ocrx_word' id='word_1_629' title='bbox 1858 3596 1899 3636; x_wconf 93' lang='lat' dir='ltr'>in</span> <span class='ocrx_word' id='word_1_630' title='bbox 1935 3595 2116 3636; x_wconf 90' lang='lat' dir='ltr'>diversis</span> <span class='ocrx_word' id='word_1_631' title='bbox 2145 3595 2359 3649; x_wconf 82' lang='lat' dir='ltr'>operibus,</span> 
     </span>
     <span class='ocr_line' id='line_1_55' title="bbox 162 3657 2361 3720; baseline -0.005 -13"><span class='ocrx_word' id='word_1_632' title='bbox 162 3666 235 3707; x_wconf 89' lang='lat' dir='ltr'>vel</span> <span class='ocrx_word' id='word_1_633' title='bbox 269 3666 312 3707; x_wconf 92' lang='lat' dir='ltr'>in</span> <span class='ocrx_word' id='word_1_634' title='bbox 351 3666 633 3708; x_wconf 92' lang='lat' dir='ltr'>dissimilibus</span> <span class='ocrx_word' id='word_1_635' title='bbox 668 3663 954 3720; x_wconf 90' lang='lat' dir='ltr'>argumentis,</span> <span class='ocrx_word' id='word_1_636' title='bbox 990 3676 1078 3703; x_wconf 92' lang='lat' dir='ltr'>non</span> <span class='ocrx_word' id='word_1_637' title='bbox 1111 3674 1282 3716; x_wconf 91' lang='lat' dir='ltr'>semper</span> <span class='ocrx_word' id='word_1_638' title='bbox 1316 3661 1397 3701; x_wconf 88' lang='lat' dir='ltr'>sibi</span> <span class='ocrx_word' id='word_1_639' title='bbox 1433 3666 1610 3709; x_wconf 89' lang='lat' dir='ltr'>constet,</span> <span class='ocrx_word' id='word_1_640' title='bbox 1646 3659 1761 3701; x_wconf 90' lang='lat' dir='ltr'>haud</span> <span class='ocrx_word' id='word_1_641' title='bbox 1794 3672 1923 3714; x_wconf 91' lang='lat' dir='ltr'>aegre</span> <span class='ocrx_word' id='word_1_642' title='bbox 1957 3657 2214 3706; x_wconf 90' lang='lat' dir='ltr'>conceditur,</span> <span class='ocrx_word' id='word_1_643' title='bbox 2239 3669 2361 3711; x_wconf 90' lang='lat' dir='ltr'>prae-</span> 
     </span>
    </p>
   </div>
  </div>
 </body>
</html>
