2690 4062
261 279 353 304 CXLII

261 344 386 388 lapides
410 344 511 388 geniti
531 355 569 376 ex
592 343 787 377 humiditate
811 344 975 376 montium
1000 341 1173 375 distillante
1197 341 1231 373 in
1247 352 1321 384 spe-

261 389 378 429 luncis,
395 388 610 432 coagulantur
633 389 737 432 magis
761 399 820 431 per
842 387 1127 430 infrigidationem.
1147 384 1321 424 Quaedam

261 442 370 466 autem
394 441 472 465 sunt
487 444 505 465 a
522 431 640 476 quibus
663 444 732 465 non
755 441 861 465 totum
882 430 1056 464 humidum
1076 429 1247 469 exhalavit,
1264 427 1321 461 sed

261 475 382 521 aliquid
406 478 562 509 remansit
585 476 675 521 quod
706 477 830 509 siccum
854 475 953 508 fluere
977 473 1070 507 facit:
1095 482 1127 506 et
1154 473 1229 506 talia
1252 484 1321 505 non

260 529 337 554 sunt
360 520 503 554 totaliter
526 530 639 559 terrea,
657 529 690 553 et
712 519 893 553 mollificati
917 526 1067 562 possunt,
1091 518 1176 551 sicut
1198 517 1321 550 ferrum

259 574 292 598 et
315 576 429 598 cornu.
455 564 638 610 Liquabilia
661 576 739 597 vero
763 572 818 596 aut
841 563 1007 607 liquantur
1029 561 1068 594 ab
1093 563 1178 606 igne,
1195 561 1279 594 idest
1303 573 1321 593 a

260 609 383 643 calido:
401 618 433 642 et
456 609 531 642 talia
554 617 610 642 aut
633 617 710 641 sunt
726 619 828 651 aquea
852 619 869 640 a
888 606 1128 651 praedominio,
1146 606 1231 638 sicut
1277 605 1321 637 la-

260 654 336 694 cies,
354 662 411 686 aut
433 662 510 686 sunt
533 653 721 686 communia
745 661 847 685 terrae
871 660 903 684 et
925 662 1039 695 aquae,
1055 651 1139 683 sicut
1164 661 1246 683 cera.
1293 650 1319 682 i-

259 706 356 742 quata
379 706 488 730 autem
512 697 551 730 ab
581 708 664 740 aqua
688 705 765 728 sunt
788 705 907 735 terrea,
932 696 1017 727 sicut
1043 694 1110 735 sal,
1134 694 1156 727 li
1182 703 1257 727 uata
1281 693 1319 727 ab

257 751 399 786 utroque
423 750 499 774 sunt
522 750 577 773 aut
599 750 701 773 terrea
721 749 777 773 aut
801 740 1000 778 communia,
1018 740 1102 772 sicut
1125 750 1163 772 su
1178 738 1273 783 phur.

314 785 466 830 Epilogat
485 794 593 818 autem
614 796 696 828 quae
721 783 804 817 dicta
828 793 904 816 sunt
925 783 965 816 de
989 783 1134 817 humidis
1151 792 1184 816 et
1200 795 1320 826 coagu-

256 829 328 863 latis
345 839 416 870 etc.,
440 829 550 862 dicens
575 827 663 872 quod
687 828 751 861 hoc
774 827 888 867 modo,
905 827 1028 860 scilicet
1051 829 1135 861 sicut
1158 839 1256 872 supra
1273 827 1319 860 di-

257 883 346 907 ctum
361 882 419 914 est,
437 884 674 916 cognoscemus
699 884 781 916 quae
805 873 944 905 istorum
968 872 1033 905 sint
1056 881 1170 912 terrea,
1187 881 1220 905 et
1235 883 1318 915 quae

256 919 320 951 sint
343 929 455 962 aquea.
487 916 616 950 Deinde
640 917 732 960 quasi
757 915 927 949 corollarie
951 916 1119 950 concludit
1142 928 1182 949 ex
1205 916 1318 956 dictis,

255 961 344 1006 quod
368 973 483 994 aurum
507 970 539 994 et
562 970 751 1004 argentum,
783 969 814 993 et
838 969 904 993 tam
933 960 1064 994 metalla
1093 972 1191 1005 quam
1215 960 1318 993 multa

255 1006 325 1046 alia,
343 1017 425 1050 quae
450 1006 514 1038 cito
538 1005 724 1049 liquescunt
747 1004 786 1037 ab
810 1006 896 1048 igne,
917 1014 995 1037 sunt
1018 1017 1122 1050 aquea
1145 1017 1162 1038 a
1182 1004 1319 1049 praedo-

252 1051 366 1090 minio,
383 1050 467 1082 sicut
486 1050 588 1090 urina,
605 1050 768 1082 vinum'et
784 1058 889 1082 cetera
909 1049 1044 1083 similia:
1069 1049 1191 1083 sermm
1207 1058 1318 1083 autem

954 262 1542 302 METEOROLOGICORUM
1569 262 1664 298 LIB.
1696 262 1747 298 IV

1378 349 1411 372 et
1434 350 1557 379 comu,
1580 347 1613 372 et
1636 338 1712 372 talia
1737 351 1820 383 quae
1852 348 1910 373 aut
1932 350 2001 373 non
2025 340 2215 385 liquescunt
2266 354 2301 376 er
2323 344 2436 388 ignem
2444 370 2455 387 ,

1378 392 1433 416 aut
1456 395 1526 416 non
1551 384 1616 416 cito
1641 383 1840 427 liquescunt,
1859 393 1937 417 sunt
1953 393 2057 418 terrea
2081 386 2198 430 magis.
2222 354 2342 421 thuc
2363 388 2455 433 legu-

1376 429 1484 468 mina,
1508 427 1680 467 lacrimae,
1704 427 1881 468 electrum,
1910 429 2044 473 myrrha
2068 438 2101 463 et
2124 432 2236 464 omnia
2259 431 2454 468 huiusmodi

1377 484 1460 548 qluae
1480 470 1715 505 mollificantur
1737 483 1796 516 per
1812 484 1943 517 aquam,
1960 482 2038 506 sunt
2053 482 2175 508 terrea:
2200 476 2258 510 sed
2278 477 2362 511 inter
2381 479 2454 523 ipsa

1377 528 1394 549 a
1409 517 1485 560 iqua
1497 524 1575 548 sunt
1591 516 1696 559 magis
1713 524 1828 557 terrea,
1842 516 1951 561 aliqua
1966 518 2089 560 minus,
2105 528 2139 552 et
2154 531 2239 565 quae
2255 530 2333 555 sunt
2347 523 2454 567 magis

1376 569 1491 600 terrea,
1515 568 1593 592 sunt
1617 559 1820 602 exhalabilia,
1840 573 1924 606 quae
1948 571 2060 596 autem
2079 564 2201 606 mium,
2220 574 2299 599 sunt
2321 566 2454 606 mollifi-

1376 604 1500 638 cabilia.
1533 604 1575 637 Et
1598 605 1826 639 universaliter
1857 615 1939 640 sunt>
1965 615 2070 641 terrea
2100 610 2236 651 omnia,
2291 622 2352 644 uae
2382 623 2453 646 non

1376 648 1592 700 coagulantur
1608 660 1627 684 a
1643 648 1773 693 frigido.
1792 650 1934 695 Sanguis
1951 663 2042 693 vero,
2062 661 2095 686 et
2111 665 2150 686 ea
2173 665 2258 699 quae
2267 622 2453 707 ‘liquefiunt

1375 693 1514 727 humido
1538 702 1575 744 'et
1598 693 1816 738 coagulantur
1838 695 1970 740 frigido,
1991 705 2027 730 ut
2050 708 2166 731 semen
2189 699 2350 741 animalis,
2374 710 2453 734 sunt

1376 749 1566 771 communla
1582 746 1686 772 terrae
1703 747 1736 772 et
1753 751 1872 784 aquae3
1889 740 1947 775 sed
1963 741 2072 787 aliqua
2088 743 2239 787 ipsorum
2255 753 2335 778 sunt
2345 746 2452 789 magis

1375 792 1489 823 terrea,
1506 782 1615 834 aliqua
1634 784 1739 827 magis
1756 796 1878 829 aquea:
1904 797 1988 831 quae
2004 787 2094 820 enim
2118 786 2242 821 habent
2263 789 2345 830 vias,
2366 789 2452 824 idest

1375 838 1487 871 poros,
1505 835 1589 860 1ntra
1605 838 1640 860 se
1664 837 1743 861 sunt
1764 830 1870 873 magis
1887 838 2002 871 terrea,
2019 831 2076 866 sed
2101 840 2212 866 tamen
2228 832 2351 867 habent
2365 834 2451 868 mul-

1374 881 1447 923 tum
1471 871 1511 905 de
1535 883 1640 923 aqua,
1665 881 1698 905 et
1720 872 1798 906 ideo
1821 874 2056 918 coagulantur,
2079 877 2150 911 sive
2178 878 2409 922 ingrossantur
2431 891 2451 913 a

1374 915 1505 967 fr1g1do,
1524 925 1610 949 s1cut
1633 917 1779 961 sanguis.
1798 918 1899 958 Quae
1922 927 2034 953 autem
2053 931 2122 954 non
2137 921 2259 957 habent
2274 924 2356 964 vias,
2372 932 2452 958 sunt

1374 972 1479 1004 mag1s
1503 972 1619 1005 aquea,
1636 962 1723 995 sicut
1745 973 1879 996 semen:
1904 963 1995 1008 quod
2018 973 2130 999 tamen
2153 977 2224 1000 non
2257 979 2316 1001 coa
2365 967 2452 1003 latur

1374 1017 1392 1038 a
1415 1005 1546 1049 frigido,
1562 1014 1699 1050 propter
1722 1007 1947 1042 viscositatem
1971 1010 2198 1044 continentem
2213 1011 2308 1045 humi
2332 1024 2391 1046 um
2405 1023 2450 1048 ne

1373 1059 1476 1083 exeat.
