2782 4134
143 465 152 473 ¹
168 469 211 484 aer
226 468 275 483 om.
291 467 331 483 ΑΒ.

144 517 154 526 *
168 515 235 536 modo
251 520 299 536 om.
310 521 346 535 ΑΒ.

143 726 153 735 ·
167 730 212 746 non
228 724 281 745 add.
296 730 332 745 ΑΒ,

138 1040 148 1051 “
162 1039 232 1060 Νυπι.
248 1045 296 1066 seq.

137 1092 148 1103 ’⁸
162 1090 233 1112 Num.
249 1097 280 1112 10.

136 1625 145 1634 ·
154 1622 281 1649 aliquando
293 1628 330 1643 AB.

131 1676 139 1683 '¹
163 1674 201 1695 vel
220 1676 330 1701 aspectus

129 1700 266 1727 add.margo
277 1701 329 1722 Vat.

129 1733 194 1754 2072.

129 1992 180 2019 'fit
193 1998 240 2014 om.
255 1998 293 2014 ΑΒ.

133 2735 144 2745 ’
159 2736 228 2756 mutel
241 2741 269 2756 ΑΒ
274 2749 280 2755 .

133 2839 143 2850 ”
150 2838 299 2866 contingam,
306 2839 346 2859 ob-

134 2865 207 2886 tineat
221 2871 243 2886 Β.

387 279 466 314 410

1096 256 1684 299 METEOROLOGICORUM
1714 256 1808 292 LIB.
1840 256 1871 291 11

386 347 510 382 solum
538 344 692 393 quando
720 343 804 380 fluit
832 354 874 379 ex
904 341 1031 389 aliquo
1060 338 1246 389 principio
1276 336 1452 375 determi-
1507 334 1688 382 contingit
1703 333 1946 380 contrarium,
1963 340 2004 370 ut
2023 332 2163 370 scilicet
2176 332 2243 369 ubi
2259 332 2351 370 olim
2367 333 2581 371 abundavit

385 406 486 445 nato,
503 398 607 446 quod
635 405 690 434 est
718 397 802 433 fons
823 408 868 432 ex
887 403 984 431 terra
1004 392 1222 430 scaturiens.
1253 390 1316 426 Sic
1337 389 1449 426 etiam

386 459 440 488 est
468 451 516 487 de
542 450 683 487 ventis:
713 461 791 485 non
820 448 921 484 enim
951 453 1006 483 est
1024 452 1172 490 ventus,
1194 443 1224 479 si
1244 442 1342 479 aer*
1366 454 1450 478 mo-

383 511 518 540 veatur
537 503 663 550 aliquo
684 502 803 539 modo
822 501 842 522 '¹‘
862 512 963 545 casu,
981 498 1093 535 etiam
1118 497 1155 533 in
1184 507 1323 542 magna
1351 495 1448 531 mul-

383 556 561 603 titudine,
596 555 665 592 nisi
699 555 837 590 habeat
863 551 1110 600 principium,
1141 548 1249 597 quasi
1277 548 1445 594 fontem,

385 608 661 645 exhalationem
699 607 839 643 siccam
869 605 1054 641 elevatam
1084 608 1108 638 ⁷¹.
1141 601 1202 638 Sic
1231 601 1341 649 igitur
1369 613 1447 638 non

385 669 439 698 est
466 673 602 698 verum
632 659 736 709 quod
764 670 828 695 aer
846 664 973 693 motus
995 664 1050 692 est
1066 662 1222 691 ventus:
1253 662 1335 690 tum
1357 653 1446 702 quia

383 714 613 763 quandoque
632 724 774 761 parvus
794 722 858 746 aer
881 709 900 731 ²¹⁴
928 715 1119 756 movetur,
1140 715 1221 744 tum
1250 707 1339 756 quia
1367 719 1445 744 non

380 768 494 804 habet
520 765 758 815 principium.

435 821 469 856 8.
499 819 646 856 Deinde
677 829 763 853 cum
794 815 901 852 dicit:
929 815 1162 851 Attestantur
1194 819 1319 850 autem
1349 825 1466 861 quae.

369 874 475 920 fiunt
502 879 583 918 etc.,
613 870 824 907 manifestat
852 868 956 917 quod
977 867 1121 904 dictum
1142 874 1197 903 est
1217 866 1264 904 de
1289 878 1444 913 genera-

379 925 480 961 tione
509 931 722 969 ventorum,
744 934 812 970 per
830 921 947 969 signa.
974 921 1024 957 Et
1043 920 1223 957 dividitur
1251 920 1289 956 in
1316 926 1443 967 partes

378 985 463 1024 tres,
480 977 689 1013 secundum
702 975 772 1012 tria
787 974 893 1022 signa
908 984 1007 1023 quae
1021 973 1145 1022 ponit:
1167 972 1336 1009 secunda
1355 985 1443 1021 pars

377 1030 504 1079 incipit
530 1030 599 1066 ibi:
628 1029 763 1065 Adhuc
781 1033 906 1064 autem
929 1032 1018 1075 post
1035 1027 1171 1064 imbres
1186 1025 1206 1047 ’¹‘
1226 1033 1315 1072 etc.;
1335 1026 1443 1063 tertia

376 1083 445 1120 ibi:
474 1083 608 1119 Adhuc
635 1087 760 1118 autem
777 1080 905 1130 fiendi
920 1079 940 1101 '¹‘
961 1087 1030 1117 etc.

428 1135 528 1172 Dicit
552 1147 640 1183 ergo
660 1134 784 1183 primo
806 1133 912 1182 quod
931 1145 977 1169 ea
997 1145 1095 1181 quae
1114 1133 1211 1169 fiunt
1231 1132 1328 1168 circa
1347 1143 1441 1169 ven-

375 1197 433 1225 tos
463 1196 498 1225 et
515 1188 686 1237 pluvias,
713 1194 934 1224 attestantur
961 1186 1020 1222 his
1039 1198 1138 1234 quae
1159 1185 1258 1222 dicta
1286 1193 1374 1222 sunt
1393 1185 1441 1222 de

374 1241 614 1289 generatione
645 1252 789 1277 eorum.
820 1239 921 1286 Quia
942 1238 1044 1275 enim
1066 1238 1244 1275 continue
1264 1239 1307 1275 fit
1327 1238 1439 1275 exha-

373 1294 473 1340 latio,
494 1294 579 1330 licet
597 1294 830 1343 quandoque
850 1291 971 1339 magis
992 1299 1029 1328 et
1048 1293 1280 1340 quandoque
1300 1291 1438 1338 minus,

372 1355 526 1396 propter
554 1348 628 1383 hoc
656 1346 789 1392 nubes,
814 1357 858 1382 ex
879 1344 1017 1394 quibus
1042 1352 1247 1381 causantur
1273 1345 1439 1394 pluviae,

374 1408 410 1436 et
436 1399 540 1437 venti
576 1411 729 1448 semper
765 1399 881 1446 fiunt,
920 1398 1133 1435 secundum
1171 1397 1277 1446 quod
1306 1405 1440 1435 natura

372 1453 555 1501 temporis
575 1453 709 1489 habet:
739 1452 828 1500 quia
847 1451 1081 1500 quandoque
1111 1451 1231 1498 magis
1250 1451 1303 1498 fit,
1321 1463 1440 1500 quan-

374 1506 501 1555 doque
529 1506 668 1553 minus,
690 1505 901 1542 secundum
927 1504 1118 1542 diversam
1146 1503 1440 1553 temporis-con-

372 1559 565 1596 ditionem.
595 1560 644 1595 Et
668 1558 756 1607 quia
775 1557 1222 1606 quandoqueaexhalatio
1246 1569 1440 1606 vaporosa

371 1613 455 1660 plus
472 1613 650 1655 elevatur,
671 1611 903 1661 quandoque
917 1610 937 1632 '¹‘
957 1618 1083 1647 autem
1103 1611 1188 1659 plus
1209 1611 1256 1647 de
1276 1611 1438 1658 fumosa,

372 1665 584 1702 secundum
619 1665 789 1702 diversos
818 1664 975 1701 effectus
994 1663 1019 1704 ἕ
1047 1664 1136 1700 solis
1166 1671 1202 1701 et
1230 1665 1436 1711 stellarum,

370 1719 456 1756 ideo
477 1718 708 1767 quandoque
728 1718 825 1754 fiunt
853 1717 942 1754 anni
965 1716 1086 1764 magis
1113 1717 1278 1766 pluviosi
1307 1725 1344 1754 et
1370 1718 1439 1754 hu—

372 1772 485 1818 midi,
515 1772 747 1820 quandoque
785 1777 913 1807 autem
943 1770 1065 1818 magis
1092 1770 1243 1807 ventosi
1272 1778 1308 1806 et
1336 1770 1436 1808 sicci.

372 1824 487 1873 Quod
515 1824 671 1873 quidem
691 1823 870 1872 contingit
899 1823 1112 1872 dupliciter:
1142 1835 1220 1860 uno
1239 1823 1359 1860 modo
1380 1836 1438 1860 se-

373 1879 541 1915 cundum
560 1889 678 1914 unam
697 1885 817 1914 totam
837 1877 1033 1924 regionem
1054 1876 1287 1923 continuam,
1308 1876 1346 1913 in
1361 1889 1438 1926 qua

371 1931 496 1979 aliquo
525 1938 699 1979 tempore
728 1929 1023 1978 multiplicantur
1051 1929 1215 1978 pluviae,
1246 1937 1282 1966 et
1309 1930 1437 1978 aliquo

370 1991 544 2032 tempore
571 1983 696 2029 venti;
727 1984 800 2020 alio
821 1983 940 2020 modo
969 1982 1046 2019 fit*
1070 1983 1282 2020 secundum
1298 1991 1436 2031 partes.

371 2037 613 2085 Quandoque
634 2036 735 2073 enirn
754 2036 793 2073 in
811 2048 888 2073 una
916 2043 1021 2085 parte
1050 2035 1164 2073 unius
1194 2036 1358 2084 regionis
1378 2049 1438 2073 ac-

371 2090 499 2127 cidunt
527 2089 635 2126 multi
664 2089 816 2135 imbres,
841 2089 879 2126 in
908 2089 980 2126 alia
1007 2101 1102 2126 vero
1130 2097 1236 2138 parte
1267 2089 1438 2127 eiusdem

370 2142 534 2191 regionis
562 2142 698 2180 accidit
724 2143 842 2179 multa
857 2141 1002 2179 siccitas
1016 2140 1048 2178 ⁰:
1071 2142 1304 2191 quandoque
1326 2143 1438 2180 etiam

371 2195 549 2244 contingit
569 2196 811 2243 contrarium,
832 2196 936 2245 quod
955 2203 1035 2232 tota
1061 2195 1165 2243 >regio
1191 2195 1438 2233 circumstans

370 2249 484 2286 habet
503 2249 717 2286 mediocres
735 2256 743 2270 ⁴
768 2261 898 2298 aquas,
919 2249 981 2285 vel
1003 2247 1115 2285 etiam
1136 2248 1282 2286 excedit
1300 2249 1339 2286 in
1368 2249 1438 2286 sic-

371 2302 490 2348 citate,
512 2302 584 2339 alia
601 2314 695 2339 vero
716 2301 885 2354 abundat
903 2301 1143 2338 multitudine
1162 2314 1362 2350 aquarum.
1389 2303 1438 2339 Et

370 2355 482 2392 huius
511 2367 666 2392 causam
695 2355 869 2403 assignat,
891 2354 1021 2392 dicens
1050 2355 1156 2403 quod
1185 2367 1299 2392 causa
1325 2355 1438 2392 huius

372 2415 438 2454 est,
469 2408 572 2456 quod
599 2408 804 2445 verisimile
833 2415 889 2445 est
916 2408 1022 2456 quod
1052 2408 1190 2445 eadem
1218 2408 1345 2457 passio
1373 2410 1437 2446 vel

373 2460 545 2498 siccitatis
564 2461 626 2498 vel
653 2461 898 2508 humiditatis,
918 2461 1104 2509 pertingat
1128 2461 1360 2510 frequentius
1389 2462 1438 2498 ad

372 2514 531 2550 multam
559 2514 772 2562 regionem,
803 2526 848 2550 ex
875 2515 950 2551 hoc
979 2514 1085 2562 quod
1112 2514 1197 2550 loca
1225 2526 1324 2562 quae
1353 2522 1439 2551 sunt

373 2579 504 2615 prope,
527 2568 689 2604 eandem
717 2567 861 2604 habent
887 2566 1119 2615 positionem
1146 2567 1210 2603 vel
1239 2566 1352 2604 situm
1382 2579 1438 2604 re-

374 2627 506 2668 spectu
534 2620 622 2656 solis
645 2626 678 2666 ¹,
709 2620 774 2668 qui
803 2627 858 2656 est
887 2632 1000 2656 causa
1033 2619 1252 2668 pluviarum
1282 2627 1318 2657 et
1344 2632 1437 2658 ven-

373 2680 516 2709 torum:
547 2672 617 2709 nisi
645 2673 738 2709 forte
766 2673 893 2721 aliqua
920 2673 1059 2710 habeat
1078 2672 1220 2722 aliquid
1238 2673 1437 2722 proprium

374 2726 478 2774 quod
502 2725 678 2762 immutet
691 2725 711 2748 ’1‘
731 2725 1018 2774 dispositionem
1045 2725 1137 2773 eius,
1157 2734 1199 2763 ut
1217 2734 1309 2775 puta
1329 2738 1438 2764 mon-

373 2786 428 2815 tes
446 2779 509 2815 vel
529 2791 658 2827 aquas.
689 2779 767 2816 Sed
787 2779 963 2827 quamvis
991 2786 1033 2815 ut
1055 2779 1263 2827 plurimum
1283 2780 1359 2816 hoc
1378 2793 1438 2817 ac—

374 2831 472 2868 cidat
486 2831 517 2878 *,
539 2832 644 2880 quod
671 2839 749 2869 tota
769 2832 872 2880 regio
897 2832 1059 2869 eandem
1078 2832 1276 2881 participet
1293 2833 1443 2882 passio-⁴

373 2896 474 2931 nem,
494 2893 624 2922 tamen
648 2885 880 2934 quandoque
901 2885 1080 2933 contingit
1099 2886 1204 2934 quod
1223 2886 1436 2923 secundum

372 2949 488 2974 unam
515 2945 664 2986 partem
700 2938 812 2975 unius
845 2938 1009 2986 regionis
1046 2938 1215 2975 abundet
1252 2939 1436 2990 exhalatio

373 2990 482 3037 sicca,
513 2992 561 3028 ad
589 2991 850 3039 generandum
879 2999 1036 3038 ventos,
1071 2991 1278 3040 aliquando
1309 3001 1435 3030 autem

373 3043 540 3090 humida,
562 3044 610 3081 ad
638 3044 899 3092 generandum
932 3044 1104 3093 pluvias:
1139 3053 1175 3081 et
1203 3045 1436 3094 quandoque

426 3179 453 3211 η)
469 3179 639 3211 principium,
659 3179 771 3212 quasi
785 3180 922 3205 elevatam.
940 3195 959 3200 -
976 3181 1086 3214 aliquod
1100 3181 1265 3214 principium
1285 3182 1361 3215 quasi
1371 3183 1438 3216 son-

375 3217 438 3242 tem,
458 3214 506 3239 hoc
521 3214 682 3246 principium
702 3218 742 3240 est
759 3215 898 3241 exhalatio
916 3216 986 3241 sicca
1005 3217 1108 3242 elevata
1126 3218 1179 3242 AB.

427 3247 451 3281 θ)
472 3249 498 3274 in
523 3257 575 3274 una
596 3253 713 3282 parte...
739 3251 851 3275 siccitas.
870 3265 889 3270 —
908 3259 961 3276 una
986 3252 1061 3285 regio
1083 3252 1181 3284 accipit
1204 3253 1300 3278 multos
1328 3253 1437 3282 imbres,

374 3284 421 3308 sed
439 3284 465 3308 in
485 3284 574 3317 aliqua
589 3287 670 3316 parte
689 3285 759 3310 illius
778 3286 894 3319 regionis
913 3287 1006 3319 (istius
1022 3288 1050 3318 B,
1071 3292 1097 3312 et
1115 3295 1168 3312 om.
1184 3288 1320 3322 regionis)
1339 3288 1438 3313 accidit

376 3319 459 3343 multa
477 3319 581 3344 siccitas
600 3320 653 3344 ΑΒ.

429 3354 446 3386 ι)
466 3354 618 3380 mediocres.
630 3368 649 3373 -
662 3358 806 3387 temperate
824 3357 877 3381 AB.
889 3369 908 3376 —
922 3358 988 3382 Ante
1011 3357 1119 3383 excedit
1132 3358 1170 3383 Pa
1183 3359 1241 3383 add.
1256 3365 1356 3391 parum
1361 3367 1370 3389 ,·
1389 3366 1437 3392 pro

375 3388 430 3413 alia
448 3396 510 3414 vero
529 3390 573 3414 ΑΒ
592 3390 680 3422 legunt
697 3391 788 3422 aliqua
802 3399 870 3423 pars
888 3392 953 3417 eius.

427 3423 452 3455 κ)
472 3424 509 3448 Et
526 3424 603 3449 huius
621 3432 728 3450 causam
778 3426 857 3451 situm
877 3431 995 3459 respectu
1009 3428 1081 3453 soIis.
1094 3442 1113 3447 -
1126 3428 1162 3453 Et
1176 3429 1313 3462 utriusque
1328 3436 1436 3454 causam

375 3458 509 3490 assignat,
523 3466 603 3484 causa
614 3460 682 3484 enim
692 3460 770 3486 huius
780 3462 851 3493 quod
865 3465 922 3487 tota
937 3463 1011 3495 regio
1024 3463 1117 3488 simiIis
1127 3467 1157 3488 ut
1161 3464 1332 3496 frequentius
1344 3465 1436 3490 eadem

371 3493 464 3524 passio
485 3494 526 3518 vel
549 3494 676 3519 siccitatis
694 3496 735 3520 vel
751 3496 918 3522 humiditatis
935 3498 1077 3531 pertingat
1097 3499 1134 3523 ad
1153 3500 1263 3524 multam
1284 3500 1434 3533 regionem,

376 3531 415 3553 est
433 3535 470 3552 ex
482 3528 530 3554 hoc
548 3529 619 3561 quod
635 3530 691 3554 loca
706 3538 772 3562 quae
792 3535 853 3556 sunt
867 3539 953 3564 prope
967 3533 1077 3558 similem
1092 3533 1188 3559 habent
1207 3535 1297 3566 (etiam
1311 3536 1344 3567 Α)
1363 3535 1436 3567 posi-

377 3563 477 3623 ti‘sswi’
493 3564 532 3588 vel
554 3564 634 3589 situm
653 3569 771 3596 respectu
790 3566 852 3591 solis
871 3568 915 3591 AB
922 3575 929 3598 ;
949 3575 996 3600 pro
1021 3569 1101 3593 situm
1122 3573 1239 3601 respectu
1259 3570 1334 3600 solis,
1356 3571 1435 3595 situm

375 3605 405 3622 so
417 3605 439 3623 ts
478 3606 504 3623 a.

1503 387 1652 436 pluvia,
1682 387 1734 424 ibi
1762 399 1865 424 nunc
1893 386 2063 423 abundet
2088 393 2239 422 ventus.
2278 386 2328 422 Et
2354 385 2577 424 huiusmodi

1505 439 1732 477 diversitatis
1761 452 1876 477 causa
1905 447 1980 486 est,
2011 439 2101 488 quia
2130 438 2312 486 contingit
2339 438 2388 476 de
2415 447 2576 490 utraque

1505 493 1741 530 exhalatione
1760 491 1773 514 ²
1801 493 1906 542 quod
1943 499 2110 529 transeat
2142 492 2181 528 in
2210 492 2490 530 exhalationem
2527 494 2579 530 al-

1502 546 1618 583 terius
1646 545 1811 594 regionis
1838 546 1998 591 habitae,
2019 545 2117 582 idest
2145 553 2426 593 consequenter
2450 557 2492 583 se
2511 546 2578 583 ha-

1503 599 1646 636 bentis:
1675 606 1717 635 ut
1743 606 1847 647 puta,
1877 599 2114 647 quandoque
2142 599 2243 635 sicca
2273 598 2460 635 exhalatio
2489 599 2578 637 facit

1501 652 1649 689 fluxum
1675 659 1881 689 ventorum
1909 652 1948 689 in
1975 652 2037 688 illa
2065 651 2220 699 regione
2257 651 2362 688 unde
2391 652 2574 700 elevatur,

1502 706 1570 742 sed
1599 705 1786 742 exhalatio
1814 705 1975 743 humida
2000 717 2023 742 a
2045 705 2170 742 ventis
2198 704 2404 754 impellitur
2431 705 2481 742 ad
2508 705 2575 743 ali-

1501 771 1618 807 quam
1647 758 1846 806 regionem
1879 758 2138 807 propinquam
2174 765 2296 795 terrae
2324 766 2509 795 ventosae
2532 765 2574 806 ‘⁴‘;

1501 820 1536 848 et
1556 811 1761 860 aliquando
1781 819 1954 848 remanet
1971 811 2143 858 humida,
2165 819 2203 848 et
2220 811 2443 848 transfertur
2461 811 2572 850 sicca.

1501 865 1606 902 Sicut
1622 865 1779 902 enimin
1800 877 1963 913 corpore
1978 864 2152 901 animalis
2172 864 2378 914 aliquando
2399 865 2575 914 superior

1497 918 1719 965 ventositas,
1749 930 1849 966 quae
1878 929 1924 954 ex
1953 918 2154 954 stomacho
2185 918 2352 964 exhalat,
2384 918 2572 956 contrarie

1499 971 1713 1021 disponitur
1731 970 1910 1017 inferiori,
1931 982 2031 1019 quae
2052 971 2202 1007 exhalat
2221 983 2268 1008 ex
2288 971 2488 1018 intestinis;
2518 971 2572 1009 sic

1499 1033 1534 1062 et
1572 1024 1671 1061 circa
1706 1025 1792 1061 loca
1829 1023 1965 1061 accidit
2001 1023 2108 1073 quod
2144 1023 2338 1071 patiuntur
2374 1024 2572 1073 quandam

1498 1077 1833 1115 contraiacentiam
1869 1089 1914 1114 ex
1951 1076 2233 1126 permutatione
2263 1077 2570 1125 exhalationum3

1497 1131 1636 1168 scilicet
1665 1131 1758 1168 dum
1785 1131 1823 1167 in
1843 1130 1998 1178 regione
2019 1141 2064 1166 ex
2084 1142 2161 1179 qua
2179 1130 2403 1167 transfertur
2421 1131 2573 1169 exhalas

1496 1185 1547 1221 tio
1576 1184 1747 1231 humida,
1768 1184 1939 1221 abundat
1965 1183 2111 1220 siccitas
2124 1212 2133 1230 ,
2164 1190 2201 1220 et
2218 1183 2259 1220 in
2276 1182 2339 1220 illa
2356 1183 2408 1221 ad
2425 1184 2574 1232 quamff

1495 1238 1726 1284 transfertur,
1757 1237 1927 1274 abundat
1954 1236 2170 1274 humiditas.
2515 1252 2519 1256 ·
2555 1251 2574 1272 s:

1550 1303 1585 1339 9.
1615 1291 1765 1328 Deinde
1795 1287 1887 1327 cum'
1920 1290 2034 1328 dicit:
2062 1290 2199 1326 Adhuc
2226 1295 2352 1326 autem
2376 1291 2475 1338 post.
2498 1290 2572 1328 ima

1495 1345 1580 1381 hres
1608 1352 1691 1391 etc.,
1711 1343 1821 1393 ponit
1839 1344 2052 1381 secundum
2078 1343 2242 1391 signum.
2267 1343 2318 1380 Et
2345 1342 2436 1380 dicit
2461 1343 2573 1392 quod

1494 1397 1634 1446 pluries
1662 1398 1706 1435 fit
1731 1404 1870 1435 ventus
1898 1404 1986 1446 post
2012 1397 2162 1446 pluvias
2191 1396 2230 1433 in
2249 1395 2343 1433 locis
2369 1396 2409 1438 in
2427 1395 2573 1446 quibus

1494 1450 1603 1499 pluit;
1636 1458 1673 1488 et
1701 1463 1721 1487 e
1751 1462 1940 1488 converso
1969 1450 2075 1487 venti
2104 1457 2253 1487 cessant
2280 1461 2381 1499 aqua
2398 1450 2566 1499 plue-me.

1495 1505 1544 1540 Et
1563 1505 1638 1541 hoc
1651 1503 1672 1526 ‘¹‘
1691 1503 1827 1541 accidit
1844 1511 2002 1553 propter
2029 1504 2104 1540 hoc
2133 1503 2240 1552 quod
2259 1502 2405 1540 dictum
2434 1510 2492 1541 est
2505 1503 2572 1551 de
2595 1516 2604 1526 ·

1492 1557 1686 1606 principiis
1704 1557 1858 1606 pluviae
1879 1564 1916 1594 et
1933 1564 2158 1604 ventorum,
2179 1556 2268 1605 quia
2287 1556 2427 1594 scilicet
2442 1568 2569 1595 unum

1494 1623 1630 1647 eorum
1659 1610 1703 1647 fit
1730 1622 1775 1647 ex
1805 1610 2043 1647 exhalatione
2063 1610 2173 1657 sicca,
2195 1609 2298 1647 aliud
2319 1622 2365 1646 ex
2393 1609 2571 1648 humidus*
2606 1635 2610 1638 -
2647 1626 2678 1644 -α

1494 1664 1597 1710 Quia
1626 1675 1714 1700 cum
1742 1663 1873 1712 pluvia
1912 1662 2089 1700 ceciderit
2116 1670 2154 1700 et
2180 1663 2462 1700 humectaverit
2491 1670 2570 1701 tet-4,
2606 1688 2608 1691 -
2728 1685 2730 1689 ›
2755 1672 2758 1676 ·

1493 1729 1576 1754 ram
1595 1714 1620 1763 ξ,
1642 1716 1774 1753 iterato
1795 1729 1817 1753 a
1836 1724 1935 1754 terra
1955 1716 2105 1753 exhalat
2123 1716 2310 1753 exhalatio
2332 1715 2444 1764 sicca,
2464 1728 2571 1766 quae«

1493 1778 1549 1807 est
1575 1770 1732 1806 materia
1750 1777 1969 1816 ventorum,
1990 1769 2180 1807 desiccata
2202 1769 2285 1818 ipsa
2304 1777 2403 1806 terra
2430 1778 2514 1808 tum
2541 1782 2573 1808 ε’

1493 1823 1678 1860 caliditate
1693 1823 1907 1870 intrinseca,
1919 1830 2002 1859 tum
2018 1835 2040 1859 a
2055 1822 2240 1871 superiori
2259 1822 2447 1860 caliditate
2460 1823 2571 1862 solia<

1493 1877 1542 1913 Et
1561 1877 1656 1913 haec
1677 1884 1733 1913 est
1761 1888 1875 1913 causa
1901 1888 2019 1925 quare
2047 1883 2136 1925 post
2154 1875 2305 1925 pluvias
2323 1876 2573 1915 fiunt-venti:

1494 1941 1582 1966 eum
1603 1929 1744 1966 scilicet
1770 1929 1875 1966 venti
1903 1929 2138 1966 invalescant
2155 1929 2176 1952 ’⁸‘
2195 1941 2264 1978 per
2283 1929 2570 1978 separationem
2592 1946 2604 1958 ·

1493 1982 1575 2020 talis
1605 1982 1828 2020 elevationis
1848 1995 1870 2020 a
1888 1990 1999 2019 terra.
2027 1983 2077 2020 Et
2095 1982 2115 2005 ²¹²
2135 1990 2285 2020 cessant
2301 1990 2461 2032 propoer
2470 1983 2572 2031 hoq

1493 2035 1598 2085 quod
1627 2048 1672 2073 ex
1700 2036 1839 2073 virtute
1869 2035 2004 2073 caloris
2032 2035 2166 2074 iterato
2195 2043 2394 2085 separatur
2421 2035 2571 2075 calidus

1492 2101 1616 2138 vapor
1643 2101 1666 2126 a
1694 2097 1804 2136 terra,
1827 2096 1863 2126 et
1892 2089 2062 2126 elevatur
2085 2089 2125 2127 in
2153 2089 2395 2139 superiorem
2420 2086 2565 2138 locum,

1494 2150 1530 2180 et
1544 2142 1564 2164 *
1577 2150 1734 2191 propter
1753 2142 1994 2191 frigiditatem
2015 2142 2067 2180 ibi
2087 2143 2354 2190 condensatur,
2370 2150 2408 2181 et
2424 2143 2471 2182 fit
2482 2143 2565 2193 plu·
2591 2154 2604 2167 ⁴

1492 2195 1574 2232 via:
1604 2203 1640 2232 et
1658 2197 1754 2233 haec
1775 2203 1832 2233 est
1851 2208 1966 2233 causa
1986 2208 2104 2245 quare
2119 2204 2207 2246 post
2225 2203 2363 2234 ventos
2376 2196 2398 2220 ⁸
2411 2196 2571 2246 piuviae
2594 2209 2603 2218 ·

1493 2249 1780 2298 superveniunt.
1793 2250 1878 2286 Nec
1892 2249 2019 2286 solum
2035 2249 2189 2299 pluviae
2204 2250 2416 2287 succedunt
2427 2249 2572 2299 venti&

1493 2303 1562 2339 sed
1582 2302 1695 2340 etiam
1716 2303 1915 2340 destruunt
1935 2315 2021 2340 eos:
2042 2302 2133 2352 quia
2152 2315 2242 2340 cum
2262 2303 2427 2341 nubesa
2442 2310 2571 2349 vento]

1493 2356 1710 2393 adunentur
1736 2361 1749 2377 ⁰
1777 2355 1816 2393 in
1848 2368 1970 2393 unum
2008 2356 2160 2404 locum,
2195 2356 2376 2405 frigiditas
2405 2355 2572 2395 circum-.

1493 2416 1595 2446 stans
1625 2409 1835 2446 condensat
1863 2421 1944 2455 eas,
1975 2416 2012 2446 et
2038 2417 2267 2457 generantur
2293 2421 2571 2459 aquae;.aqm·

1491 2474 1586 2499 vero
1616 2461 1804 2510 infrigidat
1823 2469 1859 2499 et
1887 2463 2082 2499 humectat
2106 2462 2386 2500 exhalationem
2409 2462 2570 2511 siccam,

1493 2527 1592 2564 quae
1622 2523 1701 2552 erat
1737 2515 1897 2552 materia
1924 2522 2141 2552 ventorum.
2172 2515 2284 2553 Unde
2319 2515 2564 2554 manifestum

1495 2576 1549 2605 est
1577 2567 1684 2616 quod
1703 2579 1827 2617 aquae
1854 2568 2017 2605 fluentes
2046 2568 2187 2606 faciunt
2205 2574 2224 2591 π
2244 2581 2393 2606 cessare
2411 2576 2567 2618 ventos,

1494 2628 1530 2658 et
1559 2621 1787 2668 succedunt,
1818 2621 1908 2670 ipsis
1938 2621 2184 2667 cessantibus,
2214 2622 2379 2671 pluviae,
2408 2630 2569 2672 propter

1492 2674 1705 2723 praedictas
1735 2686 1880 2711 causas.
1910 2675 1959 2711 Et
1986 2675 2062 2711 hoc
2098 2675 2234 2724 accipit
2260 2683 2302 2713 ut
2335 2675 2567 2724 signumad

1494 2727 1775 2765 ostendendum
1797 2728 1903 2777 quod
1920 2735 2059 2765 ventus
2088 2735 2125 2765 et
2142 2728 2274 2777 pluvia
2293 2729 2391 2766 fiunt
2411 2741 2457 2766 ex
2476 2741 2564 2767 cau-

1493 2793 1543 2818 sts
1573 2789 1779 2817 contrariis.
2160 2814 2167 2822 ,

1552 2845 1609 2871 10.
1631 2833 1782 2871 Deinde
1802 2846 1890 2870 cum
1912 2833 2017 2871 dicit:
2038 2834 2174 2872 Adhuc
2191 2835 2454 2883 autemfiendi
2479 2842 2562 2883 etc.,

1491 2886 1599 2935 ponit
1613 2886 1765 2924 tertium
1783 2886 1936 2934 signum
1956 2887 2062 2935 quod
2076 2887 2180 2925 venti
2195 2895 2422 2936 generentur
2436 2887 2485 2926 ab
2501 2899 2564 2926 ex-

1491 2940 1681 2977 halatione
1696 2939 1796 2977 sicca
1815 2939 1846 2977 *.
1869 2941 1978 2977 Haec
2002 2940 2105 2978 enim
2122 2948 2177 2978 est
2192 2953 2308 2978 causa
2327 2953 2446 2989 quare
2466 2941 2566 2980 fiunt
2592 2949 2602 2959 ·

1490 2993 1591 3030 venti
1614 2993 1780 3030 maxime
1799 2994 1849 3030 ab
1874 2995 1983 3040 Ursa,
2005 2993 2103 3031 idest
2121 3006 2144 3031 a
2163 2994 2422 3043 septentrione
2441 2994 2564 3044 (quod

1491 3054 1651 3083 vocatur
1678 3047 1727 3084 ab
1761 3048 1871 3092 Ursa,
1893 3058 1940 3083 eo
1961 3047 2067 3096 quod
2095 3047 2194 3085 duae
2231 3047 2364 3095 Ursae,
2378 3047 2566 3086 maior-et

1546 3181 1573 3215 λ)
1593 3183 1775 3208 exhalatione.
1787 3197 1807 3202 —
1821 3186 1876 3208 tam
1891 3176 2007 3209 humida*
2016 3190 2096 3216 quam
2116 3183 2187 3210 sicca
2205 3183 2264 3209 add.
2277 3183 2331 3209 ΑΒ.
2344 3197 2364 3203 -
2375 3183 2427 3209 Pto
2440 3185 2565 3209 tranoeat

1493 3217 1534 3248 in,
1555 3218 1730 3244 transcendat
1748 3219 1794 3244 Pa.

1547 3253 1575 3287 μ.)
1591 3254 1771 3286 propinquam
1792 3257 1881 3280 terrae
1907 3257 2039 3279 ventosae.
2058 3268 2078 3273 -
2097 3254 2211 3280 vIcinam
2231 3254 2281 3280 t're
2300 3257 2399 3279 motam
2418 3254 2478 3284 ΑΒ,
2496 3253 2563 3279 forte

1492 3296 1540 3321 pro
1559 3288 1673 3314 vicinam
1693 3290 1734 3314 vel
1752 3293 1882 3315 remotam
1889 3296 1898 3319 ,·
1917 3289 1949 3314 cf.
1969 3294 2076 3315 textum.

1492 3359 1512 3383 Β
1545 3324 1569 3356 ν)
1589 3324 1659 3384 ettin
1680 3324 1726 3384 iltla
1738 3325 1776 3350 ad
1789 3332 1913 3385 {nanthi-
1931 3327 1958 3350 et
1976 3325 2051 3350 nulla
2069 3323 2139 3358 (seq.
2154 3325 2266 3358 spatium
2280 3332 2336 3350 vac.
2350 3331 2395 3350 sex
2408 3323 2510 3358 litteris)
2523 3324 2562 3355 A3

1531 3367 1586 3384 om.
1604 3367 1618 3384 e
1649 3367 1675 3384 in
1696 3367 1703 3384 1
1724 3367 1776 3385 a...
1810 3367 1864 3385 umt
1885 3367 1946 3385 ias.

1546 3392 1570 3426 ξ)
1585 3398 1611 3420 et
1624 3395 1817 3421 humectaverit
1835 3398 1947 3420 terram.
1958 3409 1977 3415 —
1989 3398 2016 3420 et
2027 3395 2163 3421 humectat
2181 3399 2283 3421 terram
2298 3395 2345 3426 Pa,
2364 3397 2392 3420 et
2408 3394 2564 3421 humectant

1491 3432 1591 3455 terram
1613 3430 1653 3455 ed.
1672 3429 1746 3461 1561,
1765 3434 1792 3456 et
1809 3430 2005 3456 humectabitur
2022 3434 2097 3457 terra
2115 3432 2145 3456 Β.

1546 3466 1572 3497 ο)
1591 3466 1754 3491 adunentur.
1773 3480 1792 3485 -
1809 3466 1945 3491 adunetur
1963 3466 2011 3491 Pa.
2024 3479 2044 3486 -
2057 3466 2108 3491 Pro
2117 3465 2272 3492 condensat
2283 3472 2329 3492 eas
2339 3482 2365 3491 ...
2378 3469 2406 3491 et
2417 3465 2560 3496 humectat.

1491 3501 1636 3526 condensat
1654 3508 1700 3526 eas
1718 3508 1850 3534 generans
1868 3508 1966 3534 aquam
1986 3501 2130 3535 infrigidat
2148 3501 2283 3527 humectat
2301 3501 2355 3526 ΑΒ.

1545 3536 1574 3567 π)
1594 3544 1679 3569 aquae
1697 3537 1808 3569 fluentes
1819 3537 1938 3570 faciunt.
1957 3550 1976 3556 -
1993 3543 2064 3569 aqua
2080 3537 2171 3571 fluens
2183 3536 2256 3570 facit
2275 3536 2322 3562 Pa.
2334 3550 2354 3556 —-
2367 3535 2427 3560 Mox
2438 3535 2488 3560 ΑΒ
2506 3542 2560 3560 om.

1487 3571 1606 3630 pssuviae.
1628 3585 1647 3591 —
1671 3572 1722 3596 Pro
1749 3572 1785 3597 Et
1807 3572 1855 3597 hoc
1882 3571 1996 3604 accipit,
2025 3572 2062 3597 Et
2084 3571 2134 3597 hoc
2160 3571 2260 3597 accidit
2283 3571 2303 3596 P
2327 3577 2415 3596 errore
2438 3576 2560 3604 typogra-

1492 3614 1508 3638 p
1528 3613 1576 3631 ico.

2593 1998 2713 2023 'Ecum
