2782 4134
10 702 85 723 notus
99 706 146 722 om.
161 706 182 721 Α.

10 755 47 776 est
58 759 107 775 om.
121 759 160 775 Pa.

0 1179 82 1211 gnum
95 1183 145 1200 om.
158 1183 198 1200 ra.

1097 293 1208 329 CAP.
1239 293 1290 338 ΙΙ,
1321 292 1473 328 LECT.
1504 292 1535 328 II

224 371 543 410 combinationes:
573 383 664 407 nam
685 370 850 407 calidum
871 378 906 407 et
935 371 1078 407 siccum
1109 378 1163 407 est
1182 371 1289 419 ignis,

224 425 390 463 calidum
419 432 456 461 et
483 423 686 460 humidum
717 431 771 460 est
800 436 876 470 aer,
902 423 1078 471 frigidum
1104 432 1139 460 et
1167 424 1290 460 humi-

224 480 317 517 dum
355 490 475 527 aqua,
510 477 687 525 frigidum
726 484 762 513 et
799 476 942 513 siccum
980 484 1096 523 terra;
1127 477 1291 514 calidum

222 545 317 570 vero
348 538 383 568 et
408 530 597 578 frigidum,
617 530 679 567 vel
699 529 903 566 humidum
924 537 959 565 et
978 529 1122 566 siccum
1151 530 1292 578 aliquid

225 598 319 633 esse,
336 583 569 634 impossibile
590 591 645 620 est
660 581 687 619 β.
710 583 861 619 Horum
883 589 1011 618 autem
1032 590 1195 631 quatuor
1211 595 1291 620 cor-

224 651 364 688 porum
393 644 480 675 sunt
508 637 584 674 duo
614 643 757 673 motus:
787 648 887 672 unus
915 635 1072 683 quidem
1102 635 1167 683 qui
1197 644 1251 672 est
1271 648 1292 672 a

224 691 353 729 medio
374 690 509 728 mundi
528 702 691 737 sursum,
709 688 774 737 qui
794 696 850 725 est
868 696 995 725 motus
1009 688 1030 710 *
1048 688 1203 735 levium,
1225 689 1293 725 sci-

224 745 310 782 licet
337 744 432 792 ignis
461 751 498 780 et
525 743 636 789 aeris3
670 742 765 779 alius
802 749 930 778 autem
964 749 1092 778 motus
1122 749 1177 778 est
1195 741 1215 762 ’¹‘
1243 742 1292 778 ad

225 798 410 844 medium,
432 797 497 846 qui
516 804 572 833 est
600 803 727 832 motus
752 795 938 843 gravium,
959 795 1098 831 scilicet
1116 802 1237 831 terrae
1259 802 1294 831 et

225 863 359 900 aquae.
381 851 431 887 Et
449 850 503 886 sic
527 857 583 886 est
600 849 733 897 triplex
761 855 889 885 motus
910 861 1133 897 corporum:
1155 848 1294 884 scilicet

225 905 274 942 ad
301 904 488 951 medium,
509 902 575 951 qui
604 910 659 939 est
687 902 860 950 gravium
879 907 910 947 γ;
940 914 963 938 a
991 901 1133 949 medio,
1155 901 1219 950 qui
1240 909 1295 938 est

224 958 385 1004 levium;
407 964 443 993 et
471 955 569 993 circa
597 955 783 1002 medium,
805 955 870 1004 qui
900 962 954 992 est
974 967 1181 1004 corporum
1211 967 1294 992 cae-

225 1010 386 1057 lestium,
407 1022 508 1058 quae
527 1021 652 1058 neque
681 1017 769 1046 sunt
787 1008 917 1057 gravia
944 1021 1070 1058 neque
1090 1007 1201 1045 levia.
1223 1009 1295 1045 Le-

224 1064 331 1102 vium
361 1071 488 1100 autem
519 1070 555 1099 et
582 1062 757 1110 gravium
778 1070 832 1099 est
851 1062 1041 1111 quaedam
1070 1061 1293 1099 differentia.

225 1118 331 1156 Nam
351 1116 492 1166 aliquid
513 1123 569 1153 est
589 1117 674 1153 leve
695 1115 924 1165 simpliciter,
945 1115 1085 1152 scilicet
1103 1115 1209 1163 ignis,
1231 1114 1295 1163 qui

226 1170 486 1220 supereminet
514 1169 710 1215 omnibus;
740 1169 883 1218 aliquid
911 1176 1039 1206 autem
1057 1169 1078 1190 ’¹‘
1107 1176 1162 1205 est
1180 1180 1295 1216 grave

226 1223 454 1278 simpliciter,
485 1222 626 1260 scilicet
653 1230 763 1271 terra,
790 1235 888 1272 quae
912 1221 1082 1259 subsidet
1101 1221 1294 1267 omnibus;

226 1277 298 1316 alia
314 1289 408 1315 vero
430 1277 507 1314 duo
528 1283 616 1314 sunt
634 1276 846 1314 secundum
866 1275 958 1325 quid
977 1275 1107 1323 gravia
1126 1282 1162 1312 et
1181 1274 1296 1311 levia:

224 1342 318 1374 nam
347 1342 411 1367 aer
431 1337 486 1367 est
504 1329 598 1367 levis
623 1337 796 1379 respectu
814 1337 936 1366 terrae
956 1336 992 1366 et
1011 1340 1146 1377 aquae,
1172 1328 1297 1376 gravis

225 1396 321 1422 vero
341 1391 517 1433 respectu
535 1383 645 1432 ignis;
667 1395 767 1432 aqua
785 1390 915 1419 autem
935 1389 991 1419 est
1008 1381 1102 1418 levis
1122 1388 1297 1430 respectu

226 1444 370 1485 terrae,
398 1437 524 1485 gravis
553 1444 681 1474 autem
717 1443 891 1485 respectu
922 1435 1017 1484 ignis
1046 1442 1083 1471 et
1111 1434 1218 1472 aeris.
1249 1435 1298 1471 Et

226 1491 315 1530 ideo
344 1491 440 1528 haec
468 1491 545 1528 duo
573 1490 623 1527 ad
651 1489 723 1526 alia
746 1489 824 1526 duo
846 1495 1014 1526 extrema
1033 1487 1297 1537 proportiona-

227 1544 310 1582 liter
328 1556 369 1581 se
384 1542 538 1590 habent,
557 1550 599 1580 ut
618 1542 758 1580 scilicet
777 1542 872 1579 sicut
891 1554 957 1579 aer
976 1549 1032 1579 est
1045 1541 1299 1590 propinquior

226 1597 324 1646 igni,
353 1597 404 1634 ita
432 1609 532 1646 aqua
561 1603 617 1633 est
643 1595 897 1644 propinquior
924 1603 1058 1632 terrae.
1094 1595 1157 1631 Sic
1188 1594 1299 1643 igitur

227 1657 332 1701 patet
349 1649 456 1699 quod
475 1649 544 1687 iste
564 1649 732 1686 mundus
752 1649 817 1697 qui
842 1656 897 1686 est
917 1648 1015 1686 circa
1033 1656 1186 1696 terram,
1209 1660 1298 1685 con-

227 1711 300 1742 stat
319 1710 364 1740 ex
383 1710 549 1753 quatuor
568 1701 808 1752 corporibus:
839 1710 876 1739 et
899 1702 1011 1739 huius
1031 1701 1166 1739 mundi
1186 1714 1299 1751 opor-

226 1764 280 1796 tet
301 1769 373 1795 nos
401 1756 440 1794 in
467 1757 543 1793 hoc
570 1755 667 1793 libro
690 1755 889 1805 passiones
918 1755 1170 1802 considerare,
1201 1767 1298 1804 quae

228 1818 316 1849 sunt
333 1809 670 1847 transmutationes
683 1809 814 1846 variae
833 1809 871 1846 in
892 1808 1088 1846 elementis
1107 1808 1296 1846 inventae.

285 1865 320 1902 3.
349 1863 500 1901 Deinde
520 1875 610 1900 cum
630 1862 740 1900 dicit:
769 1863 838 1899 Est
854 1868 980 1899 autem
1008 1874 1059 1899 ex
1086 1862 1300 1899 necessitate

228 1918 426 1956 continuus
445 1924 529 1965 etc„
559 1916 724 1953 ostendit
752 1915 951 1965 quomodo
979 1915 1164 1965 principia
1190 1927 1299 1965 prae-

230 1971 329 2010 dicta
357 1983 397 2008 se
417 1971 583 2007 habeant
610 1969 828 2007 adinvicem
848 1969 886 2006 in
907 1969 1113 2007 causando.
1144 1970 1193 2006 Et
1213 1968 1301 2006 dicit

230 2024 335 2074 quod
363 2023 621 2061 necessarium
651 2030 706 2060 est
734 2023 838 2072 quod
862 2022 931 2060 iste
951 2023 1119 2060 mundus
1147 2021 1301 2059 inferior

230 2078 411 2116 consistat
433 2089 479 2114 ex
498 2083 662 2126 quatuor
677 2076 873 2114 elementis
883 2073 909 2124 δ,
925 2076 979 2113 sic
999 2075 1226 2113 continuatis
1240 2087 1298 2112 su-

222 2131 440 2181 perioribus
467 2130 678 2176 lationibus,
699 2129 796 2167 idest
815 2129 1041 2179 corporibus
1071 2129 1300 2166 circulariter

230 2184 360 2223 motis:
390 2184 609 2222 continuum
629 2190 759 2221 autern
779 2183 841 2220 hic
861 2182 996 2232 accipit
1014 2195 1086 2232 pro
1106 2183 1299 2232 contiguo,

229 2246 272 2276 ut
297 2237 438 2276 scilicet
464 2236 556 2275 nihil
584 2236 630 2274 sit
657 2236 831 2274 medium
859 2236 956 2274 inter
985 2248 1041 2273 ea.
1072 2235 1190 2273 Cuius
1218 2235 1300 2284 qui-

231 2292 321 2330 dem
350 2290 584 2328 necessitatis
612 2289 706 2327 ratio
736 2297 810 2338 est,
844 2302 923 2327 non
952 2290 1076 2327 solum
1113 2289 1203 2339 quia
1230 2288 1301 2325 im-

229 2344 411 2396 possibile
440 2352 497 2382 est
523 2344 652 2381 locum
679 2355 849 2381 vacuum
879 2355 975 2390 esse,
1004 2342 1110 2380 unde
1139 2354 1302 2391 corpora

231 2405 382 2449 oportet
405 2397 630 2447 corporibus
650 2396 874 2445 contiguari:
905 2396 973 2434 sed
1003 2396 1117 2433 etiarn
1145 2403 1303 2445 propter

229 2453 364 2499 finem,
384 2458 426 2488 ut
453 2451 595 2488 scilicet
626 2458 705 2488 tota
722 2450 842 2488 virtus
866 2449 1053 2487 inferioris
1081 2449 1216 2486 mundi
1236 2461 1302 2497 gu-

230 2506 412 2543 bernetur
439 2517 461 2542 a
488 2504 509 2527 ’¹‘
536 2503 794 2554 superioribus
824 2503 1060 2552 corporibus,
1090 2502 1196 2551 quod
1224 2514 1303 2540 non

232 2565 331 2597 esset
358 2557 429 2596 nisi
448 2570 488 2595 se
508 2565 720 2606 tangerent;
751 2564 902 2607 oportet
921 2556 1024 2594 enim
1053 2556 1159 2605 quod
1187 2568 1303 2604 agens

233 2612 431 2662 corporale
459 2619 587 2659 tangat
613 2623 772 2660 passum
802 2618 838 2648 et
865 2618 1015 2648 motum
1044 2610 1092 2647 ab
1121 2609 1217 2659 ipso.

285 2677 323 2714 4.
341 2664 459 2713 Quod
474 2672 604 2702 autern
623 2664 778 2702 inferior
797 2664 965 2701 mundus
985 2671 1136 2712 regatur
1151 2675 1304 2712 asupe-

232 2718 395 2757 rioribus
425 2718 648 2768 corporibus
676 2726 713 2755 et
741 2725 960 2766 moveatur,
989 2717 1128 2766 probat
1156 2716 1305 2754 duabus

233 2771 455 2810 rationibus.
485 2772 662 2819 Quarum
690 2771 813 2820 prima
845 2771 927 2808 talis
961 2778 1027 2808 est.
1063 2771 1191 2807 Causa
1221 2781 1305 2806 mo-

231 2838 341 2873 vens,
356 2825 461 2862 unde
481 2825 621 2863 scilicet
639 2832 696 2862 est
714 2824 943 2874 principium
962 2831 1091 2861 motus
1100 2823 1132 2871 ²¹⁸,
1149 2835 1306 2860 necesse

234 2886 291 2917 est
318 2878 424 2928 quod
443 2878 490 2916 sit
507 2878 633 2928 prima
661 2890 787 2915 causa.
816 2878 866 2915 Et
893 2878 969 2914 hoc
997 2876 1212 2924 intelligitur
1238 2887 1307 2925 per

234 2939 451 2982 respectum
466 2937 477 2953 ⁸
496 2931 547 2969 ad
566 2944 723 2969 causam
746 2931 950 2968 formalem
981 2938 1016 2967 et
1044 2929 1302 2967 materialem:

233 2997 325 3023 nam
353 2985 512 3023 materia
539 2985 679 3034 patitur
697 2985 745 3022 ab
765 2993 912 3033 agente,
942 2996 1058 3032 agens
1085 2990 1214 3020 autem
1239 2989 1304 3020 na-

233 3039 400 3076 turaliter
419 3046 476 3076 est
493 3038 598 3088 prius
626 3038 809 3087 patiente;
839 3037 964 3074 forma
991 3037 1106 3074 etiam
1135 3043 1191 3073 est
1215 3036 1305 3073 effe-

288 3170 314 3206 β)
338 3178 401 3196 nam
426 3171 581 3197 calidum...
600 3170 761 3202 impossibile
784 3173 832 3195 eet.
849 3184 869 3189 -
891 3177 954 3195 nam
977 3170 1081 3195 calidus
1103 3173 1130 3195 et
1154 3170 1239 3195 siccus
1265 3173 1304 3194 est

235 3207 314 3241 ignis,
332 3207 436 3233 calidus
455 3210 482 3232 et
500 3206 626 3232 humidus
637 3209 678 3231 est
690 3213 746 3235 aer,
761 3206 871 3240 frigida
889 3209 916 3231 et
934 3205 1046 3231 humida
1063 3212 1142 3238 aqua,
1156 3205 1266 3239 frigida
1279 3207 1306 3229 et

234 3242 305 3268 sicca
319 3245 409 3272 terra,
428 3242 546 3267 calidum
554 3241 700 3276 frigidum,
715 3241 854 3266 humidum
868 3244 895 3266 et
907 3241 1006 3266 siccum
1020 3241 1123 3274 aliquid
1137 3247 1193 3266 esse
1206 3240 1303 3272 impos-

234 3278 310 3303 sibile
327 3281 367 3303 est
385 3279 422 3309 A;
442 3277 520 3302 etiam
533 3278 555 3301 B
569 3285 623 3301 om.
638 3283 709 3301 vero.
723 3290 741 3295 -
755 3277 806 3301 Pro
821 3276 927 3301 Horum
946 3279 1035 3301 autem
1054 3279 1178 3308 quatuor,
1198 3275 1303 3300 Horum

235 3316 325 3339 autem
344 3316 371 3338 et
390 3315 507 3345 quatuor
525 3313 578 3337 ΑΒ.
590 3327 611 3331 -
623 3312 681 3337 Lin.
700 3319 757 3344 seq.
772 3316 832 3337 ante
849 3318 867 3336 a
886 3311 982 3340 medin,
1001 3311 1046 3335 AB
1065 3319 1119 3336 om.
1131 3311 1177 3343 qui
1195 3313 1242 3335 est.

289 3348 317 3383 γ)
337 3348 436 3374 scilicet
454 3351 580 3373 terrae...
591 3347 727 3381 gravium.
745 3362 765 3366 -
782 3347 841 3371 Hoc
859 3346 1056 3371 homoteleuton
1069 3354 1123 3371 om.
1135 3347 1167 3371 A.
1185 3359 1204 3365 -
1222 3345 1273 3370 Pro
1288 3353 1305 3370 a

237 3384 332 3414 medio,
351 3387 378 3408 et
396 3390 414 3408 a
432 3383 519 3408 medio
537 3383 591 3407 AB.

290 3418 316 3454 ὃ)
335 3418 464 3444 consistat
477 3425 515 3443 ex
528 3421 645 3450 quatuor
663 3417 806 3443 elementis.
819 3430 838 3436 ·-
851 3423 889 3442 ex
903 3419 1020 3449 quatuor
1031 3416 1158 3442 consistet
1171 3416 1307 3442 elementis

237 3455 292 3480 AB.
309 3469 328 3474 —
345 3454 397 3478 Pro
415 3453 586 3482 continuatis,
605 3451 699 3478 contii:
713 3453 744 3477 A.

291 3489 314 3523 ε)
336 3490 372 3514 Et
385 3489 434 3514 hoc
449 3488 609 3522 intelligitur
616 3495 669 3520 per
683 3491 840 3520 respectum.
853 3500 872 3506 -
886 3487 923 3512 Et
938 3485 987 3520 (Et
1000 3487 1024 3512 si
1037 3485 1069 3520 B)
1083 3486 1133 3512 hoc
1147 3486 1307 3519 intelligitur

239 3523 420 3558 (intelligatur
438 3523 471 3557 B)
492 3531 548 3549 esse
561 3531 614 3556 per
631 3523 858 3555 comparationem
877 3523 932 3547 AB.

291 3559 317 3594 ζ)
338 3560 488 3585 Secundam
538 3559 600 3584 talis
614 3562 661 3584 est.
679 3572 699 3577 -
717 3558 842 3584 Secunda
861 3557 932 3583 ratio
951 3557 1014 3582 talis
1032 3561 1071 3582 est
1086 3557 1133 3582 Pa.
1147 3571 1166 3576 —
1178 3557 1235 3582 Lin.
1250 3564 1307 3589 seq.

238 3603 287 3628 pro
304 3599 426 3628 apparet,
442 3598 521 3627 patet
538 3593 573 3619 A.
1203 3612 1205 3614 .

292 3630 319 3666 η)
339 3635 366 3656 et
384 3630 581 3663 ideo-..finem
599 3643 618 3648 -
635 3629 692 3654 Hoc
711 3629 907 3654 homoteleuton
922 3636 976 3654 om.
990 3628 1037 3653 Pa.
1050 3642 1069 3647 -
1082 3628 1132 3653 Pro
1151 3630 1238 3653 motus
1256 3627 1309 3652 cir-

239 3666 347 3696 cularis,
367 3670 454 3691 motus
472 3673 615 3698 corporum
634 3665 803 3690 circulariter
821 3667 953 3690 motorum
973 3664 1019 3689 Ρα.

384 3718 452 3750 Opp.
474 3718 504 3742 D.
519 3717 634 3742 Tnonms
653 3717 684 3741 T.
705 3717 744 3741 lll.

2337 297 2410 343 329

1346 379 1425 407 ctus
1454 371 1662 418 moventis,
1693 371 1758 420 qui
1787 371 1913 408 educit
1941 373 2139 410 materiam
2170 374 2216 410 de
2246 376 2412 423 potentia

1346 424 1383 460 in
1412 431 1550 461 actum.
1581 425 1658 462 Sed
1686 424 1773 461 finis
1794 433 1849 462 est
1867 425 1972 474 prior
2000 434 2145 473 agente,
2168 427 2255 475 quia
2281 437 2413 465 movet

1346 485 1539 525 agentem:
1560 490 1639 515 non
1658 485 1788 515 tamen
1808 491 1961 527 semper
1981 486 2035 515 est
2053 479 2156 528 prior
2174 481 2213 516 in
2234 493 2327 528 esse,
2346 482 2412 518 sed

1346 531 1472 567 solum
1499 531 1537 567 in
1565 530 1784 568 intentione.
1816 532 2062 569 Manifestum
2094 541 2148 569 est
2176 541 2302 570 autem
2333 547 2413 571 cor-

1346 596 1417 631 pus
1447 585 1605 621 caeleste
1634 584 1730 621 inter
1748 584 1932 622 naturalia
1953 598 2034 622 esse
2055 586 2219 634 primam
2241 600 2412 624 causam:

1347 636 1453 684 quod
1473 637 1552 673 eius
1572 637 1901 687 incorruptibilitas
1919 646 1954 676 et
1973 639 2150 676 nobilitas
2165 639 2411 677 demonstrat.

1348 690 1510 737 Oportet
1537 690 1647 737 igitur
1666 691 1772 738 quod
1793 704 1930 741 corpus
1951 693 2123 740 caeleste,
2152 701 2326 742 respectu
2345 695 2413 730 ho-

1348 754 1434 801 rum
1464 755 1670 791 corporum
1694 744 1928 793 inferiorum,
1950 745 1995 782 sit
2015 758 2128 782 causa
2147 747 2250 783 unde
2265 746 2285 768 ²³⁶
2313 747 2413 796 prin-

1348 807 1489 844 cipium
1518 803 1657 833 motus.

1406 849 1438 885 5.
1470 849 1688 886 Secundam
1726 850 1912 888 rationem
1949 852 2057 900 ponit
2085 851 2156 888 ibi:
2185 853 2320 889 Adhuc
2347 865 2413 889 au-

1348 907 1421 938 tem
1442 908 1528 938 etc.:
1553 914 1652 950 quae
1672 903 1756 939 talis
1781 912 1835 940 est
1849 904 1874 940 ς.
1905 905 2034 942 Motus
2056 905 2224 943 caelestis
2245 906 2414 955 corporis

1349 962 1404 991 est
1426 962 1645 1004 perpetuus
1666 956 1715 992 Et
1731 957 1806 993 hoc
1826 966 1983 1005 apparet
2002 971 2046 994 ex
2066 958 2148 1007 ipsa
2168 958 2415 1008 dispositione

1349 1007 1442 1045 loci:
1471 1020 1563 1045 nam
1597 1008 1635 1045 in
1668 1009 1767 1045 linea
1801 1018 1902 1046 recta
1936 1018 1990 1047 est
2023 1011 2195 1061 accipere
2229 1013 2347 1050 finem
2376 1013 2415 1050 in

1349 1069 1456 1108 actu,
1491 1061 1630 1098 scilicet
1658 1069 1870 1099 extremum
1899 1063 2015 1112 ipsius
2043 1064 2176 1111 lineae,
2207 1065 2245 1102 in
2274 1066 2414 1103 circulo

1349 1127 1444 1152 vero
1469 1126 1548 1151 non
1569 1122 1624 1151 est
1652 1115 1824 1164 accipere
1853 1116 1992 1154 finem:
2024 1125 2059 1154 et
2087 1118 2173 1155 ideo
2203 1118 2292 1156 dicit
2310 1120 2415 1168 quod

1350 1175 1477 1204 motus
1515 1168 1704 1205 circularis
1741 1181 1820 1206 non
1857 1170 1972 1206 habet
2008 1171 2126 1208 finem
2153 1177 2167 1194 '¹
2202 1172 2414 1209 secundum

1351 1222 1492 1258 locum.
1523 1222 1572 1258 Et
1598 1234 1647 1258 ne
1676 1221 1810 1270 aliquis
1839 1223 2007 1260 crederet
2030 1232 2185 1274 propter
2203 1226 2289 1274 hoc,
2310 1227 2416 1274 quod

1352 1283 1480 1311 motus
1517 1275 1705 1311 circularis
1739 1283 1837 1312 esset
1873 1276 2136 1325 imperfectus,
2166 1278 2261 1315 sicut
2289 1287 2416 1316 motus

1352 1335 1476 1364 rectus
1514 1335 1718 1378 antequam
1757 1330 1954 1377 perveniat
1982 1331 2030 1367 ad
2058 1332 2195 1378 finem,
2226 1332 2418 1380 subiungit

1352 1381 1456 1430 quod
1477 1389 1605 1418 motus
1635 1381 1823 1419 circularis
1852 1395 2003 1431 semper
2024 1391 2078 1421 est
2103 1384 2142 1421 in
2170 1384 2264 1421 fine:
2294 1385 2415 1434 quod-

1352 1435 1442 1471 libet
1471 1434 1574 1471 enim
1603 1434 1752 1483 signum
1786 1436 1917 1472 datum
1946 1434 1958 1456 ⁰
1988 1437 2026 1474 in
2055 1437 2193 1474 circulo
2224 1446 2279 1475 est
2315 1439 2416 1487 prin-

1353 1488 1496 1537 cipium
1531 1495 1567 1524 et
1598 1488 1706 1534 finis;
1741 1496 1778 1525 et
1810 1497 1938 1526 motus
1967 1490 2155 1527 circularis
2183 1491 2223 1528 in
2251 1491 2417 1540 qualibet

1351 1549 1457 1590 parte
1477 1541 1528 1578 ita
1547 1549 1602 1578 est
1621 1541 1822 1590 perfectus,
1844 1542 1938 1579 sicut
1957 1550 2085 1580 motus
2114 1551 2236 1580 rectus
2263 1546 2415 1592 quando

1352 1602 1407 1631 est
1426 1594 1465 1631 in
1484 1595 1574 1631 fine.
1597 1595 1659 1631 Sic
1674 1594 1783 1643 igitur
1802 1603 1958 1644 apparet
1971 1595 1991 1618 ³¹⁶
2006 1608 2052 1632 ex
2071 1596 2151 1645 ipsa
2172 1597 2417 1646 dispositione

1352 1647 1446 1695 loci,
1485 1647 1591 1697 quod
1628 1648 1748 1685 motui
1778 1649 1927 1686 caelesti
1966 1650 2146 1698 competit
2173 1651 2416 1700 perpetuitas.

1353 1702 1484 1738 Motus
1512 1709 1641 1738 autern
1671 1701 1892 1738 inferiorum
1919 1715 2123 1751 corporum
2153 1716 2232 1740 non
2259 1713 2419 1753 possunt

1353 1767 1435 1792 esse
1463 1755 1635 1803 perpetui
1653 1761 1680 1791 ²:
1711 1755 1801 1803 quia
1829 1755 2005 1792 inferiora
2035 1769 2195 1805 corpora
2215 1765 2419 1794 moventur

1352 1808 1520 1845 motibus
1549 1807 1678 1855 rectis,
1715 1816 1842 1845 motus
1881 1816 2009 1846 autem
2044 1818 2168 1847 rectus
2204 1823 2282 1847 non
2312 1811 2421 1847 durat

1351 1874 1451 1898 unus
1481 1861 1682 1898 continuus
1710 1861 1780 1898 nisi
1806 1862 2018 1899 secundum
2037 1875 2257 1900 mensuram
2276 1864 2420 1912 magni—

1352 1914 1493 1952 tudinis
1521 1922 1644 1952 rectae
1673 1927 1742 1964 per
1769 1927 1886 1964 quam
1914 1915 2063 1962 transit;
2099 1925 2226 1953 motus
2255 1924 2382 1954 autem
2402 1917 2421 1939 ’Β
2449 1926 2458 1936 ’

1354 1968 1518 2005 reflexus
1546 1980 1626 2005 non
1655 1976 1711 2005 est
1739 1969 1960 2016 continuus,
1990 1977 2031 2006 ut
2059 1969 2096 2006 in
2124 1970 2211 2007 VIII
2231 1970 2380 2018 Physic.
2402 1970 2422 1991 '⁸

1353 2022 1558 2071 probatum
1588 2029 1654 2058 est.
1675 2022 1786 2059 Unde
1808 2034 1896 2058 cum
1917 2022 2048 2059 omnia
2068 2035 2228 2073 corpora
2247 2023 2423 2060 inferiora

1354 2075 1491 2113 distent
1517 2074 1632 2112 finitis
1660 2075 1753 2112 locis
1782 2075 2017 2123 abinvicem,
2048 2084 2084 2113 et
2112 2077 2258 2114 nullum
2289 2089 2421 2113 eorum

1354 2128 1399 2166 sit
1427 2128 1632 2175 infinitum,
1662 2136 1703 2165 ut
1730 2129 1936 2177 probatum
1967 2136 2022 2166 est
2050 2129 2087 2166 in
2113 2130 2368 2178 111Physic.*
2388 2139 2423 2166 et

1353 2182 1392 2219 in
1422 2183 1435 2218 I
1461 2182 1507 2218 de
1539 2181 1652 2218 Caelo
1671 2181 1703 2228 ²¹³,
1733 2194 1889 2219 necesse
1910 2189 1966 2219 est
1985 2183 2090 2231 quod
2123 2191 2251 2220 motus
2288 2195 2419 2220 eorum

1354 2235 1428 2272 sint
1455 2234 1563 2281 finiti,
1595 2242 1631 2271 et
1658 2247 1737 2271 non
1765 2235 1950 2284 perpetui.
1981 2236 2075 2273 Illud
2095 2244 2222 2273 autem
2243 2236 2346 2285 quod
2368 2244 2422 2273 est

1354 2296 1583 2337 perpetuum
1604 2295 1639 2330 et
1658 2300 1819 2336 semper,
1837 2289 2144 2337 consequenter*
2160 2297 2214 2326 est
2233 2289 2422 2326 motivum

1355 2354 1490 2379 eorum
1505 2353 1605 2390 quae
1624 2353 1704 2378 non
1717 2340 1737 2362 '¹‘
1752 2348 1838 2378 sunt
1857 2354 2020 2390 semper.
2041 2342 2151 2379 Unde
2169 2343 2356 2379 elementa
2370 2343 2424 2379 in-

1354 2395 1505 2442 feriora,
1517 2394 1657 2431 scilicet
1670 2394 1797 2442 ignem
1809 2402 1845 2431 et
1859 2402 1999 2432 terram
2011 2403 2046 2432 et
2061 2395 2132 2432 alia
2146 2408 2341 2445 syngenea
2351 2396 2419 2442 his,

1356 2448 1453 2486 idest
1473 2448 1776 2496 congenerabilia
1797 2448 1849 2485 eis
1864 2454 1889 2494 ’ζ
1911 2448 2050 2485 scilicet
2069 2461 2197 2486 aerem
2214 2457 2250 2485 et
2269 2461 2421 2498 aquam,

1357 2509 1394 2538 et
1408 2513 1506 2551 quae
1524 2513 1569 2538 ex
1585 2500 1637 2538 eis
1654 2509 1949 2550 componuntur,
1971 2509 2121 2551 oportet
2139 2510 2271 2551 putare
2293 2515 2424 2539 causas

1358 2554 1611 2593 accidentium
1627 2554 1725 2591 circa
1738 2555 1865 2604 ipsum
1880 2556 2070 2592 mundum
2086 2555 2316 2602 inferiorem,
2334 2561 2373 2592 ut
2387 2556 2424 2592 in

1356 2609 1478 2657 specie
1491 2607 1685 2654 materiae,
1706 2607 1804 2645 idest
1819 2620 1891 2657 per
1911 2609 2072 2646 modum
2094 2620 2231 2646 causae
2250 2609 2424 2646 materia—

1358 2663 1418 2699 lis:
1449 2661 1538 2711 quia
1566 2662 1641 2698 hoc
1661 2661 1780 2698 modo
1803 2661 1963 2699 dicimus
1983 2661 2197 2699 subiectum
2225 2669 2260 2698 et
2278 2662 2425 2711 patiens

1360 2728 1442 2752 esse
1462 2727 1618 2752 causam
1638 2724 1776 2752 rerum.
1799 2715 1877 2752 Sed
1897 2716 2000 2764 quod
2022 2723 2077 2752 est
2101 2727 2215 2752 causa
2240 2715 2426 2752 dictorum

1360 2775 1400 2806 ut
1414 2769 1512 2806 unde
1519 2768 1750 2817 principium
1765 2774 1899 2814 motus,
1915 2768 2013 2806 idest
2028 2780 2095 2817 per
2109 2768 2271 2805 modum
2289 2781 2425 2805 causae

1359 2822 1564 2869 moventis,
1589 2822 1822 2859 causandum
1843 2827 1906 2868 est,
1931 2821 2028 2858 idest
2057 2821 2350 2858 existimandum
2371 2829 2426 2858 est

1361 2888 1442 2912 esse
1459 2887 1627 2922 causam,
1645 2887 1731 2912 eam
1746 2875 1925 2912 virtutem
1936 2873 1948 2895 λ
1963 2887 2060 2923 quae
2077 2882 2133 2911 est
2145 2886 2293 2922 semper
2308 2879 2425 2911 moto-

1360 2941 1459 2975 rum,
1475 2928 1574 2965 idest
1588 2940 1793 2977 corporum
1810 2927 2041 2975 caelestium,
2062 2940 2160 2975 quae
2176 2939 2328 2976 semper
2342 2939 2425 2963 mo-

1359 2989 1512 3019 ventur:
1525 2981 1631 3030 quod
1642 2981 1745 3018 enim
1756 2993 1909 3030 semper
1922 2988 2112 3027 movetur,
2126 2987 2367 3028 comparatur
2377 2980 2426 3017 ad

1360 3035 1398 3072 id
1408 3035 1515 3085 quod
1525 3047 1603 3072 non
1614 3046 1767 3083 semper
1776 3041 1964 3081 movetur,
1977 3033 2072 3070 sicut
2081 3045 2196 3080 agens
2207 3033 2255 3069 ad
2266 3032 2423 3081 patiens.

1412 3167 1437 3202 θ)
1457 3169 1564 3201 signum
1584 3168 1686 3193 datum.
1698 3181 1717 3186 —
1729 3167 1836 3200 signum
1855 3169 1955 3191 tactum
1970 3166 2038 3190 PBa.
2050 3178 2068 3184 —
2081 3166 2137 3190 Lin.
2153 3173 2209 3198 seq.
2219 3173 2268 3198 pro
2286 3168 2314 3190 et
2332 3169 2426 3195 motus,

1358 3207 1384 3229 et
1404 3204 1442 3229 ita
1461 3207 1548 3228 motus
1567 3203 1598 3232 Α,
1617 3203 1680 3236 quin
1699 3208 1790 3235 postea
1808 3202 1847 3226 ita
1865 3201 1978 3231 omittam
1998 3208 2045 3233 pro
2065 3201 2091 3225 in
2105 3201 2170 3235 fine,
2187 3201 2213 3225 in
2228 3207 2276 3225 suo
2284 3201 2341 3234 fine
2353 3201 2383 3230 A,
2400 3201 2426 3225 in

1358 3239 1400 3264 sui
1438 3246 1470 3264 ne
1489 3240 1519 3264 Β,

1411 3239 1437 3308 ἰς
1452 3281 1504 3298 non
1520 3276 1636 3305 possunt
1659 3279 1715 3298 esse
1736 3272 1869 3305 perpetui.
1886 3284 1906 3291 ›-
1924 3278 1976 3296 non
1991 3274 2081 3302 potest
2104 3278 2160 3296 esse
2179 3275 2326 3303 perpetuus
2344 3271 2391 3296 Pa.
2409 3284 2428 3291 ·-

1359 3310 1422 3334 Post
1441 3310 1535 3334 lineam
1554 3316 1602 3340 pro
1622 3315 1689 3332 unus
1708 3307 1857 3336 continuus,
1877 3314 1945 3331 unus
1963 3306 2082 3331 existens
2096 3307 2142 3331 Pa.

1413 3344 1439 3378 κ)
1458 3350 1596 3378 syngenea
1614 3343 1667 3372 his,
1688 3343 1756 3368 idest
1773 3342 1988 3375 congenerabilia
2007 3342 2052 3366 eis.
2070 3355 2089 3361 ·-
2106 3348 2257 3375 syngenea,
2278 3341 2347 3367 idest
2365 3349 2427 3366 con-

1359 3379 1538 3413 generabilia,
1558 3379 1598 3403 his
1617 3378 1664 3403 Pa.

1413 3414 1442 3448 λ)
1458 3414 1521 3447 quia
1530 3414 1580 3439 hoc
1590 3414 1694 3438 modo...
1705 3420 1764 3438 eam
1778 3413 1937 3438 virtutem.-
1946 3413 2010 3445 quia
2023 3412 2073 3437 hoc
2085 3412 2164 3438 modo
2176 3413 2342 3444 appellamus
2357 3412 2426 3437 idem

1361 3450 1503 3475 subiectum
1518 3452 1545 3474 et
1558 3449 1674 3481 patiens.
1695 3449 1749 3473 Sed
1767 3448 1839 3480 quod
1851 3451 1891 3473 est
1908 3446 1975 3481 (Sed
1989 3455 2041 3472 non
2056 3451 2094 3473 est
2109 3447 2141 3482 B)
2155 3455 2238 3473 causa
2250 3448 2383 3473 dictorum
2399 3451 2429 3472 ut

1362 3485 1432 3510 unde
1443 3485 1606 3517 principium
1622 3487 1717 3512 motus,
1733 3484 1801 3508 idest
1814 3491 1867 3515 per
1881 3483 1988 3508 modum
2002 3490 2098 3508 causae
2112 3483 2248 3512 moventis,
2263 3486 2303 3509 est
2314 3490 2425 3508 causan-

1363 3521 1434 3549 dum,
1450 3520 1518 3545 idest
1531 3519 1742 3544 existimandum
1759 3526 1815 3544 esse
1828 3526 1945 3547 causam,
1961 3526 2019 3544 eam
2033 3519 2158 3544 virtutem
2171 3519 2224 3543 AB.
2240 3519 2306 3543 Edd.
2321 3519 2358 3543 Pa
2371 3527 2424 3544 om.

1363 3556 1418 3581 Sed
1432 3555 1504 3588 quod
1515 3557 1556 3580 est
1568 3562 1650 3580 causa
1664 3554 1810 3584 dictorum,
1831 3555 1877 3579 sed
1896 3554 1945 3579 hoc
1963 3555 2004 3579 vel
2021 3554 2117 3587 aliquid
2131 3554 2215 3579 simile
2227 3562 2242 3579 a
2254 3559 2374 3579 contextu
2388 3562 2428 3579 re-

1362 3591 1484 3624 quiritur-5
1503 3598 1551 3624 pro
1567 3591 1700 3615 dictorum
1716 3588 1799 3623 (idest
1819 3599 1831 3612 α
1847 3589 2015 3615 accidentium
2035 3590 2101 3615 circa
2118 3589 2205 3622 ipsum
2218 3590 2346 3614 mundum
2365 3590 2428 3614 infe-

1362 3626 1457 3651 riorem
1470 3627 1509 3660 ι),
1523 3627 1546 3650 Α
1560 3625 1632 3658 prius
1651 3625 1818 3650 diversorum
1833 3625 1970 3658 scripsisse
1984 3625 2092 3650 videtur.
2105 3639 2124 3644 -
2138 3626 2339 3650 Homoteleuton
2357 3626 2429 3657 quod

1362 3662 1460 3687 enim...
1473 3669 1525 3686 non
1541 3668 1645 3694 semper
1659 3664 1780 3686 movetur
1789 3668 1843 3686 om.
1852 3661 1885 3691 B;
1899 3661 1924 3685 in
1935 3668 1989 3693 quo
2003 3669 2051 3694 pro
2061 3661 2145 3693 primo
2159 3664 2286 3690 movetur,
2298 3663 2384 3685 movet
2399 3662 2427 3686 P.

2214 3720 2246 3743 42

2442 759 2449 765 “
2466 759 2489 777 et
2502 757 2553 778 add.
2568 763 2607 778 ΑΒ.

2445 1608 2454 1618 “
2466 1608 2534 1633 patet
2547 1613 2569 1627 A.

2474 1926 2534 1947 enim
2549 1931 2586 1946 AB.

2449 1979 2577 2006 *Cap.v1u;
2590 1978 2662 2000 S.'rh.

2450 2006 2502 2027 lect.
2510 2011 2548 2027 xvi
2561 2011 2612 2033 sqq.

2451 2138 2663 2192 ξῗὶῐῖεέιῑῗῧῗὲἁῖ

2450 2192 2592 2240 εῗῖῆςῒῖεὲξέ
2601 2197 2662 2239 {2³2⁴

2451 2299 2461 2309 ⁸
2469 2298 2633 2319 convenienter
2640 2304 2663 2318 Λ.

2452 2352 2460 2360 ·
2475 2357 2521 2372 ηοη
2536 2357 2584 2373 om.
2598 2357 2636 2372 ΑΒ.

2550 2463 2564 2478 κ
