2782 4134
359 897 479 934 δοῦναι
503 900 570 938 τήν
602 899 699 943 φύσιν
725 900 806 945 πρὸς
833 912 897 937 την
930 902 1076 938 κίνησιν·
1104 898 1200 932 οὐθὲν
1232 900 1296 946 γάρ
1322 901 1363 938 ὠς

359 946 460 992 ἔτυχε
485 949 578 978 ποιεῖ
600 946 621 982 ἡ
646 944 756 988 φύσις,
778 940 856 977 οὐδὲ
880 946 949 977 τῶν
974 945 1033 990 μὲν
1059 945 1151 988 ζῴων
1174 947 1363 990 φροντίσαι,

360 992 428 1023 τῶν
459 986 490 1022 δ’
519 989 610 1022 οὕτω
645 992 764 1034 τιμίων
800 991 862 1022 ύπε
886 985 988 1031 ιδεῖν,
1017 989 1093 1022 ἀλλ’
1119 990 1224 1022 ἔοικεν
1254 989 1364 1035 ὥσπερ

359 1030 519 1073 ἐπίτηδες
550 1032 682 1079 ἀφελεῖν
714 1034 834 1067 ποίντα
881 1035 896 1066 ι’
925 1034 968 1066 ὧν
998 1030 1178 1080 ἐνεδέχετο
1212 1033 1364 1078 προϊέναι

358 1079 435 1112 καθ’
464 1079 571 1121 αὐτοὶ,
597 1081 657 1112 καὶ
683 1078 738 1112 ὅτι
763 1080 923 1113 πλεῖστον
952 1079 1153 1116 ἀποστῆσαι
1179 1080 1244 1111 τῶν
1271 1078 1366 1124 ἑχόν-

358 1137 428 1158 των
450 1123 579 1170 ὄργανα
598 1124 678 1168 πρὸς
696 1126 837 1161 κίνησιν.
865 1125 922 1156 Διὸ
938 1126 996 1156 καὶ
1014 1124 1160 1171 εὐλόγως
1180 1123 1218 1156 ἂν
1236 1119 1363 1165 δόξειεν

360 1168 377 1201 ὅ
407 1181 447 1202 τε
469 1170 554 1211 ἶὅλος
588 1169 727 1213 οὐρανός
759 1164 974 1214 σφαιροειδής
1006 1166 1092 1201 εἶναι
1127 1170 1184 1200 καὶ
1218 1167 1364 1201 ἕκαστον

208 1240 214 1242 -
254 1211 597 1259 -svr‘ffi‘aeoevpoev,
624 1214 707 1256 Πρὸς
732 1213 792 1256 μὲν
818 1214 884 1260 γαὲρ
909 1214 973 1251 τὴν
997 1211 1028 1246 ὲν
1048 1214 1096 1255 τῷ
1115 1213 1211 1254 αὐτῷ’
1235 1214 1363 1251 κίνησιν

357 1260 379 1295 η’
405 1263 531 1304 σφαῖρα
556 1259 623 1291 τῶν
649 1257 837 1303 σχημάτων
867 1258 1134 1304 χρησιμώτατον
1163 1256 1273 1299 (οὕτω
1298 1258 1364 1304 γαῖρ

360 1301 399 1336 ἂν
424 1306 484 1335 καὶ
508 1302 666 1348 τάχιστα,
695 1306 825 1335 κινοῖτο
857 1305 919 1336 καὶ
945 1303 1099 1347 μάλιστα
1131 1301 1279 1347 κατέχοι
1303 1302 1363 1335 τὸν

360 1347 468 1381 αὐτὸν
495 1347 639 1391 τόπον),
667 1347 748 1392 προς
765 1342 804 1379 δὲ
825 1348 889 1384 τήν
908 1348 953 1386 εἰς
974 1347 1015 1381 τὸ
1033 1345 1175 1392 πρόσθεν
1195 1347 1366 1392 ἀχρηστό-

358 1403 488 1425 τατον·
515 1392 643 1430 ἥκιστα
674 1392 740 1439 γοίρ
775 1390 889 1436 ὅμοιον
922 1396 993 1430 τοῖς
1018 1387 1056 1423 δι’
1089 1391 1203 1424 αὐτῶν
1236 1402 1364 1428 κινητι-

357 1441 447 1475 κοΐς·
479 1432 577 1470 οὐδὲν
608 1435 673 1483 γὰρ
709 1435 949 1480 ἀπηρτημένον
983 1436 1052 1481 ἔχει
1085 1430 1165 1468 οὐδὲ
1196 1434 1362 1480 προέχον,

358 1480 469 1525 ὥσπερ
495 1482 537 1515 τὸ
562 1481 815 1527 εὐθύγραμμον,
837 1481 927 1514 ἀλλαῖ
947 1482 1108 1514 πλεῖστον
1128 1479 1296 1525 ἀφέστηκε
1315 1481 1364 1522 τῷ

357 1525 517 1571 σχήματι
551 1527 619 1558 τῶν
649 1527 858 1569 πορευτικῶν
890 1525 1073 1570 σωμοίτων.
1107 1525 1205 1558 Ἐπεὶ
1231 1522 1288 1557 οὖν
1313 1519 1366 1556 δεῖ

359 1571 420 1602 τόν
444 1571 504 1615 μὲν
530 1570 672 1615 οὐρανὸν
696 1569 862 1603 κινεῖσθαι
886 1570 951 1606 τήν
977 1568 1010 1602 ἐν
1035 1571 1130 1611 αύτῷ
1154 1571 1295 1610 κίνησιν,
1316 1569 1364 1602 τά

360 1613 451 1647 ἄλλοι
470 1610 504 1646 δ’
534 1615 646 1661 ἄστρα
670 1613 718 1659 μή
743 1614 895 1658 προϊέναι
919 1609 958 1646 δι’
987 1615 1123 1655 αὐτῶν,
1150 1612 1298 1661 εὐλόγως
1324 1613 1363 1647 οἲν

358 1657 517 1704 ἑκάτερον
543 1661 593 1697 εἴη
620 1655 848 1703 σφαιροειδές·
876 1658 966 1692 οὕτω
982 1659 1048 1706 γοὶρ
1065 1659 1222 1704 μάλιστα,
1241 1659 1282 1691 τό
1304 1659 1363 1703 μὲν

355 1702 536 1740 κινήσεται
561 1704 603 1737 τὸ
628 1699 657 1736 δ’
686 1703 860 1749 ἧρεμήσει.

39 1208 95 1236 ,ιω

350 1815 502 1843 SYNOPSss.
518 1831 554 1836 —-
581 1825 605 1843 1.
627 1814 728 1844 Tertia
748 1814 822 1844 ratio
844 1823 919 1852 quae
939 1815 1044 1852 probat
1065 1814 1161 1843 stellas
1181 1823 1234 1851 per
1254 1814 1363 1851 seipsas

289 1862 352 1884 non
366 1854 487 1890 moveri,
509 1864 544 1883 ex
564 1864 600 1884 ea
619 1864 708 1892 quam
730 1855 839 1884 habent
859 1855 961 1892 figura}
982 1854 1077 1883 motui
1097 1853 1280 1892 progressivo
1302 1854 1364 1882 ine-

288 1894 440 1932 ptissima,
468 1895 620 1931 procedit3
649 1901 677 1923 et
697 1901 741 1924 est
766 1895 943 1923 huiusmodi.
972 1896 1082 1923 Natura
1108 1903 1170 1923 non
1198 1895 1280 1923 deest
1304 1894 1364 1923 suis

290 1933 440 1964 effectibus
453 1934 485 1963 in
498 1934 534 1964 iis
548 1944 623 1972 quae
644 1935 682 1963 ad
702 1935 791 1963 finem
812 1934 956 1964 intentum
978 1942 1046 1963 sunt
1066 1933 1244 1970 necessaria;
1266 1935 1364 1963 stellae

289 1981 388 2004 autem
402 1974 517 2012 penitus
539 1981 637 2003 carent
655 1974 854 2003 instrumentis
875 1974 969 2003 motui
989 1974 1173 2012 progressivo
1188 1974 1364 2003 convenien-

288 2013 376 2043 tibus.
399 2014 504 2050 Qualia
523 2021 624 2043 tamen
644 2015 753 2043 habent
767 2024 784 2043 a
798 2021 901 2044 natura
921 2014 1058 2043 animalia
1078 2014 1231 2050 terrestria,
1247 2014 1365 2043 effectus

289 2054 378 2084 stellis
392 2054 531 2092 dignitate
551 2054 712 2084 inferiores.
734 2056 829 2083 Immo
850 2055 887 2083 ab
909 2054 1084 2083 animalibus
1106 2054 1278 2083 habentibus
1296 2054 1364 2084 talia

289 2093 490 2130 instrumenta,
505 2095 536 2124 in
557 2095 649 2132 figura
666 2094 791 2124 maxime
805 2094 1013 2124 dissimilantur
1026 2103 1152 2131 corpora
1172 2095 1328 2123 stellarum.
1344 2111 1364 2117 -

290 2141 318 2164 2.
340 2134 560 2164 Rationabiliter
581 2135 689 2164 factum
711 2141 755 2163 est
774 2141 807 2163 ut
821 2141 849 2163 et
869 2141 965 2163 totum
980 2135 1092 2163 caelum
1113 2134 1150 2163 sit
1169 2135 1363 2171 sphaericum,

289 2180 319 2203 et
338 2183 532 2212 unaquaeque
554 2174 642 2203 stella.
665 2175 817 2203 Probatur.
839 2175 1002 2212 Oportebat
1022 2181 1117 2203 totum
1134 2175 1247 2203 caelum
1267 2174 1298 2203 in
1318 2184 1363 2203 se-

289 2213 354 2251 ipso
375 2214 487 2243 moveri
515 2214 707 2250 circulariter,
737 2215 832 2243 stellas
853 2214 941 2243 etiam
962 2224 1023 2243 non
1050 2214 1163 2243 moveri
1183 2221 1267 2243 motu
1294 2224 1363 2251 pro-

289 2253 439 2292 gressivo;
467 2254 506 2283 ad
532 2255 604 2283 haec
631 2261 729 2283 autem
757 2254 868 2292 optime
889 2253 1025 2283 convenit
1052 2254 1144 2292 figura
1171 2254 1329 2291 sphaerica.
1344 2271 1363 2276 -

289 2294 435 2327 Probatur
462 2294 560 2323 minor
587 2295 686 2332 quoad
713 2294 838 2331 primam
863 2301 986 2332 partem.
1014 2293 1203 2323 Velocissime
1230 2301 1364 2323 movetur

290 2343 397 2371 corpus
417 2334 616 2371 sphaericum:
638 2341 701 2362 tum
716 2334 784 2372 quia
798 2334 920 2363 minima
933 2334 1076 2362 linearum
1097 2334 1219 2371 aequale
1237 2334 1363 2371 spatium

289 2373 502 2404 continentium
524 2381 567 2403 est
580 2374 719 2410 circulus;
740 2381 804 2403 tum
818 2374 888 2412 quia
905 2374 1029 2403 maxime
1043 2373 1196 2402 uniformis
1209 2380 1252 2402 est
1267 2381 1364 2403 motus

289 2414 438 2452 sphaerae,
460 2423 528 2442 cum
549 2414 660 2443 nullam
681 2415 788 2443 habeat
809 2413 976 2452 planitiem,
998 2423 1072 2452 quae
1094 2421 1208 2442 motum
1229 2415 1363 2443 retardet.

289 2454 450 2489 Praeterea,
465 2454 564 2483 locum
585 2454 737 2491 proprium
758 2454 885 2483 maxime
906 2453 1009 2482 retinet
1026 2455 1164 2491 sphaera:
1186 2454 1266 2482 nulla
1285 2454 1363 2482 enim

288 2502 356 2532 pars
370 2493 471 2531 incipit
484 2503 548 2523 esse
565 2494 615 2522 ubi
630 2503 693 2523 non
706 2494 759 2523 fuit
773 2494 839 2523 alia.
859 2511 876 2516 -
890 2494 1033 2523 Probatur
1046 2494 1136 2523 altera
1150 2503 1216 2531 pars
1233 2494 1364 2522 minoris.

289 2534 337 2563 Ad
347 2540 463 2563 motum
476 2534 507 2563 in
521 2534 648 2563 anterius
659 2534 794 2563 omnium
805 2534 963 2572 figurarum
978 2534 1158 2571 ineptissima
1171 2541 1215 2562 est
1227 2534 1363 2570 sphaera:

290 2573 360 2611 quia
379 2573 411 2602 in
431 2583 467 2603 ea
483 2574 555 2603 nihil
569 2574 714 2603 invenitur
729 2575 871 2604 elevatum
885 2575 931 2603 vel
945 2575 1125 2612 depressum,
1139 2574 1212 2603 sicut
1232 2573 1365 2602 videmus

290 2612 321 2642 in
341 2613 515 2643 animalibus
542 2614 593 2652 qui
613 2615 829 2652 progressivum
857 2621 972 2643 motum
1000 2615 1116 2643 habent.
1136 2630 1157 2635 -
1179 2614 1205 2642 3.
1228 2614 1365 2651 Quinque

290 2653 453 2683 rationibus
473 2663 508 2683 ex
528 2654 692 2683 Aristotelis
716 2653 848 2684 doctrina
869 2654 1044 2692 desumptis,
1067 2654 1230 2683 ostenditur
1251 2663 1313 2682 esse
1334 2654 1365 2682 in

292 2693 373 2722 caelo
394 2703 456 2723 non
477 2694 574 2723 solum
597 2695 762 2731 stellarum,
783 2696 835 2724 sed
856 2701 884 2723 et
905 2696 1093 2732 sphaerarum
1115 2703 1240 2731 corpora
1261 2693 1364 2722 distin-

436 2824 451 2853 ζ
470 2836 475 2838 ε
558 2800 750 2838 raemissis
770 2801 920 2838 duabus
940 2800 1148 2838 rationibus
1168 2800 1218 2838 ad
1232 2808 1362 2838 osten-

380 2850 384 2859 *
498 2856 542 2917 43«
557 2854 730 2892 dendum
755 2855 860 2904 quod
889 2867 1051 2904 corpora
1071 2855 1264 2891 stellarum
1283 2866 1363 2891 non

345 2915 351 2926 “
438 2912 448 2918 “
532 2910 764 2945 moventur
797 2908 1009 2945 secundum
1039 2907 1183 2957 seipsa,
1214 2908 1282 2945 sed
1310 2907 1362 2944 fe-

516 2980 519 2982 -
557 2969 689 2998 runtur
718 2974 790 3011 per
826 2969 976 2999 motum
1015 2960 1243 2998 circulorum
1281 2960 1362 2998 sive

291 3013 554 3062 sphaerarum,
566 3014 628 3051 hic
646 3014 756 3063 ponit
769 3015 818 3052 ad
833 3014 936 3052 idem
955 3014 1106 3051 tertiam
1126 3014 1313 3052 rationem
1330 3015 1362 3061 ²²,

292 3078 391 3116 quae
419 3067 581 3104 sumitur
609 3080 654 3104 ex
681 3068 803 3116 figura
830 3069 1034 3105 stellarum.
1064 3068 1114 3104 Et
1142 3067 1231 3105 dicit
1257 3067 1364 3116 quod

292 3119 323 3157 si
338 3120 466 3157 stellae
485 3129 733 3158 moverentur
751 3129 861 3158 motu
879 3121 1136 3170 progressivo,
1156 3121 1264 3170 quasi
1292 3121 1360 3157 cir-

292 3173 398 3210 culos
418 3186 509 3210 suos
526 3174 849 3222 perambulantes,
869 3174 1124 3212 irrationabile
1138 3174 1332 3211 videretur
1344 3176 1363 3196 ’³‘

292 3226 397 3275 quod
425 3234 560 3264 natura
579 3239 658 3265 non
687 3227 853 3265 dedisset
881 3228 934 3265 eis
953 3228 1202 3266 instrumenta
1222 3240 1362 3265 conve-

291 3279 431 3317 nientia
450 3280 498 3318 ad
520 3287 671 3317 motum
689 3281 864 3318 localem.
885 3282 1033 3318 Natura
1053 3281 1156 3318 enim
1177 3293 1255 3317 non
1275 3280 1362 3317 facit

292 3345 382 3370 suos
420 3333 578 3370 effectus
614 3333 940 3384 qualitercumque
980 3334 1179 3382 contingit:
1215 3341 1252 3370 et
1287 3334 1362 3370 hoc

290 3386 496 3435 praecipue
525 3387 706 3424 observat
732 3387 772 3424 in
795 3387 1046 3425 nobilioribus
1074 3387 1281 3424 effectibus.
1313 3387 1361 3422 Et

291 3438 380 3476 ideo
418 3451 498 3477 non
533 3447 590 3477 est
623 3440 844 3478 rationabile
873 3442 980 3490 quod
1007 3448 1141 3478 natura
1175 3438 1362 3476 curaverit

42 3011 62 3032 '³‘
69 3018 106 3043 Cf.
113 3020 166 3043 lect.
173 3026 208 3049 xx,
216 3027 263 3043 n.1.

67 3178 172 3205 ,videtur
184 3178 264 3206 aarum

56 3232 61 3233 ⁷
88 3205 126 3228 ed.
136 3206 191 3234 1516.

346 3581 374 3614 α)
393 3588 446 3606 non
466 3581 571 3606 dederit
588 3581 626 3607 εἰς
645 3582 833 3608 instrumenta.
850 3596 870 3601 -
888 3582 969 3606 Codd.
989 3581 1047 3606 add.
1063 3583 1163 3604 natura
1181 3583 1240 3603 ante
1259 3578 1359 3602 instru-

293 3619 391 3642 menta.
398 3617 496 3641 Sensus
506 3621 593 3642 tamen
603 3617 623 3642 P
634 3618 719 3642 clarus
730 3623 778 3648 est,
786 3623 812 3642 et
821 3617 916 3642 additio
926 3616 1057 3649 superflua
1066 3614 1175 3639 videtur.
1185 3614 1235 3638 Pro
1245 3612 1357 3642 dederit,

435 3670 504 3702 Opp.
524 3670 638 3694 ΤΗοΜΑΕ
657 3670 688 3695 Τ.
709 3671 748 3695 Ill.

1118 275 1229 311 CAP.
1258 275 1365 322 VIII,
1395 274 1548 311 LECT.
1577 274 1666 310 XIII

2411 272 2482 319 169

910 499 1207 556 LECTIO
1245 501 1871 557 DECIMATERTIA

421 661 544 700 QUOD
569 660 764 693 STELLAE
787 659 1026 691 SECUNDUM
1049 660 1099 691 SE
1121 660 1214 691 NON
1237 660 1532 700 MOVEANTUR,
1556 663 1613 692 EX
1636 663 1788 693 EARUM
1811 662 1972 694 FIGURA
1995 661 2334 693 MANIFESTATUR
2347 679 2365 684 —

742 717 849 748 ITEM
873 716 1081 748 CORPORA
1106 716 1347 748 CAELESTIA
1370 718 1449 749 VIM
1472 718 1729 750 SENSITIVAM
1752 719 1844 751 NON
1867 719 2042 750 HABERE

292 858 374 901 Πρός
399 852 437 889 δὲ
461 855 599 894 τούτοις
627 855 752 902 ἄλογον
778 855 819 888 τὸ
845 854 947 907 μῃθέν
974 856 1116 902 ὄργανον
1140 856 1259 894 αὐτοῖς
1280 855 1364 888 οἱπο-
1419 860 1436 878 *
1455 858 1570 890 Adhuc
1594 866 1701 890 autem
1723 859 1933 891 irrationabile
1957 861 2083 892 nullum
2098 870 2255 901 organum
2271 860 2348 901 ipsis
2364 860 2484 891 dedisse

1487 911 1633 934 naturam
1657 904 1696 933 ad
1720 910 1847 934 motum
1870 903 1963 946 (nihil
1986 906 2071 935 enim
2092 912 2127 936 ut
2150 904 2314 945 contingit,
2331 904 2405 935 facit
2429 915 2484 934 na-

1486 946 1586 991 tura);
1609 958 1714 989 neque
1731 948 1770 978 de
1786 948 1974 979 animalibus
1997 959 2131 987 curasse,
2156 949 2199 980 sic
2223 956 2330 980 autem
2348 949 2486 989 pretiosa

1487 992 1674 1033 despexisse.
1691 992 1754 1023 Sed
1767 992 1890 1023 videtur
1906 994 2181 1033 quemadmodum
2196 993 2338 1024 studiose
2354 993 2485 1032 factum,

1487 1037 1610 1068 auferre
1633 1036 1743 1068 omnia
1769 1046 1826 1076 per
1859 1047 1939 1077 quae
1964 1038 2164 1078 contingebat
2186 1037 2334 1078 progredi
2357 1047 2423 1078 per«
2438 1047 2485 1068 se-

1486 1082 1574 1123 ipsa:
1599 1088 1630 1113 et
1652 1081 1727 1122 quia
1751 1080 1927 1120 plurimum
1950 1081 2065 1113 distant
2093 1083 2131 1112 ab
2156 1082 2344 1113 habentibus
2368 1092 2486 1122 organa

1487 1127 1528 1157 ad
1550 1133 1688 1157 motum.
1713 1125 1730 1144 *
1745 1125 1877 1165 Propter
1900 1126 1988 1166 quod
2012 1133 2042 1156 et
2064 1127 2289 1157 rationabiliter
2311 1126 2422 1167 utique
2440 1126 2485 1156 vi-

1487 1171 1612 1202 debitur
1635 1177 1741 1201 totum
1765 1169 1889 1200 caelum
1913 1169 2111 1209 sphaericum
2135 1181 2201 1201 esse
2225 1178 2255 1202 et
2278 1171 2485 1211 unumquod-

1486 1225 1550 1256 que
1566 1222 1734 1245 astrorum.
1751 1214 1802 1244 Ad
1817 1223 1893 1244 eum
1905 1213 1989 1244 enim
2005 1214 2134 1255 quidem
2146 1215 2201 1256 qui
2218 1215 2251 1245 in
2262 1215 2333 1256 ipso
2346 1222 2485 1254 motum,

1485 1260 1618 1300 sphaera
1648 1258 1822 1299 figurarum
1851 1258 1986 1288 maxime
2015 1259 2116 1289 utilis:
2142 1259 2185 1290 sic
2208 1259 2293 1290 enim
2321 1259 2431 1300 utique
2455 1266 2486 1290 et

1484 1303 1682 1339 velocissime
1712 1302 1911 1340 movebitur,
1937 1309 1967 1333 et
1989 1303 2124 1334 maxime
2152 1303 2296 1334 retinebit
2318 1303 2367 1334 sui
2385 1303 2485 1344 ipsius

1484 1348 1606 1380 locum.
1634 1348 1686 1379 Ad
1716 1357 1792 1378 eum
1821 1354 1929 1378 autem
1955 1347 2011 1388 qui
2039 1347 2072 1377 in
2102 1347 2254 1386 anterius,
2279 1348 2483 1388 ineptissima.

1485 1393 1699 1434 Nequaquam
1722 1391 1808 1422 enim
1827 1391 1937 1422 similis
1957 1391 2082 1422 motivis
2099 1402 2154 1432 per
2173 1392 2288 1432 seipsa:
2306 1392 2384 1422 nihil
2400 1392 2485 1422 enim

1487 1438 1673 1478 depressum
1703 1436 1798 1467 habet
1828 1446 1932 1476 neque
1962 1436 2123 1473 eminens,
2159 1436 2239 1467 sicut
2270 1436 2485 1475 rectilineum;

1486 1482 1541 1512 sed
1574 1481 1751 1522 plurimum
1788 1480 1881 1511 distat
1906 1490 1924 1510 a
1954 1479 2053 1520 figura
2085 1481 2339 1521 processivorum
2372 1491 2485 1521 corpo-

1485 1536 1568 1557 rum.
1594 1525 1759 1564 Quoniam
1779 1524 1874 1565 igitur
1904 1532 2030 1565 oportet
2062 1525 2185 1555 caelum
2209 1525 2339 1565 quidem
2365 1525 2486 1556 moveri

1487 1581 1526 1602 eo
1557 1570 1614 1611 qui
1636 1570 1669 1600 in
1691 1569 1763 1610 ipso
1787 1576 1890 1606 motu,
1911 1569 1971 1599 alia
1994 1576 2101 1600 autem
2125 1576 2206 1599 astra
2229 1579 2295 1599 non
2317 1570 2486 1609 procedere

1486 1625 1543 1656 per
1565 1614 1679 1655 seipsa,
1695 1613 1920 1645 rationabiliter
1935 1621 2107 1654 utrumque
2131 1613 2187 1644 erit
2208 1613 2422 1653 sphaericum:
2443 1613 2486 1644 sic

1487 1659 1573 1690 enim
1589 1659 1700 1700 utique
1717 1658 1853 1689 maxime
1869 1658 1931 1689 hoc
1947 1658 2078 1699 quidem
2097 1658 2285 1696 movebitur,
2302 1657 2364 1688 hoc
2380 1665 2487 1688 autem

1486 1710 1637 1745 quiescet.

1418 1820 1473 1842 cta.
1486 1831 1505 1835 -
1519 1823 1547 1849 4.
1563 1813 1668 1842 Stellae
1689 1822 1750 1841 non
1764 1812 1947 1849 appellantur
1960 1821 1977 1840 a
1991 1811 2170 1848 Philosopho
2192 1811 2340 1842 animalia:
2362 1817 2394 1839 ut
2409 1811 2486 1839 enim

1419 1853 1488 1882 dicit
1507 1853 1685 1888 Alexander,
1708 1852 1875 1881 sensitivum
1898 1851 2046 1880 constituit
2066 1851 2192 1886 animal;
2214 1852 2310 1880 stellae
2335 1858 2441 1887 autem,
2463 1852 2487 1879 si

1419 1894 1476 1922 sint
1496 1893 1640 1922 animatae
1652 1915 1659 1928 ‚
1680 1893 1708 1921 vi
1729 1892 1864 1921 sensitiva
1892 1898 1998 1921 carent.
2015 1909 2034 1914 -
2048 1892 2227 1929 Argumenta
2254 1891 2408 1928 Simplicii,
2437 1891 2487 1928 qui

1419 1933 1502 1962 astris
1512 1940 1570 1962 tres
1581 1932 1710 1962 attribuit
1724 1942 1835 1968 sensus,
1848 1932 1985 1961 olfactum
2001 1938 2029 1960 et
2042 1938 2157 1969 gustum
2169 1932 2205 1959 ab
2217 1931 2257 1959 eis
2271 1931 2459 1959 excludendo.
2468 1948 2487 1952 -

1421 1974 1447 2002 5.
1463 1975 1506 2002 De
1521 1980 1618 2002 mente
1632 1972 1794 2001 Aristotelis
1809 1971 1964 2009 quaeritur.
1984 1971 2116 2000 Citantur
2130 1981 2163 2000 ex
2178 1971 2241 2008 ipso
2256 1972 2399 2008 quaedam
2414 1971 2486 2006 loca,

1419 2013 1449 2042 in
1465 2014 1570 2051 quibus
1584 2013 1748 2042 facultatem
1767 2012 1933 2041 sensitivam
1948 2012 2089 2049 denegare
2110 2011 2197 2039 stellis
2218 2011 2337 2039 videtur.
2359 2010 2487 2038 Dubium

1419 2055 1500 2092 quod
1521 2053 1613 2082 oritur
1633 2062 1666 2082 ex
1681 2052 1764 2082 dictis
1783 2052 1814 2080 in
1827 2053 1862 2080 111
1884 2053 1920 2080 de
1940 2051 2055 2080 Anima.
2069 2068 2088 2073 -
2102 2052 2130 2079 6.
2145 2050 2298 2079 Themistii
2312 2057 2339 2079 et
2352 2050 2488 2078 Averrois

1419 2093 1561 2131 expositio
1583 2093 1764 2131 aliquatenus
1785 2098 1897 2121 extorta
1918 2091 2003 2120 huius
2023 2091 2093 2120 loci:
2115 2100 2183 2120 vera
2204 2090 2310 2119 solutio
2324 2090 2453 2118 traditur.
2470 2106 2487 2112 -

1420 2143 1447 2171 7.
1463 2134 1536 2162 Tres
1550 2133 1676 2162 rationes
1690 2139 1810 2170 propter
1824 2141 1896 2169 quas
1911 2131 2082 2168 corporibus
2104 2130 2272 2159 caelestibus
2293 2130 2335 2158 vis
2355 2130 2489 2158 sensitiva

1418 2173 1535 2202 attribui
1556 2183 1617 2202 non
1638 2179 1742 2210 potest.
1764 2174 1792 2208 a)
1807 2173 1880 2200 Sunt
1894 2171 1995 2207 activa,
2010 2180 2071 2199 non
2086 2178 2182 2199 autem
2197 2170 2323 2207 passiva;
2345 2179 2406 2198 non
2419 2179 2488 2207 ergo

1419 2213 1549 2251 potentia
1569 2213 1712 2248 sensitiva,
1734 2219 1835 2249 utpote
1856 2212 1979 2249 passiva,
2001 2220 2104 2240 eorum
2126 2210 2278 2239 animabus
2300 2210 2442 2244 convenit,
2464 2209 2488 2237 si

1418 2253 1547 2282 animata
1560 2252 1625 2281 sint.
1641 2253 1668 2288 b)
1684 2253 1758 2281 Sunt
1773 2251 1939 2287 uniformia,
1954 2258 2055 2288 utpote
2076 2250 2240 2288 sphaerica3
2262 2259 2330 2287 ergo
2345 2259 2406 2278 non
2420 2259 2488 2286 pos-

1419 2300 1486 2322 sunt
1500 2294 1606 2321 habere
1628 2292 1822 2321 diversitatem
1844 2301 2022 2329 organorum
2037 2291 2205 2328 requisitam
2221 2300 2274 2327 pro
2296 2290 2413 2318 diversis
2434 2299 2488 2326 po-

1418 2333 1514 2362 tentiis
1531 2331 1682 2362 sensitivis.
1698 2334 1724 2368 c)
1740 2333 1814 2360 Sunt
1828 2341 1931 2360 causae
1945 2331 2121 2359 universales
2136 2330 2289 2359 effectuum
2304 2329 2487 2364 inferiorum3

1418 2374 1497 2402 unde
1518 2372 1653 2401 convenit
1673 2378 1706 2401 ut
1726 2372 1756 2400 in
1777 2371 1930 2400 animabus
1958 2380 2077 2406 eorum,
2099 2370 2123 2399 si
2144 2370 2272 2399 animata
2292 2370 2356 2405 sint,
2377 2370 2488 2397 formae

1419 2413 1599 2442 sensibilium
1613 2413 1774 2441 secundum
1795 2411 1922 2440 rationes
1942 2411 2117 2440 universales
2134 2410 2324 2439 inveniantur.
2339 2427 2358 2431 -
2372 2410 2399 2437 8.
2415 2410 2488 2437 Cor-

1419 2463 1493 2490 pora
1513 2452 1655 2488 caelestia,
1677 2452 1702 2481 si
1722 2452 1780 2480 sint
1799 2451 1937 2487 animata,
1952 2460 2004 2488 per
2018 2460 2103 2479 suum
2117 2451 2294 2479 intellectum
2309 2455 2489 2486 cognoscunt

1419 2493 1593 2522 universalia
1613 2499 1640 2521 et
1654 2491 1847 2529 particularia,
1862 2491 2112 2529 quemadmodum
2134 2490 2292 2519 intellectus
2313 2489 2489 2518 substantiae

1420 2539 1584 2570 separatae:
1607 2541 1682 2570 quae
1706 2531 1784 2561 enim
1798 2538 1866 2560 sunt
1879 2531 2010 2568 dispersa
2027 2530 2057 2559 in
2072 2530 2269 2564 inferioribus,
2291 2529 2320 2557 in
2334 2528 2488 2566 superiori-

1419 2574 1474 2602 bus
1495 2579 1563 2601 sunt
1582 2572 1672 2601 unita.
1689 2589 1708 2594 -
1722 2573 1778 2600 Per
1798 2572 1855 2600 hoc
1869 2578 1966 2600 autem
1988 2570 2147 2599 excluditur
2168 2569 2292 2598 obiectio
2314 2569 2487 2603 Avicennae,

1421 2614 1502 2651 quod
1523 2622 1648 2649 corpora
1662 2611 1796 2641 caelestia
1808 2611 1867 2640 vim
1888 2610 2106 2648 imaginativam
2120 2611 2225 2639 habere
2239 2610 2371 2644 debeant,
2387 2609 2424 2637 ad
2437 2617 2489 2644 ap-

1419 2653 1660 2691 prehendendum
1681 2652 1752 2680 situs
1773 2651 1960 2689 particulares
1981 2651 2011 2679 in
2032 2651 2122 2679 caelo.
2138 2667 2157 2672 -
2171 2660 2199 2687 9.
2218 2649 2343 2678 Solvitur
2364 2648 2488 2677 obiectio

1418 2703 1436 2722 a
1457 2692 1607 2730 Simplicio
1629 2701 1716 2729 supra
1737 2693 1777 2728 (n.
1791 2693 1822 2727 4)
1844 2691 1938 2720 allata.

1419 2800 1466 2838 de
1496 2799 1721 2837 animalibus
1748 2798 2002 2845 terrestribus,
2032 2796 2238 2834 attribuens
2267 2796 2319 2832 eis
2353 2795 2487 2832 instru-

1419 2861 1549 2890 menta
1577 2852 1844 2890 convenientia
1863 2851 1984 2888 motui
2003 2849 2244 2899 progressive
2263 2851 2299 2895 ²³⁴,
2327 2855 2363 2884 et
2381 2848 2486 2895 quod

1419 2906 1633 2956 despexerit
1661 2906 1714 2943 sic
1740 2905 1907 2954 pretiosa
1928 2916 2100 2952 corpora,
2122 2902 2262 2939 scilicet
2289 2901 2424 2948 stellas,
2444 2908 2485 2937 ut

1418 2973 1498 2997 non
1518 2959 1664 2997 dederit
1684 2958 1736 2996 eis
1755 2959 2003 2995 instrumenta
2018 2962 2034 2976 α
2050 2963 2136 3004 apta
2156 2955 2204 2992 ad
2229 2962 2378 2991 motum
2397 2966 2484 3001 pro-

1418 3013 1643 3062 gressivum.
1675 3011 1753 3049 Sed
1779 3011 1930 3048 videtur
1949 3008 2055 3057 quasi
2075 3008 2242 3045 studiose
2271 3007 2411 3043 factum
2427 3008 2447 3027 Ἐ
2462 3019 2484 3043 a

1418 3075 1552 3104 natura
1580 3065 1686 3114 quod
1714 3077 1793 3101 non
1822 3070 2050 3100 moveantur
2077 3061 2203 3098 stellae
2231 3072 2300 3108 per
2327 3059 2482 3107 seipsas,

1419 3133 1464 3157 ex
1492 3120 1567 3156 hoc
1587 3118 1692 3167 quod
1721 3116 1870 3154 abstulit
1891 3115 1942 3151 eis
1971 3113 2100 3150 omnia
2118 3113 2380 3159 instrumenta,
2401 3112 2485 3161 qui-

1418 3173 1490 3210 bus
1518 3179 1674 3221 possent
1696 3168 1938 3219 progressivo
1958 3174 2066 3203 motu
2093 3165 2243 3203 moveri
2271 3166 2482 3219 secundum

1418 3226 1580 3274 seipsas:
1602 3232 1639 3261 et
1658 3223 1784 3269 etiam,
1805 3220 1910 3269 quod
1937 3220 2022 3268 plus
2048 3226 2113 3266 est,
2134 3219 2223 3268 quia
2251 3219 2378 3255 stellae
2398 3231 2479 3256 ma-

1416 3279 1518 3315 xime
1548 3278 1684 3314 distant
1721 3287 1744 3311 a
1777 3274 1898 3321 figura
1926 3272 2146 3309 animalium
2174 3271 2398 3309 habentium
2426 3271 2482 3308 in-

1417 3337 1626 3368 strumenta
1663 3329 1712 3365 ad
1749 3334 1898 3363 motum
1934 3324 2220 3374 progressivum
2248 3332 2347 3373 apta.
2377 3325 2482 3362 Nam

1414 3382 1635 3421 huiusmodi
1651 3379 1836 3426 animalia,
1849 3385 1992 3426 quanto
2007 3385 2094 3415 sunt
2106 3378 2341 3427 perfectiora,
2353 3379 2483 3415 tanto*

1414 3437 1556 3473 habent
1583 3433 1770 3470 maiorem
1799 3431 2054 3469 diversitatem
2072 3431 2111 3468 in
2137 3431 2323 3480 partibus:
2354 3431 2480 3468 stellae

1413 3576 1487 3601 dedit
1500 3576 1538 3605 A;
1553 3574 1591 3599 eis
1605 3582 1658 3599 om.
1673 3574 1706 3598 G.
1718 3587 1737 3592 —
1749 3573 1839 3597 Statim
1852 3580 1899 3605 pro
1913 3572 2125 3605 progressivum,
2140 3572 2322 3604 processiuum
2337 3572 2412 3597 codd.
2427 3579 2480 3596 exc.

1412 3612 1472 3644 Apl.
1488 3610 1572 3635 Etiam
1586 3609 1693 3634 inferius
1707 3609 1732 3633 in
1746 3608 1796 3633 hoc
1810 3613 1835 3633 et
1854 3616 1910 3641 seq.
1924 3615 1997 3632 num.
2011 3608 2084 3632 codd.
2098 3608 2177 3640 vulgo
2192 3607 2281 3640 legunt
2292 3607 2480 3639 processivum.

2513 863 2660 919 ''I-eququcap.
2671 866 2724 887 'vnn

2514 1130 2522 1138 ·
2538 1128 2605 1150 Text.
2620 1134 2649 1156 51.

2515 2854 2524 2862 ·
2535 2852 2673 2880 processiva
2683 2858 2726 2874 act·

2511 2885 2543 2907 pi.

2610 2963 2627 2979 α

2512 3012 2521 3020 ·
2532 3016 2585 3031 esse
2591 3010 2644 3032 add.
2654 3010 2724 3032 codd.

2512 3043 2562 3058 exc.
2576 3043 2620 3065 apr.

2510 3382 2519 3389 ‘
2529 3386 2556 3401 eo
2565 3379 2633 3401 codd.
2642 3385 2691 3401 exc.
2699 3385 2720 3401 c.
