2782 4134
368 274 442 320 298

872 272 942 308 DE
973 270 1362 308 GENERATIONE
1392 270 1462 306 ET
1492 269 1876 306 CORRUPTIONE
1906 270 2000 306 LIB.
2032 270 2046 305 Ι

1105 475 1433 545 ,LEcT10
1471 477 1790 533 DECIMA

889 615 945 645 DE
969 614 1260 645 DlFFERENTIA
1283 614 1604 646 GENERATIONIS
1627 615 1686 646 ET
1709 615 2031 647 ALTERATIONIS

367 736 441 781 Περὶ
466 729 503 765 δὲ
527 731 688 779 γενέσεως
707 731 765 762 καὶ
793 727 1003 766 ἀλλοιώσεως
1027 727 1180 782 λέγωμεν
1200 732 1233 761 τί
1258 725 1433 774 διαφέρου·
1486 732 1504 752 *
1526 733 1574 763 De
1597 733 1799 773 generatione
1827 740 1935 764 autem
1958 739 1989 764 et
2011 733 2194 764 alteratione
2221 733 2364 765 dicamus
2391 734 2470 775 quid
2498 734 2556 765 dif-
2584 740 2594 748 ·
2609 738 2708 766 eap.1v.
2723 737 2782 760 ‘rexi

434 790 501 810 σιν·
528 776 636 820 φαμὲν
661 775 723 821 γάρ
751 773 868 816 ἑτέρας
895 769 981 804 εἶναι
999 784 1134 811 ταυτας
1153 774 1216 812 τοὶς
1234 775 1432 818 μεταβολάς

436 820 604 858 ἀλλήλων.
1102 834 1104 836 v

361 862 503 902 Ἐπειδὴ
530 863 586 897 οὖν
609 863 682 895 ἐστί
701 874 734 893 τι
753 861 793 893 τὸ
811 862 1029 904 ὑποκείμενον
1053 863 1111 893 καὶ
1133 861 1247 907 ἕτερον
1266 863 1307 895 τό
1325 861 1432 900 πάθος

436 913 451 943 ὃ
474 909 570 942 κατά
594 908 656 940 τοῦ
682 906 904 949 ὑποκειμένου
928 903 1089 952 λέγεσθαι
1107 906 1264 950 πέφυκεν,
1283 909 1341 938 καὶ
1360 907 1433 939 ἔστι

433 952 611 1000 μεταβολή
638 950 801 995 ἑκατέρου
838 949 993 991 τούτων,
1022 950 1199 989 ἀλλοίωσις
1233 950 1293 994 μέν
1319 951 1431 992 ἔστιν,

435 999 518 1032 ὅταν
544 995 773 1040 ὀπομένοντος
798 996 861 1027 τοῦ
880 993 1114 1070 ύποκειὲιένου,
1135 994 1300 1032 αἰσθητοῦ
1323 995 1432 1037 ὄντος,

434 1041 637 1089 μεταβάλλῃ
663 1041 696 1072 ἑν
723 1044 793 1076 τοῖς
813 1040 923 1071 αὐτοῦ
941 1038 992 1071 πά
1016 1050 1098 1080 εσιν,
1118 1038 1139 1076 ἦ
1157 1040 1322 1077 ἐναντίοις
1341 1038 1432 1072 οὖσιν

435 1088 455 1126 ἦ
481 1085 626 1131 μεταξύ,
652 1085 719 1116 οἷον
745 1084 787 1116 τὸ
812 1085 910 1128 σῶμα
936 1085 1078 1130 ὑγιαίνει
1101 1086 1160 1116 καὶ
1186 1084 1287 1116 πάλιν
1313 1084 1433 1129 κάμνει

435 1131 601 1175 ὑπομένον
652 1142 666 1161 ε
691 1127 819 1170 ταύτό,
844 1130 903 1160 καὶ
930 1129 946 1160 ὁ
969 1127 1098 1173 χαλκὸς
1125 1128 1347 1175 στρογγύλος,
1375 1129 1434 1161 ὀτέ

434 1173 471 1210 δὲ
495 1141 688 1221 γωνιοειέής
717 1175 733 1205 ὀ
761 1172 866 1210 αὐτός
891 1185 929 1219 γε
955 1174 1011 1205 ὥν.

359 1225 466 1256 ’Όταν
492 1220 520 1255 δ’
545 1220 620 1252 ὅλον
647 1217 853 1266 μεταβάλλῃ
879 1217 925 1261 μή
953 1216 1183 1262 ὑπομένοντος
1201 1216 1366 1255 αἰσθητοῦ
1384 1228 1434 1249 τι-

433 1267 486 1305 νὸς
519 1267 559 1303 ὡς
593 1262 815 1306 ὑποκειμένου
846 1263 908 1294 τοῦ
942 1261 1074 1302 αὐτοῦ,
1103 1259 1176 1294 ἀλλ’
1206 1263 1274 1293 οἱον
1307 1262 1344 1294 ἐκ
1370 1262 1432 1299 τῆς

433 1309 534 1358 γονῆς
561 1311 647 1354 αἷμα
673 1307 784 1345 πάσης
803 1305 824 1342 ἦ
843 1304 878 1347 ἐξ
904 1303 1030 1344 ὕδατος
1052 1305 1116 1350 άὴρ
1135 1305 1156 1343 ἦ
1174 1305 1208 1347 ἐξ
1235 1306 1330 1349 ἀέρος
1350 1317 1434 1338 παν-

434 1356 491 1394 τὸς
518 1351 617 1399 ῧῗωρ,
643 1354 771 1400 γένεσις
797 1347 862 1388 ἤδη
891 1351 931 1383 τὸ
957 1353 1132 1391 τοιοῦτον,
1159 1352 1221 1384 τοῦ
1246 1347 1283 1383 δὲ
1306 1350 1431 1396 φθορά,

367 1401 521 1445 μάλιστα
545 1395 597 1440 δέ,
619 1398 657 1431 ἂν
682 1399 703 1435 γ’)
730 1396 908 1442 μεταβολή
933 1398 1072 1442 γίνηται
1097 1395 1132 1436 ἐξ
1159 1394 1370 1432 ἀναισθήτου
1389 1396 1433 1432 εἰς

435 1444 598 1483 αἰσθητὸν
617 1442 638 1479 ἦ
659 1442 727 1486 άφῇ
746 1440 767 1477 ἦ
785 1439 913 1478 πάσαις
932 1443 1009 1478 ταῖς
1031 1439 1239 1481 αἰσθήσεσιν,
1260 1440 1328 1472 οἷον
1348 1438 1433 1473 ὅταν

435 1486 520 1535 ὕδωρ
545 1487 690 1534 γένηται
716 1485 736 1523 ἦ
762 1485 872 1529 φθαρῇ
898 1485 941 1522 εἰς
971 1484 1072 1527 ἀέρα·
1101 1486 1117 1516 ὁ
1143 1484 1208 1531 γάρ
1236 1484 1300 1527 ἀήρ
1332 1485 1434 1516 ἐπιει-

433 1535 496 1572 κῶς
524 1531 742 1570 ἀναίσθητον.

443 1574 482 1611 δὲ
506 1577 644 1614 τούτοις
671 1576 710 1609 ἄν
736 1586 770 1606 τι
796 1572 948 1617 ὑπομένῃ
974 1571 1081 1610 πάθος
1108 1573 1149 1605 τό
1171 1573 1260 1606 αὐτὸ
1276 1571 1435 1606 ἐναντιώ-

435 1635 515 1660 σεως
542 1623 575 1654 ἐν
602 1623 648 1662 τῷ
674 1618 842 1667 γενομένῳ
875 1618 1015 1671 καὶχτῷ
1043 1617 1225 1662 φθαρέντι,
1253 1619 1321 1650 οἷον
1348 1616 1432 1650 ὅταν

360 1581 418 1611 Ἐν

435 1667 470 1708 ἐξ
498 1666 592 1712 ἀέρος
619 1662 727 1710 ὕδωρ,
753 1664 781 1696 εὶ
808 1662 905 1706 ἄμφω
938 1664 1087 1706 ὸιαφανη
1115 1662 1136 1700 ἦ
1161 1662 1292 1708 ψυχρά,
1321 1662 1358 1695 οὐ
1383 1657 1436 1694 δεῖ
1469 1671 1478 1682 ·

436 1712 563 1744 τούτου
597 1708 740 1754 θάτερον
773 1707 880 1744 πάθος
906 1703 992 1738 εἶναι
1017 1708 1062 1744 εἰς
1089 1707 1105 1739 ὃ
1129 1707 1356 1751 μεταβάλλει.
1396 1707 1434 1738 Εἰ

435 1752 473 1788 δέ
498 1755 562 1801 μή,
591 1754 689 1788 ἔσται
717 1754 914 1792 ἀλλοίωσις,
942 1751 1010 1783 οἷον
1037 1752 1053 1784 ὁ
1078 1752 1235 1795 μουσικός
1262 1751 1433 1796 ἄνθρωπος

436 1800 574 1846 ἐφθάρη,
603 1798 775 1843 ἄνθρωπος
800 1793 827 1828 δ’
859 1796 1004 1838 ἄμουσος
1031 1796 1181 1841 ἐγένετο,
1210 1798 1225 1829 ὁ
1251 1792 1279 1828 δ’
1313 1797 1435 1841 ἄνθρω-

435 1858 496 1884 πος
523 1843 683 1886 ὑπομένει
708 1842 750 1876 τὰ
773 1840 873 1874 αὐτό.
900 1840 938 1871 Εἰ
956 1840 1015 1884 μὲν
1033 1840 1090 1874 οὖν
1116 1841 1243 1874 τούτου
1260 1842 1307 1886 μῆ
1325 1841 1432 1880 πάθος

435 1888 475 1928 ἦν
500 1889 575 1922 καθ’
602 1889 709 1922 αὐτὸν
735 1888 755 1924 ἢ
781 1884 924 1931 μουσική
957 1887 1015 1916 καὶ
1041 1888 1062 1924 ’ἢ
1091 1886 1258 1929 ἀμουσία,
1286 1887 1348 1919 τοῦ
1373 1887 1433 1930 μὲν

434 1934 562 1982 γένεσις
595 1931 635 1971 ἦν
668 1933 730 1974 ἄν,
766 1932 829 1963 τοῦ
858 1926 899 1962 δὲ
926 1929 1051 1974 φθορά·
1077 1926 1129 1963 διὸ
1166 1928 1339 1975 ἀνθρώπου
1373 1932 1431 1976 μὲν

436 1980 553 2012 ταῦτα
579 1977 693 2018 πάθη,
723 1975 898 2020 ἀνθρώπου
923 1972 960 2008 δὲ
985 1977 1146 2019 μουσικοῦ
1174 1977 1234 2008 καὶ
1260 1973 1433 2020 ἀνθρώπου

438 2023 588 2068 ἀμούσου
613 2022 740 2069 γένεσις
764 2022 822 2052 καὶ
843 2019 966 2065 φθορά·
985 2021 1042 2051 νῦν
1059 2016 1097 2052 δὲ
1115 2019 1222 2058 πάθος
1242 2021 1348 2053 τοῦτο
1370 2021 1432 2054 τοῦ

437 2067 678 2112 ὑπομένοντος.
719 2065 774 2097 Διὸ
801 2065 976 2101 ἀλλοίωσις
1002 2064 1051 2097 τά
1075 2066 1239 2097 τοιαῦτα.

361 2154 468 2187 Ὅταν
490 2152 552 2206 μὲν
579 2150 635 2183 οὖν
660 2150 756 2182 κατά
782 2150 822 2182 τὸ
849 2149 953 2181 ποσὸν
973 2148 995 2192 ᾖ
1013 2150 1033 2186 ἡ
1051 2150 1230 2194 μεταβολή
1251 2150 1314 2187 τῆς
1340 2150 1434 2182 ἐναν-

435 2208 600 2236 τιωσεως,
629 2193 714 2235 αὔξη
748 2197 805 2226 καὶ
838 2192 963 2237 φθίσις,
992 2193 1076 2226 ὅταν
1109 2189 1146 2226 δὲ
1175 2193 1271 2227 κατά
1303 2195 1431 2235 τόπον,

434 2242 533 2286 φορά,
554 2239 638 2273 ὅταν
663 2235 701 2271 δὲ
724 2239 821 2270 κατά
843 2238 951 2276 πάθος
976 2241 1033 2270 καὶ
1052 2238 1094 2271 τὸ
1112 2239 1222 2279 ποιόν,
1244 2239 1433 2280 ἀλλοίωσις,

435 2286 520 2319 ὅταν
545 2280 584 2317 δὲ
609 2279 713 2327 μηδὲν
740 2282 893 2327 ὑπομένῃ
919 2282 958 2315 οὗ
983 2281 1124 2326 θάτερον
1149 2282 1257 2322 πάθος
1276 2282 1296 2320 ἦ
1315 2284 1437 2328 συμβε-

436 2330 536 2371 βηκὸς
563 2328 659 2370 ὅλως,
686 2326 832 2374 γένεσις,
859 2327 901 2360 τὸ
926 2323 963 2360 δὲ
989 2326 1104 2372 φθορά.

360 2414 461 2446 Ἐστι
486 2408 523 2445 δὲ
550 2411 611 2449 ὕλη
637 2411 791 2455 μάλιστα
824 2411 883 2454 μὲν
917 2412 975 2443 καὶ
1007 2413 1124 2454 κυρίως
1149 2411 1190 2445 τι)
1217 2412 1434 2456 ὑποκείμενον

434 2457 594 2504 γενέσεως
619 2458 677 2488 καὶ
703 2454 826 2499 φθορᾶς
851 2450 1031 2497 δεκτικόν,
1060 2455 1188 2500 τρόπον
1213 2454 1252 2488 δέ
1276 2468 1354 2489 τινα
1378 2457 1437 2488 καὶ

436 2503 478 2535 τὸ
504 2505 580 2539 ταῖς
608 2500 728 2538 ἄλλαις
753 2500 978 2543 μεταβολαῖς,
999 2499 1052 2532 ὅτι
1078 2500 1197 2532 πάντα
1222 2495 1366 2532 δεκτικά
1390 2500 1438 2532 τά

438 2548 643 2590 ὑποκείμενα
669 2543 898 2577 ἐναντιώσεων
925 2556 1036 2577 τινων.
1109 2540 1119 2551 ¹

369 2592 443 2635 Περὶ
469 2591 528 2634 μὲν
555 2587 612 2622 οὖν
637 2589 795 2635 γενέσεως
821 2591 878 2621 καὶ
904 2587 1041 2632 φθορᾶς,
1068 2589 1137 2620 εἴτε
1164 2588 1255 2621 ἔστιν
1281 2589 1349 2620 εἴτε
1375 2587 1436 2632 μή,

437 2637 494 2666 καὶ
521 2635 589 2671 πῶς
617 2634 703 2672 ἔστι,
725 2636 781 2665 καὶ
808 2634 882 2678 περὶ
902 2632 1112 2670 ἀλλοιώσεως
1131 2628 1292 2677 διωρίσθω
1313 2634 1437 2665 τοῦτον

439 2679 498 2712 τὸν
524 2678 662 2723 τρόπον.

431 2777 570 2804 SYNOP51S
587 2792 621 2796 —
643 2785 665 2803 1.
681 2776 892 2812 Argumentum
908 2780 935 2802 et
949 2774 1051 2802 divisio
1066 2780 1168 2802 textus.
1180 2791 1199 2795 --
1214 2774 1374 2809 Quomodo
1389 2783 1438 2811 ge·

371 2816 482 2845 neratio
503 2822 531 2844 et
552 2814 682 2844 alteratio
703 2814 849 2843 differant:
872 2820 899 2842 et
920 2814 1015 2850 primo
1037 2820 1178 2851 quantum
1193 2815 1230 2842 ad
1251 2814 1281 2842 id
1301 2814 1381 2851 quod
1397 2820 1439 2842 est

370 2857 401 2884 in
421 2858 549 2892 utrisque
570 2854 709 2883 terminus
730 2853 986 2882 transmutationis.
999 2870 1019 2876 -
1033 2862 1060 2882 2.
1075 2855 1107 2882 In
1121 2854 1226 2891 quibus
1240 2854 1275 2882 sit
1296 2853 1437 2882 alteratio.

371 2898 438 2924 Duo
457 2894 684 2932 praesupposita.
706 2893 845 2923 Alteratio
860 2901 911 2929 est,
930 2894 1049 2931 quando
1071 2900 1168 2922 manet
1182 2894 1259 2922 idem
1278 2893 1438 2922 subiectum

371 2935 515 2970 sensibile,
538 2935 577 2963 ita
598 2935 687 2971 quod,
704 2934 782 2962 nulla
796 2933 1036 2962 transmutatione
1057 2934 1131 2962 facta
1146 2933 1175 2962 in
1190 2933 1250 2962 eius
1270 2933 1438 2969 substantia,

372 2975 421 3004 fiat
441 2974 643 3003 transmutatio
666 2974 695 3002 in
716 2973 777 3002 eius
805 2973 999 3011 qualitatibus.
1022 2990 1041 2994 -
1063 2974 1223 3010 Quomodo
1252 2973 1287 3002 sit
1308 2973 1438 3002 alteratio

371 3015 401 3043 in
422 3015 504 3043 tertia
525 3014 619 3051 specie
641 3013 798 3051 qualitatis,
820 3020 847 3042 et
868 3014 1020 3051 quomodo
1042 3014 1071 3041 in
1093 3014 1163 3042 aliis.
1177 3030 1196 3035 -
1219 3014 1244 3042 3.
1261 3014 1387 3049 Quando
1408 3013 1440 3042 fit

371 3054 528 3092 generatio.
551 3055 678 3089 Quando
707 3054 867 3082 subiectum
896 3060 1103 3082 transmutatur
1124 3063 1185 3082 non
1213 3054 1308 3082 solum
1337 3063 1439 3082 secun-

372 3095 442 3122 dum
463 3094 621 3131 passiones,
644 3094 695 3122 sed
716 3093 802 3122 etiam
825 3094 984 3122 secundum
1006 3100 1097 3122 totam
1118 3094 1159 3122 rei
1181 3093 1379 3128 substantiam,
1395 3093 1438 3121 in-

373 3141 514 3171 quantum
535 3134 641 3162 scilicet
662 3133 782 3162 materia
807 3133 909 3170 accipit
931 3143 1037 3162 novam
1060 3134 1184 3162 formam
1206 3133 1438 3169 substantialem,

372 3173 436 3202 talis
457 3173 657 3202 transmutatio
687 3180 729 3202 est
753 3173 839 3201 unius
865 3173 1012 3211 generatio
1040 3180 1068 3202 et
1095 3173 1211 3202 alterius
1233 3173 1391 3210 corruptio.
1420 3190 1439 3195 -

372 3223 400 3248 4.
418 3214 543 3248 Quando
566 3213 689 3242 maxime
710 3213 742 3241 fit
755 3213 911 3251 generatio.
927 3214 1093 3242 Secundum
1107 3214 1253 3251 vulgarem
1269 3213 1438 3250 opinionem

374 3253 425 3289 (cf.
441 3254 504 3281 lect.
516 3261 575 3288 vm,
588 3263 616 3281 n.
634 3254 676 3289 6),
693 3253 748 3282 hoc
762 3253 864 3282 accidit
874 3254 993 3291 quando
1008 3263 1041 3282 ex
1057 3253 1153 3282 minus
1164 3253 1290 3282 sensibili
1305 3253 1336 3281 fit
1345 3259 1439 3282 trans-

374 3293 495 3321 mutatio
516 3293 546 3321 in
567 3293 676 3330 aliquid
703 3294 782 3330 quod
797 3299 840 3321 est
864 3293 954 3331 magis
973 3293 1115 3322 sensibile.
1131 3310 1150 3314 -
1166 3294 1192 3322 5.
1209 3293 1347 3322 Dubium.
1363 3294 1437 3322 Cum

374 3333 549 3369 quandoque
565 3333 665 3361 eadem
687 3333 783 3369 passio
806 3340 920 3362 maneat
941 3333 971 3361 in
992 3333 1098 3370 genito,
1120 3343 1194 3371 quae
1216 3333 1268 3362 fuit
1288 3333 1318 3362 in
1339 3342 1439 3362 corru-

374 3378 434 3408 pto,
450 3372 595 3409 quaeritur
609 3378 706 3400 utrum
727 3372 757 3400 id
772 3372 801 3400 in
817 3374 896 3410 quod
917 3373 1027 3410 aliquid
1042 3379 1257 3409 transmutatur,
1275 3382 1389 3410 semper
1404 3373 1440 3401 sit

374 3411 470 3447 passio
486 3412 687 3448 permanentis.
699 3428 718 3432 -
733 3413 816 3449 Resp.
833 3413 972 3450 negative.
985 3414 1082 3448 Secus,
1097 3422 1164 3441 cum
1179 3423 1212 3442 ex
1227 3423 1301 3448 aere,
1313 3419 1391 3450 puta,
1407 3413 1439 3441 fit

374 3459 459 3487 aqua,
471 3458 604 3479 manente
620 3451 649 3479 in
663 3458 787 3488 utroque
802 3452 947 3489 diaphano
962 3459 990 3481 et
1004 3452 1116 3490 frigido,
1132 3453 1285 3482 haberetur
1298 3453 1438 3488 alteratio,

375 3496 404 3518 et
417 3499 478 3518 non
492 3490 648 3527 generatio.
671 3491 790 3527 Semper
805 3492 883 3520 enim
905 3493 1023 3529 quando
1038 3492 1068 3520 id
1082 3493 1111 3521 in
1126 3494 1206 3530 quod
1221 3493 1252 3521 fit
1266 3499 1439 3521 transmuta-

375 3529 427 3564 tio,
443 3536 485 3557 est
499 3530 595 3566 passio
611 3530 728 3558 subiecti
744 3531 947 3567 permanentis,
963 3539 1004 3560 est
1018 3532 1164 3561 alteratio:
1179 3533 1326 3570 generatio
1339 3539 1436 3561 autem

377 3569 496 3606 quando
518 3569 547 3597 id
568 3570 727 3598 secundum
748 3571 828 3607 quod
850 3571 880 3599 fit
901 3572 1112 3607 transmutatio,
1128 3578 1170 3600 est
1185 3573 1220 3600 de
1236 3572 1366 3608 essentia,
1388 3582 1439 3601 seu

376 3614 419 3636 est
435 3608 649 3638 constitutivum
664 3609 783 3638 subiecti
797 3611 877 3647 quod
898 3617 1112 3640 transmutatur.
1128 3612 1325 3641 Manifestatur
1343 3621 1439 3640 exem-

1554 777 1676 808 ferunt:
1701 777 1837 808 dicimus
1861 777 1946 808 enim
1961 778 2018 808 has
2032 778 2310 809 transmutationes
2335 778 2470 809 diversas
2487 788 2554 810 esse

1554 821 1741 852 adinvicem.

1489 865 1653 902 Quoniam
1674 865 1770 905 igitur
1793 872 1839 896 est
1861 865 1948 896 aliud
1971 865 2150 897 subiectum
2178 873 2209 897 et
2231 866 2318 897 aliud
2341 866 2447 907 passio
2474 877 2557 908 quae

1555 909 1594 939 de
1618 909 1759 940 subiecto
1783 916 1857 940 nata
1880 916 1926 940 est
1940 909 2013 948 dici,
2037 916 2068 940 et
2083 917 2129 941 est
2144 910 2366 942 transmutatio
2390 910 2556 952 utn‘usque

1554 953 1672 983 horum
1682 976 1690 990 ,
1707 953 1849 983 alteratio
1866 953 1997 994 quidem
2013 960 2070 992 est,
2087 955 2229 995 quando,
2250 961 2397 986 manente
2414 954 2556 986 subiecto

1555 996 1693 1027 sensibili
1716 997 1877 1036 existente,
1901 1003 2128 1028 transmutatur
2143 998 2176 1028 in
2193 999 2261 1029 eius
2277 999 2489 1039 passionibus,
2502 1005 2558 1030 aut

1555 1040 1718 1071 contrariis
1743 1040 1868 1071 entibus
1887 1047 1943 1072 aut
1965 1042 2094 1072 mediis:
2119 1049 2197 1082 puta
2221 1052 2337 1083 corpus
2361 1053 2476 1074 sanum
2499 1050 2556 1083 est,

1554 1091 1585 1115 et
1600 1094 1708 1115 rursus
1723 1084 1856 1124 laborat,
1869 1095 2001 1116 manens
2016 1085 2120 1125 idem;
2135 1093 2167 1117 et
2180 1087 2346 1117 metallum
2362 1087 2558 1129 quandoque

1553 1129 1741 1168 rotundum,
1765 1129 1960 1170 quandoque
1983 1130 2144 1170 angulare,
2168 1130 2254 1160 idem
2277 1130 2421 1175 existens.

1488 1217 1627 1256 Quando
1651 1223 1759 1248 autem
1781 1223 1888 1248 totum
1911 1223 2153 1256 transmutatur,
2178 1227 2246 1248 non
2274 1225 2422 1250 manente
2449 1218 2557 1260 aliquo

1555 1261 1693 1292 sensibili
1716 1268 1752 1292 ut
1768 1261 1911 1292 subiecto
1935 1262 2067 1301 eodem,
2091 1262 2146 1292 sed
2169 1262 2260 1303 quasi
2284 1272 2322 1293 ex
2344 1262 2465 1294 semine
2487 1268 2558 1294 toto

1554 1306 1693 1346 sanguis,
1716 1312 1772 1336 aut
1795 1315 1832 1336 ex
1855 1315 1937 1346 aqua
1960 1316 2023 1345 aer,
2047 1313 2103 1336 aut
2122 1316 2158 1336 ex
2174 1316 2245 1337 aere
2268 1306 2358 1337 omni
2381 1313 2482 1348 aqua:
2505 1316 2559 1348 ge-

1555 1350 1675 1380 neratio
1698 1350 1763 1380 iam
1786 1349 1848 1380 hoc
1871 1349 1943 1388 tale,
1966 1350 2062 1381 huius
2085 1357 2195 1381 autem
2217 1351 2391 1391 corruptio-

1487 1395 1504 1414 *
1514 1394 1651 1426 Maxime
1663 1401 1771 1425 autem
1786 1394 1996 1434 generabitur,
2013 1394 2039 1425 si
2058 1394 2320 1426 transmutabitur
2331 1405 2368 1426 ex
2383 1394 2557 1427 insensibili

1555 1439 1588 1469 in
1604 1438 1750 1469 sensibile
1766 1445 1821 1470 aut
1834 1445 1919 1469 tactu
1931 1445 1986 1470 aut
2002 1438 2152 1470 omnibus
2167 1439 2326 1478 sensibus;
2336 1446 2415 1480 puta
2428 1439 2559 1480 quando

1555 1493 1639 1524 aqua
1661 1489 1827 1524 generatur
1843 1492 1879 1513 ex
1895 1493 1981 1522 aere,
2005 1490 2060 1514 aut
2083 1483 2297 1525 corrumpitur
2313 1482 2346 1514 in
2360 1490 2483 1523 aerem;
2506 1493 2559 1515 aer

1555 1526 1639 1558 enim
1665 1526 1865 1558 mediocriter
1887 1526 2042 1557 sensibilis
2066 1534 2121 1558 est.

1489 1572 1525 1602 In
1547 1571 1596 1602 his
1619 1577 1727 1602 autem
1750 1571 1776 1601 si
1799 1571 1906 1612 aliqua
1928 1571 2034 1612 passio
2057 1578 2166 1602 manet
2192 1572 2304 1603 eadem
2332 1571 2560 1605 contrarietatis

1555 1615 1588 1646 in
1611 1621 1760 1656 generato
1785 1621 1816 1646 et
1839 1622 2001 1656 corrupto,
2025 1623 2103 1656 puta
2125 1616 2256 1657 quando
2270 1626 2310 1647 ex
2330 1626 2400 1647 aere
2423 1625 2518 1658 aqua,
2533 1615 2561 1647 si

1556 1660 1652 1690 ambo
1676 1658 1833 1700 diaphana
1855 1666 1910 1690 aut
1928 1659 2057 1700 frigida;
2080 1670 2147 1690 non
2164 1667 2291 1701 oportet
2305 1660 2401 1692 huius
2424 1660 2561 1693 alterum

1555 1703 1739 1745 passionem
1763 1713 1830 1734 esse
1854 1703 1887 1733 in
1912 1703 2001 1744 quod
2023 1711 2261 1736 transmutatur.
2285 1704 2318 1736 Si
2342 1711 2450 1736 autem
2472 1714 2560 1743 non,

1556 1748 1614 1779 erit
1640 1747 1792 1778 alteratio.
1823 1747 1920 1778 Verbi
1942 1747 2059 1788 gratia,
2088 1748 2230 1779 musicus
2259 1748 2360 1779 homo
2391 1754 2560 1790 corruptus

1556 1799 1613 1831 est,
1637 1792 1738 1822 homo
1761 1798 1869 1822 autem
1892 1791 2080 1823 immusicus
2103 1799 2270 1832 generatus
2292 1799 2356 1831 est,
2376 1792 2480 1824 horno
2503 1801 2560 1824 au-

1555 1843 1621 1868 tem
1643 1834 1751 1867 manet
1773 1835 1805 1866 id
1828 1835 1931 1866 idem:
1955 1835 1982 1866 si
2004 1835 2099 1876 igitur
2121 1835 2218 1867 huius
2241 1846 2308 1867 non
2334 1836 2440 1877 passio
2462 1843 2561 1876 acet,

1555 1881 1611 1912 sed
1634 1880 1813 1911 secundum
1835 1890 1880 1919 se,
1903 1879 2025 1911 musica
2048 1887 2079 1911 et
2101 1880 2287 1920 immusica,
2310 1880 2406 1912 huius
2429 1880 2562 1922 quidem

1554 1925 1715 1966 generatio
1739 1930 1837 1963 esset,
1861 1924 1958 1955 huius
1981 1931 2089 1955 autem
2117 1924 2289 1966 corruptio.
2319 1925 2394 1956 Ideo
2421 1924 2562 1957 homini·

1555 1969 1686 2011 quidem
1712 1969 1790 1999 haec
1817 1975 1864 1999 est
1887 1968 2005 2010 passio,
2028 1968 2168 2000 hominis
2187 1975 2295 2000 autem
2313 1968 2428 2000 musici
2451 1975 2482 2000 et
2502 1967 2562 2001 ho-

1555 2013 1650 2044 minis
1673 2012 1833 2043 immusici
1857 2012 2017 2053 generatio
2042 2013 2199 2054 quaedam
2219 2020 2249 2044 et
2272 2013 2450 2054 corruptio:
2474 2015 2561 2044 nunc

1555 2066 1664 2089 autem
1684 2057 1789 2098 passio
1813 2057 1891 2088 haec
1916 2057 2082 2088 manentis.
2111 2058 2252 2099 Ideoque
2276 2057 2418 2089 alteratio
2444 2063 2492 2089 est
2513 2066 2562 2088 se-

1556 2103 1699 2134 cundum
1722 2101 1803 2133 talia.

1489 2147 1628 2186 Quando
1650 2146 1781 2188 quidem
1796 2145 1892 2186 igitur
1909 2147 2088 2177 secundum
2103 2153 2262 2187 quantum
2277 2153 2324 2178 est
2339 2145 2561 2179 transmutatio

1556 2190 1794 2230 contrarietatis,
1819 2197 2028 2231 augmentum
2043 2197 2075 2222 et
2090 2190 2283 2222 deminutio:
2304 2190 2435 2232 quando
2454 2196 2564 2223 autem

1557 2235 1734 2267 secundum
1757 2235 1878 2274 locum,
1902 2234 1996 2266 latio:
2018 2235 2148 2276 quando
2173 2242 2281 2266 autem
2296 2235 2475 2268 secundum
2489 2233 2563 2276 pur

1555 2280 1661 2311 siones
1677 2286 1707 2311 et
1722 2279 1828 2321 quale,
1843 2278 1986 2310 alteratio
2001 2286 2064 2311 est:
2087 2280 2219 2321 quando
2240 2286 2348 2311 autem
2362 2279 2442 2310 nibil
2455 2285 2564 2311 manet

1557 2324 1647 2355 cuius
1671 2324 1807 2355 alterum
1829 2324 1935 2364 passio
1952 2330 1983 2355 et
1998 2324 2154 2363 accidens,
2177 2323 2396 2355 universaliter
2410 2323 2474 2355 hoc
2491 2321 2563 2366 qui&

1557 2369 1631 2400 dem
1653 2368 1814 2410 generatio
1838 2375 1895 2407 est,
1919 2368 2015 2399 huius
2038 2375 2146 2400 autem
2170 2367 2342 2409 corruptio.

1490 2414 1546 2445 Est
1569 2420 1676 2444 autem
1693 2413 1766 2454 hyle
1786 2412 1923 2443 maxime
1947 2412 2079 2454 quidem
2093 2412 2260 2453 proprium
2275 2411 2454 2444 subiectum
2468 2421 2563 2454 gene-

1556 2457 1686 2489 rationis
1700 2464 1731 2488 et
1746 2456 1959 2496 corruptionis
1975 2457 2194 2497 susceptibile:
2211 2457 2311 2487 modo
2327 2462 2436 2487 autem
2449 2455 2560 2498 aliquo

1558 2508 1588 2532 et
1611 2501 1644 2531 in
1668 2501 1735 2531 aliis
1759 2500 2086 2539 transmutationibus,
2111 2500 2267 2542 quoniam
2290 2500 2399 2531 omnia
2422 2499 2562 2532 subiecta

1558 2544 1772 2586 susceptibilia
1795 2551 1868 2575 sunt
1892 2545 2149 2576 contrarietatum
2171 2545 2362 2586 aliquarum.

1491 2590 1539 2621 De
1562 2589 1763 2630 generatione
1779 2589 1911 2630 quidem
1926 2589 2032 2629 igitur,
2049 2589 2114 2620 sive
2129 2595 2175 2620 est
2190 2589 2255 2620 sive
2275 2599 2342 2620 non
2358 2595 2416 2628 est,
2433 2595 2464 2620 et
2478 2598 2560 2630 quo·

1559 2634 1658 2664 modo
1683 2640 1739 2673 est,
1755 2640 1786 2664 et
1802 2633 1839 2664 de
1856 2633 2039 2664 alteratione
2056 2633 2302 2665 determinatum
2318 2633 2358 2664 sit
2372 2633 2435 2664 hoc
2449 2633 2560 2665 modo.

1492 2774 1550 2811 plo.
1567 2790 1586 2795 —-
1600 2775 1628 2802 6.
1650 2774 1716 2803 Alia
1736 2774 1865 2803 incidens
1884 2773 2042 2803 dubitatio:
2070 2780 2168 2802 utrum
2189 2774 2443 2803 eadem.numer0
2464 2773 2562 2811 passio

1492 2814 1584 2850 possit
1597 2823 1660 2843 esse
1675 2814 1705 2842 in
1719 2814 1816 2852 genito
1831 2821 1859 2843 et
1873 2814 1903 2842 in
1917 2814 2074 2851 corrupto?
2085 2813 2233 2851 Negative:
2248 2823 2317 2843 nam
2333 2820 2447 2843 remoto
2462 2813 2562 2851 priori,

1493 2854 1600 2882 scilicet
1615 2854 1755 2890 subiecto,
1770 2864 1831 2883 non
1846 2860 1975 2883 remanet
1990 2854 2144 2891 posterius,
2159 2855 2216 2883 hoc
2229 2861 2272 2882 est
2285 2853 2399 2891 passio3
2413 2862 2468 2883 nec
2482 2853 2562 2883 idem

1492 2903 1616 2922 numero
1630 2894 1763 2923 accidens
1778 2900 1872 2931 potest
1886 2903 1948 2923 esse
1963 2893 1993 2922 in
2007 2895 2123 2922 duobus
2137 2893 2282 2923 subiectis.
2298 2894 2455 2922 Solvuntur
2473 2893 2562 2923 ratio-

1493 2943 1544 2962 nes
1559 2933 1588 2962 in
1602 2934 1789 2963 contrarium.
1804 2950 1823 2956 -
1838 2944 1865 2971 7.
1882 2933 2050 2963 Differentia
2063 2933 2257 2971 generationis
2271 2934 2309 2962 ad
2323 2933 2523 2962 alterationem
2533 2939 2562 2962 et

1492 2974 1529 3002 ad
1544 2973 1613 3002 alias
1631 2974 1895 3010 transmutationes,
1913 2983 1947 3002 ex
1964 2981 2045 3011 parte
2060 2973 2334 3003 subiecti—Primo.
2354 2974 2386 3002 In
2395 2972 2562 3010 aliistrans-

1493 3013 1702 3042 mutationibus
1724 3014 1752 3042 id
1769 3015 1928 3043 secundum
1943 3015 2025 3051 quod
2040 3014 2071 3042 fit
2084 3013 2297 3048 transmutatio,
2312 3022 2427 3050 semper
2447 3012 2563 3042 advenit

1493 3053 1622 3082 subiecto
1637 3061 1702 3083 actu
1716 3054 1860 3083 existenti:
1883 3054 1913 3082 in
1926 3053 2112 3091 generatione
2126 3060 2223 3082 autem
2238 3063 2300 3082 non
2314 3053 2362 3082 ita.
2378 3054 2454 3082 Nam
2466 3053 2563 3082 forma

1493 3093 1696 3130 substantialis,
1712 3095 1872 3122 secundum
1887 3103 1977 3131 quarn
1992 3100 2034 3123 est
2048 3093 2196 3131 generatio
2207 3100 2234 3122 et
2249 3093 2406 3131 corruptio,
2418 3102 2480 3122 non
2493 3102 2562 3131 aup-

1493 3133 1585 3170 ponit,
1598 3135 1648 3162 sed
1663 3134 1728 3163 facit
1739 3134 1900 3163 subiectum
1912 3140 1977 3162 actu
1987 3133 2120 3162 existens.
2132 3150 2150 3155 -
2163 3134 2189 3162 8.
2199 3133 2274 3162 Hinc
2288 3139 2367 3170 patet
2380 3132 2486 3162 falsitas
2497 3132 2562 3170 opi·

1493 3173 1589 3202 nionis
1603 3174 1777 3209 Avicebron,
1792 3175 1872 3212 quod
1887 3173 1993 3203 scilicet
2007 3173 2037 3202 in
2055 3173 2175 3202 materia
2189 3180 2231 3202 est
2245 3174 2320 3202 ordo
2335 3173 2511 3210 formarum3
2522 3172 2563 3202 ita

1493 3214 1574 3251 quod
1592 3213 1688 3250 primo
1702 3214 1818 3242 advenit
1835 3214 1971 3243 materiae
1986 3214 2080 3242 forma
2094 3214 2255 3242 secundum
2269 3222 2358 3251 quam
2373 3219 2416 3242 est
2429 3213 2561 3242 substan-

1492 3253 1547 3289 tia,
1563 3260 1664 3290 postea
1685 3253 1740 3283 alia
1754 3255 1915 3283 secundum
1929 3263 2017 3291 quarn
2032 3260 2074 3283 est
2088 3263 2203 3290 corpus,
2219 3260 2247 3282 et
2261 3253 2302 3282 sic
2315 3253 2352 3282 de
2365 3252 2438 3282 aliis.
2452 3253 2562 3290 Seque-

1493 3300 1571 3322 retur
1585 3294 1662 3322 enim
1678 3294 1757 3331 quod
1772 3294 1866 3331 prima
1877 3294 1980 3330 forma,
1992 3303 2067 3331 quae
2081 3293 2229 3322 constituit
2243 3292 2442 3328 substantiam,
2457 3292 2563 3321 faceret

1494 3343 1545 3362 ens
1556 3340 1634 3362 actu:
1647 3340 1674 3362 et
1684 3334 1723 3363 ita
1734 3334 1909 3371 posteriores
1923 3334 2034 3362 formae
2048 3333 2217 3362 advenirent
2228 3332 2357 3362 subiecto
2370 3331 2562 3370 permanenti,

1493 3380 1521 3402 et
1536 3374 1696 3402 secundum
1704 3383 1753 3402 eas
1764 3380 1838 3402 esset
1853 3373 1944 3411 magis
1955 3373 2085 3402 alteratio
2097 3383 2185 3411 quam
2198 3372 2353 3411 generatio.
2361 3388 2381 3394 -
2392 3373 2499 3401 Forma
2513 3381 2562 3400 su-

1493 3413 1598 3450 perior,
1626 3420 1727 3451 utpote
1748 3414 1909 3451 perfectior,
1931 3423 1961 3442 se
1981 3414 2043 3442 sola
2068 3419 2193 3451 praestat
2218 3413 2248 3442 in
2269 3412 2399 3441 subiecto
2420 3411 2562 3450 quidquid

1493 3459 1671 3490 praestarent
1682 3454 1793 3482 formae
1803 3453 1962 3482 inferiores.
1970 3469 1988 3474 —
1998 3463 2026 3490 9.
2038 3453 2179 3482 Secundo.
2188 3452 2309 3482 Materia
2315 3451 2410 3490 prima
2422 3457 2465 3480 est
2472 3450 2561 3480 maxi-

1493 3503 1540 3522 me
1554 3493 1706 3530 proprium
1721 3493 1882 3522 subiectum
1900 3493 2094 3531 generationis
2112 3499 2140 3522 et
2159 3491 2363 3530 corruptionis,
2375 3491 2444 3530 quia
2458 3491 2561 3520 imme-

1493 3533 1570 3562 diate
1584 3534 1694 3562 substat
1705 3533 1805 3562 formis
1816 3533 2059 3568 substantialibus,
2071 3542 2146 3570 quae
2160 3542 2211 3570 per
2224 3531 2440 3570 generationem
2455 3537 2484 3560 et
2497 3539 2561 3559 cor·

1493 3573 1657 3610 ruptionem
1670 3573 1827 3602 adveniunt
1838 3579 1865 3602 et
1874 3573 2024 3602 recedunt:
2037 3582 2071 3601 ex
2082 3571 2272 3610 consequenti
2283 3578 2380 3601 autem
2395 3577 2423 3599 et
2437 3569 2562 3599 mediate

1494 3614 1605 3642 substat
1619 3613 1755 3641 omnibus
1769 3612 1831 3642 aliis
1845 3611 2143 3642 transmutationibus,
2157 3628 2175 3634 -
2189 3611 2328 3649 Epilogus
2338 3617 2367 3639 et
2382 3609 2540 3639 conclusio.

2583 770 2618 793 23-

2586 1397 2733 1425 'Tentu-
