2782 4134
1073 245 1185 283 CAP.
1216 247 1286 295 ΙΙΙ,
1316 247 1469 285 LECT.
1499 249 1586 286 VIII
2390 255 2433 291 31

992 483 1298 541 LECTIO
1337 486 1680 544 OCTAVA

335 636 395 668 AD
419 635 755 668 INTEGRITATEM
779 635 981 674 UNIVERSI
1005 635 1099 667 NON
1113 626 1397 675 ‘REQUIRITUR
1419 640 1622 672 PRAETER
1646 642 1844 680 QUINQUE
1869 641 2078 674 CORPORA
2100 643 2315 676 SIMPLICIA

931 693 1130 731 ALIQUOD
1154 695 1288 726 ALIUD
1314 695 1484 728 CORPUS
1507 698 1691 730 SIMPLEX
1707 717 1727 723 -

506 749 744 782 PROBATUR
766 750 911 782 MOTUI
937 751 1174 783 CIRCULARI
1199 751 1292 784 NON
1315 753 1417 785 ESSE
1440 755 1641 792 ALIQUEM
1664 756 1829 788 MOTUM
1854 757 2146 790 CONTRARIUM

219 882 371 926 Φανιρόν
402 876 431 913 δ’
461 882 499 915 ἐκ
530 882 598 915 τῶν
631 881 812 927 εἰρημένων
847 884 908 915 καὶ
942 877 1034 915 διότι
1068 882 1127 915 τὸν
1162 882 1300 929 ἀριθμὸν

290 927 464 963 ἀδύνατον
489 923 578 959 εἶναι
603 928 708 960 πλείω
734 927 795 960 τόν
821 928 889 960 τῶν
913 927 1105 974 λεγομένων
1131 928 1300 972 σωμάτων

290 971 427 1007 ἁπλῶν·
453 971 517 1004 τοῦ
542 971 602 1017 μὲν
627 971 693 1018 γοὶρ
727 973 841 1004 ἀπλοῦ
873 971 1036 1017 σώματος
1073 972 1206 1019 ἀνάγκη
1236 973 1301 1010 τήν

285 1021 416 1056 κίνησιν
444 1017 559 1053 ἀπλῆν
585 1013 692 1059 εἶναι,
719 1016 827 1060 μόνας
853 1012 892 1050 δὲ
918 1017 1055 1055 ταύτας
1081 1015 1166 1050 εἶναί
1192 1029 1301 1063 φαμεν

231 1104 234 1106 -
289 1062 420 1103 ἁπλᾶς,
439 1060 504 1100 τήν
529 1073 568 1094 τε
591 1061 703 1104 κύκλῳ
727 1063 786 1094 καὶ
811 1061 877 1100 τήν
899 1062 952 1095 ἐπ’
973 1061 1118 1104 εὐθείας,
1136 1065 1195 1096 καὶ
1216 1062 1302 1096 ταύ-

231 1138 244 1153 4,-
288 1120 352 1148 της
375 1102 438 1140 δύο
462 1105 580 1153 μόρια,
599 1106 665 1144 τὴν
690 1106 751 1150 μέν
779 1107 850 1140 ἀπό
876 1108 940 1140 τοῦ
965 1106 1082 1152 μέσου,
1102 1107 1167 1144 τήν
1193 1102 1222 1139 δ’
1244 1109 1300 1140 ἐπὶ

287 1153 330 1188 τὸ
354 1150 478 1198 μέσον,

211 1193 357 1234 ’θη-τίδ’
371 1193 443 1230 362(
461 1197 535 1231 ἔστι
560 1197 607 1240 τῇ
639 1195 750 1237 κύκλῳ
776 1197 863 1241 φορᾷ
896 1197 1040 1230 ἐναντία
1075 1197 1161 1234 ἄλλη
1195 1196 1298 1242 φοραί,

287 1241 522 1289 πλεοναχόθεν
550 1242 589 1274 ἀν
617 1252 667 1279 τις
691 1240 796 1282 λάβοι
821 1241 886 1278 τήν
913 1244 1047 1283 πίστιν,

74 1291 78 1300 “
109 1294 139 1302 '⁴
168 1286 170 1298 ζ
218 1289 355 1339 πρῶτον
381 1287 442 1332 μὲν
468 1285 524 1320 ὅτι
548 1287 595 1329 τῇ
621 1290 791 1331 περιφερετ
822 1286 888 1323 τήν
920 1285 1055 1319 εὐθεῖαν
1090 1285 1301 1319 ἀντικεῖσθαι

287 1332 447 1380 μάλιστα
472 1330 622 1376 τίθεμεν.
659 1331 707 1364 Τὸ
731 1331 797 1377 γαρ
820 1332 936 1363 κοῖλον
960 1334 1018 1364 καὶ
1045 1330 1087 1364 τὸ
1110 1330 1233 1375 κυρτὸν
1261 1331 1300 1363 οὐ

246 1411 250 1413 .
279 1377 392 1426 μόνον
431 1375 594 1414 ἀλλήλοις
631 1374 846 1410 ἀντικεῖσθαι
882 1371 998 1418 δοκεῖ,
1033 1375 1125 1408 ἀλλά
1157 1378 1217 1407 καὶ
1251 1377 1300 1418 τῷ

276 1422 392 1464 nient,
409 1417 669 1466 συνδυαζόμενα
692 1423 750 1453 καὶ
775 1419 935 1461 λαβόντα
960 1419 1132 1453 σύνθεσιν·
1154 1419 1235 1452 ὥστ’
1257 1423 1302 1453 εἴ-

230 1500 234 1505 ,
287 1481 350 1513 περ
376 1466 519 1500 ἐναντία
545 1468 596 1504 τίς
623 1465 712 1507 ἐστι,
731 1465 796 1503 τήν
823 1465 879 1498 ἐπὶ
904 1465 967 1504 τ’ἧς
994 1464 1125 1503 εὐθείας
1143 1464 1300 1510 μάλιστα

289 1511 357 1548 ἀνα
395 1515 480 1544 ἀῐον
507 1511 668 1544 ἐναντίαν
693 1507 780 1543 εἶναι
813 1510 895 1556 πρός
921 1510 987 1547 τήν
1011 1509 1122 1552 κύκλῳ
1153 1512 1298 1548 κίνησιν.

247 1571 258 1574 ⁴
287 1553 361 1591 Ata
395 1557 452 1589 ἐπὶ
477 1556 542 1594 τῆς
566 1553 699 1594 εὐθείας
718 1554 887 1593 ἀλλήλαις
907 1556 1122 1589 ἀντίκεινται
1142 1549 1203 1588 8ιά
1218 1554 1300 1594 τούς

226 1607 240 1628 Ἴ
255 1602 436 1640 *iesu-oue·-
460 1601 505 1634 τὸ
528 1600 595 1647 γάρ
622 1599 690 1633 ἀνω
714 1602 775 1633 καὶ
798 1599 1034 1634 κάτω-τόπου
1060 1599 1101 1634 τέ
1125 1600 1200 1633 ἐστι
1224 1595 1300 1633 δια-

226 1660 247 1683 ,·,
280 1648 376 1694 φορά
397 1648 457 1682 καὶ
483 1646 693 1684 ἐναντίωσις.

227 1693 346 1736 affin·
366 1694 397 1727 εἴ
416 1702 468 1730 τις
487 1689 729 1736 ὑπολαμβάνει
753 1690 814 1724 τόν
841 1689 950 1723 αὐτόν
972 1687 1059 1723 εἶναι
1074 1690 1179 1736 λόγον
1198 1688 1299 1735 ὅνπερ

189 1761 195 1767 -
231 1737 346 1789 Usta-l.
369 1737 434 1776 τῆς
459 1735 612 1777 εὐθείας,
638 1737 699 1768 καὶ
725 1735 781 1768 ἐπὶ
807 1735 871 1774 τῆς
897 1735 1091 1790 περιφεροῖις
1116 1735 1204 1789 (τήν
1229 1747 1299 1792 ‘tote

227 1823 230 1826 Δ
270 1780 361 1818 “ivre
386 1783 450 1816 τοῦ
468 1782 494 1813 Α
511 1779 592 1827 πρός
618 1779 701 1814 een
723 1779 827 1826 φοροὶν
855 1780 1016 1812 ἐναντίαν
1043 1791 1130 1813 ειναι
1155 1792 1201 1823 τῃ
1230 1791 1298 1814 απο

242 1823 259 1836 “’
280 1826 352 1862 '‘t-055
368 1829 394 1860 B
411 1826 492 1872 πρὸς
519 1825 561 1858 τὸ
578 1826 630 1868 Α),
658 1824 722 1863 τὴν
749 1823 805 1858 ἐπὶ
830 1825 894 1863 τῆς
919 1824 1050 1863 εὐθείας
1067 1824 1180 1872 λέγει·
1207 1824 1298 1863 αὕτη

230 1873 356 1922 *Ἀτάρ
378 1871 610 1918 πεπέρανται.
635 1871 823 1915 Περιφερεῖς
847 1865 876 1902 δ’
907 1870 1041 1915 ἄπειροι
1069 1869 1108 1903 ἂν
1133 1867 1198 1903 εἶεν
1224 1872 1299 1916 περὶ

234 1930 238 1932 ’
260 1932 262 1934 ’
286 1918 339 1953 τὰ
361 1915 458 1951 αὐτοὶ
480 1919 618 1961 σημεῖα.

213 1965 357 2011 ‘Qube
376 1957 421 2002 δι’
448 1962 507 1994 καὶ
533 1961 590 1993 ἐπὶ
614 1960 678 1993 τοῦ
704 1960 903 2004 ἡμικυκλίου
929 1961 992 1994 τοῦ
1018 1959 1103 2002 ἑνός,
1131 1960 1201 1992 οἷον
1229 1959 1300 1993 ἀπὸ

287 2009 351 2043 τοῦ
375 2009 398 2039 Γ
423 2006 479 2040 ἐπὶ
512 2004 554 2038 τό
581 2005 605 2036 Δ
631 2006 689 2037 καὶ
724 2003 794 2037 ἀπό
826 2005 889 2038 τοῦ
915 2006 939 2035 Δ
964 2002 1019 2038 ἐπὶ
1053 2005 1094 2038 τό
1120 2005 1160 2035 Γ·
1187 2005 1208 2042 ἦ
1233 2005 1299 2052 γάρ

242 2080 245 2081 ⁷
288 2051 382 2097 ᾳύτῆ
409 2052 454 2095 τῇ
482 2051 539 2083 ἐπὶ
565 2051 628 2088 τῆς
653 2045 839 2095 διαμέτρου
861 2050 973 2083 ἐστίν·
997 2051 1050 2083 ἀεὶ
1066 2049 1132 2097 γὰρ
1151 2047 1298 2083 ἕκαστον

189 2092 195 2098 ”
223 2090 260 2114 3¹*
289 2097 431 2144 ἀπέχειν
456 2096 522 2133 την
548 2093 683 2127 εὐθεῖαν
707 2093 856 2140 τίθεμεν.

214 2144 358 2190 Ὁμοίως
382 2137 422 2174 δὲ
445 2139 510 2173 κᾶν
535 2142 566 2172 εἴ
589 2151 640 2178 τις
664 2138 789 2171 κύκλον
816 2138 965 2177 ποιήσας
991 2139 1056 2176 τ’ἠν
1078 2139 1134 2172 ἐπὶ
1151 2138 1299 2183 θατέρου

237 2204 254 2221 ι,
286 2188 487 2231 ἡμικυκλίου
519 2184 624 2228 φοράν
658 2185 818 2216 ἐναντίαν
851 2183 922 2222 θείη
959 2185 1006 2226 τῇ
1040 2184 1097 2218 ἐπὶ
1129 2182 1297 2229 θατέρου,

223 2251 226 2253 Δ
271 2233 358 2270 ιοζον
385 2231 420 2264 ἐν
451 2230 500 2272 τῷ
527 2228 591 2271 ὅλῳ
622 2227 732 2270 κύκλῳ
765 2228 830 2265 τήν
865 2227 936 2262 ἀπό
962 2229 1025 2261 τοῦ
1050 2230 1075 2260 Ε
1101 2228 1182 2273 πρὸς
1210 2229 1251 2261 τὸ
1275 2231 1299 2260 Ζ

289 2278 354 2317 τοῦ
369 2277 401 2309 Η
426 2275 627 2320 ἡμικυκλίου
652 2275 699 2317 τῇ
727 2271 796 2306 ἀπὸ
822 2274 885 2307 τοῦ
902 2275 926 2305 Ζ
944 2273 1026 2318 πρὸς
1053 2272 1093 2307 τὸ
1110 2273 1135 2304 Ε
1153 2271 1188 2306 ἐν
1209 2274 1257 2316 τῷ
1274 2274 1299 2304 Θ

217 2322 562 2400 Είγῖΐιξιυάιὶλίιάύται
595 2363 773 2403 ἐναντίαι,
802 2362 876 2395 ἀλλ’
907 2362 983 2395 οὔτι
1014 2375 1053 2409 γε
1086 2364 1121 2394 αἰ
1155 2363 1211 2395 ἐπὶ
1237 2363 1300 2396 τοῦ

258 2410 368 2445 1ἶὸλου
390 2409 517 2442 κύκλου
542 2409 642 2454 φοραὶ
669 2407 839 2445 ἀλλήλαις
862 2402 923 2440 8ιά
948 2408 1057 2440 τοῦτο
1082 2408 1251 2441 ἐναντίαι.

209 2456 323 2491 'nu
353 2455 421 2501 μὴν
454 2449 525 2488 οὐδ’
555 2453 578 2490 ἡ
614 2453 683 2487 ἀπό
716 2453 780 2487 τοῦ
805 2454 831 2484 Α
856 2451 913 2486 ἐπὶ
949 2452 992 2485 τὸ
1015 2454 1041 2485 Β
1068 2451 1180 2494 κύκλῳ
1212 2452 1300 2495 φοραὶ

231 2500 433 2542 ῃῌᾷναντία
463 2500 511 2543 τῇ
545 2499 615 2532 ἀπὸ
641 2498 705 2532 τοῦ
729 2499 756 2529 Α
781 2493 838 2530 ἐπὶ
870 2497 912 2531 τό
936 2499 975 2528 Γ·
1004 2497 1040 2530 ἐκ
1066 2498 1201 2531 ταύτοῦ
1233 2497 1298 2544 γάρ

285 2547 335 2590 εὶς
357 2542 473 2580 ταύτὸ
499 2545 520 2582 ἡ
543 2547 686 2585 κίνησις,
706 2543 726 2580 ἡ
748 2537 775 2574 δ’
800 2542 942 2575 ἐναντία
967 2537 1123 2588 διωρίσθη
1150 2542 1237 2588 φοραὶ
1263 2540 1298 2574 ἐκ

287 2591 352 2627 τοῦ
377 2591 535 2623 ἐναντίου
559 2588 605 2627 εἷς
630 2589 673 2622 τό
699 2587 854 2620 ἐναντίον
881 2583 982 2621 εἶναι.
1301 2581 1314 2595 ““

138 2629 141 2631 ’
186 2678 191 2683 ¹
218 2627 257 2671 Ei
281 2630 403 2670 δὲκαὶ
428 2631 468 2672 ἦν
494 2634 516 2672 ἦ
538 2633 651 2675 κύκλῳ
677 2633 723 2676 τῇ
747 2631 860 2673 κύκλῳ
886 2632 1043 2673 ἐναντία,
1061 2631 1175 2677 μάτην
1199 2630 1238 2666 ὀὲν
1256 2629 1298 2670 ἦν

287 2680 458 2725 ἢέν-ἐρα·
483 2678 542 2712 ἐπὶ
565 2678 608 2712 τὸ
633 2678 724 2710 αὐτό
748 2677 827 2723 γαρ.
858 2676 939 2710 Ἔτι
964 2676 1098 2724 ἀνάγκη
1120 2677 1163 2710 τό
1185 2675 1297 2718 κύκλῳ

272 2725 470 2771 φερόμενον
498 2722 686 2758 ,ὁποθενοῦν
721 2721 910 2766 ἀρξάμενον
934 2723 979 2760 εἰς
1005 2721 1144 2761 πάντας
1175 2724 1308 2768 ὁμοίως.

230 2790 234 2797 -
261 2769 500 2815 ,ἀφικνεῖσθαι
531 2769 613 2808 τούς
645 2769 821 2806 ἐναντίους
854 2766 1001 2805 τόπους·
1027 2768 1091 2801 εἰσὶ
1117 2762 1156 2800 δὲ
1186 2765 1298 2802 τόπου

289 2814 533 2853 ἐναντιότητες
558 2813 602 2847 τὸ
629 2812 696 2846 ἄνω
720 2815 780 2846 καὶ
804 2810 902 2845 κοίτω
926 2813 986 2845 καὶ
1012 2812 1053 2846 τό
1072 2811 1215 2853 πρόσθεν
1240 2814 1298 2845 καὶ

271 2859 425 2902 ,ὄπισθεν
454 2861 513 2892 καὶ
548 2859 591 2892 τό
622 2852 734 2900 δεξιόν
765 2858 825 2889 καὶ
858 2856 1049 2902 ἀριστερόν.
1090 2858 1129 2888 Αἱ
1162 2853 1199 2890 δέ
1234 2859 1299 2896 τῆς

259 2901 273 2917 '⁴
288 2906 391 2955 φορᾶς
418 2901 631 2941 ἐναντιώσεις
656 2902 754 2935 κατοὶ
777 2902 843 2940 τοίς
868 2902 936 2934 τῶν
961 2901 1078 2935 τόπων
1103 2902 1185 2934 εἰσὶν
1204 2901 1299 2935 ἐναν-

286 2949 442 2988 τιώσεις·
468 2949 497 2981 εἰ
521 2949 582 2993 μὲν
606 2947 672 2994 γάρ
695 2949 769 2980 ἴσαι
793 2945 903 2988 ἦσαν,
934 2947 995 2980 οὐκ
1029 2946 1069 2980 ἂν
1098 2944 1139 2985 ἦν
1171 2950 1299 2986 κίνησις

291 2993 422 3035 αὐτῶν,
447 2994 476 3026 εἰ
499 2988 529 3025 δ’
554 2994 576 3030 ἢ
602 2992 705 3038 ἑτέρα
728 2995 855 3031 κίνησις
881 2992 1033 3037 ἐκράτει,
1061 2993 1082 3030 ἢ
1109 2990 1212 3037 ἑτέρα
1238 2993 1298 3025 οὐκ

292 3038 332 3072 ἂν
353 3034 408 3076 ἦν.
437 3037 534 3071 ‘fler’
556 3038 584 3070 εἰ
602 3037 782 3082 ἀμφότερα
806 3035 861 3079 ἦν,
888 3037 1003 3082 μοίτην
1032 3036 1071 3070 ὀὶν
1096 3036 1240 3080 θάτερον
1258 3035 1299 3074 ἦν

290 3085 392 3128 σῶμα
414 3083 462 3127 μή
487 3081 682 3125 κινούμενον
708 3081 772 3120 τὴν
796 3083 908 3116 αὑτοῦ
932 3085 1079 3120 κίνησιν·
1101 3081 1216 3127 μοίτην
1234 3082 1299 3130 γάρ

291 3124 457 3172 ὑπόδημα
481 3127 591 3159 τοῦτο
614 3125 773 3172 λέγομεν,
800 3127 839 3160 οὗ
863 3126 913 3171 μή
937 3127 1030 3160 ἐστιν
1056 3121 1229 3166 ὐπόδεσις.
1263 3128 1300 3159 ‘O

291 3169 329 3206 δὲ
354 3172 426 3210 θεὸς
451 3173 511 3204 καὶ
535 3172 558 3208 ἢ
583 3169 677 3214 φύσις
703 3166 801 3203 οὐδὲν
826 3172 942 3218 μα’την
969 3173 1135 3205 ποιοῦσιν.

236 3294 239 3297 .
260 3284 267 3290 τ’
277 3271 420 3299 Smopsss
435 3286 471 3291 —
492 3279 515 3298 1.
537 3269 752 3306 Argumentum
769 3274 797 3297 et
811 3268 915 3298 divisio
929 3275 1033 3298 textus.
1044 3285 1065 3291 -
1081 3264 1217 3308 Corpora
1230 3269 1300 3298 sim-

219 3311 315 3351 plicia
333 3320 390 3339 non
412 3315 479 3339 sum
501 3309 594 3348 plura
619 3317 742 3337 numero
769 3317 857 3345 quam
877 3309 1011 3346 quinque.
1039 3309 1201 3338 Cuiuslibet
1221 3309 1300 3338 enim

223 3350 356 3388 corporis
371 3349 509 3387 simplicis
530 3355 648 3386 oportet
667 3357 732 3377 esse
752 3348 880 3385 aliquem
901 3355 1016 3377 motum
1038 3348 1216 3386 simplicem:
1238 3358 1301 3377 non

224 3397 269 3420 est
283 3397 382 3420 autem
396 3390 469 3419 alius
490 3396 589 3418 motus
610 3389 731 3426 simplex
751 3394 867 3425 praeter
879 3388 961 3424 istos,
976 3388 1084 3417 scilicet
1104 3389 1143 3416 ad
1157 3389 1299 3423 medium,

226 3430 277 3469 qui
300 3437 344 3460 est
367 3430 499 3468 eorporis
519 3429 623 3468 gravis,
647 3429 721 3457 idest
738 3434 830 3456 terrae
851 3434 880 3456 et
893 3437 1001 3466 aquae;
1022 3437 1040 3456 a
1062 3429 1166 3463 medio,
1182 3429 1233 3466 qui
1258 3435 1301 3457 est

222 3470 360 3509 corporis
373 3470 455 3507 levis,
469 3470 527 3499 hoc
551 3476 594 3500 est
608 3469 682 3507 ignis
705 3475 734 3497 et
752 3468 844 3503 aeris;
871 3474 899 3496 et
922 3468 1003 3496 circa
1023 3468 1171 3503 medium,
1193 3468 1244 3506 qui
1258 3475 1301 3497 est

225 3510 314 3548 primi
335 3517 364 3539 et
383 3510 513 3548 supremi
529 3510 671 3548 corporis.
688 3526 707 3531 -
722 3517 750 3537 2.
772 3508 869 3537 Motui
889 3508 1032 3537 circulari
1052 3517 1108 3536 non
1133 3513 1177 3537 est
1196 3508 1302 3546 aliquis

227 3556 323 3581 motus
333 3551 436 3579 localis
447 3550 624 3580 contrarius.
634 3551 700 3578 Hoc
714 3555 822 3584 autem,
832 3549 914 3586 quod
928 3548 1111 3585 suppositum
1126 3547 1180 3576 fuit
1189 3548 1254 3576 lect.
1262 3556 1302 3584 vx,

223 3598 291 3627 na,
299 3591 367 3620 ideo
378 3591 435 3620 hoc
448 3591 515 3620 loeo
526 3588 676 3628 probatur,
684 3589 754 3627 quia
763 3590 838 3618 valet
848 3589 936 3618 etiam
947 3589 985 3617 ad
995 3588 1212 3617 ostendendum
1223 3588 1304 3625 quod

227 3640 290 3660 non
303 3637 347 3660 est
360 3631 455 3660 maior
468 3639 607 3659 numerus
622 3640 781 3668 corporum
797 3629 980 3666 simplicium.
991 3646 1010 3650 -
1027 3629 1053 3657 3.
1066 3628 1184 3665 Triplex
1198 3629 1305 3657 modus

1358 888 1375 907 *
1390 888 1597 920 Manifestum
1616 896 1725 921 autem
1739 901 1776 922 ex
1796 892 1885 923 dictis
1901 893 1977 934 quia
1996 900 2026 925 et
2045 903 2218 924 numerum
2234 893 2434 935 impossibile

1425 941 1472 964 est
1495 943 1562 964 esse
1586 934 1743 966 maiorem
1763 936 1922 967 dictorum
1938 948 2113 978 corporum
2129 938 2334 979 simplicium.
2355 939 2436 971 Sim-

1424 978 1516 1019 plicis
1539 978 1672 1020 quidem
1687 980 1774 1010 enirn
1797 982 1939 1022 corporis
1955 992 2081 1013 necesse
2104 989 2233 1014 motum
2257 983 2436 1024 simplicem

1426 1030 1511 1054 esse:
1535 1024 1623 1054 solos
1646 1031 1755 1055 autem
1779 1024 1838 1056 hos
1856 1036 1922 1056 esse
1939 1027 2074 1058 dicimus
2090 1027 2262 1068 simplices,
2284 1038 2360 1059 eum
2379 1028 2434 1070 qui

1426 1067 1557 1107 circum,
1582 1075 1614 1099 et
1636 1078 1712 1099 eum
1735 1069 1791 1110 qui
1814 1069 1848 1100 in
1871 1078 2008 1110 rectum,
2034 1079 2065 1103 et
2086 1071 2183 1103 huius
2207 1072 2286 1103 duas
2314 1080 2433 1113 partes,

1425 1112 1512 1143 hunc
1535 1113 1668 1154 quidem
1691 1124 1710 1144 a
1732 1114 1852 1154 medio,
1876 1115 1963 1146 hunc
1986 1123 2095 1147 autern
2118 1117 2159 1147 ad
2182 1117 2336 1148 medium.

1356 1201 1374 1220 *
1388 1202 1487 1240 Quod
1512 1209 1619 1234 autem
1643 1213 1709 1234 non
1734 1211 1780 1234 est
1804 1204 2000 1236 circulationi
2017 1205 2172 1236 contraria
2195 1205 2255 1236 alia
2277 1205 2372 1246 latio,
2396 1217 2434 1238 ex

1424 1246 1534 1277 multis
1558 1247 1670 1289 utique
1693 1247 1776 1289 quis'
1790 1249 1921 1289 accipiet
1944 1249 2051 1281 fidem.

1356 1290 1502 1322 Primum
1526 1291 1657 1333 quidem
1674 1292 1749 1334 quia
1773 1293 1915 1324 circulari
1939 1301 2061 1325 rectum
2085 1294 2209 1336 opponi
2223 1294 2361 1330 maxime
2375 1305 2435 1336 po-

1424 1336 1542 1368 nimus.
1567 1337 1584 1356 *
1601 1336 1790 1369 Concavum
1814 1338 1900 1369 enim
1923 1346 1954 1369 et
1976 1339 2147 1379 gibbosum
2166 1349 2234 1370 non
2261 1339 2370 1371 solum
2393 1340 2434 1371 ad

1424 1381 1562 1412 invicem
1589 1382 1714 1422 opponi
1742 1382 1890 1414 videntur
1919 1383 1975 1414 sed
2005 1390 2036 1414 et
2061 1391 2162 1422 recto,
2194 1383 2375 1416 combinata
2404 1391 2435 1416 et

1423 1425 1511 1458 iuxta
1533 1436 1566 1457 se
1590 1427 1704 1467 posita.
1730 1427 1850 1469 Itaque,
1874 1427 1900 1458 si
1924 1428 2056 1469 quidem
2079 1429 2235 1460 contraria
2258 1428 2364 1470 aliqua
2388 1436 2435 1460 est

1423 1471 1512 1510 latio,
1531 1481 1614 1516 eam·
1625 1471 1658 1502 in
1673 1479 1758 1503 recto
1775 1472 1912 1503 maxime
1928 1473 2142 1503 necessarium
2159 1473 2349 1504 contrariam
2365 1483 2432 1504 esse

1425 1516 1464 1546 ad
1479 1525 1555 1546 eum
1571 1515 1627 1557 qui
1647 1515 1679 1546 in
1703 1516 1836 1547 circuitu
1853 1523 1990 1547 motum.
2017 1517 2035 1536 *
2050 1517 2141 1554 Quae
2153 1524 2261 1548 autem
2284 1517 2317 1548 in
2334 1524 2432 1557 recto,

1424 1560 1464 1590 ad
1478 1559 1614 1591 invicem
1624 1568 1836 1601 opponuntur
1851 1568 1982 1601 propter
1990 1561 2078 1592 loca:
2095 1562 2184 1603 quod
2200 1562 2286 1592 enim
2304 1572 2432 1594 sursum

1423 1604 1453 1635 ei
1475 1605 1566 1646 quod
1590 1606 1742 1636 deorsum
1770 1612 1800 1636 et
1817 1605 1880 1636 loci
1904 1612 1951 1636 est
1974 1605 2147 1637 differentia
2166 1612 2197 1638 et
2220 1606 2431 1638 contrarietas.

1355 1693 1371 1710 ⁴¹
1388 1694 1522 1733 Deinde,
1539 1694 1565 1725 si
1589 1694 1661 1736 quis
1685 1694 1842 1726 existimat
1865 1695 2000 1726 eandem
2016 1694 2172 1726 rationem
2196 1705 2262 1726 esse
2287 1706 2386 1739 quam
2402 1698 2434 1728 et

1422 1739 1457 1770 in
1480 1746 1578 1778 recto,
1596 1746 1627 1771 et
1645 1739 1678 1770 in
1699 1739 1840 1770 circulari
1861 1737 1947 1782 (eam
1963 1739 2050 1770 enim
2070 1750 2152 1781 quae
2172 1740 2210 1771 ab
2235 1742 2264 1771 A
2287 1741 2327 1771 ad
2343 1741 2369 1772 B
2387 1741 2431 1771 la-

1422 1784 1556 1823 tionem,
1570 1783 1759 1815 contrariam
1776 1784 1804 1815 ei
1820 1793 1902 1825 quae
1919 1794 1936 1814 a
1948 1784 1973 1815 B
1986 1784 2025 1814 ad
2040 1782 2095 1827 A),
2109 1794 2179 1815 earn
2197 1795 2279 1826 quae
2297 1785 2331 1815 in
2346 1792 2432 1816 recto

1424 1828 1516 1860 dicit:
1531 1829 1590 1859 hae
1615 1828 1701 1859 enim
1723 1827 1831 1860 finitae
1855 1835 1938 1860 sunt.
1964 1828 2141 1860 Circulares
2162 1835 2270 1860 autem
2291 1829 2433 1861 infinitae

1423 1874 1536 1915 utique
1559 1880 1652 1905 erunt
1675 1873 1756 1904 circa
1779 1873 1888 1904 eadem
1914 1873 2014 1914 signa.

1355 1964 1373 1984 *
1391 1964 1542 1996 Similiter
1565 1970 1674 1994 autem
1698 1969 1728 1994 et
1756 1973 1839 2004 quae
1862 1962 1895 1993 in
1919 1962 2118 1993 semicirculo
2143 1973 2230 2002 uno,
2261 1970 2339 2003 puta
2362 1974 2381 1994 a
2404 1963 2433 1995 G

1424 2009 1464 2040 ad
1488 2009 1516 2040 D
1542 2015 1573 2039 et
1596 2018 1614 2038 a
1636 2007 1665 2038 D
1690 2007 1730 2038 ad
1755 2007 1793 2039 G.
1818 2007 1941 2038 Eadem
1965 2007 2050 2037 enim
2080 2007 2108 2038 ei
2132 2013 2178 2038 est
2205 2017 2287 2049 quae
2310 2007 2344 2038 in
2368 2008 2433 2039 dia-

1422 2060 1526 2084 metro
1551 2059 1613 2084 est:
1639 2062 1765 2093 semper
1788 2051 1874 2082 enim
1904 2051 2164 2095 unumquodque
2189 2052 2302 2083 distare
2321 2062 2432 2083 secun-

1424 2099 1504 2130 dum
1527 2104 1650 2129 rectum
1674 2097 1838 2138 ponimus.

1355 2144 1372 2163 *
1388 2143 1539 2175 Similiter
1561 2149 1670 2174 autem
1693 2149 1724 2173 et
1747 2141 1859 2183 utique
1882 2141 1907 2172 si
1931 2141 2003 2182 quis
2028 2140 2183 2172 circulum
2206 2141 2342 2181 faciens,
2362 2152 2434 2173 eam

1422 2198 1506 2229 quae
1528 2187 1562 2218 in
1585 2187 1684 2218 altero
1709 2186 1909 2218 semicirculo
1932 2185 2098 2224 lationem,
2120 2186 2311 2217 contrariam
2333 2193 2434 2227 ponat

1424 2233 1452 2263 ei
1476 2242 1559 2273 quae
1581 2231 1616 2262 in
1638 2231 1756 2270 altero;
1781 2238 1858 2272 puta
1873 2230 1907 2261 in
1926 2237 1996 2262 toto
2022 2230 2140 2262 circulo
2155 2241 2225 2262 eam
2248 2241 2330 2272 quae
2350 2232 2388 2262 ab
2405 2231 2432 2262 E

1423 2277 1463 2308 ad
1486 2277 1511 2307 Z
1536 2276 1604 2307 eius
1627 2276 1684 2317 qui
1712 2275 1723 2306 Ι
1749 2275 1954 2314 semicirculi,
1979 2275 2007 2305 ei
2031 2285 2114 2316 quae
2137 2285 2155 2305 a
2178 2275 2202 2306 Z
2227 2275 2267 2306 ad
2290 2275 2316 2306 E
2345 2275 2379 2306 in
2402 2275 2432 2306 T

1422 2321 1635 2352 semicirculo.

1355 2366 1388 2398 Si
1412 2373 1520 2397 autem
1544 2372 1575 2396 et
1588 2365 1666 2396 istae
1685 2364 1871 2402 contrariae,
1890 2364 1946 2395 sed
1960 2374 2128 2405 nunquam
2154 2370 2185 2395 et
2212 2374 2295 2405 quae
2313 2363 2346 2394 in
2362 2370 2431 2395 toto

1422 2411 1542 2442 circulo
1565 2409 1703 2440 invicem
1725 2416 1857 2450 propter
1879 2408 1942 2439 hoc
1966 2408 2149 2440 contrariae.

1354 2454 1370 2471 *
1386 2458 1431 2487 At
1447 2465 1524 2486 vero
1548 2464 1654 2495 neque
1676 2464 1759 2495 quae
1787 2454 1826 2484 ab
1849 2455 1879 2484 A
1903 2453 1943 2484 ad
1965 2453 1991 2484 B
2015 2452 2195 2492 circulatio,
2224 2453 2380 2484 contraria
2403 2453 2431 2484 ei

1423 2510 1506 2542 quae
1530 2500 1568 2530 ab
1588 2501 1618 2530 A
1641 2499 1682 2530 ad
1696 2497 1735 2530 G.
1751 2499 1800 2529 Ex
1819 2498 1934 2529 eodem
1958 2498 2044 2528 enim
2059 2498 2093 2528 in
2108 2497 2194 2528 idem
2210 2504 2336 2528 motus:
2354 2508 2431 2529 con—

2462 897 2624 953 Teffqsscap’
2639 903 2676 919 iu.

2461 1210 2545 1264 ἑξεῖ).
2560 1216 2592 1232 ιν.
2606 1209 2676 1232 Text.

2462 1343 2472 1353 '
2486 1342 2556 1364 Text.
2570 1348 2603 1370 25.

2460 1525 2470 1533 ·
2485 1524 2554 1546 Text.
2569 1523 2606 1546 26.

2460 1702 2470 1711 ·
2484 1701 2551 1723 Text.
2566 1707 2601 1730 27.

2461 1970 2470 1978 '
2485 1967 2554 1990 Text.
2568 1969 2605 1991 28.

2461 2147 2470 2157 ·
2485 2146 2554 2168 Text.
2568 2152 2604 2175 ²9·

2458 2459 2468 2468 '¹
2482 2457 2550 2480 Text.
2564 2464 2600 2486 30.

1422 2544 1515 2576 traria
1538 2551 1647 2575 autem
1671 2543 1879 2574 determinata
1892 2548 1940 2573 est
1960 2542 2038 2574 latio
2062 2553 2100 2573 ex
2123 2542 2280 2573 contrario
2296 2542 2329 2573 in
2354 2552 2430 2573 con·
2463 2541 2465 2543 ’

1422 2589 1555 2620 trarium
1579 2598 1656 2619 esse.
2006 2617 2009 2620 ,

1354 2632 1371 2649 ²⁸
1385 2634 1418 2666 Si
1442 2641 1551 2665 autem
1569 2639 1600 2664 et
1618 2639 1700 2664 esset
1723 2642 1806 2674 quae
1821 2632 1953 2670 circum,
1970 2632 1998 2663 ei
2014 2642 2096 2673 quae
2119 2631 2239 2662 circum
2265 2631 2430 2671 contraria,

1423 2679 1539 2710 frustra
1550 2678 1661 2719 utique
1678 2684 1759 2708 esset
1771 2678 1876 2708 altera.
1891 2677 1943 2707 Ad
1959 2677 2071 2707 eadem
2089 2676 2193 2707 enim:
2213 2676 2289 2718 quia
2304 2687 2431 2708 necesse

1422 2730 1470 2755 est
1493 2724 1584 2767 quod
1599 2722 1828 2761 circumfertur,
1848 2722 2076 2763 undecumque
2090 2721 2256 2762 incipiens,
2271 2721 2304 2752 in
2321 2721 2431 2752 omnia

1422 2768 1566 2800 similiter
1588 2767 1736 2798 advenire
1761 2766 1916 2798 contraria
1938 2766 2020 2798 loca.
2044 2765 2126 2797 Sunt
2147 2772 2256 2797 autem
2278 2766 2341 2797 loci
2355 2777 2430 2797 con-

1422 2813 1594 2845 trarietates
1613 2822 1741 2844 sursum
1756 2818 1787 2843 et
1806 2811 1967 2850 deorsum,
1988 2817 2060 2842 ante
2077 2817 2107 2842 et
2120 2817 2215 2850 retro,
2232 2818 2263 2842 et
2285 2811 2431 2841 dextrum

1424 2865 1454 2889 et
1478 2857 1657 2888 sinistrum:
1673 2856 1801 2888 lationis
1816 2863 1925 2887 autem
1939 2855 2172 2887 contrarietates
2192 2855 2368 2886 secundum
2382 2855 2429 2885 lo-

1423 2912 1537 2934 corum
1560 2901 1795 2934 contrarietates
1810 2907 1894 2933 sunt.
1919 2901 1937 2920 *
1956 2901 1988 2932 Si
2015 2900 2147 2941 quidem
2171 2899 2257 2930 enim
2283 2900 2430 2940 aequales

1423 2954 1537 2986 essent,
1562 2957 1629 2978 non
1643 2946 1754 2987 utique
1770 2953 1852 2978 esset
1875 2952 1983 2977 motus
1999 2945 2161 2986 ipsarum:
2178 2944 2204 2975 si
2227 2950 2336 2975 autem
2354 2944 2431 2975 alter

1422 2999 1532 3023 motus
1556 2991 1789 3030 dominaretur,
1815 2991 1892 3022 alter
1918 2989 2030 3031 utique
2054 2999 2120 3019 non
2144 2995 2234 3019 esset.
2259 2988 2379 3029 Itaque,
2404 2988 2431 3019 si

1423 3038 1520 3068 ambo
1544 3043 1658 3075 essent,
1683 3035 1797 3067 frustra
1820 3035 1931 3076 utique
1955 3041 2036 3065 esset
2058 3034 2193 3064 alterum
2223 3043 2339 3074 corpus
2362 3043 2430 3064 non

1418 3089 1546 3113 motum
1570 3081 1686 3112 eodem
1709 3087 1818 3111 motu:
1842 3079 1956 3110 frustra
1979 3078 2066 3109 enim
2090 3077 2340 3108 calceamentum
2367 3077 2431 3109 hoc

1424 3126 1559 3157 dicimus
1587 3126 1678 3157 cuius
1702 3135 1767 3155 non
1787 3130 1834 3155 est
1857 3123 2016 3155 calceatio.
2033 3123 2120 3153 Deus
2140 3128 2248 3153 autem
2271 3129 2303 3153 et
2318 3129 2431 3163 natura

1423 3171 1503 3201 nihil
1527 3170 1642 3202 frustra
1664 3169 1793 3200 faciunt.

1355 3277 1416 3306 quo
1436 3267 1508 3304 poni
1523 3266 1711 3296 contrarietas
1725 3271 1824 3302 posset
1837 3264 1868 3292 in
1883 3270 1967 3293 motu
1988 3263 2275 3292 circulari.-Textus
2299 3263 2429 3292 subdivi-

1355 3309 1408 3337 sio.
1417 3325 1436 3329 -
1446 3317 1474 3343 4.
1484 3307 1577 3335 Motui
1587 3305 1717 3335 circulari
1728 3305 1840 3333 videtur
1851 3304 1977 3333 maxime
1987 3304 2100 3341 opponi
2111 3309 2217 3333 rectus.
2224 3304 2364 3341 Attamen
2374 3305 2431 3333 hoc

1354 3358 1416 3377 non
1435 3353 1532 3384 potest
1553 3356 1625 3375 esse.
1648 3347 1737 3374 Secus
1755 3344 1836 3374 enirn
1849 3345 1901 3373 uni
1914 3344 2009 3373 motui
2029 3351 2109 3373 recto
2131 3344 2354 3373 contrariabitur
2367 3351 2431 3373 tum

1355 3388 1428 3416 alius
1442 3394 1540 3415 motus
1555 3392 1659 3421 rectus,
1682 3391 1802 3422 propter
1821 3384 1968 3414 contraria
1987 3385 2061 3420 loca,
2076 3391 2140 3413 tum
2154 3390 2251 3413 motus
2265 3384 2410 3414 circularis
2422 3397 2429 3413 :

1354 3428 1407 3456 uni
1424 3434 1522 3456 autem
1542 3436 1635 3454 unum
1656 3426 1864 3454 tantummodo
1885 3431 1930 3454 est
1948 3425 2139 3454 contrarium.
2161 3442 2181 3446 -
2203 3425 2229 3453 5.
2250 3425 2365 3462 Duplex
2385 3434 2431 3453 re-

1358 3467 1477 3506 sponsio
1492 3467 1530 3495 ad
1545 3464 1744 3494 difficultatem
1759 3472 1861 3494 contra
1874 3466 1933 3494 hoc
1946 3466 2028 3502 quod
2042 3465 2158 3500 dicitur,
2179 3464 2311 3493 circulari
2325 3474 2431 3502 nempe

1358 3508 1483 3537 maxime
1497 3506 1610 3543 opponi
1623 3506 1902 3541 rectum—Qualem
1916 3505 2150 3534 contrarietatem
2164 3504 2288 3533 intendit
2298 3505 2431 3533 Philoso-

1358 3549 1434 3585 phus
1449 3547 1598 3576 excludere
1613 3555 1630 3574 a
1644 3555 1767 3582 corpore
1782 3545 1906 3575 caelesti.
1922 3563 1942 3567 -
1957 3545 2096 3583 Deceptio
2111 3545 2277 3582 Philoponi.
2286 3562 2306 3567 -
2316 3546 2343 3573 6.
2356 3546 2431 3573 Sub-

1358 3587 1461 3616 divisio
1476 3593 1579 3615 textus.
1595 3603 1614 3608 —
1628 3586 1799 3615 Ostenditur
1813 3587 1895 3623 quod
1911 3595 1974 3614 non
1988 3592 2032 3614 est
2045 3585 2233 3614 contrarietas
2249 3585 2277 3613 in
2295 3585 2430 3623 partibus

1359 3633 1454 3656 motus
1474 3626 1640 3656 circularis.
1655 3628 1692 3655 Et
1701 3626 1802 3665 primo
1821 3627 1920 3664 quoad
1933 3633 2030 3663 partes
2044 3635 2119 3664 quae
2133 3625 2313 3662 accipiuntur
2327 3634 2430 3655 secun-

2457 2639 2468 2648 ''
2482 2637 2549 2659 Text.
2563 2642 2584 2665 31
2590 2653 2595 2658 .

2457 2905 2467 2915 ⁶
2481 2904 2548 2926 Text.
2562 2909 2596 2932 32.
