2782 4134
1199 246 1366 284 INDEX

486 318 626 346 LECTIO
648 319 971 348 VIGESIMATERTIA

196 382 291 410 Causa
312 381 416 419 quietis
435 389 529 412 terrae
549 393 611 412 non
632 391 675 413 est
688 394 738 413 aer
751 385 895 414 sustinens
909 386 1002 422 ipsam
1020 409 1025 415 .
1050 409 1056 416 .

475 463 616 491 LECTIO
634 455 977 499 VlGE'SIMAQUARTA

194 532 284 567 Quies
305 539 396 562 terrae
416 542 478 562 non
492 540 626 562 causatur
647 543 681 562 ex
695 534 766 563 caeli
787 535 946 572 gyratione.
961 553 981 557 -
994 538 1058 565 Mo-

253 578 300 601 tus
321 573 382 601 eius
402 575 441 602 ad
461 574 590 603 medium
612 584 674 603 non
694 582 737 604 est
758 585 791 604 ex
806 583 889 604 motu
910 577 995 605 caeli.
1020 599 1026 605 .
1050 599 1056 605 .
1201 586 1252 606 211
1372 594 1509 623 naturalis
1531 602 1628 624 motus
1649 597 1774 633 partium
1796 598 1857 627 eius
1866 621 2173 629 ···········

480 655 621 684 LECTIO
641 656 969 692 VIGESIMAQUINTA
1592 639 1733 702 Latino
1752 653 2094 682 VIGES1MAOCTAVA

1311 694 1433 721 Terram
1455 704 1516 722 esse
1537 696 1729 733 sphaericam,
1752 700 1892 735 probatur
1912 709 1945 728 ex
1966 700 2057 738 figura
2078 707 2174 729 motus

191 724 275 753 Ratio
297 724 400 762 quietis
421 732 514 754 terrae
534 735 596 755 non
613 733 656 756 est
674 728 755 765 quod
776 727 906 756 similiter
926 738 957 757 se
971 729 1057 758 habet
1371 733 1497 769 partium
1520 734 1590 770 eius,
1605 743 1633 764 et
1653 737 1812 767 rationibus
1833 739 2021 777 astrologicis.
2036 757 2055 762 -
2070 741 2175 769 Osten-

251 765 289 793 ad
311 775 431 795 omnem
452 766 524 796 caeli
543 774 655 804 partem
683 790 1055 798 .............
1120 782 1135 796 w
1199 778 1257 806 214
1372 772 1450 800 ditur
1470 773 1557 802 etiarn
1581 777 1662 812 quod
1682 786 1743 805 non
1764 778 1799 806 sit
1820 789 1942 816 magnae
1966 780 2052 808 molis
2075 802 2082 808 .
2106 802 2112 809 .
2136 802 2142 808 .
2166 802 2172 808 .

1167 855 1324 893 LIBER
1352 857 1401 893 III

672 935 736 956 CAP.
753 936 773 955 1.
1701 936 1841 964 LECTIO
1864 938 1988 966 SEXTA

584 966 685 994 LECT
686 967 724 995 10
744 968 861 996 PRIMA
1454 1001 1460 1007 ,
1506 1002 1512 1008 ,
1591 1003 1597 1009 ,
1648 1003 1654 1009 ,
1728 1004 1734 1010 ,
1890 1007 1896 1012 ,
1928 1008 1934 1013 ,
1997 1008 2003 1013 ,
2150 1009 2156 1015 ,

188 1006 384 1038 Praemittitur
405 1011 604 1056 recapitulatio
626 1014 870 1058 praecedentium.
885 1031 905 1036 -
920 1015 1056 1044 Ostendi·
1310 1001 1569 1070 Tussosffnffmbus
1589 1003 1764 1072 {nmnsgc¹s'’
1785 1012 1847 1073 {usn
1869 1008 1950 1052 diens
1967 1009 2091 1076 ³³¹9er
2108 1010 2172 1071 9¹¹¹:

249 1054 296 1077 tur
315 1050 352 1078 de
373 1052 478 1087 quibus
499 1058 587 1081 restat
607 1054 762 1082 dicendum
772 1076 1050 1084 ..........
1089 1064 1163 1094 pag.
1196 1063 1253 1092 229
1369 1087 1401 1109 tu
1421 1051 1921 1115 ἰέοξὲῌῖἐοιῗὲἱὲεὲῖὲἱυωᾶἷὲῒὲ
1929 1054 2043 1116 Ρῐὲῗὲἕί
2064 1058 2171 1117 502}-

187 1122 191 1126 ’
549 1099 691 1128 LECTIO
715 1101 894 1130 SECUNDA
1347 1131 1351 1134 *
1368 1121 1510 1150 tutionem
1527 1144 2168 1157 ......................

157 1159 160 1162 »
186 1139 384 1178 Antiquorum
406 1143 560 1180 opiniones
581 1144 657 1173 circa
676 1146 894 1182 generationem
908 1155 1021 1175 rerum.
1045 1169 1051 1175 .
1195 1148 1252 1175 232

569 1191 711 1220 LECTIO
731 1193 874 1221 TERTIA
1676 1199 1817 1228 LECTIO
1839 1201 2003 1229 SEPTIMA

167 1266 170 1268 v
188 1233 1053 1309 ΨῖῒωἪὲξῗοἒὲέξρὲᾟῗὲξιῑὲῖὶἓξηεῗεέἒὲῗὲῗζῖιξω“
1116 1292 1131 1306 Ἰ,
1194 1289 1210 1308 2
1216 1281 1229 1308 3
1308 1263 1405 1291 Omne
1426 1272 1531 1300 corpus
1553 1265 1634 1305 quod
1652 1271 1730 1294 recto
1745 1273 1828 1294 motu
1842 1268 2010 1296 naturaliter
2024 1275 2169 1305 movetur,

542 1314 545 1316 -
1015 1303 1021 1308 ¹
1045 1303 1051 1309 '
1233 1291 1252 1316 4
1367 1303 1535 1340 gravitatem
1557 1305 1643 1333 habet
1662 1306 1707 1334 vel
1727 1305 1880 1335 levitatem.
1900 1324 1920 1328 —
1941 1309 2100 1343 Quomodo
2121 1318 2174 1338 na-

224 1364 232 1371 ,
327 1365 333 1371 ,
558 1323 699 1352 LECTIO
722 1325 881 1360 QUARTA
923 1371 930 1377 ⁸
954 1371 960 1377 ι
1366 1343 1466 1371 turalis
1487 1350 1584 1373 motus
1606 1351 1634 1373 et
1653 1345 1797 1374 violentus
1818 1347 2002 1383 perficiantur
2008 1366 2165 1377 ......

145 1390 147 1392 .
184 1363 268 1395 Aliae
281 1372 408 1395 ratlones
422 1368 567 1397 naturales
587 1369 747 1398 afferuntur
763 1377 864 1400 contra
881 1380 1052 1408 opinionem
2135 1381 2197 1411 σα»,

245 1405 383 1435 Platonis.
401 1423 421 1428 -
441 1408 625 1445 Improbatur
651 1409 754 1446 opinio
782 1411 1050 1448 Pythagoricorum.
1115 1423 1129 1438 »
1194 1413 1250 1450 239
1746 1427 1827 1448 cm.
1848 1429 1878 1456 11,
1899 1429 1941 1449 m.

190 1452 193 1453 ⁷
565 1464 875 1531 LECfiffqffleTA
909 1496 914 1500 .
1678 1485 1818 1513 LECTlo
1841 1486 2001 1514 ocTAVA

134 1537 139 1542 '
185 1536 366 1574 Corporibus
393 1540 573 1569 naturalibus
598 1541 726 1578 aliquem
751 1549 866 1571 motum
889 1543 1050 1572 naturalem
1306 1548 1373 1576 Non
1388 1547 1521 1576 omnium
1535 1557 1598 1577 esse
1611 1550 1837 1586 generationem,
1851 1551 1954 1580 iterum
1974 1554 2142 1583 ostenditur.
2155 1572 2174 1576 —

245 1577 353 1614 inesse,
378 1580 549 1609 ostenditur.
565 1597 584 1603 —
598 1582 640 1609 Ex
662 1591 722 1619 quo
743 1580 949 1612 insufficientia
972 1583 1051 1620 posi-
1367 1587 1446 1622 Quid
1467 1587 1503 1616 sit
1523 1588 1708 1618 elementum.
1724 1606 1743 1611 -
1763 1591 1914 1625 Quaedam
1935 1601 2093 1629 corporum
2114 1595 2170 1622 ele-

244 1616 332 1647 noms‘
310 1617 316 1623 “
353 1619 493 1656 Leucippi
513 1626 542 1648 et
561 1621 722 1650 Democriti
743 1622 926 1651 concluditur
947 1645 954 1652 .
980 1645 986 1651 .
1011 1645 1018 1652 .
1042 1645 1049 1651 .
1114 1635 1130 1650 ›
1193 1633 1250 1661 242
1366 1633 1465 1656 menta
1487 1628 1619 1664 existere,
1646 1628 1765 1658 infertur
1791 1652 2167 1662 .............

1094 397 1167 427 pag.
1200 397 1258 426 209

1769 336 1786 355 c
1827 350 1833 356 .
1912 351 1918 356 .

1608 373 1749 402 LECTIO
1772 336 2079 406 VAIZEEIIKAASEXTA

1314 418 1403 452 Quod
1416 423 1492 446 terra
1507 418 1542 446 sit
1556 417 1586 446 in
1600 419 1698 448 medio
1713 420 1815 448 mundi
1829 421 1989 458 quiescens,
2001 424 2147 459 probatur.
2156 439 2174 443 —

1371 458 1448 486 Vera
1469 458 1556 486 etiam
1577 468 1665 488 causa
1685 460 1746 488 eius
1767 460 1871 498 quietis
1892 463 2053 491 ostenditur
2079 485 2085 491 .
2109 485 2116 491 .
2140 485 2145 491 .
2170 485 2175 491 .

1586 512 1726 540 LECTIO
1755 513 2102 543 VIGESIMASEPTIMA

1314 555 1402 589 Quod
1423 560 1499 583 terra
1513 556 1549 584 sit
1563 557 1728 593 sphaericae
1746 557 1862 595 figurae,
1878 561 2017 596 probatur
2031 570 2066 588 ex
2080 561 2174 597 specie

851 1707 905 1744 IN
928 1709 1122 1748 LIBRUM
1145 1711 1354 1751 PRIMUM
1378 1713 1704 1752 ARISTOTELIS

612 1792 701 1844 DE
740 1779 1249 1848 GENERATIONE
1290 1797 1374 1849 ET
1414 1798 1944 1854 CORRUPTIONE

1161 1882 1392 1928 Exposmo

428 1954 659 1984 PROOEMIUM
680 1956 819 1985 SANCTI
839 1957 1007 1986 THOMAE

182 2003 350 2035 Subiectum
371 2013 400 2036 et
420 2008 540 2038 materia
559 2009 645 2038 huius
660 2010 758 2047 operis
772 2032 1050 2040 ..........
1077 2021 1150 2051 pag.
1193 2014 1246 2041 261

662 2071 727 2092 car.
745 2072 767 2092 1.

575 2115 677 2144 LECT
678 2117 717 2145 10
738 2118 857 2146 PRIMA

179 2163 343 2194 Aristotelis
361 2166 547 2203 prooemium
560 2184 580 2190 -
594 2163 639 2198 De
652 2169 771 2199 diversis
784 2170 972 2208 antiquorum
986 2171 1050 2208 opi—

187 2231 190 2236 ,
230 2202 380 2242 *monibus
396 2206 471 2236 circa
485 2207 676 2237 differentiam
690 2209 884 2247 generationis
905 2217 934 2239 et
946 2211 1050 2240 altera-

241 2243 339 2274 tionis.
353 2261 373 2267 -
392 2246 476 2275 Ratio
490 2246 662 2277 diversitatis
678 2270 1048 2279 .............
1113 2262 1128 2278 x·

542 2300 644 2329 LECT
645 2301 683 2329 10
710 2302 888 2330 SECUNDA

180 2347 359 2378 Diversitatis
379 2349 453 2379 inter
467 2351 603 2389 antiquos
625 2353 699 2382 cirm
719 2354 910 2384 differentiam
931 2366 1050 2394 genera—

239 2387 328 2418 tionis
349 2396 377 2418 et
397 2390 574 2420 alterationis
597 2393 671 2422 ratio
693 2395 853 2424 secundum
879 2405 909 2424 se
930 2397 1049 2427 manife-

190 2446 201 2465 :—
234 2434 379 2470 ουτω-,μ-
405 2431 662 2469 Inconsequentiae
692 2435 973 2472 redarguunturilli
1000 2438 1050 2475 qui

239 2469 389 2505 ponebant
408 2470 492 2507 plura
511 2471 654 2510 principia
679 2495 1048 2507 .............
1113 2490 1127 2505 »

656 2533 722 2554 CAP.
743 2535 775 2555 11.

562 2577 703 2606 LECTIO
726 2579 868 2608 TERTIA

180 2625 226 2654 De
238 2625 344 2663 quibus
357 2628 506 2664 agendum
513 2628 558 2657 sit.
566 2644 587 2650 —-
596 2630 750 2660 Generatio
762 2637 790 2660 et
800 2632 930 2662 alteratio
945 2643 1048 2663 secun-

191 2697 196 2699 *
236 2665 312 2702 *dum
333 2666 503 2703 opinionem
523 2669 682 2698 Democriti
701 2677 729 2699 et
746 2671 893 2710 Leucippi.
907 2689 927 2694 -
945 2675 1049 2703 Utrum

239 2713 337 2734 rerum
357 2705 508 2744 principia,
529 2708 554 2736 si
567 2708 625 2737 sint
637 2709 828 2747 indivisibilia,
850 2721 975 2750 corpora
991 2713 1049 2743 sint

240 2754 280 2774 an
292 2745 457 2782 superficies
468 2768 1047 2782 ....................
1111 2765 1126 2780 »

1193 2252 1248 2280 263

1191 2480 1248 2516 267

1189 2762 1206 2782 2
1234 2764 1243 2783 1

551 2802 692 2831 LECTIO
719 2805 878 2838 QUARTA
1211 2764 1227 2791 7

180 2842 264 2873 Ratio
285 2845 445 2874 Democriti
465 2847 503 2875 ad
517 2849 731 2877 ostendendum
752 2852 834 2887 quod
852 2861 977 2889 corpora
996 2862 1048 2882 na-

240 2883 343 2914 turalia
356 2893 574 2923 componuntur
587 2897 621 2917 ex
635 2889 807 2926 corporibus
816 2890 1046 2921 indivisibilibus.
1112 2906 1127 2921 »

187 2952 190 2953 ⁷
521 2935 623 2963 LECT
623 2936 663 2964 10
682 2937 829 2972 QUINTA

181 2975 308 3006 Solvitur
327 2979 487 3015 praemissa
507 2980 590 3016 (lect.
612 2983 756 3019 praeced.)
783 2983 858 3012 ratio
879 2985 1047 3013 Democriti.
1112 2997 1127 3012 1>

650 3043 715 3064 CAP.
735 3044 776 3065 111.

567 3081 709 3110 LECTIO
735 3083 861 3112 SEXTA

181 3131 225 3159 De
238 3131 436 3168 generatione:
459 3139 487 3162 et
500 3134 596 3170 primo
616 3144 654 3163 an
667 3135 703 3164 sit
716 3137 863 3173 generatio
884 3137 1050 3174 simpliciter

241 3170 325 3200 dicta.
336 3187 354 3194 ·—
366 3173 450 3202 Ratio
471 3173 631 3202 dubitandi.
646 3190 666 3195 —
679 3176 793 3204 Solutio
820 3176 1015 3207 dubitationis.
1030 3196 1050 3200 -

241 3209 403 3241 Difficultas
423 3219 527 3241 contra
547 3213 723 3244 solutIonem
744 3216 841 3244 datam
863 3238 1048 3246 .......
1112 3230 1127 3245 »

549 3267 651 3295 LECT
653 3268 691 3295 10
718 3269 884 3298 SEPTIMA

182 3308 352 3338 Ostenditur
372 3320 447 3348 quae
474 3311 511 3339 sit
531 3321 565 3340 ex
585 3319 666 3349 parte
693 3314 830 3342 materiae
858 3324 944 3344 causa
969 3316 1050 3352 quod

241 3349 388 3385 generatio
409 3359 560 3388 nunquam
581 3352 695 3380 deficiat
705 3374 1047 3383 ............
1111 3367 1126 3382 1·

1190 2897 1247 2932 276

1190 2988 1248 3016 280

1190 3221 1249 3255 284

1190 3357 1248 3393 287

555 3404 655 3432 LECT
656 3404 695 3432 10
717 3405 878 3433 OCTAVA

183 3446 249 3481 Qua
269 3447 306 3474 de
326 3456 426 3484 causa,
448 3448 479 3476 in
499 3448 544 3477 his
565 3459 639 3486 quae
659 3457 834 3487 generantur
858 3460 892 3480 ex
912 3451 1049 3488 invicem,

243 3487 420 3524 quandoque
447 3495 490 3516 est
516 3489 663 3526 generatio
693 3490 873 3526 simpliciter,
901 3492 1049 3528 corruptio

242 3533 340 3555 autem
361 3528 521 3556 secundum
542 3528 628 3565 quid;
650 3530 826 3567 quandoque
851 3539 920 3559 vero
942 3540 958 3559 e
979 3540 1049 3560 con-

247 3575 331 3596 verso
347 3589 1046 3599 ........................
1111 3582 1125 3597 ›>

329 3625 398 3657 Opp.
418 3626 449 3649 D.
464 3625 577 3653 Tnoxum:
597 3626 627 3650 T.
644 3626 673 3650 ΙΙΙ

1191 3579 1247 3607 29ο

1706 1966 1847 1994 LECTIO
1870 1966 1979 1994 NONA

1308 2014 1390 2048 Quae
1405 2014 1440 2042 sit
1454 2023 1541 2043 causa
1554 2015 1730 2045 differentiae
1750 2017 1944 2054 generationis
1961 2018 2127 2056 simpliciter
2147 2026 2176 2048 et

1367 2055 1528 2083 secundum
1549 2055 1629 2092 quid,
1651 2055 1681 2084 in
1695 2056 1739 2084 his
1758 2066 1833 2094 quae
1853 2067 1915 2086 non
1936 2067 1970 2086 ex
1983 2058 2106 2088 invicem
2126 2069 2174 2097 ge-

1367 2100 1513 2123 nerantur.
1534 2110 1553 2115 —
1573 2096 1646 2124 Tres
1668 2096 1852 2133 quaestiones
1874 2105 2083 2136 consequentes
2106 2121 2113 2127 .
2137 2121 2143 2127 .
2167 2121 2173 2128 .

1677 2180 1680 2184 A
1777 2156 1842 2177 car.
1864 2158 1903 2178 1v.

1686 2195 1826 2224 LECTIO
1850 2197 1998 2225 DECIMA

1306 2244 1350 2272 De
1371 2243 1532 2274 differentia
1551 2246 1746 2283 generationis
1767 2254 1795 2276 et
1815 2248 2003 2277 alterationis*
2014 2271 2173 2279 ......

1659 2309 2019 2376 [ΕΕΤΙΞἛΝΕΕΕΙΜΑ

1304 2397 1510 2434 Augmentatio
1532 2398 1627 2427 differt
1647 2408 1664 2427 a
1678 2400 1861 2436 generatione
1882 2407 1910 2429 et
1925 2401 2094 2430 alteratione
2112 2411 2173 2430 non

1364 2437 1460 2465 solum
1481 2446 1515 2466 ex
1535 2445 1616 2474 parte
1637 2438 1698 2467 eius
1719 2439 1750 2468 in
1769 2449 1828 2477 quo
1850 2447 1918 2469 sunt
1937 2441 2008 2470 istae
2027 2447 2170 2470 transmu-

1364 2477 1503 2513 tationes,
1526 2478 1577 2506 sed
1603 2478 1690 2507 etiam
1711 2489 1745 2508 ex
1769 2486 1850 2516 parte
1870 2481 1953 2509 modi
1974 2490 2033 2518 quo
2054 2481 2086 2509 fit
2110 2481 2174 2518 ipsa

1363 2517 1566 2546 transmutatio
1593 2540 2171 2549 ....................

1643 2571 1784 2600 LECTIO
1805 2573 2034 2601 DUODECIMA

1304 2614 1472 2643 Subiectum
1486 2616 1567 2653 quod
1581 2622 1702 2654 augetur
1715 2626 1777 2646 non
1792 2627 1853 2646 esse
1867 2618 1976 2655 aliquid
1991 2625 2056 2647 actu
2076 2619 2172 2648 incor-

1364 2664 1488 2692 poreum
1508 2661 1536 2684 et
1550 2656 1747 2694 magnitudine
1762 2666 1870 2693 carens,
1885 2658 2047 2686 ostenditur
2060 2659 2172 2687 ratione

1364 2701 1482 2732 accepta
1509 2704 1543 2724 ex
1569 2702 1650 2732 parte
1678 2697 1827 2733 materiae,
1856 2707 1908 2726 seu
1935 2698 2055 2726 subiecti
2082 2698 2172 2735 ipsius

1363 2734 1521 2772 augmenti,
1535 2742 1623 2772 prout
1637 2737 1674 2765 ab
1688 2736 1753 2773 ipso
1767 2737 1947 2774 Philosopho
1961 2738 2168 2767 consideratur.

1612 2791 1713 2818 LECT
1714 2791 1753 2818 10
1774 2790 2063 2820 DECIMATERTIA

1303 2834 1410 2862 Iterum
1430 2843 1464 2862 ex
1477 2840 1559 2871 parte
1576 2835 1722 2871 materiae,
1744 2838 1902 2865 secundum
1924 2838 2005 2874 quod
2024 2838 2087 2874 ipsa
2101 2848 2170 2867 con-

1364 2873 1506 2902 sideratur
1518 2883 1536 2903 a
1549 2874 1715 2911 Platonicis,
1736 2876 1897 2904 ostenditur
1911 2878 1991 2914 quod
2004 2877 2075 2905 nihil
2089 2879 2168 2915 quod

1363 2920 1441 2942 caret
1453 2923 1641 2951 quocumque
1662 2916 1752 2944 modo
1774 2916 1979 2953 magnitudine,
2001 2923 2096 2953 potest
2109 2926 2172 2946 esse

1364 2953 1525 2982 subiectum
1546 2955 1701 2991 augmenti.
1716 2971 1735 2975 -
1749 2955 1877 2991 Idipsum
1899 2957 2039 2992 probatur
2064 2966 2097 2984 ex
2118 2966 2168 2985 na-

1363 2999 1428 3021 tura
1448 2993 1538 3030 ipsius
1566 2994 1713 3031 augmenti
1735 3016 1741 3022 .

1604 3048 1744 3075 LECTIO
1762 3049 2068 3084 DECIMAQUARTA

1303 3092 1452 3122 Dubitatio
1474 3093 1550 3122 circa
1570 3099 1702 3122 naturam
1724 3094 1784 3122 eius
1802 3104 1861 3131 quo
1882 3094 1991 3132 aliquid
2007 3101 2135 3132 augetur.
2150 3112 2169 3118 -

1364 3132 1490 3160 Solvitur
1510 3132 1566 3161 alia
1587 3133 1717 3169 quaestio
1738 3133 1920 3170 interposita,
1942 3141 2040 3163 utrum
2060 3145 2166 3172 nempe

1363 3178 1502 3209 augeatur
1522 3172 1618 3200 solum
1638 3172 1668 3199 id
1689 3172 1734 3200 cui
1755 3173 1919 3209 apponitur,
1939 3175 1984 3202 vel
1998 3174 2084 3203 etiam
2098 3175 2169 3203 illud

1364 3212 1445 3248 quod
1469 3211 1626 3248 apponitur
1651 3233 2166 3242 ..................

1610 3257 1750 3285 LECTIO
1769 3258 2062 3294 DECIMAQUINTA

1304 3303 1417 3332 Solutio
1438 3302 1625 3331 dubitationis
1653 3303 1683 3330 in
1703 3305 1835 3339 praeced.
1850 3304 1973 3333 lectione
1993 3306 2167 3342 propositae.

1617 3349 1757 3376 LECTIO
1784 3349 2056 3379 DECIMASEXTA

1306 3394 1435 3429 Qualiter
1455 3394 1504 3422 fiat
1525 3400 1721 3431 augmentum.
1735 3410 1755 3415 —
1769 3396 1801 3422 In
1814 3405 1873 3432 quo
1894 3403 2082 3433 augmentum
2098 3407 2168 3426 con—

1363 3439 1459 3468 veniat
1479 3446 1507 3468 et
1527 3439 1557 3468 in
1578 3449 1637 3477 quo
1659 3440 1771 3469 differat
1791 3450 1808 3469 a
1828 3442 2013 3478 generatione
2041 3465 2167 3472 .....

1597 3486 1698 3514 LECT
1698 3487 1737 3514 10
1764 3487 2076 3517 DECIMASEPTIMA

1305 3532 1656 3599 Contiiparatioaugmenti
1670 3533 1707 3561 ad
1721 3533 1898 3562 alimentum.
1913 3550 1932 3556 —-
1947 3535 2106 3570 Quomodo
2121 3535 2170 3564 fiat

1385 3577 1526 3600 eminuno
1530 3593 2168 3604 ......................

2158 3632 2191 3664 54

2214 472 2286 501 Pag-

2207 1139 2280 1169 pag.

2231 1361 2246 1376 »

2212 2109 2285 2139 pag.

2237 2262 2252 2277 »

2231 3318 2246 3333 D

2231 3456 2246 3471 w

2233 3588 2248 3602 »

2294 255 2370 301 425

2316 471 2372 499 217

2316 608 2373 628 222

2316 780 2371 808 225

2314 1132 2370 1166 245

2311 1358 2369 1387 249
2408 1365 2427 1378 κ

2311 1636 2370 1671 254,

2315 2102 2371 2138 295

2315 2253 2373 2288 298

2270 2558 2274 2560 μ
2315 2522 2371 2550 302

2311 2740 2370 2775 304

2310 2998 2366 3034 307

2310 3215 2367 3243 3ῐο

2311 3307 2368 3342 314

2311 3445 2367 3473 318

2312 3577 2368 3604 320
