2782 4134
139 1914 164 1932 et
179 1918 228 1933 om.
243 1911 308 1933 pcab,

116 2124 126 2134 ¹*
142 2122 226 2144 dictum
241 2125 278 2144 est
290 2129 312 2144 A.

116 2443 124 2451 '
136 2441 228 2463 dubium
236 2442 330 2463 videtur

117 2551 128 2561 ‘⁶
143 2550 213 2573 Num.
230 2557 307 2579 praec.

121 2763 129 2771 ·
142 2747 212 2783 etiam
227 2762 280 2784 add.
296 2768 318 2784 Α.

120 2896 131 2905 “
145 2895 235 2917 scilicet
248 2901 286 2917 om
303 2902 331 2918 pc

367 288 443 324 300

365 367 467 403 tione
496 365 594 402 circa
622 364 702 401 eius
730 364 938 423 passiones,
959 370 1089 412 posset
1118 363 1251 410 aliquis
1277 362 1432 399 credere

366 420 470 468 quod
495 430 611 455 omne
637 418 726 454 illud
748 417 845 453 circa
874 417 978 465 quod
1002 417 1044 453 fit
1069 415 1333 452 transmutatio
1359 415 1431 451 alio

366 479 555 517 manente,
582 478 680 507 esset
708 470 832 519 passio
862 470 956 506 illius
985 468 1185 505 manentis.
1202 489 1226 495 -
1245 468 1320 504 Sed
1349 467 1429 515 ipse

364 526 439 561 hoc
468 524 642 570 excludit,
664 523 793 560 dicens
823 522 955 571 quod
947 534 985 558 1n
1007 521 1065 557 his
1087 521 1311 569 corporibus
1332 532 1431 568 quae

365 577 581 614 adinvicem
610 583 918 635 transmutantur,
949 574 1181 622 quandoque
1210 581 1339 610 manet
1368 573 1432 610 ali-

365 643 439 680 qua
458 630 584 678 passio
606 628 769 665 eadem
761 641 799 664 1n
819 634 998 675 generato
1019 634 1055 663 et
1075 634 1254 675 corrupto
1269 633 1303 672 μ,
1335 626 1432 663 sicut

365 684 519 732 quando
550 695 594 718 ex
623 694 709 718 aere
738 681 780 718 fit
809 692 929 739 aqua3
960 680 1076 716 ambo
1107 679 1209 716 enim
1238 687 1324 716 sunt
1351 680 1430 716 dia-

357 738 501 784 phana,
522 735 617 772 idest
644 733 928 782 transparentia,
949 733 1011 769 vel
1040 732 1173 780 frigida
1201 735 1299 779 (non
1325 733 1430 781 quod

364 802 428 826 aer
442 789 488 825 sit
502 787 717 825 naturaliter
735 785 901 834 frigidus,
919 786 986 823 sed
1005 798 1076 834 per
1089 785 1324 832 acccidens):
1350 798 1429 822 non

363 850 492 879 tamen
525 848 673 890 oportet
710 839 815 887 quod
843 838 954 875 huius
982 839 1261 888 permanentis,
1292 839 1430 875 scilicet

364 894 542 943 diaphani
561 894 622 930 vel
647 892 778 940 frigidi,
801 892 960 928 alterum
989 892 1027 929 in
1055 892 1160 941 quod
1179 892 1223 929 fit
1241 899 1429 928 transmu-

361 948 464 994 tatio,
494 946 632 983 scilicet
659 958 724 982 aer
751 945 813 982 vel
842 957 957 994 aqua,
987 945 1034 982 sit
1060 945 1199 994 passio.
1231 945 1271 981 Si
1299 952 1428 981 autern

361 1013 440 1037 non
460 1007 557 1036 esset
583 1010 720 1036 verum
750 999 855 1046 quod
883 1010 986 1035 nunc
1014 998 1186 1045 dicimus,
1208 1005 1430 1045 sequeretur

362 1053 467 1101 quod
496 1052 650 1100 quando
686 1063 730 1087 ex
759 1063 845 1088 aere
874 1051 917 1088 fit
954 1063 1073 1100 aqua,
1105 1058 1203 1088 esset
1240 1050 1428 1087 alteratio:

362 1118 512 1154 semper
547 1104 649 1141 enim
682 1104 861 1141 videmus
899 1105 1025 1152 quod,
1061 1103 1215 1153 quando
1248 1104 1286 1141 id
1323 1103 1429 1152 quod

360 1164 630 1195 transmutatur
649 1164 704 1194 est
722 1157 849 1206 passio
874 1157 1145 1206 permanentis,
1168 1164 1223 1193 est
1242 1156 1426 1203 alteratio;

360 1219 449 1248 tunc
478 1218 605 1247 autern
633 1211 839 1258 generatio,
862 1210 1016 1259 quando
1045 1210 1083 1247 id
1112 1211 1218 1259 quod
1241 1217 1428 1247 transmu-

360 1272 457 1301 tatur
476 1276 554 1301 non
574 1270 630 1300 est
648 1263 776 1312 passio
804 1263 1064 1312 permanentis
1083 1269 1106 1300 ⁹.
1137 1264 1186 1300 Et
1205 1264 1280 1300 hoc
1307 1264 1429 1300 mani-

360 1319 468 1354 festat
486 1329 555 1366 per
569 1316 768 1364 quoddam
785 1317 1016 1366 exemplum.
1038 1317 1185 1353 Dicitur
1205 1317 1305 1353 enim
1322 1317 1428 1365 quod

359 1372 479 1407 homo
495 1370 663 1406 musicus
680 1377 879 1418 corruptus
895 1377 962 1416 est,
978 1369 1134 1418 quando
1154 1370 1274 1406 homo
1295 1370 1430 1407 amittit

359 1423 531 1460 habitum
559 1422 749 1469 musicae;
780 1430 816 1459 et
834 1430 924 1459 tunc
943 1423 1064 1460 homo
1084 1423 1313 1468 immusicus,
1333 1423 1431 1460 idest

358 1477 504 1514 habens
541 1475 796 1525 privationem
826 1476 1016 1524 musicae,
1046 1483 1247 1524 generatus
1276 1483 1351 1513 est:
1383 1489 1429 1514 eo

360 1529 466 1578 quod
486 1529 632 1566 musica
651 1541 730 1566 non
759 1537 815 1566 est
837 1529 964 1578 p'assio
984 1529 1152 1566 hominis
1173 1529 1320 1577 musici,
1342 1542 1429 1567 cum

360 1583 406 1620 sit
434 1582 482 1620 de
511 1582 657 1619 ratione
686 1582 784 1629 eius,
816 1590 851 1619 et
879 1582 1048 1619 similiter
1076 1583 1273 1619 immusica
1303 1590 1358 1620 est
1381 1583 1428 1620 de

361 1636 504 1673 ratione
533 1635 699 1672 hominis
735 1635 933 1672 immusici.
967 1636 1079 1673 Unde
1112 1636 1233 1672 homo
1261 1636 1431 1673 musicus

360 1701 439 1726 non
463 1696 593 1725 manet
611 1685 641 1724 ετ
672 1689 739 1725 sed
758 1689 879 1725 homo
899 1696 1030 1726 manet
1057 1688 1160 1726 idern
1181 1701 1356 1726 numero.
1389 1689 1430 1727 Si

361 1754 450 1790 ergo
479 1741 626 1778 musica
654 1749 691 1778 et
718 1742 915 1779 immusica
939 1754 1019 1779 non
1039 1750 1138 1779 esset
1155 1742 1282 1791 passio
1308 1743 1429 1789 huius,

360 1795 499 1832 scilicet
526 1794 704 1841 hominis,
735 1794 803 1832 sed
832 1801 931 1832 esset
959 1795 1006 1832 de
1036 1794 1180 1832 ratione
1211 1795 1308 1841 eius;
1338 1802 1428 1832 tunc

359 1861 428 1898 per
447 1847 803 1885 transmutationem
823 1848 992 1885 musicae
1014 1855 1050 1884 et
1076 1848 1306 1894 immusicae,
1323 1849 1431 1885 fieret

359 1901 471 1939 unius
486 1901 678 1949 generatio
695 1908 732 1938 et
745 1901 766 1922 ²⁸
785 1901 935 1938 alterius
956 1901 1161 1950 corruptio.
1179 1902 1228 1938 Et
1246 1901 1335 1950 quia
1354 1903 1429 1939 hoc

360 1967 438 1992 non
468 1962 523 1991 est
550 1966 687 1991 verum
712 1959 744 2000 ⁰,
775 1953 863 1991 ideo
898 1954 1045 1992 musica
1078 1962 1115 1991 et
1148 1955 1346 1992 immusica
1376 1962 1431 1992 est

359 2008 486 2057 passio
505 2007 683 2044 hominis.
715 2008 792 2045 Sed
819 2007 987 2045 hominis
1015 2007 1151 2045 musici
1181 2014 1217 2044 et
1245 2008 1433 2045 immusici

361 2069 416 2098 est
443 2061 635 2109 generatio
665 2067 701 2097 et
730 2061 943 2110 corruptio:
974 2068 1011 2098 et
1038 2061 1126 2109 quia
1146 2061 1266 2098 homo
1287 2068 1429 2109 manet,

358 2122 399 2151 ut
426 2121 529 2164 patet
547 2114 578 2162 ²⁸,
609 2114 778 2163 sequitur
805 2114 911 2162 quod
939 2114 1086 2151 musica
1114 2114 1162 2151 sit
1187 2114 1314 2163 passio
1345 2127 1429 2164 per—

359 2167 556 2205 manentis.
592 2167 641 2203 Et
668 2167 756 2204 ideo
785 2167 954 2204 alteratio
993 2175 1049 2204 est
1077 2168 1289 2205 secundum
1318 2168 1429 2214 talia,

359 2220 500 2258 scilicet
528 2220 741 2257 secundum
769 2220 967 2269 passiones
999 2221 1308 2270 permanentium
1328 2226 1357 2257 π.
1389 2198 1429 2258 Si

360 2286 448 2322 ergo
478 2275 578 2323 aqua
599 2281 634 2310 et
653 2286 719 2310 aer
742 2282 868 2311 essent
894 2274 1094 2323 passiones
1123 2273 1314 2322 diaphani,
1336 2274 1432 2311 sicut

358 2326 628 2376 permanentis,
654 2334 878 2376 sequeretur
906 2328 1011 2376 quod
1038 2327 1304 2364 transmutatio
1334 2327 1431 2365 aeris

360 2393 404 2417 ex
433 2393 532 2429 aqua
561 2387 659 2417 esset
688 2380 869 2417 alteratio.

413 2435 448 2470 6.
467 2433 543 2470 Sed
564 2433 787 2470 dubitatur*
805 2441 934 2470 utrum
955 2433 1092 2471 eadem
1106 2433 1234 2482 passio
1251 2445 1428 2481 numero,

359 2499 458 2535 quae
475 2487 520 2523 sit
535 2487 651 2523 altera
669 2498 756 2535 pars
773 2486 1057 2532 contrarietatis,
1072 2486 1194 2536 possit
1212 2498 1295 2523 esse
1315 2486 1353 2523 in
1368 2498 1430 2534 ge-

360 2547 491 2577 nerato
512 2547 549 2576 et
569 2547 760 2588 corrupto,
780 2547 823 2576 ut
841 2552 956 2588 supra
970 2539 990 2562 *
1011 2539 1154 2576 dictum
1177 2547 1242 2576 est.
1266 2539 1306 2576 Si
1327 2539 1430 2576 enim

360 2605 438 2630 non
458 2600 654 2630 remaneat
672 2592 822 2639 eadem,
848 2605 927 2629 non
947 2592 1016 2629 erit
1036 2592 1179 2629 facilior
1197 2592 1374 2629 transitus
1394 2592 1432 2629 in

360 2646 527 2683 invicem
556 2657 691 2682 eorum
710 2651 726 2675 Ρ
754 2657 852 2694 quae
881 2645 1024 2682 habent
1052 2645 1357 2682 similitudinem:
1383 2657 1430 2682 eo

361 2698 465 2748 quod
493 2698 684 2747 oportebit
710 2698 914 2747 utrobique
935 2698 1065 2735 omnia
1085 2698 1288 2735 removeri.
1320 2698 1431 2735 Simi-

361 2751 472 2789 liter*
486 2751 636 2789 videtur
655 2751 762 2801 sequi
779 2752 884 2800 quod
905 2751 1026 2788 simile
1047 2751 1302 2801 corrumpitur
1318 2764 1340 2788 a
1359 2764 1430 2789 suo

361 2804 490 2842 simili:
512 2817 602 2842 narn
618 2816 803 2852 generans
824 2805 1034 2854 corrumpit
1048 2804 1086 2842 id
1102 2805 1206 2854 quod
1220 2805 1325 2854 prius
1341 2813 1430 2842 erat.

362 2858 401 2895 Si
430 2866 558 2895 autem
586 2865 752 2907 ponatur
780 2858 885 2907 quod
909 2865 1064 2895 maneat
1088 2858 1224 2895 eadem
1254 2870 1429 2906 numer0,

361 2911 530 2960 sequitur
548 2911 672 2960 primo
689 2911 806 2960 quod,
820 2918 969 2948 remoto
983 2911 1110 2960 priori,
1124 2911 1292 2948 scilicet*
1306 2911 1430 2948 subie-

414 3034 442 3068 μ)
462 3034 553 3067 aliqua
568 3034 661 3066 passio
680 3033 772 3059 eadem
793 3034 819 3059 in
843 3037 973 3067 generato
992 3038 1019 3060 et
1037 3037 1174 3067 corrupto.
1192 3047 1211 3054 ·-
1229 3034 1322 3060 eadem
1338 3034 1431 3067 passio

360 3070 451 3095 eadem
471 3069 551 3095 etiam
570 3069 709 3103 generatio
723 3073 750 3095 et
763 3069 901 3102 corruptio
920 3069 983 3099 Cab,
1001 3070 1093 3095 eadem
1109 3070 1201 3102 passio
1220 3069 1313 3095 eadem
1332 3069 1432 3095 scilicet

361 3105 387 3130 in
407 3108 536 3138 generato
548 3108 575 3130 et
587 3108 715 3137 corrupto
734 3105 763 3130 P.
775 3119 793 3124 -
807 3105 864 3130 Lin.
879 3113 937 3138 seq.
950 3113 997 3138 pro
1015 3105 1096 3136 enim,
1111 3108 1209 3134 autem,
1225 3111 1250 3130 et
1264 3105 1369 3130 inferius
1382 3113 1430 3138 pro

361 3143 457 3170 tamen,
477 3141 546 3165 enim
566 3140 651 3165 PCab.

414 3176 437 3208 ν)
457 3179 496 3200 est
514 3175 672 3200 alteratio..
683 3175 876 3208 permanentis.
890 3189 909 3195 —
923 3177 945 3201 Α
964 3175 1104 3209 praemittit
1123 3180 1199 3206 tunc,·
1219 3176 1257 3201 Ca
1271 3184 1325 3201 om.
1338 3181 1430 3206 totum.

362 3211 422 3243 quia
441 3210 645 3236 homoteleuton.
662 3225 681 3230 -
699 3211 806 3236 Inferius
825 3219 873 3244 pro
887 3211 1070 3244 privationem
1090 3212 1239 3237 musicae...
1253 3211 1368 3237 hominis
1382 3211 1431 3236 im-

362 3245 462 3276 musici,
483 3246 521 3271 Ca
540 3247 643 3279 legunt:
658 3246 839 3278 privationem
855 3247 971 3272 musicae
989 3251 1137 3280 generatur
1150 3250 1189 3272 est
1204 3247 1252 3280 (ex
1265 3247 1296 3280 C)
1310 3254 1340 3272 eo
1359 3247 1432 3280 quod

363 3281 463 3306 musica
483 3289 533 3306 non
553 3285 593 3306 est
614 3282 676 3313 (non
690 3285 729 3307 est
745 3282 844 3307 musica
860 3281 890 3315 C)
910 3282 1034 3308 similiter
1053 3282 1192 3308 immusica
1211 3286 1251 3308 est
1265 3282 1329 3316 (non
1345 3285 1385 3308 est
1399 3282 1430 3315 C)

364 3316 396 3341 de
415 3317 519 3341 ratione
537 3317 650 3342 hominis
670 3317 695 3342 in
716 3318 816 3342 musica
836 3317 873 3350 (in
894 3318 994 3343 musica
1014 3326 1067 3343 om.
1081 3318 1121 3351 C).

418 3349 440 3383 ς)
461 3359 511 3376 non
538 3355 634 3377 manet.
652 3366 671 3371 ·-
689 3359 740 3377 non
766 3356 856 3378 manet
878 3353 947 3378 idem
968 3360 1079 3379 numero
1098 3353 1183 3378 PCab.
1204 3367 1222 3372 -
1243 3353 1334 3379 Statim
1354 3353 1431 3379 huius

364 3386 462 3412 scilicet
479 3394 532 3411 om.
552 3387 642 3416 PCab‚·
661 3386 693 3412 cf.
712 3392 819 3413 textum.

419 3421 444 3454 o)
464 3421 512 3446 hoc
526 3429 576 3446 non
591 3425 630 3447 est
649 3429 750 3447 verum.
767 3437 787 3442 —
805 3423 853 3449 hoc
872 3423 951 3449 modo
970 3427 1010 3450 est
1030 3431 1092 3449 vero
1106 3424 1169 3454 Cab,
1190 3424 1237 3450 sed
1251 3424 1271 3449 C
1285 3432 1333 3458 pro
1353 3424 1431 3450 modo

365 3455 436 3488 prius
456 3456 558 3489 scripsit
576 3457 671 3490 aliquid
691 3457 767 3483 aliud.
786 3471 805 3476 -
823 3461 849 3484 et
874 3459 1020 3490 immusica,
1042 3467 1071 3484 ac
1090 3459 1155 3485 infra
1177 3462 1203 3485 et
1229 3459 1361 3486 immusici
1377 3467 1432 3485 om.

365 3491 455 3522 PCab5
474 3499 521 3524 pro
539 3495 579 3517 est
593 3492 693 3524 passio
713 3500 765 3517 non
785 3497 824 3518 est
839 3494 931 3526 passio
950 3494 997 3519 Ca.

419 3526 448 3559 π)
467 3527 593 3552 alteratio
612 3530 673 3552 est..
677 3529 949 3559 .permanentium.-
963 3530 1090 3556 alteratio
1105 3530 1196 3563 aliqua
1210 3529 1260 3565 (est
1273 3530 1332 3556 add.
1347 3530 1378 3564 P)
1392 3538 1432 3556 se-

364 3561 480 3586 cundum
495 3562 634 3594 passiones
648 3564 863 3594 permanentium
883 3564 974 3595 PCab‚·
993 3565 1024 3590 cf.
1044 3571 1150 3591 textum.

420 3595 443 3630 ρ)
465 3596 496 3621 Si
513 3597 597 3622 enim.
611 3604 728 3622 .eorum.
747 3612 766 3616 —
785 3598 815 3623 Si
833 3599 902 3624 enim
923 3607 974 3625 non
996 3600 1033 3632 (et
1052 3601 1110 3625 add.
1130 3602 1170 3626 ed.
1184 3608 1208 3630 α,
1229 3601 1309 3626 etiam
1330 3601 1388 3627 add.
1403 3601 1431 3633 C,

367 3632 413 3656 sed
433 3631 564 3665 expungit)
586 3636 735 3658 remaneret
753 3634 844 3659 eadem
865 3634 944 3666 (idem
959 3635 1016 3667 Ca),
1039 3643 1090 3660 non
1109 3635 1171 3668 (non
1186 3644 1240 3661 om.
1255 3636 1303 3668 Ca)
1321 3637 1373 3661 erit
1384 3638 1432 3670 sa-

872 285 943 321 DE
974 284 1362 322 GENERATIONE
1391 283 1462 320 ET
1493 282 1876 339 CORRUPT‘IONE
1907 283 2001 319 LIB.
2033 284 2046 319 1

1488 369 1566 408 cto,
1593 369 1791 398 remaneat
1811 362 2016 410 posterius,
2049 361 2188 398 scilicet
2210 362 2355 410 passio:
2385 370 2422 400 et
2449 363 2556 412 quod

1487 414 1591 450 idern
1615 427 1778 451 numero
1800 415 1975 452 accidens
1996 415 2041 451 sit
2069 415 2107 451 in
2136 415 2289 452 duobus
2310 415 2498 454 subiectis.

1519 467 1763 504 .Dicendum
1797 480 1887 516 ergo
1927 468 2034 517 quod
2068 480 2147 504 non
2180 475 2311 505 manet
2348 468 2452 506 idern
2485 481 2554 506 nu-

1487 532 1615 557 mero:
1646 521 1714 557 sed
1741 520 1779 557 id
1808 521 1914 569 quod
1941 521 2047 570 prius
2075 529 2169 568 erat,
2201 521 2456 571 corrumpitur
2485 533 2555 571 per

1486 573 1663 610 accidens
1695 574 1939 622 corruptione
1974 574 2152 621 subiecti,
2192 574 2393 611 recedente
2430 575 2555 611 forma

1487 639 1585 675 quae
1605 633 1684 663 erat
1701 626 1930 676 principium
1950 633 1965 647 ⁶
1994 626 2075 664 talis
2095 627 2314 673 accidentis;
2345 634 2382 664 et
2401 627 2555 664 advenit

1486 679 1606 716 simile
1626 680 1814 727 accidens,
1836 692 2076 729 consequens
2105 680 2271 717 formam
2292 680 2339 717 de
2359 692 2464 717 novo
2489 681 2554 718 ad-

1484 733 1715 770 venientem.
1746 733 1795 770 Et
1815 733 1903 781 quia
1923 733 2166 771 secundum*
2185 735 2260 770 hoc
2280 733 2456 771 accidens
2475 745 2555 770 non

1486 793 1565 823 erat
1593 786 1718 834 aliqua
1750 786 1999 834 repugnantia
2030 787 2069 824 in
2106 786 2255 834 agendo
2289 793 2326 823 et
2351 786 2553 836 patiendo,

1486 839 1629 875 facilior
1657 839 1726 876 fuit
1753 839 2030 876 transmutatio.
2070 840 2155 876 Nec
2193 847 2249 876 est
2279 839 2554 876 inconveniens

1485 891 1590 940 quod
1609 891 1730 928 simile
1760 899 1980 941 corrumpat
2003 905 2116 929 suum
2136 892 2257 929 simile
2275 905 2346 941 per
2365 892 2553 940 accidens,

1485 945 1769 993 corrumpendo
1798 944 2012 982 subiectum
2032 946 2094 983 vel
2121 945 2340 983 materiam:
2370 946 2423 983 sic
2451 945 2554 982 enim

1485 997 1607 1034 maior
1634 998 1795 1034 flamma
1824 998 2015 1035 consumit
2042 998 2244 1035 minorem.

1539 1063 1574 1099 7.
1587 1050 1736 1087 Deinde
1758 1061 1845 1086 curn
1863 1050 1967 1087 dicit:
1992 1051 2152 1092 Quando
2167 1052 2316 1099 quidem
2336 1052 2455 1101 igitur
2468 1058 2552 1098 etc„

1484 1103 1648 1141 ostendit
1676 1102 1928 1140 differentiam
1947 1103 2201 1151 generationis
2225 1104 2275 1141 ad
2294 1103 2555 1141 alterationem

1484 1164 1520 1193 et
1540 1156 1588 1194 ad
1608 1156 1698 1193 alias
1721 1156 2067 1204 transmutationes,
2098 1169 2143 1194 ex
2170 1165 2278 1205 parte
2306 1157 2476 1194 subiecti.
2506 1157 2556 1193 Et

1482 1210 1609 1259 primo
1630 1209 1795 1246 ostendit
1813 1208 1972 1257 qualiter
1989 1221 2031 1246 se
2049 1210 2217 1247 habeant
2229 1215 2245 1231 ⁷
2264 1210 2314 1247 ad
2341 1209 2556 1247 subiectum

1484 1263 1590 1312 quod
1611 1270 1666 1300 est
1685 1275 1753 1299 ens
1772 1262 1810 1299 in
1832 1269 1936 1309 actu3
1962 1263 2134 1300 secundo
2154 1263 2312 1312 qualiter
2331 1275 2371 1300 se
2389 1263 2558 1300 habeant

1485 1316 1534 1353 ad
1554 1316 1767 1353 subiectum
1797 1315 1903 1365 quod
1933 1323 1988 1352 est
2017 1328 2084 1353 ens
2113 1317 2152 1353 in
2178 1316 2361 1365 potentia,
2390 1316 2460 1353 ibi:
2488 1316 2559 1353 Est

1484 1375 1610 1407 autem
1638 1369 1765 1418 hyle*
1785 1376 1854 1406 etc.

1539 1415 1637 1459 Dicit
1657 1434 1746 1470 ergo
1765 1422 1890 1471 primo
1919 1421 2025 1471 quod
2053 1421 2198 1459 dictum
2217 1423 2312 1459 est·
2332 1422 2439 1471 quod
2467 1422 2594 1460 alte·

1485 1475 1579 1512 ratio
1597 1483 1651 1512 est
1666 1476 1879 1513 secundum
1894 1475 2092 1524 passiones
2107 1474 2263 1512 alicuius
2277 1474 2556 1524 permanentis.

1486 1536 1522 1566 et
1548 1529 1624 1566 hoc
1651 1528 1755 1565 idem
1784 1528 1920 1565 accidit
1947 1528 1985 1566 in
2013 1528 2092 1565 aliis
2121 1527 2500 1565 transmutationibus
2518 1527 2551 1575 ⁴¹,

1485 1594 1584 1631 quae
1612 1582 1709 1618 fiunt
1736 1581 1949 1619 secundum
1978 1581 2188 1618 accidentia
2215 1593 2315 1630 quae
2348 1581 2558 1619 adveniunt

1486 1635 1657 1672 subiecto
1678 1634 1848 1672 existenti
1876 1634 1914 1671 in
1942 1642 2040 1672 actu.
2069 1634 2237 1682 Quando
2257 1646 2348 1683 ergo
2367 1638 2556 1672 transmit*

1485 1688 1576 1725 tatio
1610 1695 1666 1724 est
1699 1687 1747 1725 de
1783 1687 1970 1725 contrario
2005 1688 2044 1725 in
2077 1687 2309 1725 contrarium
2342 1688 2556 1726 secundum

1487 1741 1746 1790 quantitatem,
1775 1748 1868 1789 puta
1886 1740 1907 1763 *
1936 1740 1984 1778 de
2011 1752 2152 1788 magno
2181 1741 2220 1778 in
2247 1753 2413 1790 parvum
2441 1747 2507 1779 aut
2534 1752 2594 1778 e·

1487 1806 1688 1841 converso,
1705 1801 1762 1830 est
1774 1793 1795 1815 *
1813 1799 2060 1853 augmentum
2074 1794 2137 1831 vel
2157 1794 2362 1831 deminutio
2380 1785 2599 1832 eiusdem

1485 1847 1643 1884 subiecti
1672 1846 1952 1906 permanentis:
1983 1859 2030 1883 eo
2059 1846 2166 1895 quod
2191 1847 2379 1896 quantitas
2403 1846 2559 1899 advenit

1485 1900 1656 1937 subiecto
1677 1899 1847 1937 existenti
1860 1899 1900 1936 in
1915 1907 2013 1937 actu.
2032 1899 2200 1947 Quando
2221 1907 2350 1936 autem
2369 1894 2558 1937 transmu-

1484 1953 1574 1990 tatio
1587 1960 1642 1990 est
1656 1953 1869 1990 secundum
1881 1952 2186 1990 contrarietatem
2201 1952 2287 2001 loci,
2299 1960 2391 2002 puta
2405 1960 2558 1991 sursum

1485 2013 1549 2044 aut
1564 2006 1758 2054 deorsum,
1776 2014 1832 2043 est
1847 2006 1948 2052 latio,
1963 2005 2061 2044 idest
2074 2013 2203 2044 motus
2221 2006 2364 2053 localis,
2385 2005 2558 2044 eiusdem

1487 2059 1655 2109 corporis
1674 2059 1954 2109 permanentis:
1986 2071 2031 2096 eo
2052 2059 2156 2108 quod
2178 2071 2261 2096 esse
2280 2060 2345 2097 ubi
2364 2058 2385 2082 ²⁸
2404 2058 2559 2097 advenit

1486 2113 1637 2162 corpori
1667 2113 1838 2150 existenti
1858 2119 1956 2150 actu.
1988 2113 2156 2160 Quando
2175 2124 2270 2150 vero
2289 2112 2556 2150 transmutatio

1487 2174 1542 2204 est
1561 2166 1775 2204 secundum
1796 2165 2100 2204 contrarietatem
2127 2165 2168 2203 in
2185 2165 2428 2216 passionibus
2447 2165 2560 2215 (idest

1485 2219 1524 2256 in
1542 2219 1784 2268 passibilibus
1812 2218 2055 2269 qualitatibus
2069 2219 2336 2269 principaliter,
2357 2227 2394 2257 et
2421 2218 2461 2257 in
2479 2218 2559 2257 aliis

1486 2272 1727 2323 qualitatibus
1761 2284 1807 2310 ex
1845 2273 2135 2333 consequenti),
2169 2280 2260 2310 tunc
2294 2279 2351 2310 est
2386 2272 2558 2311 alteratio

1486 2326 1659 2364 eiusdem
1678 2326 1956 2386 permanentis.
1978 2327 2068 2376 quia
2088 2325 2203 2364 etiarn
2223 2326 2384 2375 qualitas
2403 2325 2558 2364 advenit

1485 2379 1657 2417 subiecto
1687 2387 1773 2417 actu
1802 2379 1984 2417 existenti.
2015 2379 2183 2427 Quando
2201 2391 2297 2418 vero
2318 2379 2410 2417 nihil
2429 2385 2560 2417 manet

1486 2440 1572 2470 actu
1602 2432 1775 2481 existens,
1798 2433 1905 2470 cuius
1934 2433 2095 2470 alterum
2115 2438 2129 2454 ¹⁴
2157 2433 2262 2482 quod
2285 2432 2560 2478 transmutatur

1486 2486 1531 2523 sit
1557 2485 1685 2534 passio
1715 2493 1751 2522 et
1779 2485 1954 2523 accidens
1979 2485 2267 2535 quodcumque,
2288 2493 2345 2523 est
2362 2485 2558 2524 universa·

1486 2539 1568 2575 liter
1594 2539 1790 2588 generatio
1819 2544 1855 2575 et
1881 2539 2091 2587 corruptio:
2119 2551 2167 2576 eo
2191 2539 2296 2588 quod
2325 2539 2450 2576 forma
2469 2538 2558 2576 sub-

1487 2591 1684 2639 stantialis,
1715 2592 1927 2629 secundum
1957 2604 2075 2640 quam
2105 2599 2161 2629 est
2187 2592 2381 2641 generatio
2410 2599 2448 2629 et
2475 2603 2558 2630 cor-

1486 2644 1623 2694 ruptio,
1654 2657 1732 2682 non
1761 2644 1954 2682 advenit*
1982 2645 2153 2682 subiecto
2182 2652 2268 2682 actu
2298 2643 2479 2683 existenti.

1542 2699 1576 2734 8.
1607 2698 1719 2736 Unde
1751 2705 1856 2747 patet
1892 2698 2025 2735 falsam
2059 2710 2142 2735 esse
2179 2698 2402 2748 opinionem
2439 2709 2558 2748 quam

1486 2751 1597 2788 tradit
1624 2751 1844 2789 Avicebron
1872 2751 1911 2789 in
1942 2751 2038 2789 libro
2066 2752 2196 2789 Fontis
2231 2751 2356 2798 Vitae,
2386 2751 2493 2802 quod
2515 2750 2559 2796 ,in

1486 2804 1645 2842 materia
1674 2812 1730 2842 est
1758 2805 1854 2842 ordo
1875 2805 2106 2852 formarum;
2136 2805 2188 2842 ita
2207 2805 2312 2854 quod
2331 2804 2456 2855 primo
2475 2816 2558 2843 ma-

1486 2858 1602 2895 teriae
1631 2857 1785 2895 advenit
1804 2863 1819 2888 t
1849 2858 1972 2895 forma
2001 2858 2214 2895 secundum
2244 2869 2362 2908 quam
2386 2865 2444 2895 est
2471 2857 2559 2895 sub-

1492 2910 1636 2958 stantia,
1658 2919 1695 2948 et
1712 2919 1846 2961 postea
1865 2911 1937 2949 alia
1961 2910 2175 2949 secundum
2195 2923 2312 2961 quam
2333 2918 2389 2948 est
2408 2922 2559 2962 corpus,

1484 3034 1562 3059 cilior
1582 3034 1713 3060 transitus
1733 3042 1824 3059 eorum
1841 3034 1951 3060 invicem
1966 3034 2050 3060 PCab.
2064 3034 2086 3059 A
2102 3042 2155 3059 om.
2170 3041 2221 3059 non
2238 3039 2297 3060 ante
2314 3037 2470 3064 remaneat:
2486 3034 2560 3069 quod

1485 3075 1573 3095 tamen
1592 3070 1742 3100 retinemus.
1762 3070 1823 3103 quia
1842 3070 1875 3095 ita
1895 3070 2003 3104 exigitur
2021 3078 2036 3095 a
2055 3075 2184 3101 contextu,
2202 3074 2230 3095 ut
2248 3075 2327 3103 patet.
2346 3070 2398 3096 Sed
2417 3077 2448 3096 ex
2467 3068 2561 3096 eodem

1484 3106 1507 3130 A
1526 3105 1681 3139 adoptamus
1701 3106 1727 3131 in
1748 3105 1858 3131 invicem
1878 3112 1978 3135 eorum,
1998 3106 2059 3138 quia
2071 3105 2136 3131 haec
2150 3105 2227 3130 lectio
2245 3106 2328 3139 magis
2342 3106 2481 3139 perspicue
2498 3111 2561 3132 sen-

1485 3148 1545 3165 sum
1564 3142 1690 3166 intentum
1706 3141 1834 3174 exprimit.

1539 3176 1565 3209 σ)
1585 3180 1645 3202 erat
1659 3176 1835 3209 principium.
1852 3190 1872 3196 -
1885 3176 1965 3209 prius
1983 3179 2043 3202 erat
2065 3176 2141 3202 PCab
2159 3176 2279 3202 obscure.
2296 3189 2316 3196 ·-
2333 3175 2399 3202 Post
2415 3175 2560 3203 advenim-

1486 3215 1546 3241 tem,
1567 3212 1607 3237 vel
1625 3212 1787 3238 accidentem
1808 3212 1866 3236 add.
1885 3211 1969 3242 PCab,
1989 3211 2055 3237 sorte
2075 3212 2107 3237 ad
2126 3211 2321 3245 corrigendum3
2341 3211 2409 3237 sieut
2421 3211 2445 3236 Α
2463 3210 2490 3237 in
2508 3209 2561 3236 fine

1485 3255 1559 3272 num.
1578 3255 1625 3280 pro
1644 3247 1776 3273 consumit
1795 3247 1934 3278 minorem,
1955 3247 2016 3280 legit
2034 3247 2184 3280 corrumpit
2202 3247 2331 3273 minorem
2351 3250 2378 3272 tt
2390 3245 2530 3273 consumit.

1540 3283 1565 3316 τ)
1576 3283 1692 3308 ostendit
1705 3283 1821 3316 qualiter
1833 3290 1861 3308 se
1874 3282 2026 3309 habeant.-
2007 3282 2139 3316 -Nempe
2151 3282 2291 3316 generatio,
2302 3282 2417 3308 alteratio
2427 3286 2454 3308 et
2465 3282 2561 3308 alterne

1486 3319 1656 3349 mutationes5
1676 3318 1742 3344 dicit
1760 3317 1877 3351 qualiter
1889 3325 1917 3344 se
1931 3318 2027 3344 habeat
2040 3318 2132 3349 mab,-
2150 3325 2178 3344 se
2190 3317 2286 3343 habeat
2305 3318 2382 3343 etiam
2401 3317 2447 3343 lin.
2461 3325 2510 3351 seq
2510 3315 2558 3343 .e.

1484 3368 1505 3373 -
1519 3354 1569 3379 Pro
1588 3354 1728 3379 secundo.
1730 3354 1814 3388 .hyle
1833 3357 1890 3383 etc„
1911 3353 2008 3379 deinde
2026 3337 2160 3386 quomo'do
2173 3353 2211 3379 ad
2229 3353 2258 3378 id
2270 3353 2342 3387 quod
2355 3355 2395 3379 est
2407 3359 2454 3379 ens
2467 3325 2510 3378 in
2508 3358 2561 3386 po-

1486 3389 1570 3414 tentia
1590 3389 1633 3418 ibi,
1655 3389 1703 3414 Est
1721 3392 1810 3415 autem
1824 3389 1888 3423 hyle
1901 3392 1950 3414 etc.
1969 3389 2013 3419 Pb,
2034 3389 2093 3422 quin
2105 3396 2123 3414 a
2135 3396 2189 3414 om.
2203 3388 2401 3414 homoteleuton
2419 3388 2447 3414 in
2464 3391 2551 3415 actu..

1486 3425 1558 3457 quod
1575 3428 1616 3450 est
1634 3432 1680 3450 ens
1685 3432 1694 3454 ‚·
1714 3430 1773 3458 post
1791 3423 1862 3458 hyle,
1881 3425 1905 3449 Α
1924 3424 1982 3450 add.
2002 3424 2043 3449 vel
2061 3424 2176 3450 materia
2194 3423 2225 3457 (P
2244 3423 2270 3449 in
2289 3423 2408 3450 versione
2424 3431 2474 3457 pro
2488 3423 2559 3457 hyle,

1486 3463 1512 3485 et
1530 3460 1645 3485 materia
1659 3478 1666 3485 .

1540 3494 1567 3528 u)
1585 3460 1660 3521 cuin}
1679 3496 1805 3520 alterum.
1823 3509 1842 3514 -
1859 3495 1916 3520 εἷκε
1934 3496 2050 3521 alterum
2068 3494 2100 3526 A,
2115 3495 2153 3520 ad
2169 3495 2285 3520 alterum
2305 3494 2347 3520 ed.
2359 3501 2385 3524 a,
2403 3493 2509 3527 aliquid
2519 3492 2560 3519 al-

1487 3534 1573 3556 terum
1588 3530 1617 3556 C.
1630 3545 1649 3550 -
1662 3531 1712 3556 Pro
1725 3531 1760 3556 sit
1774 3530 1876 3563 passio,
1889 3530 1927 3564 fit
1936 3530 2029 3563 passio
2044 3530 2075 3560 Α.
2089 3534 2115 3556 et
2129 3529 2222 3563 passio
2236 3530 2290 3560 Ca,·
2303 3538 2352 3563 pro
2368 3529 2559 3563 quodcumque,

1486 3566 1522 3591 sit
1540 3566 1724 3599 quodcumque
1742 3566 1834 3595 PCatu
1853 3565 2042 3591 universaliter·
2055 3573 2108 3590 om.
2121 3566 2154 3592 A.

1542 3601 1569 3635 φ)
1590 3601 1721 3627 materiae
1739 3601 1857 3627 advenit.
1870 3615 1888 3620 -
1900 3601 2010 3626 advenit
2029 3600 2109 3626 modo
2128 3600 2169 3626 ed.
2183 3607 2208 3630 a.
2228 3599 2338 3626 advenit
2351 3599 2376 3626 ei
2389 3599 2489 3626 scilicet
2502 3605 2559 3624 ma-

1487 3636 1572 3661 teriae
1591 3637 1619 3665 C.
1639 3636 1749 3661 advenit
1768 3636 1897 3661 materiae
1916 3636 1960 3661 Pb.

2582 745 2591 755 “
2603 751 2649 773 per
2662 745 2730 767 raab.

2582 1372 2718 1402 ’Nnm.„9.

2608 1430 2682 1454 Num.
2696 1436 2717 1458 s,
2728 1436 2748 1459 5.

2584 1536 2594 1545 ·
2604 1535 2773 1558 monibus

2583 1562 2636 1584 cab.

2608 1752 2704 1781 quando
2723 1751 2776 1774 add.

2609 1807 2664 1828 τηε
2678 1805 2733 1828 add.
2747 1812 2771 1827 Α.

2584 2065 2757 2115 triers·
2771 2071 2782 2087 Δ

2585 2661 2594 2669 “
2609 2659 2634 2681 tn
2648 2658 2695 2682 edd
2704 2665 2727 2682 ι’.
