2782 4134
1110 237 1222 275 CAP.
1251 238 1323 286 VI,
1353 237 1499 275 LECT.
1528 239 1617 275 XIII

2429 241 2471 277 51

890 446 1195 538 LEC'IJIO
1233 446 1874 503 DECIMATERTIA

472 591 667 624 RATIONE
690 590 914 622 NATURALI
938 591 997 621 ET
1020 590 1396 622 DEMONSTRATIVA
1419 591 1653 622 DESUMPTA
1676 591 1734 622 Ex
1756 591 1900 622 PARTE
1923 590 2075 622 MOTUS
2098 590 2293 629 LOCALIS,

374 649 654 683 OSTENmTUR
677 647 1025 680 UNIVERSALITER
1049 647 1172 685 QUOD
1196 648 1380 679 NULLUM
1404 646 1575 680 CORPUS
1596 648 1835 679 NATURALE
1858 648 2029 680 POTEST
2052 648 2153 680 ESSE
2177 648 2403 679 INFINITUM

275 766 354 800 Ὀτι
377 766 438 811 μὲν
464 763 522 798 οὖν
549 764 609 797 οὐκ
631 763 723 797 ἔστιν
746 763 884 807 ἄπειρον
901 764 1013 808 σῶμα,
1031 759 1135 800 δῆλον
1154 759 1214 796 διοί
1230 776 1268 797 τε
1289 763 1356 795 τῶν
1411 764 1428 784 *
1444 765 1544 802 Quod
1567 765 1699 806 quidem
1714 765 1809 806 igitur
1824 770 1890 797 non
1907 773 1953 797 est
1975 766 2137 797 infinitum
2153 776 2280 807 corpuS‚
2305 766 2411 807 palam
2427 776 2483 807 per
2510 773 2519 782 ²
2535 771 2589 800 seq.
2604 778 2695 800 capa-1

350 810 448 842 κατοί
471 809 570 855 μέρος
594 807 755 852 θεωροῦσι
780 809 906 841 τοῦτον
931 807 992 840 τὸν
1017 807 1164 853 τρόπον,

282 855 343 888 καὶ
364 852 514 886 καθόλου
539 852 783 897 σκοπουμένοις
808 852 856 896 μή
881 851 983 897 μόνον
1008 853 1106 885 κατοὶ
1131 852 1211 891 τούς
1234 851 1275 885 λό
1303 864 1357 891 ους

350 897 431 936 τούς
456 899 490 931 ἐν
515 901 588 936 τοῖς
613 899 688 942 περὶ
714 897 777 936 τάς
805 896 912 943 ἀρχάς
937 897 1127 942 εἰρημένους
1153 898 1232 942 ήμῖν
1257 900 1270 941 (
1302 910 1358 929 ιω-

350 941 444 986 ρίσθη
469 942 535 989 γοὶρ
559 942 660 974 κάκεῖ
680 941 831 974 καθόλου
857 940 1019 986 πρότερον
1038 943 1112 986 περὶ
1131 939 1268 987 ἀπείρου
1287 945 1357 982 πῶς

351 986 427 1021 ἔστι
442 989 500 1019 καὶ
519 987 588 1024 πῶς
606 986 668 1018 οὐκ
685 986 807 1030 ἔστιν),
830 986 920 1019 ἀλλά
939 988 997 1018 καὶ
1014 987 1071 1018 νῦν
1092 986 1194 1019 ἄλλον
1213 987 1353 1032 τρόπον.

281 1070 384 1105 Μετὰ
406 1065 446 1102 δὲ
470 1070 575 1103 ταῦτ’
595 1069 822 1102 ἐπισκεπτέον
846 1069 911 1102 κᾶν
935 1069 964 1101 εἱ
989 1069 1035 1114 μή
1063 1070 1202 1115 ἄπειρον
1226 1071 1287 1116 μὲν
1314 1071 1356 1104 τό

349 1115 450 1160 σῶμα
474 1115 517 1147 vd
541 1115 625 1156 πᾶν,
646 1111 685 1146 οὗ
701 1114 768 1159 μήν
795 1114 886 1147 ἀλλά
910 1114 1078 1147 τοσοῦτόν
1102 1127 1142 1161 γε
1166 1114 1249 1147 ὥστ’
1271 1113 1358 1148 εἶναι

351 1161 488 1198 πλείους
522 1156 700 1204 οὐρανούς·
727 1158 826 1204 τοίχα
850 1158 915 1206 γάρ
947 1158 987 1191 α”ν
1019 1170 1069 1197 τις
1102 1159 1199 1192 τοῦτ’
1230 1157 1360 1204 ἀπορή-

276 1199 534 1246 ss-sees‘effffn
557 1202 713 1247 καθάπερ
740 1204 756 1236 ὀ
782 1206 856 1248 περὶ
882 1203 973 1247 ἡμᾶς
996 1214 1120 1247 κοσμος
1138 1202 1356 1246 συνέστηκεν,

288 1250 290 1253 ’
351 1247 447 1282 οὐθὲν
471 1247 593 1280 κωλύει
616 1249 676 1280 καὶ
701 1247 835 1293 ἐτέρους
857 1244 943 1280 εἶναι
969 1248 1103 1286 πλείους
1127 1248 1187 1292 μὲν
1206 1247 1291 1290 ἑνός,
1309 1249 1358 1291 μή

351 1291 471 1339 μέντοι
488 1305 527 1339 γε
547 1291 714 1337 ἀπείρους.
735 1293 869 1337 Πρῶτον
893 1287 921 1324 δ’
944 1293 1089 1336 εἴπωμεν
1111 1290 1259 1325 καθόλου
1284 1296 1358 1338 περὶ

352 1338 416 1370 τοῦ
443 1337 594 1381 ἀπείρου.

277 1381 430 1430 ’Δνάγκη
455 1377 500 1418 δή
525 1381 572 1413 σῶ
601 1392 623 1413 α
649 1381 717 1412 πᾶν
735 1379 815 1418 ἦτοι
841 1380 978 1424 ἄπειρον
1002 1376 1089 1411 εἶναι
1107 1378 1128 1416 ἦ
1147 1380 1359 1426 πεπερασμέ-

352 1437 422 1468 νον,
439 1427 498 1458 καὶ
515 1425 545 1458 εἰ
587 1435 715 1467 πειρον,
735 1424 815 1462 ἤτοι
834 1423 1071 1468 ἀνομοιομερὲς
1094 1423 1187 1456 ἅπαν
1205 1423 1227 1461 ἦ
1247 1426 1357 1470 ὁμοιο-

351 1483 392 1517 με
415 1470 468 1512 ι’ς,
492 1468 556 1503 κᾶν
580 1470 608 1502 εἱ
636 1468 895 1514 ἀνομοιομερές,
921 1467 1002 1506 ἦτοι
1026 1466 1063 1500 ἑκ
1091 1469 1357 1514 πεπερασμένων

289 1551 291 1554 ⁴
350 1516 380 1548 εἰ
405 1515 449 1547 ῶν
475 1513 499 1552 ἦ
522 1513 558 1555 ἐξ
584 1514 742 1559 ἀπείρων.

275 1558 356 1594 Ὀτι
378 1559 440 1605 μὲν
466 1561 578 1592 τοίνυν
604 1558 670 1603 οὐχ
693 1556 805 1591 οἷόντε
832 1555 867 1598 ἐξ
893 1557 1054 1602 ἀπείρων,
1079 1556 1236 1611 φανερόν,
1255 1560 1285 1590 εἴ
1305 1570 1357 1597 τις

232 1603 236 1606 ’
352 1603 433 1648 ἡμῖν
459 1601 554 1636 ἑοίσει
582 1601 693 1646 μένειν
720 1602 783 1640 τοὶς
816 1600 955 1647 πρώτας
987 1600 1182 1639 ὖποθεσεις·
1209 1615 1359 1648 πεπερα-

351 1647 480 1694 σμένων
509 1646 575 1704 ‘1⁰²⁹
606 1647 674 1680 τῶν
706 1645 851 1691 πρώτων
885 1645 1050 1683 κινήσεων
1082 1644 1189 1678 οὐσῶν
1224 1647 1356 1694 ἀνάγκη

349 1693 410 1726 καὶ
435 1691 498 1730 τοὶς
523 1686 617 1733 ιδέας
643 1691 712 1724 τῶν
743 1691 861 1724 ἀπλῶν
892 1690 1061 1735 σωμοίτων
1095 1687 1183 1723 εἶναι
1207 1703 1360 1738 πεπερα-

351 1736 492 1783 σμένας.
525 1736 637 1773 Ἀπλῆ
662 1735 723 1780 μὲν
740 1735 806 1782 γὰρ
823 1736 844 1772 ἡ
863 1735 927 1767 τοῦ
954 1735 1066 1768 ἁπλοῦ
1083 1734 1243 1779 σώματος
1268 1740 1358 1774 κίνη-

351 1793 416 1824 σις,
432 1783 468 1814 αἱ
485 1777 514 1814 δ’
537 1781 649 1814 α’πλαϊ
665 1778 924 1825 πεπερασμέναι
939 1778 1086 1817 κινήσεις
1104 1780 1204 1812 εἰσίν·
1226 1781 1357 1828 ἀνάγκη

306 1829 329 1851 '⁴
352 1821 392 1860 δὲ
418 1826 470 1860 ἀεὶ
494 1828 622 1864 κίνησιν
649 1825 739 1870 ἔχειν
764 1825 863 1870 σῶμα
888 1824 956 1856 πᾶν
981 1823 1132 1868 φυσικόν.

279 1870 390 1905 'And
421 1870 487 1916 μην
519 1872 550 1903 εἴ
575 1883 589 1902 ε
626 1870 663 1902 ἑκ
694 1867 960 1914 πεπερασμένων
993 1868 1094 1901 ἔσται
1126 1869 1168 1901 τὸ
1204 1869 1357 1914 ἄπειρον,

354 1915 487 1961 ἀνάγκη
512 1882 572 1947 nal
597 1915 664 1948 τῶν
685 1915 806 1970 μορίων
827 1912 974 1946 ἕκαστον
993 1910 1079 1946 εἶναι
1101 1913 1180 1946 ἄπει
1202 1926 1251 1955 ον,
1269 1913 1358 1960 λέγω

351 1956 382 1994 δ’
403 1961 472 1994 οἷον
489 1959 531 1992 τό
549 1954 636 2003 ὕδωρ
654 1957 675 1995 ἦ
693 1969 736 1991 το
753 1958 831 2002 πῦρ.
853 1957 945 1989 Ἀλλ’
969 1953 1141 1990 ἀδύνατον
1153 1971 1160 1978 ·
1181 1924 1202 1991 g*

351 2005 419 2052 γὰρ
444 2003 499 2038 ὅτι
525 2004 606 2038 οὔτε
632 2002 734 2048 βάρος
761 2002 842 2035 οὔτε
864 2004 1034 2046 κουφότης
1059 2002 1152 2035 ἐστὶν
1180 2003 1329 2047 ἄπειρος.

279 2047 360 2087 Ἔτι
385 2050 574 2096 ἀναγκαῖον
601 2048 758 2092 ἀπείρους
783 2047 831 2089 τῷ
855 2045 992 2094 μεγέθει
1017 2043 1104 2079 εἶναι
1128 2051 1185 2080 καὶ
1203 2048 1285 2086 τούς
1302 2046 1361 2081 τό·

354 2105 437 2133 πους
463 2090 598 2134 αὐτῶν,
623 2091 715 2125 ὥστε
742 2093 802 2124 καὶ
827 2091 891 2129 τοὶς
915 2091 1063 2130 κινήσεις
1090 2091 1170 2124 ἀπεί
1193 2104 1248 2131 ους
1272 2089 1359 2124 εἶναι

354 2137 508 2172 πάντων.
542 2137 655 2170 Τοῦτο
679 2131 710 2168 δ’
732 2130 918 2178 ἀδύνατον,
938 2136 967 2169 εἰ
986 2134 1135 2179 θήσομεν
1162 2136 1298 2175 αληθεῖς
1315 2133 1361 2168 εἷ-

353 2194 410 2215 ναι
434 2182 499 2220 τοὶς
523 2180 664 2225 πρώτας
690 2179 865 2218 ὑποθέσεις
888 2182 946 2212 καὶ
969 2178 1063 2233 μήτε
1086 2179 1128 2212 τό
1150 2180 1249 2214 κοίτω
1266 2179 1360 2226 φερό-

354 2238 454 2272 μενον
479 2226 524 2264 εἰς
552 2225 690 2267 ἄπειρον
715 2219 913 2270 ἐνδέχεσθαι
937 2222 1094 2269 φερεσθαι
1118 2224 1208 2268 μήτε
1230 2225 1272 2258 τό
1291 2225 1359 2258 ἀνω

352 2271 452 2305 κατὰ
475 2271 536 2304 τὸν
561 2269 669 2303 αὐτόν
692 2268 734 2302 λό
761 2280 810 2302 ον.
844 2264 1035 2302 Ἀδύνατον
1066 2268 1132 2314 γάρ
1163 2268 1316 2316 γίνεσθαι
1343 2269 1360 2301 ὃ

353 2316 402 2362 μὴ
428 2310 611 2360 ἐνδέχεται
634 2312 734 2360 γενέσ
757 2325 808 2355 αι,
829 2314 952 2367 ὁμοίως
978 2311 1034 2346 ἐπὶ
1060 2314 1122 2346 τοῦ
1143 2309 1277 2347 τοιόνδε
1301 2316 1359 2346 καὶ

354 2355 498 2394 τοσόνδε
521 2361 581 2391 καὶ
606 2359 670 2391 τοῦ
695 2359 774 2391 ποῦ.
813 2359 859 2390 Ae
885 2371 911 2389 ω
935 2352 988 2396 δ’,
1015 2357 1043 2389 εἰ
1069 2353 1242 2392 ἀδύνατον
1267 2357 1361 2405 γενέ-

353 2404 434 2438 σθαι
451 2404 572 2436 λευκᾶν
594 2401 616 2439 ἧ
638 2406 809 2448 πηχυαῖον
831 2401 852 2439 ἦ
871 2414 904 2434 εν
929 2401 1104 2448 Αἰγύπτῳ,
1125 2405 1183 2435 καὶ
1207 2403 1359 2450 γίνεσθαί

354 2461 389 2483 τι
414 2448 549 2482 τούτων
584 2442 772 2481 ἀδύνατον.
808 2441 1002 2478 Ἀδύνατον
1028 2445 1094 2489 ἀρα
1120 2450 1178 2479 καὶ
1203 2446 1360 2493 φέρεσθαι

354 2494 426 2527 beet
449 2493 497 2526 οὗ
512 2491 615 2538 μηθὲν
641 2489 790 2524 δυνατὸν
817 2489 992 2534 ἀρικέσθαι
1015 2490 1208 2534 φερόμενον.

278 2536 359 2571 Ἔτι
383 2539 413 2571 εἰ
432 2539 495 2578 καὶ
518 2533 768 2581 διεσπασμένον
794 2536 902 2577 ἐστίν,
929 2530 1027 2568 οὐδὲν
1052 2533 1162 2571 ἧττον
1178 2531 1356 2582 ἐνδέχοιτ’

357 2581 397 2616 ἂν
421 2582 464 2616 τὸ
489 2581 524 2623 ἐξ
551 2581 715 2615 ἁπάντων
742 2582 807 2625 πῦρ
834 2580 972 2625 ἀπειρον
997 2576 1096 2612 εἶναι.

281 2627 394 2660 {Aua
416 2627 515 2672 σῶμα
539 2623 579 2664 ἧν
608 2626 652 2659 τὸ
681 2623 799 2669 ποίντῃ
830 2620 1013 2658 διάστασιν
1047 2622 1063 2656 ἔ
1091 2635 1144 2657 ον·
1171 2624 1260 2659 ὥστε
1291 2625 1360 2663 πῶς

356 2670 468 2705 οἷόντε
493 2672 599 2704 πλείω
624 2669 684 2715 μὲν
711 2669 871 2714 ἀνόμοια,
897 2669 1045 2702 ἕκαστον
1092 2670 1101 2679 “
1122 2669 1237 2703 αὐτῶν
1265 2669 1362 2702 ἀπει-

356 2727 412 2762 ρον
437 2712 545 2757 εἶναις
571 2714 689 2758 πάντῃ
713 2714 779 2762 γάρ
806 2713 953 2748 ἕκαστον
977 2709 1031 2746 δεῖ
1054 2715 1192 2757 ἄπειρον
1213 2711 1312 2746 εἶναι.

1206 1953 1360 1991 έδεικται

282 2796 394 2831 'ulei
415 2796 482 2841 μήν
508 2791 587 2828 οὐδὲ
611 2795 680 2828 πᾶν
710 2794 905 2839 ὁμοιομερές
936 2789 1011 2826 ἒνδέ
1037 2806 1117 2827 εται
1149 2795 1192 2827 τὸ
1222 2795 1359 2839 ἄπειρον

355 2837 455 2873 εἶναι.
481 2840 616 2886 Πρῶτον
641 2838 701 2884 μὲν
726 2839 792 2886 γάρ
813 2837 875 2871 οὐκ
893 2837 985 2872 ἔστιν
1049 2840 1091 2876 λη
1110 2839 1206 2884 παρά
1221 2838 1358 2876 ταύτας

354 2887 493 2923 κίνησις.
527 2883 619 2926 'Eget
645 2881 702 2916 οὖν
726 2886 806 2928 μίαν
831 2881 979 2916 τούτων.
1014 2883 1052 2915 Εἰ
1076 2878 1114 2916 δὲ
1139 2884 1261 2925 τοῦτο,
1279 2895 1362 2928 συμ-

357 2927 505 2971 βήσεται
531 2927 552 2966 ἦ
578 2928 680 2974 βάρος
707 2928 843 2973 ἄπειρον
869 2926 891 2964 ἦ
920 2926 1121 2972 κουφότητα
1145 2925 1231 2960 εἶναι
1265 2927 1362 2960 ἀπει-

357 2985 426 3017 ρον.
461 2972 573 3005 Ἀλλά
604 2972 671 3018 μήν
696 2967 767 3004 οὐδ’
794 2971 907 3005 οἶόντέ
932 2971 974 3005 τό
997 2971 1107 3013 κύκλῳ
1138 2973 1237 3017 σῶμα
1266 2983 1304 3015 φε
1328 2971 1360 3004 ό-

357 3028 456 3062 μενον
483 3017 562 3050 ἄπει
583 3027 632 3050 ον.
667 3011 859 3049 Ἀδύνατον
884 3015 950 3063 γάρ
975 3016 1017 3049 τό
1045 3016 1182 3061 α”πειρον
1203 2985 1360 3060 φέρεσθαι

356 3060 486 3102 κύκλῳ·
512 3061 552 3093 οὗ
575 3060 698 3116 ὲνχάρ
729 3055 881 3106 διαφέρει
912 3061 1019 3094 τοῦτο
1050 3061 1160 3108 λέγειν
1186 3059 1208 3098 ἦ
1232 3061 1275 3094 τό
1300 3061 1360 3094 τὸν

358 3105 500 3150 οὐρανόν
532 3104 638 3148 φάναι
670 3116 807 3150 απειρον
839 3101 949 3146 εἶναι,
975 3106 1083 3138 τοῦτο
1113 3100 1153 3138 δὲ
1184 3101 1360 3139 δέδεικται

358 3149 414 3183 ὅτι
440 3148 626 3182 ἀδύνατον.

283 3194 395 3227 ’Anat
418 3194 484 3239 μήν
507 3188 575 3225 οὐδ’
600 3191 684 3230 ὅλως
700 3204 739 3239 γε
756 3193 800 3225 τὸ
819 3193 956 3235 ἄπειρον
977 3188 1158 3238 ἐνδέχεται
1180 3192 1357 3226 κινεῖσθαι.

347 3238 397 3271 ’Ἦ
420 3238 484 3285 γάρ
509 3237 606 3271 κατά
628 3236 725 3281 φύσιν
748 3236 986 3279 κινηθήσεται,
1004 3236 1025 3275 ἦ
1049 3238 1125 3279 βία·
1149 3239 1208 3270 καὶ
1232 3238 1260 3269 εἰ
1285 3238 1358 3280 βία,

358 3283 451 3316 ἔστιν
469 3283 564 3323 αὐτῷ
585 3282 645 3313 καὶ
666 3282 686 3318 ἧ
707 3281 805 3314 κατά
819 3280 929 3324 φύσιν,
947 3281 1036 3315 ὥστε
1055 3284 1114 3314 καὶ
1132 3281 1239 3320 τόπος
1258 3282 1360 3320 ἄλλος

357 3323 441 3365 ἴδιος
467 3327 513 3365 εἰς
539 3327 574 3359 ὃν
599 3325 812 3363 οἰσθήσεται.
850 3325 962 3358 Τοῦτο
987 3321 1019 3358 δ’
1049 3322 1234 3358 ἀδύνατον.

347 3469 498 3498 Smoms.
514 3483 553 3491 —
572 3477 596 3497 1.
610 3468 824 3505 Argumentum
845 3472 874 3494 et
894 3465 997 3494 divisio
1017 3471 1120 3494 textus.
1134 3482 1156 3488 -
1175 3473 1203 3494 2.
1223 3466 1362 3504 Epilogus

293 3518 398 3538 eorum
412 3517 487 3546 quae
507 3508 538 3536 in
557 3508 621 3537 leet.
635 3516 667 3536 1x
688 3514 716 3536 et
733 3516 813 3544 seqq.
828 3506 905 3534 dicta
918 3512 994 3534 sunt.
1007 3521 1029 3528 -
1048 3506 1074 3534 3.
1097 3506 1176 3541 Quid
1195 3505 1362 3537 immediate

292 3555 381 3578 restet
401 3548 575 3577 dicendum:
603 3547 743 3576 nimirum
770 3547 956 3584 probandum
984 3551 1028 3574 est
1053 3545 1253 3574 universaliter
1280 3546 1362 3583 quod

1480 819 1517 839 ea
1540 819 1622 850 quae
1646 810 1823 840 secundum
1846 818 1980 850 partem,
2004 810 2241 851 speculantibus
2264 810 2326 841 hoc
2349 811 2460 842 modo.

1412 853 1453 884 Et
1476 853 1693 884 universaliter
1708 853 1954 893 intendentibus,
1978 865 2045 885 non
2068 855 2175 886 solum
2191 855 2367 885 secundum
2387 855 2482 886 ratio-

1480 907 1536 928 nes
1560 907 1612 928 eas
1635 907 1718 938 quae
1737 898 1769 928 in
1786 898 1875 928 dictis
1899 909 1917 929 a
1940 899 2032 929 nobis
2049 899 2129 930 circa
2152 898 2307 939 principia
2323 897 2483 942 (determi-

1480 949 1592 972 natum
1616 949 1663 973 est
1685 941 1771 972 enim
1802 948 1832 972 et
1854 942 1897 972 ibi
1925 943 2141 974 universaliter
2172 942 2260 983 prius
2288 943 2327 973 de
2356 942 2483 974 infinito

1480 986 1649 1027 quomodo
1673 992 1719 1017 est
1742 993 1773 1017 et
1796 987 1963 1027 quomodo
1987 997 2054 1018 non
2079 985 2154 1027 est),
2178 987 2234 1018 sed
2257 997 2343 1018 nunc
2367 994 2398 1019 et
2421 987 2483 1018 alio

1480 1030 1592 1061 modo.

1412 1074 1520 1106 *Post
1542 1074 1620 1105 haec
1643 1081 1751 1105 autem
1774 1074 2005 1105 intendendum
2033 1082 2158 1114 utrum,
2182 1075 2208 1106 si
2232 1086 2299 1106 non
2322 1074 2484 1107 infinitum
2511 1082 2520 1091 ·

1480 1118 1613 1159 quidem
1637 1128 1754 1159 corpus
1778 1119 1867 1159 quod
1891 1129 1998 1157 omne,
2023 1120 2077 1150 sed
2100 1126 2207 1150 tamen
2229 1120 2334 1150 adhuc
2357 1127 2483 1151 tantum

1480 1162 1613 1204 quidem
1637 1169 1674 1194 ut
1689 1162 1813 1203 possint
1836 1173 1902 1193 esse
1926 1163 2032 1204 plures
2048 1164 2134 1195 caeli.
2158 1164 2253 1195 Forte
2270 1163 2357 1195 enim
2372 1163 2484 1205 utique

1481 1206 1553 1247 quis
1575 1206 1637 1237 hoc
1654 1207 1827 1245 dubitabit,
1852 1207 2017 1248 quoniam,
2035 1209 2310 1249 quemadmodum
2333 1208 2390 1249 qui
2404 1208 2485 1239 circa

1480 1261 1541 1282 nos
1560 1251 1701 1282 mundus
1717 1251 1908 1282 constitutus
1924 1258 1981 1290 est,
2001 1252 2079 1282 nihil
2094 1253 2241 1292 prohibet
2257 1259 2288 1284 et
2308 1253 2387 1283 alios
2403 1262 2483 1291 esse,

1480 1295 1588 1336 plures
1619 1295 1750 1336 quidem
1774 1305 1861 1334 uno,
1886 1306 1952 1326 non
1983 1303 2091 1327 tamen
2119 1296 2270 1328 infinitos.
2293 1297 2311 1316 *
2338 1296 2483 1328 Primum

1480 1346 1588 1370 autem
1612 1339 1754 1370 dicamus
1778 1339 1993 1371 universaliter
2017 1341 2055 1371 de
2078 1340 2214 1372 infinito.

1413 1383 1430 1402 *
1448 1384 1582 1414 Necesse
1605 1383 1712 1424 itaque
1736 1394 1851 1424 corpus
1883 1394 1980 1414 omne
2008 1391 2062 1415 aut
2089 1384 2250 1416 infinitum
2273 1395 2340 1416 esse
2363 1391 2418 1416 aut
2447 1383 2483 1415 fi-

1480 1427 1601 1466 nitum;
1625 1434 1656 1459 et
1671 1428 1698 1458 si
1720 1427 1892 1465 infinitum,
1909 1435 1964 1459 aut
1986 1439 2275 1460 anomoeomerum
2296 1435 2403 1460 totum
2429 1435 2485 1460 aut

1480 1471 1769 1510 homoeomerum3
1786 1479 1817 1503 et
1832 1472 1942 1513 utique
1959 1473 1984 1502 si
2000 1482 2300 1512 anomoeomerum,
2319 1478 2374 1504 aut
2396 1482 2434 1503 ex
2448 1472 2484 1503 fi-

1480 1516 1554 1547 nitis
1577 1516 1742 1556 speciebus
1761 1523 1816 1547 aut
1839 1526 1875 1547 ex
1898 1515 2039 1548 infinitis.

1412 1560 1430 1580 *
1446 1560 1546 1598 Quod
1568 1560 1699 1601 quidem
1722 1560 1818 1600 igitur
1833 1570 1900 1591 non
1923 1560 2074 1600 possibile
2091 1567 2137 1592 est
2160 1571 2198 1597 ex
2220 1560 2362 1600 infinitis,
2384 1560 2485 1591 mani-

1481 1604 1610 1643 festum,
1635 1604 1661 1635 si
1683 1604 1756 1646 quis
1778 1604 1872 1635 nobis
1891 1604 1973 1635 sinat
1995 1614 2123 1635 manere
2146 1605 2263 1645 primas
2282 1605 2485 1646 hypotheses.

1481 1648 1593 1679 Finitis
1610 1648 1697 1679 enim
1720 1648 1830 1689 primis
1853 1648 1995 1680 motibus
2012 1649 2225 1688 existentibus,
2245 1659 2371 1680 necesse
2395 1655 2441 1680 est
2457 1655 2487 1680 et

1481 1693 1602 1733 species
1625 1692 1820 1734 simplicium
1844 1703 2018 1734 corporum
2034 1703 2101 1724 esse
2123 1692 2237 1724 finitas.
2253 1693 2394 1734 Simplex
2417 1692 2486 1734 qui-

1482 1737 1555 1768 dem
1572 1737 1658 1768 enim
1673 1737 1729 1778 qui
1745 1736 1896 1777 simplicis
1907 1736 2048 1778 corporis
2062 1744 2188 1768 motus:
2205 1737 2363 1778 simplices
2379 1744 2487 1769 autem

1481 1781 1562 1812 finiti
1577 1787 1687 1812 motus
1711 1788 1799 1812 sunt:
1817 1791 1944 1812 necesse
1957 1788 2066 1813 autem
2085 1791 2210 1823 semper
2226 1788 2353 1813 motum
2372 1782 2487 1813 habere

1482 1836 1580 1856 omne
1603 1835 1720 1866 corpus
1742 1825 1923 1867 physicum.

1415 1869 1478 1902 Sed
1500 1877 1619 1908 tamen,
1643 1870 1670 1900 si
1692 1869 1825 1911 quidem
1847 1879 1885 1900 ex
1907 1869 2004 1901 finitis
2027 1869 2085 1900 erit
2099 1869 2277 1909 infinitum,
2299 1879 2425 1901 necesse
2441 1875 2488 1900 est

1482 1921 1513 1946 et
1536 1914 1676 1955 partium
1699 1923 1962 1955 numquamque
1990 1924 2058 1944 esse
2080 1913 2253 1945 infinitam:
2278 1914 2349 1945 dico
2379 1921 2487 1945 autem

1482 1965 1561 1999 puta
1584 1968 1703 2000 aquam
1727 1965 1757 1989 et
1779 1958 1896 1998 ignem.
1922 1958 1984 1989 Sed
2006 1957 2220 1998 impossibile:
2245 1965 2410 1989 ostensum
2442 1963 2489 1989 est

1483 2003 1570 2033 enim
1588 2002 1745 2044 quoniam
1768 2012 1872 2043 neque
1888 2002 2022 2042 gravitas
2038 2012 2142 2043 neque
2167 2002 2276 2034 levitas
2293 2009 2340 2034 est
2354 2002 2486 2034 infinita.

1414 2047 1432 2066 *
1447 2047 1575 2086 Adhuc,
1600 2046 1813 2078 necessarium
1836 2046 1958 2077 infinita
1980 2046 2199 2087 magnitudine
2219 2056 2285 2077 esse
2301 2046 2397 2077 etiam
2418 2046 2490 2078 loca

1483 2091 1640 2132 ipsarum:
1664 2101 1762 2132 quare
1786 2097 1817 2122 et
1840 2098 1948 2122 motus
1971 2090 2113 2122 infinitos
2137 2101 2205 2122 esse
2233 2091 2390 2122 omnium.
2415 2091 2489 2122 Hoc

1483 2142 1591 2166 autem
1613 2135 1821 2176 impossibile,
1846 2135 1872 2165 si
1896 2144 2056 2175 ponamus
2079 2145 2167 2165 veras
2191 2145 2258 2166 esse
2290 2135 2408 2176 primas
2431 2135 2488 2176 hy-

1483 2179 1651 2220 potheses,
1676 2186 1707 2211 et
1729 2189 1833 2220 neque
1856 2179 1945 2220 quod
1969 2179 2120 2210 deorsum
2143 2179 2242 2210 fertur
2263 2179 2297 2210 in
2327 2178 2489 2210 infinitum

1484 2223 1667 2264 contingere
1690 2223 1772 2262 ferri,
1797 2233 1902 2264 neque
1925 2223 2015 2264 quod
2038 2233 2166 2254 sursum
2189 2223 2288 2254 femur
2310 2225 2489 2254 secundum

1484 2268 1618 2298 eandem
1633 2267 1799 2298 rationem.
1819 2267 2017 2307 Impossibile
2034 2267 2120 2298 enim
2140 2267 2206 2298 fieri
2227 2268 2317 2308 quod
2331 2277 2397 2298 non
2414 2277 2489 2298 con-

1482 2311 1580 2352 tingit,
1597 2311 1717 2342 factum
1740 2318 1828 2349 esse3
1859 2311 2003 2342 similiter
2031 2311 2065 2342 in
2095 2311 2150 2342 tali
2179 2318 2210 2342 et
2239 2318 2328 2342 tanto
2362 2318 2392 2342 et
2421 2312 2488 2343 ubi.

1483 2355 1565 2387 Dico
1589 2363 1708 2394 autem,
1732 2355 1758 2386 si
1781 2355 1979 2395 impossibile
2002 2362 2049 2386 est
2071 2355 2192 2386 factum
2215 2365 2282 2386 esse
2301 2355 2411 2386 album
2433 2362 2489 2387 aut

1485 2400 1620 2431 cubitale
1643 2406 1699 2430 aut
1720 2399 1753 2430 in
1776 2401 1936 2440 Aegypto,
1953 2406 1984 2430 et
2006 2398 2074 2430 fieri
2097 2399 2217 2440 aliquid
2232 2399 2351 2430 horum
2366 2399 2488 2440 impos-

1484 2443 1584 2475 sibile.
1602 2443 1802 2484 Impossibile
1820 2443 1915 2484 igitur
1931 2450 1962 2474 et
1980 2443 2052 2474 ferri
2067 2443 2155 2483 illuc,
2172 2453 2239 2484 quo
2255 2444 2382 2474 nullum
2398 2444 2489 2485 quod

1483 2488 1582 2519 fertur
1605 2487 1758 2529 possibile
1780 2494 1827 2518 est
1850 2487 2023 2529 pervenire.

1416 2533 1434 2552 *
1448 2532 1575 2571 Adhuc,
1599 2532 1625 2563 si
1644 2538 1675 2563 et
1693 2532 1847 2572 discerpta
1867 2538 1952 2570 sunt,
1972 2531 2051 2562 nihil
2073 2531 2180 2562 minus
2201 2532 2362 2572 continget
2377 2531 2488 2573 utique
2515 2539 2524 2548 ·

1485 2587 1522 2608 ex
1545 2576 1696 2607 omnibus
1719 2576 1827 2616 ignem
1849 2574 2011 2606 infinitum
2034 2585 2112 2607 esse.

1415 2621 1434 2642 *
1449 2621 1512 2653 Sed
1535 2631 1652 2662 corpus
1674 2627 1721 2651 est
1735 2620 1878 2661 undique
1895 2619 2102 2651 distensiones
2125 2619 2254 2651 habens.
2275 2620 2385 2661 Itaque
2406 2630 2487 2661 quo-

1483 2666 1585 2696 modo
1601 2664 1752 2706 possibile
1769 2671 1816 2696 est
1831 2665 1924 2706 plura
1937 2664 2070 2706 quidem
2086 2664 2260 2703 dissimilia,
2279 2665 2488 2706 unumquod-

1484 2719 1547 2750 que
1563 2715 1672 2741 autem
1686 2719 1800 2740 eorum
1815 2708 1978 2740 infinitum
1993 2706 2078 2739 esse?
2098 2708 2248 2750 Undique
2267 2709 2354 2740 enim
2369 2719 2487 2740 unum-

1484 2754 1639 2795 quodque
1662 2759 1789 2794 oportet
1811 2752 1973 2784 infinitum
1996 2763 2074 2784 esse.

1414 2798 1505 2830 *Sed
1517 2797 1620 2829 adhuc
1636 2807 1740 2838 neque
1754 2804 1861 2828 totum
1876 2797 2144 2828 homoeomerum
2160 2797 2313 2838 contingit
2327 2796 2487 2828 infinitum

1483 2852 1561 2873 esse.
1586 2841 1732 2873 Primum
1754 2841 1886 2882 quidem
1909 2841 1996 2872 enim
2011 2851 2078 2872 non
2101 2847 2148 2872 est
2162 2841 2243 2871 alius
2266 2847 2387 2882 praeter
2409 2841 2486 2872 istos

1483 2892 1611 2917 motus:
1636 2886 1764 2916 habebit
1795 2885 1891 2925 igitur
1917 2895 2022 2916 unum
2052 2885 2179 2916 horum.
2211 2885 2244 2916 Si
2274 2891 2382 2916 autem
2404 2885 2486 2924 hoc,

1483 2930 1603 2962 accidet
1625 2936 1681 2961 aut
1702 2930 1889 2970 gravitatem
1910 2929 2068 2960 infinitam
2090 2936 2146 2960 aut
2167 2929 2326 2959 levitatem
2349 2939 2416 2959 esse
2438 2929 2485 2959 in-

1483 2974 1617 3005 finitam.
1642 2974 1704 3005 Sed
1727 2973 1831 3004 adhuc
1854 2983 1922 3004 non
1944 2980 1991 3004 est
2012 2973 2163 3014 possibile
2187 2983 2302 3013 corpus
2318 2973 2407 3013 quod
2428 2973 2486 3004 cir-

1484 3018 1658 3050 cumfertur
1675 3025 1683 3048 :
1716 3017 1914 3058 impossibile
1947 3017 2033 3048 enim
2072 3016 2233 3047 infinitum
2275 3015 2485 3048 circumferri:

1484 3063 1564 3094 nihil
1588 3062 1673 3093 enim
1697 3061 1799 3093 differt
1813 3061 1876 3092 hoe
1899 3061 2011 3099 dicere,
2029 3070 2127 3101 quam
2151 3060 2275 3091 caelum
2298 3060 2399 3091 dicere
2414 3060 2485 3091 infi-

1483 3107 1590 3138 nitum
1622 3113 1707 3145 esse;
1735 3106 1798 3136 hoc
1825 3111 1932 3136 autem
1959 3110 2124 3135 ostensum
2147 3111 2194 3135 est
2223 3104 2313 3145 quod
2342 3114 2410 3135 non
2439 3110 2487 3136 est

1484 3151 1646 3192 possibile.

1416 3196 1434 3215 *
1449 3195 1513 3227 Sed
1530 3195 1633 3225 adhuc
1657 3204 1760 3235 neque
1777 3193 1911 3223 omnino
1930 3189 2092 3222 infinitum
2108 3191 2262 3233 contingit
2274 3192 2406 3223 moveri.
2418 3195 2486 3224 Aut

1485 3239 1572 3270 enim
1588 3238 1765 3269 secundum
1788 3243 1934 3267 naturam
1957 3235 2152 3275 movebitur,
2176 3242 2232 3267 aut
2260 3236 2420 3268 violentia.
2444 3237 2487 3268 Et

1485 3283 1511 3313 si
1535 3283 1667 3323 quidem
1697 3281 1849 3311 violentia
1862 3303 1871 3319 ‚
1895 3286 1942 3310 est
1963 3279 2025 3320 ipsi
2048 3286 2079 3310 et
2101 3280 2158 3321 qui
2182 3280 2360 3311 secundum
2393 3287 2485 3312 natu-

1484 3334 1570 3357 ram:
1594 3335 1692 3367 quare
1708 3332 1738 3356 et
1753 3325 1844 3355 locus
1867 3324 1947 3355 alius
1962 3323 2102 3366 aequalis
2124 3324 2158 3354 in
2174 3334 2272 3365 quem
2287 3324 2402 3356 fertur:
2423 3325 2486 3356 hoc

1485 3377 1593 3401 autem
1616 3368 1822 3409 impossibile.

2246 3440 2260 3455 Q

1418 3475 1477 3503 quo
1500 3464 1753 3493 determinandum
1774 3463 1811 3492 sit
1830 3463 1998 3492 immediate
2018 3470 2086 3502 post
2106 3463 2168 3492 ista.
2182 3480 2203 3485 —-
2218 3464 2244 3492 5.
2259 3465 2367 3492 Textus
2386 3463 2485 3492 subdi-

1416 3505 1499 3534 visio.
1521 3504 1620 3533 Primo
1642 3504 1812 3532 ostendetur
1835 3503 2020 3541 propositum
2047 3503 2208 3532 rationibus
2235 3503 2413 3532 naturalibus
2434 3504 2484 3532 de—

1417 3544 1621 3579 monstrativis,
1643 3552 1718 3581 quae
1739 3552 1844 3580 nempe
1866 3549 2020 3572 sumuntur
2040 3552 2074 3572 ex
2087 3543 2210 3581 propriis
2231 3543 2378 3581 principiis
2392 3543 2484 3572 scien-

293 3589 406 3618 nullum
427 3597 534 3625 corpus
555 3587 690 3617 sensibile
710 3593 806 3624 potest
825 3595 888 3615 esse
913 3585 1059 3614 infinitum
1079 3585 1110 3614 in
1130 3591 1205 3614 actu.
1225 3601 1246 3606 -
1264 3594 1295 3621 4.
1317 3586 1361 3614 De
1416 3585 1473 3614 tiae
1493 3583 1646 3620 naturalis3
1661 3583 1766 3612 deinde
1779 3583 1940 3612 rationibus
1953 3583 2063 3621 logicis.
2077 3583 2215 3612 Rationes
2229 3590 2326 3612 autem
2340 3583 2483 3612 naturales

2510 802 2533 820 et
2547 802 2602 821 text.
2617 805 2653 827 54-

2536 1080 2605 1103 Text.
2622 1087 2654 1110 55.

2512 1302 2521 1311 ·
2535 1301 2605 1324 Text.
2619 1302 2656 1330 56.

2509 1390 2519 1399 '
2535 1388 2593 1417 cap.
2606 1395 2648 1412 vn.

2512 1566 2521 1574 '¹
2537 1564 2606 1586 Text.
2620 1570 2655 1593 57.

2515 2054 2524 2063 ·
2540 2052 2608 2075 Text.
2623 2053 2658 2081 58.

2539 2538 2606 2560 Text.
2621 2544 2658 2567 59.

2514 2628 2524 2638 '¹
2538 2627 2610 2649 Text.
2625 2627 2665 2650 60.

2515 2805 2524 2815 ·
2539 2804 2607 2826 Text.
2622 2803 2655 2826 61.

2513 3200 2522 3209 '
2537 3199 2606 3221 Text.
2621 3199 2658 3222 62.
