2554 4062
201 281 282 307 XXVI

201 355 428 406 generatur
465 361 584 395 arca,
623 350 767 401 potest
801 343 882 384 dici
917 341 1036 396 quod
1069 340 1232 395 lignum
1267 343 1332 378 est
1365 350 1473 378 arca.
1499 336 1546 377 Si
1572 348 1677 391 ergo
1714 347 1767 375 ex
1791 346 1878 374 non
1913 337 2010 372 ente
2044 330 2294 400 simpliciter
2314 343 2394 387 ge-

202 418 371 454 neratur
404 424 490 458 ens,
514 422 665 450 verum
689 407 765 448 erit
788 406 928 446 dicere
951 402 1069 457 quod
1105 415 1192 442 non
1216 414 1291 441 ens
1315 399 1470 446 existit,
1497 398 1609 439 idest
1643 403 1709 438 est
1742 410 1841 445 ens;
1866 394 1986 450 quod
2012 399 2078 434 est
2101 393 2394 463 contrad1cto-

201 475 261 515 ria
295 486 387 514 esse
421 472 546 513 simul
568 483 681 510 vera.
707 469 778 510 Sic
802 479 907 522 ergo
931 465 1101 505 videtur
1123 469 1165 503 et
1185 461 1445 502 antecedens
1469 473 1565 501 esse
1589 459 1868 515 impossibile,
1894 457 2054 498 scilicet
2083 455 2204 510 quod
2217 455 2393 525 ’aliquid

200 541 427 591 generetur
459 532 703 587 simpliciter
736 544 787 571 ex
821 542 907 569 non
942 532 1038 567 ente
1063 525 1133 579 (ib.
1158 539 1197 565 n.
1222 525 1278 579 3).
1311 541 1325 560 »
1356 522 1489 576 Quod
1523 528 1681 571 autern,
1705 521 1741 562 si
1776 521 1901 562 detur
1932 518 2156 576 generatio
2190 518 2388 573 Simplex,

200 603 403 651 sequatur
435 594 594 649 aliquid
626 591 818 649 generari
842 603 894 630 ex
917 602 1004 629 non
1036 593 1133 628 ente
1166 586 1424 641 simpliciter,
1450 586 1532 626 hoc
1556 584 1692 625 modo
1717 583 1968 624 ostenditur.
2000 599 2015 618 α
2046 581 2168 623 Sicut
2190 593 2237 621 se
2261 580 2394 621 habet

198 658 417 715 generatio
452 655 663 712 quaedam
697 654 751 694 ad
786 665 872 693 non
907 664 982 691 ens
1016 648 1205 704 aliquod,
1230 649 1291 689 sic
1325 661 1372 689 se
1406 648 1537 688 habet
1567 646 1792 703 generatio
1827 644 2076 701 simpliciter
2108 643 2164 684 ad
2188 656 2283 712 non·
2313 646 2391 683 'ens

197 721 450 775 simpliciter.
486 718 574 760 Sed
606 715 825 772 generatio
860 712 1085 767 quaedam,
1122 711 1233 752 idest
1266 710 1506 752 secundum
1541 723 1672 764 quam
1707 708 1870 763 aliquid
1904 707 2056 748 dicitur
2087 719 2285 763 generari
2316 718 2387 746 εθ-

198 783 383 823 cundum
419 781 532 835 quid,
559 785 695 820 estex
729 790 815 817 non
850 782 947 816 ente
981 774 1186 829 quodam,
1215 780 1319 828 puta
1354 786 1406 813 ex
1441 786 1529 813 non
1562 772 1676 821 albo,
1713 783 1811 812 curn
1845 770 1893 811 fit
1925 769 2088 824 aliquid
2122 769 2281 816 album,
2316 774 2391 809 aut

198 859 250 885 ex
282 858 368 885 non
402 844 531 890 bono,
557 854 652 881 cum
675 839 721 880 fit
743 837 904 892 aliquid
928 838 1104 878 bonurn.
1129 837 1249 891 Ergo
1273 834 1521 890 simpliciter
1542 831 1780 890 generatio,
1805 832 2046 874 secundum
2070 844 2202 887 quarn
2226 829 2390 900 aliquid

197 906 347 947 dicitur
374 903 565 960 generari
589 901 843 956 simpliciter,
869 906 933 940 est
956 912 1009 939 ex
1031 898 1277 953 simpliciter
1307 910 1395 937 non
1431 902 1528 937 ente
1552 896 1623 951 (ib.
1649 910 1688 937 n.
1708 896 1764 950 4).
1800 913 1815 933 ›
1843 918 1863 926 -
1885 894 2117 936 Neminem
2141 895 2244 935 latet
2266 894 2390 934 obie-

194 969 377 1009 ctionem
400 968 534 1014 istam,
560 977 669 1019 quae
693 963 829 1018 tangit
852 962 1044 1002 intimam
1064 967 1258 1001 naturam
1293 958 1474 999 subiecti
1500 972 1553 999 ex
1575 972 1664 1012 quo
1699 971 1766 998 res
1790 958 2005 998 naturales
2038 970 2116 1012 per
2137 956 2386 1013 generatio-

194 1043 290 1070 nem
314 1029 402 1069 fieri
437 1028 641 1074 dicuntur,
667 1039 754 1066 non
771 1024 966 1065 ultimum
1001 1024 1144 1063 locum
1178 1021 1338 1062 habere
1367 1021 1475 1061 inter
1509 1020 1779 1061 difficultates
1813 1032 1925 1074 quae
1961 1026 2112 1060 contra
2146 1019 2388 1060 doctrinam

191 1091 506 1146 peripateticam
540 1089 581 1129 in
604 1088 682 1128 hac
717 1087 893 1128 materia
915 1085 1080 1126 moveri
1114 1084 1266 1125 solent.
1293 1082 1537 1123 Audiamus
1563 1095 1668 1138 ergo
1693 1082 1923 1136 quomodo
1946 1095 1973 1123 a
1995 1082 2050 1123 D.
2075 1082 2260 1131 Thoma,
2286 1094 2385 1122 cum

194 1153 433 1199 Aristotele,
469 1151 688 1206 proposita
723 1149 947 1189 difficultas
970 1148 1174 1188 solvatur.
1206 1163 1220 1183 α
1252 1145 1498 1186 Dicendum
1522 1144 1643 1199 quod
1676 1144 1926 1198 simpliciter
1957 1151 2191 1199 generatur
2223 1143 2409 1202 aliqui-d-

191 1215 379 1269 quodam
413 1213 544 1254 modo
579 1226 632 1253 ex
666 1225 753 1252 non
788 1217 909 1259 ente,
949 1210 1032 1250 alio
1067 1209 1201 1250 modo
1237 1221 1290 1248 ex
1325 1214 1442 1248 ente:
1478 1212 1651 1262 oportet
1682 1206 1796 1247 enim
1840 1206 1943 1247 illud
1978 1207 2100 1260 quod
2137 1207 2389 1261 praeexistit

188 1276 464 1332 generationi,
490 1288 584 1316 esse
617 1273 809 1329 potentia
842 1286 930 1321 ens,
955 1278 1051 1313 actu
1074 1278 1216 1312 autem
1251 1283 1339 1311 non
1365 1283 1453 1311 ens,
1478 1270 1535 1310 Et
1568 1269 1625 1310 ita
1647 1281 1800 1310 verum
1835 1274 1900 1310 est
1933 1268 2054 1323 quod
2088 1268 2244 1310 dicitur
2271 1275 2386 1310 utro·

189 1353 273 1393 que
307 1338 461 1379 modo:
497 1337 654 1377 scilicet
687 1335 806 1391 quod
839 1335 1061 1390 generatio
1096 1333 1344 1388 simpliciter
1375 1332 1430 1373 sit
1463 1345 1517 1372 ex
1551 1338 1660 1381 ente,
1685 1338 1728 1372 et
1761 1344 1815 1372 ex
1858 1344 1947 1372 non
1982 1337 2080 1372 ente
2110 1331 2182 1385 (ib.
2207 1345 2247 1372 n.
2275 1332 2330 1387 7).
2362 1349 2378 1369 ι

188 1401 318 1454 Quod
352 1407 494 1440 autem
527 1399 629 1440 illud
664 1398 783 1453 quod
815 1397 1062 1452 praeexistit
1094 1395 1374 1452 generationi,
1408 1400 1607 1450 oporteat
1640 1406 1736 1435 esse
1768 1406 1846 1435 ens
1880 1394 1922 1434 in
1956 1393 2167 1449 potentia,
2193 1407 2282 1435 non
2305 1407 2384 1436 au-

185 1470 272 1503 tem
306 1476 381 1503 ens
415 1463 456 1502 in
490 1468 597 1510 actu,
622 1461 891 1501 manifestum
925 1465 1010 1500 est:
1035 1472 1134 1499 nam
1176 1477 1188 1494 ‹
1213 1457 1436 1514 generatio
1456 1462 1522 1498 est
1553 1457 1626 1498 via
1660 1456 1714 1498 de
1748 1470 1837 1498 non
1860 1469 1958 1498 esse
1981 1455 2037 1498 ad
2061 1469 2179 1498 esse:
2205 1463 2248 1498 et
2280 1456 2383 1499 ideo

187 1525 288 1566 illud
330 1524 574 1579 simpliciter
606 1529 846 1579 generatur,
870 1521 990 1576 quod
1023 1521 1204 1576 acquirit
1237 1534 1332 1562 esse
1363 1519 1430 1560 cui
1465 1532 1552 1560 non
1586 1520 1950 1575 praesupponitur
1981 1519 2098 1560 aliud
2133 1532 2242 1561 esse.
2277 1519 2382 1561 Nou

186 1587 299 1628 enim
333 1587 379 1627 fit
421 1587 539 1641 quod
574 1592 652 1626 est:
687 1585 802 1626 unde
836 1584 956 1639 quod
990 1584 1073 1624 iam
1108 1590 1184 1632 est,
1209 1597 1296 1624 non
1330 1588 1475 1638 potest
1506 1581 1704 1638 generari
1738 1582 1998 1637 simpliciter,
2023 1581 2102 1623 sed
2136 1581 2381 1624 secundum

187 1649 288 1703 quid
323 1649 430 1702 (lect.
459 1661 514 1696 rx,
551 1662 590 1689 n.
617 1648 670 1702 2).
702 1665 716 1684 »
741 1671 759 1678 -
779 1647 869 1688 Sed
902 1647 937 1687 si
971 1647 1029 1687 ita
1062 1660 1129 1687 res
1162 1659 1210 1686 se
1243 1646 1385 1694 habet,
1415 1645 1610 1699 sequitur
1643 1644 1764 1699 quod
1798 1644 1903 1685 illud
1937 1658 1991 1685 ex
2025 1657 2114 1699 quo
2148 1650 2383 1701 generatur

184 1711 442 1759 substantia,
472 1716 513 1751 et
550 1710 592 1750 in
626 1709 745 1764 quod
779 1715 1083 1750 transmutatur
1116 1707 1292 1763 quando
1338 1707 1644 1762 corrumpitur,
1680 1720 1770 1748 non
1807 1707 1864 1748 sit
1904 1707 2148 1748 substantia
2180 1708 2224 1749 in
2257 1713 2378 1756 actu,

184 1773 261 1814 sed
294 1773 434 1814 solum
474 1773 515 1813 in
550 1772 751 1827 potentia.
788 1773 898 1813 Cum
934 1785 1038 1826 ergo
1074 1777 1260 1825 nequeat
1303 1783 1399 1811 esse
1433 1776 1530 1811 actu
1575 1769 1737 1824 aliquid
1771 1769 1955 1811 aliorum
2002 1770 2379 1825 praedicamento·

184 1849 299 1883 rum,
335 1849 387 1875 eo
422 1835 541 1889 quod
575 1834 809 1875 accidentia
842 1834 1085 1875 naturaliter
1118 1839 1338 1887 nequeunt
1371 1846 1467 1874 esse
1501 1839 1699 1887 separata
1726 1846 1752 1873 a
1785 1832 2048 1882 substantia,
2084 1832 2195 1874 redit
2226 1833 2380 1875 incon-

183 1898 360 1938 veniens
394 1897 513 1951 quod
536 1897 670 1938 vitare
703 1897 931 1945 voluimus,
956 1896 1116 1937 scilicet
1138 1895 1257 1950 quod
1291 1896 1334 1936 in
1356 1894 1537 1950 simplici
1561 1894 1843 1950 generatione
1866 1908 2019 1936 revera
2043 1901 2277 1952 generetur
2307 1894 2379 1938 ali-

185 1959 287 2013 quid
312 1973 364 2000 ex
398 1959 550 2000 nihilo:
586 1959 705 2014 quod
740 1959 852 1999 enim
886 1972 974 1999 non
1009 1965 1074 1999 est
1106 1964 1202 1999 actu
1236 1958 1477 1998 substantia
1510 1958 1580 1998 vel
1620 1957 1838 2007 accidens,
1875 1971 1963 1999 non
1998 1958 2162 2007 existit,
2197 1958 2278 2000 sed
2312 1964 2379 2000 est

184 2022 349 2062 realiter
382 2021 481 2062 nihil
505 2021 568 2075 (cf.
593 2022 754 2070 lect.v1‚
774 2035 813 2062 n.
845 2020 925 2076 10).
950 2021 1010 2061 At
1032 2021 1137 2061 haec
1159 2020 1359 2061 instantia
1393 2033 1457 2079 ex·
1481 2033 1533 2061 eo
1568 2020 1780 2075 provenit,
1806 2020 1927 2075 quod
1950 2020 1992 2061 in
2015 2021 2213 2062 subiecto
2243 2034 2379 2077 gene-

183 2084 359 2124 rationis
393 2097 479 2124 non
511 2083 786 2139 distinguitur
829 2083 871 2124 id
906 2082 1025 2137 quod
1059 2083 1169 2124 inest
1213 2083 1250 2123 ei
1283 2096 1361 2138 per
1393 2096 1468 2131 se,
1504 2089 1546 2124 et
1578 2082 1622 2123 id
1669 2082 1790 2137 quod
1825 2083 1862 2124 ei
1898 2083 2009 2124 inest
2052 2097 2130 2139 per
2162 2083 2378 2127 accidens.

193 2165 205 2181 ‹
238 2146 467 2186 Generatio
502 2147 670 2198 (enim)
704 2159 779 2200 per
810 2159 858 2186 se
892 2145 1068 2200 quidem
1097 2152 1161 2186 est
1194 2158 1247 2186 ex
1282 2151 1378 2186 ente
1412 2146 1454 2186 in
1488 2145 1691 2200 potentia,
1717 2145 1829 2186 idest
1862 2159 1916 2186 ex
1949 2146 2140 2195 materia,
2164 2159 2279 2202 quae
2313 2153 2381 2195 est

183 2208 292 2248 sicut
332 2208 572 2249 subiectum
615 2221 756 2249 rerum
800 2208 1076 2248 naturalium:
1112 2208 1265 2248 accidit
1298 2208 1412 2249 enim
1460 2207 1664 2248 materiae
1698 2221 1751 2248 ex
1795 2221 1883 2263 qua
1924 2208 2089 2263 aliquid
2121 2215 2387 2265 generatur,.

182 2269 302 2324 quod
325 2270 379 2310 sit
411 2271 602 2311 subiecta
628 2270 746 2311 alteri
780 2270 954 2318 formae,
993 2270 1231 2311 secundum
1266 2283 1397 2324 quam
1432 2276 1497 2311 est
1530 2283 1607 2311 ens
1640 2276 1750 2319 actu,
1782 2277 1825 2312 et
1857 2270 2089 2326 privationi
2122 2272 2288 2314 formae
2311 2272 2381 2315 in·

183 2331 413 2380 ducendae,
438 2332 674 2373 secundum
709 2346 837 2387 quam
867 2338 931 2372 θεῖ
963 2345 1051 2372 non
1074 2345 1150 2373 ens
1184 2339 1298 2374 actu:
1331 2339 1373 2374 et
1406 2332 1505 2374 ideo
1541 2333 1800 2374 Aristoteles
1835 2333 1937 2374 dicit
1969 2334 2011 2375 in
2045 2334 2062 2375 1
2096 2335 2290 2388 Phys-th,
2322 2348 2379 2378 ex

182 2400 276 2434 ente
310 2394 483 2448 quidem
517 2401 612 2435 actu
645 2408 720 2450 per
753 2394 964 2443 accidens,
995 2407 1047 2435 ex
1079 2401 1176 2436 ente
1209 2401 1354 2436 autern
1389 2395 1431 2436 in
1455 2395 1650 2450 potentia
1683 2408 1760 2451 per
1791 2409 1852 2437 se.
1877 2397 1934 2438 Et
1965 2396 2160 2439 similiter
2182 2411 2377 2440 corrum-

180 2456 290 2510 pitur
322 2456 481 2510 aliquid
514 2470 590 2512 per
621 2469 668 2498 se
701 2457 877 2511 quidem
911 2457 953 2498 in
989 2470 1064 2498 ens
1098 2457 1312 2512 potentia:
1348 2458 1469 2512 quod
1493 2457 1670 2512 quidem
1705 2458 1928 2500 subiicitur
1963 2465 2005 2500 et
2037 2460 2157 2501 alteri
2197 2460 2375 2512 formae,

179 2518 414 2559 secundum
448 2533 578 2573 quarn
613 2524 678 2559 est
712 2532 787 2560 ens
821 2525 938 2568 actu,
977 2525 1020 2560 et
1051 2520 1280 2574 privationi
1313 2520 1467 2575 prioris
1502 2520 1691 2569 formae,
1730 2521 1972 2563 secundum
2010 2535 2142 2577 quam
2178 2530 2245 2565 est
2286 2538 2376 2566 non

179 2593 254 2620 ens
288 2587 394 2621 actu.
420 2582 475 2621 Et
508 2581 564 2622 ita
599 2595 686 2622 non
719 2581 913 2636 sequitur
946 2581 1065 2636 quod
1100 2582 1142 2623 id
1176 2582 1297 2637 quod
1322 2583 1607 2638 corrumpitur
1640 2583 1817 2625 secedat
1849 2598 1875 2625 a
1907 2590 1999 2626 tota
2033 2598 2175 2627 rerum
2200 2592 2382 2630 naturaz.

180 2642 278 2696 quia
312 2643 508 2697 quamvis
542 2643 615 2684 fiat
647 2657 735 2684 non
770 2657 846 2684 ens
881 2644 963 2685 hoc
986 2644 1106 2699 quod
1140 2651 1204 2686 est
1238 2652 1497 2701 corruptum,
1522 2652 1715 2687 remanet
1737 2652 1880 2688 tamen
1903 2647 2067 2703 aliquid
2099 2649 2227 2698 aliud,
2253 2650 2376 2705 quod

179 2710 244 2745 est
275 2712 537 2760 generatum.
570 2706 699 2748 Unde
733 2711 821 2747 non
855 2712 999 2761 potest
1032 2708 1208 2748 materia
1242 2721 1463 2750 remanere
1497 2708 1600 2763 quin
1635 2708 1690 2749 sit
1722 2709 1917 2751 subiecta
1949 2711 2074 2752 alicui
2108 2711 2296 2755 formae:
2333 2718 2378 2755 et

179 2766 276 2807 inde
310 2774 373 2808 est
406 2767 526 2822 quod
559 2782 647 2809 uno
682 2774 908 2824 corrupto,
943 2769 1057 2810 aliud
1091 2776 1336 2825 generatur,
1375 2777 1417 2812 et
1449 2785 1537 2812 uno
1571 2778 1803 2827 generato,
1838 2773 1955 2814 aliud
1990 2775 2297 2830 corrumpitur:
2332 2782 2376 2818 et

177 2828 238 2869 sic
272 2830 564 2871 consideratur
602 2830 778 2885 quidam
810 2831 990 2872 circulus
1014 2831 1056 2872 in
1089 2833 1368 2887 generatione
1393 2840 1435 2875 et
1457 2833 1745 2889 corruptione,
1770 2835 1936 2877 ratione
1961 2836 2083 2878 cuius
2116 2837 2249 2878 habet
2270 2838 2374 2894 apti-

178 2890 367 2933 tudinem
390 2893 445 2932 ad
467 2893 792 2948 perpetuitatem
817 2893 925 2947 (lect.
949 2906 1021 2942 v11,
1046 2908 1086 2935 n.
1111 2897 1151 2936 6.
1178 2919 1196 2926 -
1221 2896 1284 2937 Cf.
1304 2897 1321 2936 I
1344 2897 1527 2950 Physic„
1548 2911 1638 2952 cap.
1658 2909 1745 2947 vm,
1765 2912 1805 2940 n.
1823 2900 1851 2940 6
1874 2912 1989 2953 sqq.;
2020 2913 2053 2941 s.
2073 2899 2153 2941 Th.
2174 2900 2267 2943 lect.
2284 2913 2372 2951 x1V,

178 2966 216 2993 n.
242 2955 269 2994 6
302 2955 435 3009 sqq.).
469 2972 482 2991 ³>

300 3017 367 3056 Ex
399 3017 644 3070 praemissis
678 3017 762 3059 iam
796 3025 912 3072 patet
935 3032 1021 3073 qua
1054 3020 1219 3061 ratione
1254 3020 1598 3063 discriminentur
1628 3022 1737 3064 inter
1759 3036 1806 3064 se
1839 3024 2064 3079 generatio
2088 3030 2130 3066 et
2162 3026 2371 3069 alteratio.

178 3075 224 3115 In
258 3078 445 3131 qualibet
478 3079 590 3120 enirn
623 3080 860 3121 mutatione
894 3081 982 3122 duo
1015 3083 1242 3138 praecipue
1276 3083 1590 3126 consideranda
1623 3091 1734 3134 sunt,
1759 3085 2000 3128 subiectum
2036 3087 2157 3142 quod
2191 3088 2247 3130 ab
2282 3102 2371 3131 uno

179 3138 310 3179 modo
335 3141 501 3182 essendi
525 3142 673 3183 transit
694 3142 737 3183 in
760 3143 902 3191 alium,
929 3150 970 3185 et
993 3143 1095 3186 illud
1128 3158 1205 3200 per
1234 3146 1354 3187 cuius
1377 3160 1600 3189 accessum
1624 3148 1692 3189 vel
1717 3161 1935 3190 recessum
1958 3150 2203 3192 subiectum
2228 3151 2371 3206 ipsum

179 3199 296 3241 aliter
329 3214 374 3242 se
397 3202 525 3244 habet
556 3204 670 3258 prius
705 3219 754 3246 ac
788 3206 1025 3260 posteriuS,
1061 3207 1181 3262 quod
1203 3207 1404 3263 sormam
1427 3210 1641 3264 appellare
1677 3211 1997 3254 consuevimus.
2022 3213 2126 3254 Duo
2155 3213 2237 3254 ista
2269 3220 2371 3255 sunt

179 3259 231 3301 de
255 3263 415 3304 ratione
450 3265 671 3307 cuiuslibet
705 3268 963 3317 mutationis,
1001 3275 1042 3310 et
1073 3283 1207 3324 penes
1242 3270 1334 3325 ipsa
1367 3272 1628 3314 attendenda
1662 3280 1727 3315 est
1767 3274 2006 3316 differentia
2039 3275 2149 3316 inter
2185 3288 2369 3330 genera-

178 3322 338 3366 tionem
371 3332 412 3366 et
444 3327 749 3371 alterationem.
773 3331 829 3371 Et
862 3331 1039 3386 quidem
1073 3339 1282 3387 quantum
1317 3334 1371 3374 ad
1406 3334 1508 3375 illud
1543 3336 1663 3390 quod
1703 3350 1783 3378 suo
1818 3337 2010 3379 adventu
2057 3337 2128 3378 vel
2173 3337 2369 3380 discessu

179 3393 324 3427 causat
355 3389 632 3431 mutationem
666 3391 707 3431 in
741 3393 881 3442 rebus,
921 3412 935 3430 «
976 3395 1170 3436 alteratio
1205 3402 1286 3445 est,
1320 3397 1496 3451 quando
1533 3405 1678 3440 manet
1711 3399 1826 3441 idem
1860 3399 2104 3442 subiectum
2138 3400 2367 3443 sensibile:

178 3447 335 3489 scilicet
357 3450 542 3503 quando,
567 3453 679 3494 nulla
713 3456 1066 3498 transmutatione
1100 3457 1142 3498 in
1167 3458 1258 3499 eius
1292 3459 1531 3501 substantia
1565 3461 1684 3509 facta,
1706 3462 1753 3503 fit
1785 3461 2085 3503 transmutatio
2120 3462 2163 3503 in
2197 3463 2367 3518 passio-

179 3509 302 3550 nibus
337 3511 438 3559 eius,
462 3513 620 3555 scilicet
653 3515 693 3556 in
727 3518 1001 3570 qualitatibus
1035 3519 1168 3574 ipsius
1202 3519 1309 3576 (lect.
1335 3535 1374 3570 x,
1400 3536 1438 3563 n.
1466 3524 1521 3577 2).
1547 3523 1736 3576 Quando
1760 3526 1945 3576 (autem)
1970 3530 2035 3565 est
2066 3526 2366 3567 transmutatio

178 3583 264 3612 non
299 3573 437 3615 solum
460 3576 694 3618 seeundum
728 3580 965 3633 passiones,
990 3582 1068 3623 sed
1103 3583 1229 3624 etiam
1253 3585 1492 3627 secundum
1517 3592 1653 3627 totam
1687 3586 1746 3627 rei
1776 3586 2080 3636 substantiam;
2111 3588 2366 3642 inquantum

178 3633 335 3675 scilicet
369 3637 541 3678 materia
573 3640 723 3694 accipit
756 3642 881 3683 aliam
916 3643 1096 3686 sormam
1130 3646 1480 3697 substantialem
1515 3648 1571 3689 ita
1604 3648 1766 3689 scilicet
1799 3648 1919 3703 quod
1955 3662 2042 3690 non
2083 3657 2255 3692 maneat
2288 3651 2366 3693 ali-
