2690 4062
64 1431 77 1455 ,ζ
87 1414 93 1451 ’1
108 1429 144 1451 'u'
159 1428 183 1447 ..μ

66 3010 79 3052 ,μ
103 3018 155 3043 Μ’

1079 278 1191 315 CAP.
1221 279 1307 327 Vll,
1338 272 1490 315 LECT.
1521 279 1592 315 XX
2379 291 2431 316 vu

894 503 898 507 ’
945 511 1247 568 LECTIO
1286 513 1696 570 VIGESIMA

771 680 1025 711 DIVERSITAS
1048 681 1106 711 ET
1131 680 1274 712 CAUSA
1296 682 1595 714 DIVERSITATIS
1618 684 1848 715 AGENTIUM
1872 702 1891 707 -

600 737 881 769 OSTENDITUR
903 737 962 768 AD
987 737 1101 775 QUAS
1125 737 1290 770 CAUSAS
1313 739 1615 771 REDUCANTUR
1636 741 1777 772 AGENS
1800 742 1859 772 ET
1882 742 2063 773 PATIENS

235 882 300 914 Τὸν
326 881 434 915 αὐτὸν
459 875 499 912 δὲ
520 878 624 925 λόγον
648 879 871 917 ὀποληπτέον
896 877 983 913 εἶναι
1007 883 1082 926 περὶ
1108 881 1172 914 τοῦ
1197 884 1305 913 ποιεῖν

301 928 360 958 καὶ
386 924 532 970 πάσχειν
564 926 664 969 ὅνπερ
696 927 755 957 καὶ
785 927 859 968 περὶ
893 925 956 957 τοῦ
987 930 1087 957 κινεῖν
1121 928 1179 958 καὶ
1208 930 1309 958 κινεῖ-

303 970 393 1003 σθαι.
420 969 527 1016 Διχῶς
543 971 609 1018 γάρ
625 968 770 1015 λέγεται
793 971 852 1001 καὶ
870 970 912 1003 τὸ
931 966 1063 1003 κινοῧν·
1091 970 1123 1002 ὲν
1142 970 1166 1012 ᾦ
1184 981 1222 1001 τε
1239 972 1304 1016 γάρ

302 1015 325 1051 ἡ
351 1014 440 1060 ἀρχή
471 1014 535 1052 τῆς
569 1013 752 1055 κινήσεως,
783 1008 879 1046 δοκεῖ
906 1015 1014 1047 τοῦτο
1046 1019 1146 1046 κινεῖν
1173 1014 1216 1059 (ἡ
1239 1016 1304 1061 γάρ

250 1076 253 1079 >
304 1059 394 1104 ἀρχή
419 1058 536 1101 πρώτη
571 1059 637 1092 τῶν
673 1058 833 1101 αἰτίων),
858 1062 916 1091 καὶ
950 1058 1054 1092 πάλιν
1087 1061 1127 1092 τό
1153 1059 1190 1092 ἔσ
1218 1070 1304 1091 οιτον

303 1106 385 1148 πρὸς
410 1104 452 1135 τὸ
476 1103 670 1148 κινούμενον
695 1105 754 1135 καὶ
772 1103 837 1139 τήν
855 1103 998 1150 γένεσιν.
1030 1105 1170 1148 Ὁμοίως
1191 1070 1231 1139 ἑὲ
1246 1106 1304 1137 καὶ

303 1149 378 1192 περὶ
403 1148 467 1180 τοῦ
486 1149 687 1185 ποιοῦντος·
711 1149 769 1179 καὶ
786 1149 851 1193 γάρ
869 1149 929 1181 τόν
946 1147 1066 1192 ἰατρόν
1083 1159 1191 1193 φάμεν
1209 1149 1306 1193 ὀγιά-

301 1192 369 1234 ζειν
394 1195 452 1224 καὶ
478 1194 540 1225 τὸν
565 1189 666 1226 αἶνον.
699 1192 745 1224 Τό
761 1195 822 1235 μὲν
841 1191 898 1226 οὖν
917 1193 1051 1236 πρῶτον
1076 1194 1188 1227 κινοῦν
1208 1193 1304 1228 οὐδὲν

248 1235 481 1271 μ..μιιιιῡλιὶειᾼέν
506 1239 566 1282 μὲν
590 1236 721 1274 κινήσει
748 1237 908 1275 ἀκίνητον
934 1234 1039 1269 εἶναι·
1067 1235 1120 1270 ἐπ’
1149 1237 1242 1270 ἐνίων
1267 1236 1306 1272 δὲ

301 1282 360 1312 καὶ
381 1276 587 1327 ἀνάγκαΐον·
614 1281 656 1314 τὰ
673 1276 704 1312 δ’
725 1281 876 1326 ἔσχατον
895 1282 948 1314 ἀεὶ
973 1285 1074 1313 κινεϊν
1094 1283 1302 1328 κινούμενον.

295 1325 376 1356 Ἐπὶ
413 1321 451 1358 δὲ
485 1326 652 1364 ποιήσεως
681 1325 723 1357 τὸ
755 1327 816 1369 μὲν
850 1326 984 1370 πρῶτον
1020 1325 1168 1369 ἀπαθές,
1196 1329 1238 1360 τὸ
1271 1324 1302 1360 δ’

303 1368 452 1414 ἔσχατον
477 1373 535 1402 καὶ
562 1371 651 1403 αὑτό
677 1369 828 1415 πάσχον·

235 1409 390 1459 ὅσοιῗγάρ
416 1415 463 1459 μή
489 1415 560 1460 ἔχει
585 1416 651 1452 τήν
676 1414 788 1453 αὐτήν
814 1413 910 1455 ὕλην,
937 1418 1029 1446 ποιεῖ
1053 1415 1172 1453 ἀπαθῆ
1199 1417 1302 1459 ὄντα,

290 1458 372 1492 -οῐον
390 1458 412 1495 ἡ
426 1458 586 1504 ἰατρική·
614 1459 707 1497 αὐτή
723 1461 788 1506 γάρ
808 1460 956 1492 ποιοῦσα
974 1459 1104 1505 ὑγίειαν
1124 1456 1221 1494 οὐδέν
1239 1461 1306 1495 πά-

303 1515 379 1560 σχει
405 1504 472 1536 ὐπὸ
498 1505 560 1536 τοῦ
587 1503 822 1550 ύγιαζομένου.
850 1505 896 1536 Τὸ
916 1498 955 1535 δὲ
973 1505 1080 1536 σιτίον
1103 1507 1221 1538 ποιοῦν
1246 1509 1304 1539 καὶ

303 1549 392 1581 οιυτό
411 1547 538 1594 πάσχει
556 1559 608 1581 τι·
627 1547 649 1585 ἦ
666 1549 732 1595 γάρ
748 1548 969 1604 θερμαίνεται
986 1546 1007 1584 ἦ
1021 1547 1171 1594 ψύχεται
1184 1550 1205 1587 ἦ
1220 1550 1305 1583 ἄλλο

304 1605 340 1625 τι
364 1591 492 1638 πάσχει
518 1591 590 1637 ἅμα
616 1594 747 1626 ποιοῦν.
794 1594 878 1624 Εστι
903 1588 941 1624 δὲ
967 1593 987 1628 ἡ
1013 1594 1073 1637 μὲν
1099 1594 1237 1639 ἰατρική
1262 1597 1304 1634 ὠς

303 1635 408 1683 ἀρχῆ,
427 1638 470 1669 ‘cd
490 1633 528 1669 δὲ
544 1637 653 1670 σιτιόν
672 1639 714 1669 τὸ
735 1638 885 1683 ἔσχατον
909 1638 968 1669 καὶ
987 1638 1197 1682 ἀπτόμενον.
1217 1639 1304 1673 ιΌσοι

302 1684 362 1728 μὲν
387 1679 446 1713 οὖν
478 1682 527 1725 μή
552 1682 586 1714 ὲν
617 1680 683 1724 ὕλῃ
716 1681 786 1727 ἔχει
815 1682 880 1719 τήν
912 1680 1062 1726 μορφήν,
1094 1684 1215 1717 ταῦτα,
1244 1686 1305 1730 μὲν

245 1730 249 1734 ’
303 1723 423 1761 ἀπαθῆ
456 1726 524 1758 τῶν
558 1727 763 1768 ποιητικῶν,
796 1725 861 1759 ὅσα
885 1723 915 1758 δ’
943 1723 977 1758 ἐν
1004 1724 1085 1769 ὕλῃ,
1113 1726 1303 1766 παθητικά.

301 1771 371 1807 Τήν
397 1770 456 1814 μὲν
486 1771 551 1817 γάρ
583 1769 664 1808 ὕλην
696 1769 841 1817 λέγομεν
875 1771 996 1815 ὁμοίως
1028 1772 1070 1809 ὥς
1102 1772 1208 1804 εἰπεῖν
1239 1775 1304 1811 τήν

303 1815 416 1852 αὐτήν
441 1811 528 1846 εἶναι
553 1815 619 1846 τῶν
652 1814 892 1860 ἀντικειμένων
919 1816 1024 1848 ὁποτε
1048 1817 1165 1858 ουοῦν,
1192 1815 1305 1863 ὥσπερ

297 1858 399 1906 γένος
426 1857 486 1899 ὄν,
514 1860 554 1891 τό
579 1854 617 1891 δὲ
647 1855 833 1904 δυνάμενον
865 1858 985 1904 θερμὸν
1014 1871 1102 1892 ειναι
1135 1861 1305 1906 παρόντος

304 1905 368 1936 τοῦ
386 1903 611 1947 θερμαντικοῦ
636 1906 694 1936 καὶ
713 1903 962 1947 πλησιάζοντος
983 1904 1113 1950 ἀνάγκη
1133 1904 1305 1950 θερμαίνε-

303 1947 400 1980 σθαι·
427 1945 479 1982 διὸ
503 1946 640 1980 καθάπε
685 1949 842 1993 εἴρηται,
869 1950 917 1981 τά
940 1950 1000 1993 μὲν
1026 1951 1093 1982 τῶν
1119 1953 1305 1988 ποιητικῶν

305 1991 425 2030 ἀπαθῆ
450 1993 499 2024 τά
521 1987 560 2024 δὲ
586 2004 636 2024 ποι
658 1993 775 2030 ητικά.
814 1995 879 2025 Καὶ
904 1992 1017 2038 ὥσπερ
1043 1994 1099 2026 ἐπὶ
1130 1994 1304 2038 κινήσεως,

304 2038 364 2069 τὸν
383 2037 490 2070 αὑτὸν
509 2036 580 2082 ἔχει
605 2038 731 2082 τρόπον
757 2040 814 2070 καὶ
840 2038 896 2070 ἐπὶ
921 2038 988 2070 τῶν
1007 2039 1211 2075 ποιητικῶν·
1239 2041 1309 2073 ἐκεῖ

305 2093 344 2113 τε
369 2083 434 2127 γάρ
467 2082 508 2113 τὸ
542 2080 684 2123 πρώτως
714 2083 826 2114 κινοῦν
859 2080 1042 2124 ἀκίνητον,
1067 2085 1126 2115 καὶ
1155 2084 1211 2116 ἐπὶ
1238 2087 1305 2117 τῶν

304 2126 490 2163 ποιητικῶν
516 2125 557 2156 το“
583 2127 718 2168 πρῶτον
745 2127 863 2160 ποιοῦν
890 2125 1032 2164 ἀπαθές.

226 2168 330 2202 Ἔστι
352 2168 391 2202 δὲ
416 2172 458 2204 τὸ
483 2173 662 2206 ποιητικὸν
689 2172 800 2203 αἴτιον
832 2172 875 2209 ὠς
901 2169 974 2203 ὅθεν
1001 2172 1021 2208 ἡ
1049 2169 1137 2216 ἀρχή
1163 2173 1227 2211 τῆς
1258 2185 1308 2205 κι-

303 2213 448 2253 νήσεως·
475 2216 516 2246 τό
537 2209 566 2246 δ’
588 2215 626 2248 οὗ
648 2214 761 2256 ἕνεκα,
782 2215 820 2247 οὐ
846 2215 1037 2253 ποιητικόν.
1066 2217 1123 2249 Διὸ
1148 2218 1169 2254 ἡ
1196 2218 1307 2264 ύγίεια

305 2259 344 2291 οὗ
371 2258 563 2299 ποιητικόν,
586 2260 614 2291 εἱ
639 2261 687 2304 μή
711 2261 807 2292 κατά
831 2259 1045 2305 μεταφοράν·
1071 2263 1129 2292 καὶ
1154 2263 1219 2315 γάρ
1242 2264 1305 2295 τοῦ

303 2304 364 2347 μὲν
391 2304 570 2340 ποιοῦντος
590 2303 675 2336 ὅταν
695 2303 848 2349 ὑπάρχῃ,
866 2305 1024 2350 γίγνεταί
1041 2315 1075 2335 τι
1093 2306 1135 2337 το
1154 2317 1304 2351 πασχον,

305 2347 374 2379 τῶν
398 2343 427 2379 δ’
456 2346 555 2388 ἕξεων
582 2349 760 2391 παρουσῶν
786 2347 903 2380 οὐκέτι
927 2351 1081 2394 γίνεται,
1110 2350 1182 2382 ἀλλ’
1213 2351 1304 2383 ἔστιν

304 2386 389 2428 ἤδη·
416 2394 465 2424 τά
488 2388 518 2423 δ’
539 2388 611 2429 εἴδη
636 2395 693 2424 καὶ
719 2394 767 2424 τά
791 2392 874 2430 τέλη
899 2391 985 2435 ἕξεις
1011 2393 1111 2431 τινές·

235 2435 259 2472 ἡ
283 2430 312 2467 δ’
335 2435 396 2473 ὕλη
424 2436 444 2478 ᾖ
476 2435 537 2474 ὕλη
571 2436 774 2474 παθητικόν.
811 2439 857 2470 Τὸ
889 2440 948 2482 μὲν
981 2435 1039 2470 οὖν
1070 2439 1134 2482 πῦρ
1170 2438 1240 2484 ἔχει
1270 2440 1304 2472 ἐν

305 2478 368 2522 ὕλῃ
394 2483 436 2512 τό
461 2479 598 2526 θερμόν·
618 2482 646 2514 εὶ
671 2476 710 2514 δέ
730 2493 765 2514 τι
789 2483 839 2520 εἴη
858 2481 976 2527 θερμόν
992 2481 1173 2526 χωριστόν,
1195 2484 1304 2517 τοῦτο

303 2523 398 2557 οὐθὲν
419 2524 457 2558 ἂν
483 2525 625 2570 πάσχοι.
644 2527 756 2559 Τοῦτο
772 2528 834 2570 μέν
853 2524 910 2559 οὖν
929 2529 1007 2564 ἴσως
1026 2524 1199 2561 ἀδύνατον
1217 2523 1304 2560 εἶναι

301 2569 487 2614 χωριστόν·
506 2571 535 2602 εἰ
560 2569 589 2603 δ’
618 2571 711 2603 ἐστὶν
732 2570 805 2603 ἔνια
837 2572 1002 2612 τοιαῦτα,
1023 2572 1075 2605 ἐπ’
1103 2571 1236 2605 ἐκείνων
1263 2570 1303 2606 ἂν

301 2615 352 2651 εἴη
379 2615 421 2646 τᾶ
445 2614 628 2660 λεγόμενον
656 2614 789 2653 ἀληθές.
817 2617 854 2646 Τί
879 2617 941 2660 μέν
967 2614 1024 2649 οὖν
1051 2617 1094 2649 τὸ
1110 2620 1219 2656 ποιεῖν
1242 2617 1301 2648 καὶ

303 2657 449 2702 πάσχειν
475 2660 548 2691 ἐστὶ
571 2661 629 2691 καὶ
655 2662 742 2692 τίσιν
761 2659 908 2706 ὑπάρχει
930 2663 989 2693 καὶ
1006 2655 1067 2695 διὰ
1082 2662 1194 2693 ‘ei-zoa
1216 2661 1303 2702 πῶς,

301 2697 464 2745 διωρίσθω
490 2704 615 2736 τοῦτον
642 2705 702 2736 τὸν
728 2703 868 2748 τρόπον.

298 2825 319 2854 ⁴⁹·
359 2821 381 2868 Ῐ
403 2832 411 2835 “
446 2833 467 2861 2-
491 2836 676 2869 activorum
699 2845 731 2869 et
749 2848 968 2881 passworum,
990 2836 1195 2870 ostendendo
1220 2849 1303 2882 quae

360 2873 365 2886 ⁸
386 2908 389 2910 .
437 2906 444 2918 .,
468 2889 523 2924 et
543 2880 650 2925 qualia
668 2881 745 2921 sint,
761 2880 814 2914 hic
833 2882 968 2925 inquirit
987 2881 1027 2914 de
1046 2881 1155 2915 modis
1176 2893 1303 2915 eorum.

347 2918 360 2927 ³
422 2930 441 2968 ὴ
456 2935 472 2965 ,³2
491 2924 533 2958 Et
555 2925 664 2969 primo
686 2924 857 2969 distinguit
882 2926 1011 2969 agentia
1033 2926 1233 2966 abinvicem;
1255 2937 1304 2959 se-

435 2972 455 2983 ‘'‘
492 2968 602 3003 cundo
619 2970 763 3013 assignat
779 2981 912 3002 causam
928 2969 1122 3004 diversitatis
1140 2981 1300 3015 ipsorum,

242 3013 302 3048 ibi:
330 3013 544 3057 Quaecumque
566 3014 645 3047 enim
667 3025 728 3047 non
756 3013 864 3047 habent
886 3014 902 3031 *
925 3023 985 3047 etc.

279 3058 371 3092 Dicit
393 3068 472 3101 ergo
495 3058 616 3102 primo,
657 3057 724 3091 uod
748 3058 996 3102 suscipiendum
1020 3067 1069 3092 est
1092 3058 1183 3103 quod
1198 3057 1302 3091 facere

235 3111 268 3136 et
279 3102 347 3147 pati
360 3101 514 3135 dicuntur
529 3070 765 3146 multipliciter,
778 3111 816 3135 ut
831 3114 965 3136 movere
978 3111 1011 3136 et
1021 3103 1164 3143 moveri;
1180 3111 1304 3136 utrum-

236 3158 300 3191 que
322 3146 411 3179 enim
440 3145 559 3179 dicitur
589 3145 764 3191 dupliciter
791 3148 876 3180 sicut
901 3158 1058 3188 movens,
1083 3147 1241 3192 quoniam
1269 3147 1303 3180 in

236 3199 378 3235 utroque
407 3198 456 3223 est
478 3191 624 3234 primum
647 3199 680 3224 et
707 3190 873 3224 ultimum.
898 3191 937 3225 Id
961 3192 1050 3224 enim
1080 3200 1130 3225 est
1157 3191 1303 3236 primum

235 3246 395 3275 movens,
421 3235 455 3267 in
479 3245 547 3278 quo
572 3243 621 3267 est
648 3235 792 3278 primurn
822 3236 1023 3280 principium
1054 3245 1186 3276 motus,
1212 3235 1303 3286 quod

234 3279 404 3312 verissime
428 3290 562 3311 movere
578 3278 723 3312 videtur:
748 3279 948 3324 principium
967 3281 1055 3313 enim
1078 3279 1235 3313 movend1
1254 3288 1303 3312 est

236 3323 342 3374 prima
366 3333 464 3355 causa
497 3333 680 3363 causarum,
703 3323 859 3357 virtutem
882 3323 1005 3357 habens
1029 3323 1185 3357 movendi
1209 3335 1227 3357 a
1250 3335 1301 3356 se-

236 3378 322 3411 ipso,
338 3377 408 3399 non
431 3366 470 3399 ab
494 3366 569 3400 alio.
587 3366 752 3400 Ultimum
775 3376 886 3401 autem
913 3379 1052 3401 movens
1083 3377 1133 3401 est
1154 3367 1188 3401 id
1211 3367 1302 3412 quod

236 3419 350 3444 movet
369 3421 428 3454 per
443 3409 542 3451 aliud,
558 3419 590 3444 et
613 3419 690 3455 post
712 3411 803 3456 quod
818 3423 887 3445 non
904 3421 954 3445 est
973 3411 1062 3445 aliud
1077 3423 1227 3452 movens,
1244 3410 1302 3444 sed

261 3463 314 3487 ost
335 3455 446 3498 ipsum
470 3463 520 3487 est
535 3454 645 3488 solum
661 3455 694 3489 id
714 3455 804 3501 quod
820 3465 974 3489 movetur
989 3455 1029 3489 ad
1046 3456 1301 3499 generationem.

235 3466 394 3532 {imiliter
410 3507 520 3531 autem
537 3498 658 3543 duplex
681 3509 730 3533 est
746 3499 882 3533 faciens:
905 3499 1071 3544 quoddam
1088 3500 1243 3543 primum,
1260 3499 1302 3531 si-

235 3551 293 3575 cut
316 3542 473 3583 medicus,
491 3543 548 3587 qui
572 3552 622 3577 est
644 3544 749 3588 prima
774 3555 871 3577 causa
894 3545 1056 3584 sanitatis,
1080 3552 1112 3576 et
1135 3542 1302 3587 quoddam

237 3586 409 3627 ultimum,
434 3588 519 3620 sicut
540 3588 656 3621 vinum
679 3588 732 3621 vel
755 3588 868 3632 potio,
893 3599 976 3632 quae
1005 3588 1103 3621 etiam
1132 3595 1181 3620 est
1205 3598 1302 3620 causa

236 3641 376 3664 movens
400 3630 441 3664 ad
470 3631 651 3665 sanitatem.
677 3633 766 3666 Inter
799 3632 879 3665 haec
903 3640 1012 3664 autem
1037 3631 1103 3664 duo
1134 3631 1301 3664 moventia

430 2816 438 2825 .
459 2803 476 2831 ,ι
492 2800 645 2837 ostquam
658 2792 883 2844 Philosophus
903 2792 1132 2826 determinavit
1152 2801 1303 2826 naturam

1361 884 1378 904 *
1401 883 1527 915 Eodem
1549 885 1649 916 modo
1673 886 1912 927 suscipiendum
1928 895 1974 919 est
1997 888 2036 919 de
2060 888 2160 919 facere
2176 895 2207 920 et
2228 887 2293 929 pati
2317 898 2384 929 quo
2399 894 2431 919 et
2456 898 2467 909 ·
2481 898 2536 926 Seq.
2551 904 2601 927 cap.
2612 905 2654 921 vu.

1428 929 1467 959 de
1490 939 1619 960 movere
1635 937 1666 961 et
1682 931 1720 961 de
1737 932 1867 963 moveri.
1885 932 2060 973 Dupliciter
2079 933 2165 963 enim
2181 932 2295 964 dicitur
2313 939 2344 964 et
2359 942 2429 963 mo·
2456 924 2524 946 Tm·
2538 931 2572 953 ⁵3·

1427 981 1522 1013 vens3
1538 973 1572 1004 in
1594 984 1661 1015 quo
1686 975 1771 1005 enim
1796 982 1842 1006 est
1865 977 2057 1017 principium
2079 984 2198 1017 motus,
2222 976 2347 1008 videtur
2368 977 2430 1008 hoc

1428 1027 1558 1049 movere
1581 1017 1794 1061 (principium
1818 1021 1903 1051 enim
1926 1021 2028 1061 prima
2051 1019 2253 1064 causarum),
2270 1028 2301 1052 et
2320 1031 2430 1052 rursus

1428 1062 1580 1094 ultimum
1603 1063 1644 1093 ad
1665 1063 1699 1093 id
1721 1064 1811 1104 quod
1833 1073 1980 1096 movetur
2007 1073 2039 1096 et
2064 1066 2311 1107 generationem.
2335 1065 2429 1097 Simi-

1427 1107 1497 1138 liter
1519 1114 1628 1138 autem
1651 1114 1682 1138 et
1697 1108 1736 1138 de
1759 1108 1909 1140 faciente:
1933 1110 2051 1140 etenim
2066 1111 2228 1142 medicum
2251 1120 2360 1142 sanare
2383 1110 2429 1140 di-

1428 1151 1542 1190 cimus,
1559 1158 1590 1183 et
1612 1151 1735 1183 vinum.
1751 1153 1896 1184 Primum
1918 1153 2012 1194 igitur
2027 1165 2161 1186 movens
2182 1155 2260 1186 nihil
2282 1155 2430 1196 prohibet

1428 1196 1461 1226 in
1483 1202 1577 1227 motu
1600 1196 1732 1237 quidem
1754 1197 1919 1228 immobile
1942 1206 2028 1238 esse3
2050 1198 2083 1229 in
2106 1199 2299 1240 quibusdam
2321 1206 2429 1230 autem

1428 1247 1476 1271 est
1494 1247 1525 1271 et
1540 1241 1768 1280 necessarium;
1785 1242 1936 1273 ultimum
1952 1250 2059 1274 autem
2074 1253 2200 1284 semper
2213 1254 2342 1275 movere
2357 1253 2428 1274 mo-

1427 1292 1508 1316 tum.
1526 1285 1562 1315 In
1585 1284 1708 1316 actione
1724 1293 1832 1317 autem
1850 1287 1992 1327 primum
2011 1288 2142 1328 quidem
2156 1288 2360 1330 impassibile,
2380 1288 2428 1318 ul-

1428 1329 1546 1360 timum
1569 1336 1676 1360 autem
1699 1337 1730 1361 et
1751 1330 1859 1371 ipsum
1882 1331 2014 1372 patiens.

1362 1420 1593 1460 Quaecumque
1616 1418 1703 1449 etum
1726 1429 1792 1450 non
1816 1420 1932 1452 habent
1955 1422 2088 1452 eandem
2111 1421 2285 1459 materiam,
2309 1421 2431 1453 faciunt

1427 1463 1633 1503 impassibilia
1647 1463 1819 1503 existentia,
1831 1465 1916 1496 verbi
1931 1466 2029 1506 gratia
2045 1466 2244 1497 medicativa:
2259 1466 2328 1507 ipsa
2342 1466 2428 1497 enim

1427 1507 1545 1538 faciens
1568 1508 1734 1539 sanitatem
1757 1509 1835 1539 nihil
1866 1510 1984 1550 patitur
2006 1521 2024 1541 a
2047 1517 2166 1542 sanato.
2191 1510 2291 1542 Cibus
2321 1517 2428 1542 autem

1427 1551 1544 1583 faciens
1560 1552 1654 1583 etiam
1669 1552 1737 1593 ipse
1749 1553 1866 1593 patitur
1880 1554 2016 1595 aliquid:
2033 1561 2087 1586 aut
2097 1554 2182 1585 enim
2194 1554 2305 1594 calefit,
2318 1562 2372 1586 aut
2383 1555 2429 1586 in-

1428 1595 1602 1637 frigidatur,
1615 1603 1670 1628 aut
1685 1597 1771 1627 aliud
1783 1598 1860 1638 quid
1876 1599 1993 1638 patitur
2004 1599 2101 1630 simul
2115 1598 2240 1630 faciens.
2250 1599 2306 1630 Est
2321 1606 2428 1630 autern

1428 1640 1614 1672 medicativa
1628 1641 1759 1682 quidem
1774 1649 1810 1672 ut
1832 1643 2036 1683 principium,
2053 1643 2140 1674 cibus
2154 1650 2261 1674 autem
2277 1644 2428 1675 ultimum

1428 1692 1459 1716 et
1473 1692 1614 1726 tangens.
1629 1685 1648 1705 *
1663 1685 1894 1727 Quaecumque
1910 1687 2042 1728 quidem
2059 1687 2155 1728 igitur
2169 1697 2235 1730 non
2250 1687 2284 1719 in
2299 1688 2429 1719 materia
2453 1696 2465 1706 ·
2478 1696 2546 1719 Text.
2562 1702 2597 1724 54.

1427 1729 1546 1761 habent
1560 1729 1709 1769 formam,
1734 1730 1812 1761 haec
1835 1731 1966 1772 quidem
1988 1732 2194 1772 impassibilia
2215 1739 2290 1764 sunt
2312 1733 2427 1764 activo-

1428 1784 1512 1812 rum,
1529 1784 1751 1816 quaecumque
1770 1782 1878 1806 autem
1897 1776 1930 1806 in
1954 1777 2093 1816 materia,
2110 1776 2241 1818 passiva.
2263 1777 2428 1808 Materiam

1428 1818 1559 1860 quidem
1585 1818 1672 1850 enim
1699 1819 1833 1850 dicimus
1857 1830 1968 1852 omnes
1992 1821 2154 1860 similiter,
2178 1827 2214 1852 ut
2239 1821 2282 1853 ita
2305 1822 2428 1861 dicam,

1428 1864 1562 1894 eandem
1577 1873 1645 1894 esse
1668 1864 1893 1905 oppositorum
1909 1865 2046 1905 cuilibet,
2061 1873 2098 1897 ut
2119 1875 2219 1906 genus
2236 1876 2302 1905 ens,
2315 1873 2428 1907 potens

1428 1914 1536 1938 autern
1564 1908 1703 1938 calidum
1726 1918 1793 1940 esse
1824 1917 1985 1949 praesente
2009 1910 2207 1941 calefaciente
2230 1917 2261 1941 et
2283 1911 2428 1952 approxi-

1429 1959 1536 1983 mante
1548 1962 1674 1983 necesse
1690 1959 1737 1984 est
1752 1953 1904 1993 calefieri3
1920 1954 2004 1994 ideo,
2017 1955 2292 1996 quemadmodum
2308 1955 2428 1986 dictum

1429 2003 1494 2036 est,
1514 1997 1591 2028 haec
1615 1997 1746 2038 quidem
1769 1998 1946 2029 activorum
1968 1999 2189 2040 impassibilia,
2214 1999 2291 2030 haec
2321 2006 2428 2030 autem

1428 2041 1597 2081 passibilia.
1614 2042 1655 2073 Et
1677 2043 1953 2083 quemadmodum
1968 2043 2001 2074 in
2024 2043 2179 2083 motione,
2195 2044 2310 2075 eodem
2328 2044 2427 2075 modo

1428 2086 1523 2116 habet
1545 2093 1576 2117 et
1597 2085 1630 2116 in
1654 2086 1778 2117 activis:
1801 2087 1866 2118 illic
1889 2087 1975 2118 enim
1990 2088 2137 2128 primitus
2160 2098 2293 2119 movens
2311 2088 2427 2119 immo-

1429 2129 1501 2169 bile,
1518 2137 1549 2161 et
1571 2130 1605 2160 in
1619 2130 1739 2161 factivis
1763 2131 1904 2172 primum
1927 2131 2043 2163 faciens
2066 2132 2270 2173 impassibile.

1361 2174 1378 2194 *
1390 2175 1447 2205 Est
1458 2181 1566 2205 autern
1575 2174 1727 2206 factivum
1739 2185 1832 2206 causa
1844 2183 1880 2207 ut
1894 2177 1979 2207 unde
1993 2177 2186 2217 principium
2198 2184 2322 2216 motus;
2338 2178 2427 2209 cuius
2454 2187 2463 2197 ·
2477 2186 2545 2208 Text.
2559 2193 2591 2215 55-

1427 2225 1536 2250 autem
1558 2219 1666 2259 gratia,
1686 2229 1753 2250 non
1775 2220 1923 2252 activum.
1942 2221 2026 2252 Nam
2049 2222 2163 2252 sanitas
2186 2231 2253 2252 non
2276 2221 2427 2253 factivum

1428 2270 1484 2301 est,
1506 2263 1567 2293 nisi
1590 2264 1767 2295 secundum
1797 2265 2035 2305 metaphoram:
2060 2266 2178 2297 etenim
2206 2266 2268 2297 hoc
2295 2267 2426 2308 quidem

1427 2307 1560 2338 faciente
1583 2308 1712 2349 quando
1730 2308 1842 2347 existit,
1861 2316 2028 2349 generatur
2045 2310 2166 2351 aliquid
2188 2310 2320 2351 patiens,
2339 2311 2426 2341 habi-

1426 2351 1510 2382 tibus
1534 2358 1643 2383 autem
1673 2353 1889 2393 praesentibus
1919 2364 1986 2384 non
2010 2355 2148 2395 amplius
2178 2362 2354 2395 generatur,
2371 2355 2426 2386 sed

1427 2402 1474 2426 est
1495 2396 1578 2434 iam;
1601 2397 1720 2437 species
1744 2404 1851 2428 autem
1872 2404 1903 2429 et
1925 2397 2003 2429 fines
2030 2398 2155 2430 habitus
2179 2399 2319 2440 quidam.

1358 2440 1490 2471 Materia
1501 2447 1609 2471 autem
1625 2441 1801 2472 secundum
1815 2442 1905 2483 quod
1920 2442 2050 2473 materia
2065 2443 2236 2483 passivum.
2255 2443 2338 2484 Ignis
2354 2444 2426 2485 qui-

1426 2484 1500 2516 dem
1520 2484 1618 2525 igitur
1635 2485 1669 2516 in
1694 2486 1824 2517 materia
1842 2486 1935 2518 habet
1954 2487 2109 2526 calidum;
2129 2487 2154 2518 si
2176 2494 2283 2519 autem
2306 2488 2426 2529 aliquid

1425 2535 1507 2560 esset
1521 2529 1660 2560 calidum
1683 2537 1874 2570 separatum,
1890 2531 1953 2562 hoc
1975 2531 2055 2562 nihil
2073 2538 2241 2572 pateretur.
2258 2533 2331 2563 Hoc
2354 2532 2425 2573 qui-

1425 2574 1501 2604 dem
1513 2573 1610 2614 igitur
1624 2574 1755 2608 forsitan
1767 2574 1962 2615 impossibile
1974 2582 2021 2607 est
2032 2583 2212 2616 separatum
2227 2584 2310 2616 esse;
2329 2576 2355 2607 si
2371 2587 2426 2607 au-

1424 2622 1488 2649 tem
1504 2623 1581 2649 sunt
1595 2619 1752 2659 quaedam
1768 2619 1851 2658 talia,
1867 2619 1901 2650 in
1914 2620 1975 2650 illis
1998 2620 2108 2661 utique
2124 2620 2181 2651 erit
2202 2631 2314 2651 verum
2337 2621 2425 2662 quod

1423 2661 1547 2695 dicitur.
1564 2662 1652 2700 Quid
1664 2663 1797 2704 quidem
1819 2663 1914 2704 igitur
1933 2664 2035 2695 facere
2059 2671 2090 2695 et
2104 2664 2168 2705 pati
2191 2671 2238 2696 est
2261 2672 2291 2696 et
2309 2665 2425 2706 quibus

1371 2711 1373 2713 ’
1421 2705 1508 2746 insit,
1524 2713 1555 2738 et
1569 2717 1677 2748 quare,
1692 2714 1724 2739 et
1734 2709 1913 2749 quomodo,
1929 2709 2174 2740 determinatum
2188 2709 2228 2740 sit
2239 2709 2301 2740 hoc
2313 2710 2423 2740 modo.

1359 2792 1440 2826 haec
1455 2803 1505 2827 est
1523 2793 1714 2835 differentia,
1734 2796 1811 2839 quia
1826 2796 1971 2839 primum
1987 2807 2125 2829 movens
2141 2805 2250 2840 potest
2269 2808 2339 2830 esse
2363 2798 2422 2830 im—

1358 2837 1492 2878 mobile,
1509 2839 1594 2871 sicut
1617 2838 1776 2880 medicus,
1818 2840 1852 2872 ui
1876 2851 1945 2873 non
1968 2849 2120 2873 movetur
2144 2840 2183 2874 ab
2207 2841 2318 2885 aliquo
2342 2841 2422 2875 dum

1359 2891 1460 2923 sanat,
1476 2883 1539 2915 nisi
1555 2882 1638 2916 forte
1654 2894 1713 2927 per
1728 2884 1795 2917 acci
1820 2895 1878 2916 ens
1891 2884 1942 2929 (in
1955 2884 2150 2928 quibusdam
2167 2893 2276 2918 tamen
2288 2897 2422 2919 necesse

1359 2935 1408 2959 est
1430 2927 1576 2971 primum
1599 2939 1738 2961 movens
1761 2939 1832 2961 esse
1848 2929 1985 2961 omnino
2009 2928 2189 2969 immobile,
2207 2930 2292 2962 sicut
2314 2930 2348 2962 in
2370 2929 2422 2963 his

1359 2982 1443 3015 quae
1459 2980 1536 3004 sunt
1560 2972 1698 3005 omnino
1721 2981 1867 3016 separata
1883 2984 1901 3005 a
1917 2973 2069 3013 materia;
2087 2981 2119 3006 et
2141 2972 2205 3006 hoc
2229 2973 2422 3018 dupliciter:

1359 3016 1436 3059 quia
1451 3015 1503 3048 vel
1520 3024 1569 3049 est
1586 3017 1723 3049 omnino
1740 3016 1919 3057 immobile,
1936 3018 1963 3049 si
1979 3016 2103 3050 nullam
2120 3017 2236 3050 habeat
2252 3019 2421 3051 materiam

1358 3060 1499 3103 penitus,
1519 3069 1575 3093 aut
1594 3069 1643 3093 est
1666 3060 1834 3093 immobile
1858 3060 1897 3093 ab
1922 3072 1962 3093 eo
1986 3060 2076 3105 quod
2099 3070 2252 3094 movetur
2275 3061 2314 3095 ab
2335 3062 2421 3106 ipso,

1358 3112 1390 3137 et
1413 3103 1478 3137 hoc
1517 3104 1627 3137 uando
1643 3116 1711 3137 non
1728 3104 1825 3137 habet
1840 3104 1987 3138 eiusdem
2003 3106 2137 3138 rationis
2157 3106 2327 3139 materiam
2344 3118 2421 3139 cum

1358 3159 1398 3181 eo
1423 3158 1490 3193 quo
1535 3148 1723 3199 movetur);
1747 3148 1901 3181 ultimum
1925 3157 2035 3182 autern
2060 3161 2209 3190 movens,
2230 3159 2307 3194 post
2330 3150 2422 3195 quod

1357 3204 1426 3225 non
1446 3201 1495 3225 est
1518 3191 1606 3225 aliud
1629 3193 1691 3225 nist
1715 3192 1748 3225 id
1772 3192 1862 3236 quod
1885 3202 2038 3226 movetur
2060 3202 2199 3234 tantum,
2214 3205 2348 3228 necesse
2372 3203 2421 3228 est

1357 3248 1487 3280 semper
1510 3248 1654 3277 movere,
1678 3245 1807 3269 motum
1824 3236 1862 3269 ab
1887 3249 1927 3270 eo
1948 3237 2066 3281 priore.
2084 3238 2126 3271 Et
2149 3238 2299 3271 similiter
2314 3247 2364 3272 est
2386 3240 2421 3271 in

1357 3281 1502 3320 actione;
1522 3281 1598 3325 quia
1621 3279 1789 3324 quoddam
1812 3289 1862 3313 est
1884 3292 1983 3324 agens
2007 3282 2161 3325 primum,
2178 3282 2269 3327 quod
2292 3291 2342 3316 est
2361 3283 2421 3316 im-

1357 3323 1519 3368 passibile,
1536 3333 1569 3357 et
1590 3323 1756 3368 quoddam
1780 3336 1879 3368 agens
1903 3325 1992 3369 quod
2015 3326 2145 3370 patitur.

1403 3378 1432 3401 2.
1450 3367 1578 3401 Deinde
1596 3379 1671 3401 cum
1695 3368 1789 3401 dicit:
1813 3368 2025 3413 Quaecumque
2047 3370 2126 3405 enim
2140 3381 2201 3403 non
2223 3370 2332 3404 habent
2348 3380 2421 3412 etc„

1357 3412 1500 3455 assignat
1521 3423 1652 3445 causam
1675 3411 1869 3445 diversitatis
1893 3414 2053 3457 ipsorum,
2077 3413 2188 3447 dicens
2211 3414 2301 3459 quod
2325 3426 2422 3449 causa

1358 3467 1457 3500 quare
1481 3456 1649 3500 quoddam
1666 3468 1765 3500 agens
1785 3465 1834 3490 est
1850 3457 1940 3501 quod
1956 3457 2084 3501 agendo
2101 3459 2233 3502 patitur,
2253 3459 2420 3503 quoddam

1357 3508 1468 3533 autem
1491 3511 1571 3541 non,
1588 3509 1638 3533 est
1660 3501 1738 3533 ista:
1756 3501 1832 3545 quia
1856 3501 2016 3545 quaedam
2046 3513 2115 3535 non
2138 3502 2259 3536 habent
2282 3503 2421 3537 eandem

1357 3545 1542 3585 materiam;
1566 3553 1599 3577 et
1614 3544 1690 3577 talia
1706 3545 1834 3588 agentia
1852 3545 1975 3578 faciunt
1989 3545 2041 3579 vel
2064 3558 2082 3579 a
2130 3555 2166 3580 nt
2188 3548 2343 3580 existentia
2364 3549 2420 3581 im-

1351 3587 1522 3665 plassibilia,
1540 3588 1624 3621 idest
1639 3589 1718 3633 ipsis
1735 3600 1804 3622 non
1845 3590 2018 3623 atientibus
2034 3590 2072 3623 ab
2114 3591 2140 3624 is
2156 3591 2191 3624 in
2230 3603 2290 3625 uae
2307 3601 2418 3635 agunt.

1389 3632 1456 3665 erbi
1480 3633 1599 3676 gratia:
1624 3632 1786 3666 medicina
1823 3635 1929 3667 aciens
1953 3635 2125 3668 sanitatem
2153 3635 2222 3668 nihi
2257 3636 2379 3680 patitur
2401 3647 2420 3668 a
