2782 4134
407 281 484 317 280

1701 211 1718 226 μ.

914 283 985 319 DE
1016 282 1403 319 GENERATIONE
1431 282 1502 318 ET
1532 281 1914 320 CORRUPTIONE
1944 284 2039 320 LIB.
2070 285 2084 321 I

1164 487 1467 543 LEcT10
1507 489 1822 566 QUINTA

833 629 1050 661 SOLVITUR
1071 629 1309 661 PRAEMISSA
1332 628 1479 673 (LECT.
1503 631 1730 676 PRAECED.)
1755 634 1891 666 RATIO
1915 634 2158 667 DEMOCRITI

397 753 508 786 Ἀλλά
532 752 649 785 ταῦτα
674 748 855 794 πειρατέον
879 749 988 780 λύειν·
1014 743 1067 781 διὸ
1092 748 1196 782 πάλιν
1222 749 1257 791 ἐξ
1277 750 1383 797 ἀρχῆς
1400 751 1466 788 τήν

473 797 616 842 ἀπορίαν
640 794 792 827 λεκτέον.

403 842 448 874 'sd
473 842 531 886 μὲν
558 839 614 873 οὖν
642 839 733 872 ἅπαν
758 838 856 880 σῶμα
882 835 1045 874 αἰσθητόν
1073 834 1158 869 εἶναι
1183 832 1354 893 διαιρετὸν
1385 838 1462 871 καθ’

471 887 584 918 ὁτιοῦν
617 887 751 926 σημεῖον
785 883 842 913 καὶ
877 876 1071 926 ἀδιαίρετον
1108 878 1204 914 οὐδὲν
1237 894 1390 915 ατοπον·
1422 884 1464 915 τὸ

469 930 527 975 μέν
545 930 609 976 γάρ
626 924 766 972 δυνάμει
783 921 968 969 διαιρετόν,
984 926 1025 959 τὰ
1042 922 1072 957 δ’
1093 927 1288 972 ἐντελεχείᾳ
1308 926 1461 972 ὑπάρξει.

401 1018 446 1051 Τό
477 1013 507 1049 δ’
535 1014 621 1050 εἶναι
657 1015 729 1061 ἅμα
762 1013 879 1058 πάντῃ
911 1008 1083 1059 διαιρετὸν
1116 1010 1256 1059 δυνάμει
1289 1010 1463 1048 ἀδύνατον

467 1057 592 1102 δόξειεν
621 1060 659 1094 ἂν
684 1057 782 1092 εἶναι.
810 1058 848 1089 Εἰ
872 1058 937 1104 γάρ
961 1053 1123 1100 δυνατόν,
1148 1057 1211 1092 κόὶν
1231 1058 1380 1105 γένοιτο,
1402 1058 1465 1105 οὐχ

467 1105 553 1138 ὥστε
586 1102 671 1137 εἶναι
706 1103 779 1148 ἄμα
813 1102 909 1160 ἄμφω
942 1103 1137 1149 ἐντελεχείᾳ
1175 1099 1368 1147 ἀδιαίρετον
1404 1107 1463 1136 καὶ

465 1147 684 1195 διῃρημένον,
714 1148 804 1181 ἀλλά
833 1146 1033 1191 διῃρημένον
1066 1147 1142 1179 καθ’
1172 1149 1286 1180 ὁτιοῦν
1311 1152 1461 1193 σημεῖον.

466 1192 570 1227 Οὐδὲν
598 1195 664 1237 ἄρα
689 1194 787 1227 ἔσται
811 1190 953 1233 λοιπόν,
977 1193 1037 1224 καὶ
1062 1193 1106 1230 εἰς
1134 1190 1319 1239 ἀσώματον
1346 1192 1430 1237 ἐφθα
1451 1214 1464 1219 -

460 1240 558 1285 μένον
588 1239 630 1272 τό
655 1239 764 1282 σῶμα.
801 1239 869 1271 Καὶ
918 1235 1029 1269 ένοιτο
1053 1232 1083 1268 δ’
1113 1237 1152 1270 ἂν
1186 1237 1289 1271 πάλιν
1321 1238 1402 1275 ἤτοι
1426 1250 1463 1271 εκ

463 1284 613 1331 στιγμῶν
639 1282 660 1320 ἦ
686 1282 769 1320 ὅλως
794 1283 829 1324 ἐξ
854 1280 892 1315 οὐ
918 1280 1001 1318 ενός.
1039 1282 1107 1313 Καὶ
1136 1283 1244 1315 τοῦτο
1270 1284 1339 1321 πῶς
1364 1277 1464 1315 δυνα-

465 1328 547 1369 τόν,
576 1327 667 1361 ἀλλά
696 1327 763 1371 μήν
791 1327 844 1360 ὅτι
869 1340 907 1373 γε
932 1320 1116 1370 διαιρεῖται
1148 1327 1192 1365 εἰς
1224 1326 1380 1373 χωριστά
1403 1329 1463 1359 καὶ

465 1371 517 1406 ἀεὶ
541 1373 585 1411 εἰς
613 1371 749 1405 ἐλάττω
774 1371 897 1419 μεγέθη
923 1371 981 1404 καὶ
1007 1370 1051 1408 εἰς
1070 1367 1252 1416 ἀπέχοντα
1275 1374 1333 1404 καὶ
1358 1382 1463 1416 κεχω-

463 1416 622 1463 ρισμένα,
649 1415 802 1461 φανερόν.
840 1416 927 1450 Οὔτε
952 1411 995 1452 δή
1026 1414 1123 1448 κατά
1146 1415 1242 1461 μέρος
1275 1411 1346 1448 διαι
1368 1418 1462 1449 οὑντι

463 1464 513 1499 εἴη
545 1460 584 1494 ἂν
616 1460 750 1505 ἄπειρος
775 1462 796 1498 ἡ
822 1460 954 1506 θρύψις,
982 1459 1060 1491 οὔτε
1092 1458 1165 1503 ἅμα
1195 1460 1306 1494 οἷόντε
1338 1427 1462 1505 δριαιρε-

462 1506 563 1543 θῆναι
594 1506 691 1538 κατά.
722 1506 789 1538 πᾶν
819 1509 956 1549 σημεῖον
988 1504 1048 1547 (οὗ
1072 1505 1138 1550 γάρ
1170 1500 1340 1550 δυνατόν)
1373 1505 1464 1538 ἀλλά

463 1550 561 1596 μέχρι
585 1561 660 1583 του.
695 1551 844 1596 Ἀνάγκη
872 1550 938 1594 ἄρα
964 1547 1082 1594 ἄτομα
1110 1549 1309 1594 ἐνυπάρχειν
1334 1548 1460 1597 μεγέθη

465 1595 621 1640 ἀόρατα,

398 1642 506 1678 ἄλλως
532 1652 570 1672 τε
593 1640 651 1671 καὶ
677 1640 768 1682 εἴπερ
793 1637 893 1670 ἔσται
909 1636 1037 1683 γένεσις
1061 1638 1118 1668 καὶ
1136 1636 1244 1684 φθορά
1268 1639 1289 1676 ἡ
1311 1639 1370 1684 μὲν
1387 1633 1462 1671 δια-

461 1686 565 1729 κρίσει
590 1684 611 1720 ἣ
636 1678 674 1715 δὲ
698 1682 876 1729 συγκρίσεῐ.
911 1683 949 1713 'O
965 1680 1024 1726 μέν
1044 1679 1099 1713 οὖν
1122 1682 1327 1730 ἀναγκάζειν
1354 1680 1460 1716 δοκῶν

461 1728 562 1774 λόγος
587 1725 673 1760 εἶναι
697 1726 820 1773 μεγέθη
848 1728 965 1772 ἄτομα
990 1725 1090 1764 οὗτος
1116 1724 1228 1759 ἐστίν·
1354 1759 1358 1763 ,

397 1774 451 1808 ὅτι
475 1768 513 1805 δὲ.
536 1772 695 1805 λανθάνει
720 1771 1047 1818 παραλογιζόμενος,
1072 1772 1131 1803 καὶ
1157 1771 1178 1813 ᾔ
1202 1771 1381 1814 λανθάνει,
1406 1771 1462 1803 λέ-

461 1829 585 1865 γωμεν.
615 1818 712 1850 Ἐπεὶ
737 1816 801 1863 γάρ
820 1814 879 1848 οὐκ
898 1816 972 1849 ἔστι.
988 1815 1117 1861 στιγμὴ
1133 1817 1282 1863 στιγμῆς
1300 1815 1458 1862 ἐχομένη,

423 1870 431 1876 ·
462 1862 503 1896 τὸ
529 1862 644 1906 πάντῃ
669 1858 755 1893 εἶναι
780 1861 950 1906 διαιρετόν
976 1858 1050 1893 ἔστι
1102 1860 1134 1892 ἐν
1159 1862 1201 1899 ὠς
1223 1860 1369 1906 ὑπάρχει
1387 1864 1458 1898 τοῖς

461 1906 648 1952 μεγέθεσιν,
667 1905 740 1939 ἔστι
764 1903 794 1940 δ’
817 1907 858 1944 ὠς
883 1906 936 1940 οὔ.
962 1871 1103 1940 on-erg:
1126 1904 1211 1938 ὅταν
1230 1906 1336 1939 τοῦτο
1359 1904 1457 1948 τεθῇ,

460 1954 519 1984 καὶ
545 1952 693 1992 ὁπηοῦν,
717 1954 776 1984 καὶ
802 1949 918 1995 πάντῃ
943 1952 1092 1995 στιγμήν
1118 1947 1217 1992 εἶναι,
1243 1949 1325 1982 ὥστ’
1355 1950 1461 1996 ἀναγ-

460 2001 557 2029 καῖον
575 1984 661 2028 εἶναι
678 1992 889 2041 διαιρεθῆναι
914 1995 955 2028 τό
971 1996 1112 2040 μέγεθος
1129 1996 1174 2033 εἰς
1190 1990 1294 2040 μηδέν
1307 2007 1315 2014 ·
1341 1994 1457 2038 πάντῃ

460 2040 524 2088 γάρ
550 2038 635 2073 εἶναι
660 2041 827 2087 στιγμήν·
854 2039 942 2072 ὥστε
969 2039 990 2077 ἦ
1015 2041 1051 2083 ἑξ
1078 2041 1168 2096 ἀερῶν
1194 2039 1215 2077 ἢ
1240 2037 1277 2071 ἐκ
1305 2040 1457 2086 στιγμῶν

460 2083 558 2118 εἶναι.
586 2085 632 2118 Τὸ
655 2080 685 2117 δ’
707 2085 799 2118 ἔστιν
825 2085 865 2122 ὡς
892 2084 1037 2132 ὑπάρχει
1062 2097 1193 2128 παντῃ,
1214 2082 1267 2116 ὅτι
1292 2087 1353 2128 μία
1375 2085 1461 2127 ὁπῃ-

462 2130 517 2162 οῦν
543 2130 637 2171 ἐστί,
663 2132 721 2162 καὶ
754 2131 864 2164 πᾶσαι
895 2130 937 2167 ὠς
963 2131 1116 2172 ἑκάστη,
1143 2131 1278 2166 πλείους
1310 2124 1347 2161 δέ
1379 2130 1458 2174 μιᾶς

461 2175 521 2207 οὐκ
550 2175 652 2207 εἰσίν·
678 2174 796 2230 ἑῬεξῆς
827 2174 874 2220 γά
925 2176 985 2207 οὐκ
1016 2177 1118 2216 εἰσίν,
1145 2173 1224 2206 ὥστ’
1254 2173 1293 2205 οὗ
1324 2172 1454 2218 πάντῃ.

457 2220 495 2251 Εἰ
520 2218 585 2266 γάρ
615 2230 712 2252 κατα
741 2219 842 2264 μέσον
875 2185 1069 2265 διαιρετόν,
1099 2220 1158 2251 καὶ
1181 2217 1262 2250 κατ’
1291 2215 1455 2263 ἐχομένην

458 2263 606 2310 στιγμήν
632 2263 730 2296 ἔσται
753 2259 942 2308 διαιρετόν·
969 2265 1007 2297 οὐ
1023 2264 1089 2311 γάρ
1111 2264 1202 2297 ἐστιν
1221 2261 1382 2307 ἐχόμενον
1399 2275 1457 2301 ση-

483 2312 549 2341 εἴον
582 2311 720 2352 σημείου
753 2308 774 2346 ἦ
807 2309 936 2358 στιγμή
969 2309 1130 2356 στιγμῆς.
1171 2308 1283 2340 Τοῦτο
1315 2302 1345 2339 δ’
1377 2307 1454 2340 ἐστὶ

457 2320 618 2397 διαίρεσις
642 2350 663 2389 ἦ
688 2351 849 2391 σύνθεσις.
886 2354 980 2387 ‘'ssa-‘r'
1010 2354 1084 2387 ἔστι
1113 2354 1171 2386 καὶ
1202 2346 1366 2395 διάκρισις
1397 2353 1456 2384 καὶ

457 2398 638 2446 σύγκρισις,
656 2397 729 2430 ἀλλ’
751 2397 823 2430 οὔτ’
844 2399 889 2437 εἱς
907 2399 1025 2443 ἄτομα
1041 2401 1099 2431 καὶ
1117 2395 1153 2438 ἐξ
1172 2395 1308 2441 ἀτόμων
1326 2396 1457 2439 (πολλοὶ

456 2444 521 2491 γάρ
546 2442 594 2476 τά
618 2438 794 2485 ἀδύνατα)
819 2442 897 2477 οὔτε
924 2442 1031 2481 οὕτως
1055 2442 1142 2476 ὥστε
1160 2439 1277 2485 πάντῃ
1295 2435 1456 2483 διαίρεσιν

481 2486 630 2520 ενέσθαι·
657 2489 684 2519 εἱ
709 2487 774 2533 γάρ
795 2484 835 2525 ἦν
855 2486 998 2533 ἐχομένη
1024 2485 1155 2534 στιγμή
1173 2485 1333 2531 στιγμῆς,
1353 2485 1451 2518 τοῦτ’

459 2532 498 2565 dv
524 2530 582 2569 ἦν·
612 2533 684 2566 ἀλλ’
705 2533 750 2569 εἱς
775 2532 879 2577 μικροὶ
900 2533 959 2565 καὶ
977 2531 1117 2565 ἐλάττω
1143 2531 1231 2571 ἔστί,
1248 2531 1306 2562 καὶ
1323 2528 1458 2576 σύγκρι-

458 2589 506 2617 σις
533 2575 567 2617 ἐξ
592 2576 799 2610 ἐλαττόνων.

385 2662 476 2698 Ἀλλ’
499 2665 563 2709 οὐχ
588 2665 608 2701 ’ἦ
636 2665 730 2701 άπλῆ
754 2665 813 2696 καὶ
830 2665 948 2697 τελεία
971 2662 1098 2710 γένεσις
1116 2663 1283 2739 συγκέίσει
1306 2663 1365 2694 καὶ
1382 2657 1455 2693 δια-

455 2711 560 2754 κρίσει
585 2708 745 2754 ὥρισται,
771 2707 813 2746 ὡ’ς
839 2708 927 2746 τινές
958 2719 1079 2751 φασιν,
1106 2707 1169 2743 τήν
1216 2706 1223 2718 ’
1253 2706 1286 2738 ἐν
1312 2707 1360 2748 τῷ
1382 2717 1455 2737 συν-

458 2758 530 2798 εχεῖ
553 2753 749 2798 μεταβολήν
777 2751 966 2786 ἀλλοίωσιν.
1002 2751 1111 2784 Ἀλλά
1135 2748 1229 2784 τοῦτ’
1254 2751 1345 2783 ἐστὶν
1371 2750 1405 2783 ἓν
1431 2750 1455 2792 ᾦ

456 2797 650 2842 σφάλλεται
668 2797 798 2830 πάντα.
818 2797 917 2829 Ἔστι
933 2796 998 2843 γάρ
1016 2796 1142 2842 γένεσις
1163 2796 1256 2831 άπλῆ
1273 2796 1332 2827 καὶ
1349 2794 1457 2839 φθοραὶ

458 2843 496 2876 οὗ
521 2845 689 2886 συγκρίσει
712 2844 770 2874 καὶ
794 2836 972 2886 διακρίσει,
993 2839 1066 2873 ἀλλ’
1089 2839 1173 2873 ὅταν
1191 2839 1395 2884 μεταβάλλῃ
1417 2840 1454 2872 ἐκ

458 2883 559 2922 τοῦδε
585 2888 629 2925 εἱς
655 2881 736 2919 τόδε
762 2884 850 2918 ὅλον.
877 2887 915 2917 Οἱ
935 2880 973 2917 δέ
991 2887 1122 2917 οἴονται
1142 2885 1318 2917 ἀλλοίωσιν
1337 2885 1452 2917 πᾶσαν

457 2929 542 2965 εἶναι
568 2932 632 2969 τήν
658 2929 823 2968 τοιαύτην
849 2928 1066 2974 μεταβολήν·
1092 2929 1133 2962 τό
1150 2925 1187 2961 δέ
1203 2924 1366 2974 διαφέρει.
1394 2929 1452 2959 Ἐν

455 2977 520 3023 γάρ
545 2977 593 3018 τῷ
620 2974 825 3031 ὑποκειμένῳ
851 2975 892 3006 τὸ
917 2973 976 3018 μέν
1013 2972 1086 3006 ἐστι
1118 2974 1215 3006 κατά
1245 2974 1304 3007 το“ν
1327 2971 1451 3019 λόγον,

456 3021 497 3054 τὸ
521 3015 559 3053 δὲ
583 3021 679 3053 κατά
703 3031 767 3056 την
793 3018 887 3056 ὕλην.
922 3017 1029 3051 Ὅταν
1056 3017 1115 3062 μέν
1142 3016 1198 3050 οὖν
1221 3018 1255 3050 ἓν
1273 3016 1410 3055 τούτοις
1430 3014 1453 3059 ᾗ

455 3066 476 3102 ἥ
498 3063 694 3119 μεταβολή,
712 3063 840 3110 γένεσις
866 3063 964 3096 ἔσται
989 3061 1010 3099 ἣ
1036 3061 1155 3107 φθορά,
1176 3061 1260 3095 ὅταν
1278 3057 1306 3094 δ’
1330 3062 1362 3094 ὲν
1381 3065 1452 3099 τοῖς

456 3108 578 3143 παθεσι
602 3110 661 3141 καὶ
684 3107 781 3141 κατά
803 3106 1032 3152 συμβεβηκός,
1061 3104 1250 3144 ἀλλοίωσις.

389 3197 630 3242 Διακρινόμενα
665 3191 703 3228 δὲ
733 3198 791 3228 καὶ
823 3196 1067 3242 συγκρινόμενα
1099 3194 1274 3239 εὔφθαρτα
1304 3197 1449 3240 γίνεται.

449 3242 532 3274 Ἐάν
557 3241 614 3286 μὲν
640 3241 705 3287 γάρ
731 3240 775 3278 εἰς
803 3239 941 3273 ἐλάττω
968 3234 1098 3271 ύδάτια
1122 3234 1295 3284 διαιρεθῇ,
1321 3237 1452 3271 θᾶττον

457 3286 520 3329 ἀῆρ
544 3288 690 3332 γίνεται,
717 3284 775 3317 ἐάν
800 3279 838 3317 δέ
862 3282 1037 3330 συγκριθῇ,
1064 3279 1286 3328 βραδύτερον.
1311 3284 1450 3315 Μᾶλλον

454 3326 490 3361 δ’
517 3329 615 3362 ἔσται
639 3325 742 3365 δῆλον
768 3329 801 3361 ἐν
827 3331 898 3366 τοῖς
932 3327 1012 3360 ὕστε
1036 3339 1083 3360 ον.

388 3374 455 3406 Νῦν
487 3369 524 3406 δὲ
548 3374 714 3406 τοσοῦτον
738 3367 912 3417 διωρίσθω,
933 3371 985 3405 ὅτι
1007 3367 1178 3405 αδύνατον
1204 3368 1290 3404 εἶναι
1315 3370 1379 3408 τήν
1396 3370 1451 3417 γε’-

456 3429 541 3450 νεσιν
567 3417 749 3463 σύγκρισιν,
769 3417 842 3449 οἷαν
867 3411 913 3453 δή
938 3416 1026 3455 τινές
1051 3427 1162 3459 φασιν.

443 3559 591 3586 ΞΥΝοΡεις.
604 3573 638 3578 -
655 3567 678 3585 i.
700 3558 910 3594 Argumentum
932 3563 960 3585 et
989 3557 1091 3586 divisio
1119 3563 1220 3586 textus.
1236 3574 1255 3579 -
1269 3564 1296 3585 2.
1320 3558 1388 3585 Non
1408 3562 1451 3584 est

389 3597 594 3626 inconveniens
616 3596 709 3625 dicere
730 3606 835 3633 corpus
857 3596 989 3625 sensibile
1010 3596 1096 3624 simul
1110 3606 1172 3625 esse
1193 3603 1221 3625 et
1242 3606 1302 3625 non
1323 3605 1385 3624 esse
1407 3595 1450 3624 di-

1520 754 1538 774 *
1561 757 1623 788 Sed
1647 764 1677 789 et
1699 758 1777 789 haec
1800 759 1989 790 tentandum
2013 766 2060 791 est
2083 760 2215 790 solvere.
2239 760 2314 790 Ideo
2338 769 2447 792 rursus
2470 771 2488 791 a
2511 762 2594 803 prin-

1588 801 1671 842 cipio
1695 802 1916 843 quaestionem
1939 803 2041 834 dicere
2065 810 2202 844 oportet.

1521 844 1628 876 Omne
1651 846 1783 887 quidem
1796 846 1892 887 igitur
1915 857 2031 887 corpus
2046 847 2192 879 sensibile
2216 847 2368 879 divisibile
2389 858 2457 879 esse
2480 859 2592 881 secun-

1587 890 1666 920 dum
1689 891 1919 932 quodcumque
1942 891 2071 932 signum
2099 898 2130 923 et
2157 892 2360 932 indivisibile,
2384 903 2452 924 non
2475 900 2523 925 est
2544 894 2591 925 in-

1587 934 1796 984 conveniens:
1819 935 1882 965 hoc
1906 935 1992 966 enim
2014 942 2181 976 potestate,
2197 936 2260 968 hoc
2287 944 2396 968 autem
2419 937 2592 970 entelechia

1587 984 1698 1009 existit.

1519 1021 1596 1052 Esse
1620 1029 1728 1053 autem
1750 1029 1906 1063 potestate
1929 1023 2026 1054 simul
2049 1023 2184 1055 omnino
2208 1024 2373 1064 divisibile,
2393 1025 2591 1066 impossibile

1585 1066 1710 1097 videtur
1728 1076 1795 1097 esse
1819 1066 1940 1108 utique.
1958 1067 1990 1098 Si
2007 1067 2093 1098 enim
2115 1068 2278 1108 possibile,
2295 1075 2326 1100 et
2347 1068 2436 1100 fieret
2459 1070 2589 1112 utique:

1585 1120 1653 1141 non
1677 1117 1712 1142 ut
1734 1111 1797 1142 sint
1819 1111 1915 1142 simul
1938 1117 2010 1142 actu
2034 1112 2142 1150 ambo,
2175 1112 2363 1144 indivisibile
2387 1121 2418 1144 et
2440 1114 2590 1155 divisum,

1586 1155 1642 1185 sed
1664 1154 1802 1186 divisum
1826 1156 2004 1186 secundum
2035 1156 2266 1197 quodcumque
2294 1156 2431 1198 signum.
2453 1158 2590 1190 Nullum

1584 1199 1681 1240 igitur
1696 1200 1754 1231 erit
1767 1200 1947 1241 reliquum;
1970 1206 2003 1231 et
2015 1201 2050 1231 in
2064 1200 2294 1241 incorporeum
2314 1201 2372 1233 erit
2388 1211 2504 1242 corpus
2520 1212 2589 1234 cor-

1583 1251 1734 1284 ruptum;
1758 1251 1789 1275 et
1811 1244 2011 1285 generabitur
2034 1244 2145 1286 utique
2177 1245 2310 1286 quidem
2332 1255 2441 1276 rursus
2473 1253 2529 1278 aut
2552 1257 2590 1278 ex

1584 1289 1711 1329 punctis
1734 1295 1790 1320 aut
1813 1288 1948 1320 omnino
1971 1299 2009 1319 ex
2031 1289 2143 1320 nihilo.
2167 1289 2209 1320 Et
2230 1289 2294 1320 hoc
2323 1290 2492 1331 quomodo
2514 1301 2590 1332 pos-

1585 1331 1694 1364 sibile?
1717 1333 1779 1364 Sed
1802 1333 1957 1375 quoniam
1977 1333 2127 1364 dividitur
2149 1333 2182 1364 in
2206 1334 2391 1375 separabilia
2411 1341 2443 1366 et
2465 1345 2591 1376 semper

1583 1377 1617 1408 in
1645 1377 1786 1415 minores
1814 1377 2049 1418 magnitudines
2078 1383 2109 1409 et
2130 1377 2164 1408 in
2194 1385 2317 1410 semota
2347 1384 2378 1409 et
2408 1385 2588 1420 segregata,

1583 1421 1799 1453 manifestum.
1816 1422 1929 1463 Neque
1952 1422 2059 1464 itaque
2078 1422 2256 1453 secundum
2274 1429 2396 1463 partem
2421 1422 2589 1455 dividentis

1584 1467 1643 1498 erit
1663 1466 1786 1498 infinita
1809 1466 1955 1506 fractura,
1971 1476 2076 1507 neque
2095 1466 2246 1507 possibile
2269 1473 2316 1498 est
2330 1466 2428 1498 simul
2450 1467 2589 1500 divisum

1584 1521 1651 1542 esse
1665 1511 1843 1542 secundum
1859 1521 1956 1542 omne
1975 1511 2104 1552 signum
2128 1509 2209 1554 (non
2225 1510 2312 1542 enim
2333 1509 2517 1555 possibile):
2532 1512 2590 1544 sed

1583 1565 1686 1597 usque
1709 1555 1750 1586 ad
1772 1555 1860 1597 quid.
1877 1555 2098 1586 Necessarium
2118 1562 2165 1587 est
2186 1555 2283 1597 igitur
2300 1555 2506 1588 indivisibiles
2524 1556 2588 1589 exi-

1584 1606 1663 1631 stere
1683 1599 1918 1641 magnitudines
1941 1606 1972 1631 et
1993 1599 2196 1631 indivisibilia
2219 1610 2362 1641 corpora.

1515 1644 1557 1675 Et
1580 1644 1688 1684 aliter,
1711 1645 1737 1675 si
1761 1651 1791 1675 et
1814 1644 1871 1675 erit
1889 1644 2048 1685 generatio
2073 1650 2104 1676 et
2133 1644 2315 1685 corruptio,
2347 1643 2426 1675 haec
2455 1643 2588 1686 quidem

1583 1689 1809 1730 segregatione,
1831 1688 1910 1719 haec
1932 1695 2040 1720 autem
2063 1688 2316 1729 congregatione.
2341 1688 2469 1729 Cogeris
2491 1689 2589 1730 igitur

1582 1743 1687 1764 sermo
1710 1743 1778 1764 esse
1801 1732 2034 1773 magnitudines
2056 1733 2273 1772 indivisibiles,
2289 1732 2341 1764 hic
2364 1739 2420 1765 est.

1514 1777 1680 1815 Quoniam
1702 1785 1810 1809 autem
1833 1777 1909 1808 latet
1930 1777 2160 1818 paralogizans,
2182 1783 2214 1808 et
2235 1777 2405 1819 quomodo
2427 1777 2515 1817 latet,
2537 1777 2586 1809 di-

1582 1832 1702 1854 camus.
1718 1821 1884 1860 Quoniam
1907 1821 1994 1852 enirn
2015 1831 2082 1852 riori
2105 1828 2153 1852 est
2174 1828 2313 1862 punctus
2336 1828 2457 1862 puncto
2482 1821 2584 1854 conti-

1580 1876 1674 1907 guus,
1694 1866 1828 1897 omnino
1845 1876 1912 1896 esse
1931 1865 2086 1896 divisibile
2104 1865 2186 1896 inest
2204 1865 2336 1906 quidem
2352 1865 2460 1907 aliquo
2484 1865 2586 1897 modo

1580 1910 1863 1952 magnitudinibus,
1891 1909 2000 1951 aliquo
2024 1916 2132 1941 autem
2163 1909 2262 1941 modo
2293 1919 2360 1940 non
2382 1909 2474 1942 inest.
2489 1909 2586 1942 Vide-

1579 1962 1631 1987 tur
1654 1962 1772 1994 autem,
1796 1954 1926 1996 quando
1949 1954 2012 1985 hoc
2034 1954 2176 1995 ponitur,
2198 1959 2230 1985 et
2247 1953 2391 1996 undique
2412 1960 2444 1985 et
2465 1953 2586 1996 ubique

1580 2010 1647 2031 esse
1662 2006 1819 2041 punctus:
1843 2005 2038 2040 quapropter
2056 2007 2184 2030 necesse
2207 1997 2305 2029 dividi
2329 1997 2585 2039 magnitudinem

1579 2045 1613 2075 iri
1631 2051 1767 2086 puncta:
1792 2044 1912 2085 ubique
1931 2042 2017 2074 enim
2031 2052 2098 2074 esse
2117 2049 2284 2084 punctum.
2302 2043 2506 2084 Quapropter
2528 2049 2586 2076 aut

1580 2099 1618 2120 ex
1646 2089 1780 2120 tactibus
1804 2094 1859 2119 aut
1882 2098 1919 2119 ex
1942 2087 2068 2128 punctis
2097 2097 2180 2119 esse:
2205 2086 2267 2118 hoc
2294 2093 2403 2118 autem
2425 2093 2473 2119 est
2493 2087 2586 2130 quod

1579 2133 1681 2165 existit
1703 2133 1832 2174 ubique.
1857 2132 2022 2170 Quoniam
2043 2141 2107 2162 una
2123 2131 2254 2173 ubique,
2270 2137 2303 2163 et
2317 2140 2430 2162 omnes
2446 2137 2484 2163 ut
2505 2141 2584 2163 una-

1579 2188 1746 2219 quaeque,
1770 2177 1876 2218 plures
1904 2183 2012 2208 autem
2039 2185 2105 2206 una
2130 2185 2198 2206 non
2230 2181 2325 2206 sunt:
2353 2182 2585 2218 consequenter

1579 2222 1665 2253 enim
1699 2231 1767 2252 non
1810 2227 1894 2252 sunt.
1931 2221 2136 2261 Quapropter
2166 2229 2234 2251 non
2266 2219 2396 2262 ubique.
2431 2219 2466 2252 Si
2497 2219 2584 2252 euim

1578 2266 1757 2298 secundum
1779 2265 1924 2296 medium
1947 2264 2113 2304 divisibile,
2138 2270 2170 2296 et
2191 2263 2370 2296 secundum
2393 2274 2456 2296 con
2470 2263 2479 2271 '

1576 2317 1735 2352 punctum
1767 2310 1825 2341 erit
1864 2309 2041 2340 divisibile:
2072 2318 2140 2340 non
2171 2315 2280 2340 autem
2312 2308 2484 2350 possibile:
2515 2319 2583 2340 non

1577 2355 1663 2387 enim
1690 2361 1737 2386 est
1760 2354 1948 2395 contiguum
1971 2353 2099 2394 signum
2121 2352 2213 2394 signo
2243 2359 2298 2384 aut
2320 2360 2479 2394 punctum
2500 2362 2584 2395 puri-

1579 2406 1641 2431 cto.
1669 2399 1743 2430 Hoc
1772 2405 1880 2430 autem
1908 2405 1954 2429 est
1983 2397 2096 2430 divisio
2122 2403 2178 2429 aut
2202 2397 2405 2438 compositio.
2433 2397 2582 2439 Quapro-

1576 2451 1646 2484 pter
1661 2450 1709 2475 est
1725 2442 1926 2484 congregatio
1943 2448 1975 2473 et
1997 2441 2188 2482 segregatio:
2213 2441 2270 2472 sed
2292 2451 2398 2482 neque
2419 2440 2453 2472 in
2473 2447 2582 2473 atoma

1577 2494 1608 2519 et
1630 2498 1668 2518 ex
1697 2487 1813 2518 atomis
1837 2485 1965 2530 (multa
1995 2485 2082 2516 enim
2111 2484 2322 2526 impossibilia
2351 2483 2580 2528 contingunt);

1576 2541 1681 2573 neque
1703 2531 1746 2563 ita
1775 2537 1812 2562 ut
1835 2530 1947 2561 divisio
1971 2529 2026 2561 fiat
2052 2529 2172 2570 ubique
2196 2526 2241 2572 (si
2261 2529 2348 2560 enim
2376 2535 2458 2561 esset
2478 2529 2580 2561 eonti-

1576 2586 1679 2617 guum
1701 2581 1859 2616 punctum
1875 2580 2006 2615 puncto,
2030 2573 2092 2605 hoc
2107 2573 2218 2614 utique
2234 2571 2344 2616 esset);
2365 2573 2421 2604 sed
2435 2572 2470 2604 in
2484 2583 2582 2615 parva

1576 2627 1607 2652 et
1630 2620 1736 2651 minor
1759 2626 1805 2650 est
1828 2619 2012 2659 segregatio,
2037 2624 2068 2649 et
2090 2617 2292 2658 congregatio
2308 2627 2345 2648 ex
2368 2618 2556 2650 minoribus.

1508 2664 1526 2684 *
1548 2665 1611 2696 Sed
1635 2674 1702 2695 non
1725 2663 1860 2704 simplex
1883 2669 1914 2694 et
1937 2662 2074 2703 perfecta
2096 2662 2257 2703 generatio
2281 2662 2526 2703 congregatione
2549 2669 2580 2694 et

1576 2707 1791 2749 segregatione
1809 2706 2015 2738 determinata
2039 2713 2096 2745 est,
2111 2712 2147 2738 ut
2161 2706 2294 2747 quidam
2315 2705 2484 2748 inquiunt,
2507 2715 2580 2738 eam

1574 2763 1650 2784 vero
1674 2762 1757 2794 quae
1779 2752 1812 2782 in
1836 2751 1990 2782 continuo
2014 2757 2061 2781 est
2083 2749 2397 2790 transmutationem,
2422 2750 2579 2783 alteratio-

1575 2804 1669 2828 nem:
1701 2797 1755 2827 sed
1784 2796 1847 2826 hoc
1877 2802 1923 2826 est
1952 2794 1985 2825 in
2017 2805 2084 2836 quo
2115 2801 2218 2826 errant
2249 2794 2369 2826 omnia.
2399 2795 2457 2827 Eat
2492 2794 2579 2826 enim

1575 2841 1734 2883 generatio
1763 2839 1896 2880 simplex
1926 2845 1957 2870 et
1980 2838 2161 2880 corruptio,
2185 2848 2251 2869 non
2282 2838 2525 2879 congregatione
2549 2845 2580 2871 et

1574 2885 1800 2926 segregatione,
1824 2884 1880 2914 sed
1895 2883 2050 2924 quoniam
2069 2889 2296 2914 transmutatur
2319 2893 2356 2914 ex
2378 2883 2441 2914 hoc
2463 2883 2497 2914 in
2515 2883 2578 2915 hoc

1573 2937 1690 2962 totum.
1717 2929 1760 2960 Hi
1784 2934 1892 2959 autem
1914 2927 2093 2959 existimant
2115 2926 2333 2958 alterationem
2356 2937 2423 2958 esse
2446 2936 2578 2959 omnem

1573 2974 1669 3005 talem
1691 2972 2000 3004 transmutationem.
2018 2971 2054 3002 ln
2073 2971 2135 3002 hoc
2151 2978 2259 3002 autem
2277 2970 2433 3003 differunt.
2451 2971 2488 3002 ln
2503 2971 2577 3003 sub-

1572 3018 1654 3050 iecto
1671 3017 1757 3049 enim
1775 3017 1838 3049 hoc
1853 3016 1986 3057 quidem
2000 3022 2047 3047 est
2062 3015 2239 3046 secundum
2255 3015 2422 3054 rationem,
2439 3014 2502 3047 hoe
2523 3025 2578 3047 au-

1573 3069 1639 3093 tem
1661 3061 1839 3093 secundum
1853 3060 2035 3091 materiam:
2052 3060 2183 3100 quando
2207 3059 2338 3101 quidem
2360 3059 2456 3100 igitur
2473 3059 2507 3090 in
2526 3059 2576 3091 his

1573 3106 1794 3138 transmutatio
1818 3104 1922 3143 fuerit,
1942 3103 2102 3145 generatio
2119 3103 2178 3135 erit
2200 3111 2231 3135 et
2246 3103 2428 3144 corruptio;
2445 3103 2577 3145 quando

1573 3157 1681 3182 autem
1703 3150 1736 3181 in
1760 3149 1961 3191 passionibus
1984 3155 2015 3180 et
2037 3148 2215 3180 secundum
2237 3148 2392 3186 accidens,
2423 3147 2576 3179 alteratio.

1506 3195 1673 3236 Segregata
1696 3201 1804 3226 autem
1827 3201 1858 3225 et
1881 3198 2069 3234 congregata
2101 3192 2211 3223 leviter
2241 3191 2457 3233 corruptibilia
2489 3198 2574 3224 aunt.

1572 3239 1605 3270 Si
1629 3238 1714 3270 enim
1736 3238 1768 3269 in
1785 3237 1985 3279 parvissimas
2009 3246 2107 3278 aquas
2126 3246 2209 3278 aqua
2232 3235 2400 3275 dividatur,
2416 3235 2508 3268 citius
2523 3245 2579 3267 aer

1572 3290 1756 3323 generatur:
1781 3282 1807 3313 si
1831 3288 1938 3314 autem
1961 3287 2179 3321 congregetur,
2196 3279 2326 3312 tardius.
2350 3279 2452 3321 Magis
2466 3285 2575 3311 autem

1572 3327 1633 3358 hoc
1657 3327 1714 3358 erit
1737 3326 1941 3357 manifestum
1964 3325 1997 3356 in
2021 3325 2235 3366 sequentibus.

1504 3372 1598 3402 Nunc
1621 3378 1729 3402 autem
1744 3377 1870 3402 tantum
1886 3369 2131 3401 determinatum
2147 3368 2186 3400 sit
2201 3369 2357 3410 quoniam
2377 3367 2575 3409 impossibile

1572 3422 1619 3446 est
1650 3415 1887 3455 generationem
1902 3423 1969 3445 esse
1993 3412 2282 3455 congregationem,
2297 3412 2426 3454 qualem
2442 3411 2575 3454 quidam

1571 3459 1732 3500 inquiunt.

1504 3565 1614 3591 verum,
1636 3555 1758 3584 alterum
1779 3555 1939 3583 secundum
1961 3560 2068 3583 actum.
2090 3570 2109 3576 -
2131 3553 2158 3582 3.
2185 3553 2282 3582 Prima
2302 3552 2376 3581 ratio
2402 3550 2572 3580 Democriti.

1504 3596 1572 3624 ldeo
1594 3594 1762 3623 Democrito
1783 3594 1934 3623 videbatur
1955 3593 2134 3631 impossibile
2155 3593 2236 3630 quod
2257 3601 2363 3629 corpus
2385 3590 2518 3620 sensibile
2536 3590 2573 3619 sit

388 3637 498 3665 visibile
519 3637 678 3665 secundum
700 3645 787 3664 omne
809 3636 937 3673 signum:
961 3637 1082 3664 alterurn
1104 3635 1180 3664 enirn
1203 3635 1232 3663 in
1258 3635 1387 3673 potentia
1408 3642 1451 3664 est
1504 3634 1626 3664 omnino
1648 3634 1787 3663 divisibile
1802 3633 1831 3662 in
1846 3633 1985 3670 potentia,
2009 3633 2077 3670 quia
2098 3633 2218 3669 putabat
2239 3632 2320 3669 quod
2340 3629 2483 3668 quidquid
2497 3636 2572 3659 esset

2619 766 2761 822 ÷{{?·9.⁰⁸¹'

2605 2669 2618 2682 ⁸
2630 2669 2699 2693 Tm.
2713 2675 2750 2693 io.
