<?xml version="1.0" encoding="UTF-8"?>
<!DOCTYPE html PUBLIC "-//W3C//DTD XHTML 1.0 Transitional//EN"
    "http://www.w3.org/TR/xhtml1/DTD/xhtml1-transitional.dtd">
<html xmlns="http://www.w3.org/1999/xhtml" xml:lang="en" lang="en">
 <head>
  <title>
</title>
<meta http-equiv="Content-Type" content="text/html;charset=utf-8" />
  <meta name='ocr-system' content='tesseract 3.04.00' />
  <meta name='ocr-capabilities' content='ocr_page ocr_carea ocr_par ocr_line ocrx_word'/>
</head>
<body>
  <div class='ocr_page' id='page_1' title='image "./operaomniaiussui03thom/operaomniaiussui03thom_0545.png"; bbox 0 0 2690 4062; ppageno 0'>
   <div class='ocr_carea' id='block_1_1' title="bbox 0 717 96 4062">
    <p class='ocr_par' dir='ltr' id='par_1_1' title="bbox 0 717 96 4062">
     <span class='ocr_line' id='line_1_1' title="bbox 0 717 96 4062; baseline 0 0"><span class='ocrx_word' id='word_1_1' title='bbox 0 717 96 4062; x_wconf 95' lang='lat' dir='ltr'> </span> 
     </span>
    </p>
   </div>
   <div class='ocr_carea' id='block_1_2' title="bbox 1002 207 1531 278">
    <p class='ocr_par' dir='ltr' id='par_1_2' title="bbox 1002 207 1531 278">
     <span class='ocr_line' id='line_1_2' title="bbox 1002 207 1531 278; baseline -0.002 -11"><span class='ocrx_word' id='word_1_2' title='bbox 1002 207 1124 267; x_wconf 49' lang='lat' dir='ltr'>CAP(</span> <span class='ocrx_word' id='word_1_3' title='bbox 1144 230 1232 278; x_wconf 81' lang='lat' dir='ltr'>vn,</span> <span class='ocrx_word' id='word_1_4' title='bbox 1262 229 1414 275; x_wconf 84' lang='lat' dir='ltr'>LECT.</span> <span class='ocrx_word' id='word_1_5' title='bbox 1443 230 1531 267; x_wconf 85' lang='lat' dir='ltr'>vm</span> 
     </span>
    </p>
   </div>
   <div class='ocr_carea' id='block_1_3' title="bbox 2291 243 2364 268">
    <p class='ocr_par' dir='ltr' id='par_1_3' title="bbox 2291 243 2364 268">
     <span class='ocr_line' id='line_1_3' title="bbox 2291 243 2364 268; baseline 0 -1"><span class='ocrx_word' id='word_1_6' title='bbox 2291 243 2364 268; x_wconf 88' lang='lat' dir='ltr'>XLV</span> 
     </span>
    </p>
   </div>
   <div class='ocr_carea' id='block_1_4' title="bbox 924 455 1599 513">
    <p class='ocr_par' dir='ltr' id='par_1_4' title="bbox 924 455 1599 513">
     <span class='ocr_line' id='line_1_4' title="bbox 924 455 1599 513; baseline 0.003 -2"><span class='ocrx_word' id='word_1_7' title='bbox 924 455 1225 512; x_wconf 92' lang='lat' dir='ltr'>LECTIO</span> <span class='ocrx_word' id='word_1_8' title='bbox 1266 457 1599 513; x_wconf 92' lang='lat' dir='ltr'>OCTAVA</span> 
     </span>
    </p>
   </div>
   <div class='ocr_carea' id='block_1_5' title="bbox 213 608 2304 701">
    <p class='ocr_par' dir='ltr' id='par_1_5' title="bbox 213 608 2304 701">
     <span class='ocr_line' id='line_1_5' title="bbox 213 608 2304 648; baseline 0 -5"><span class='ocrx_word' id='word_1_9' title='bbox 213 609 468 643; x_wconf 88' lang='lat' dir='ltr'>IMPROBATA</span> <span class='ocrx_word' id='word_1_10' title='bbox 491 609 699 641; x_wconf 82' lang='lat' dir='ltr'>OPINIONE</span> <span class='ocrx_word' id='word_1_11' title='bbox 724 608 1000 640; x_wconf 89' lang='lat' dir='ltr'>EMPEDOCLIS</span> <span class='ocrx_word' id='word_1_12' title='bbox 1023 610 1374 642; x_wconf 83' lang='lat' dir='ltr'>DETERMINATUR</span> <span class='ocrx_word' id='word_1_13' title='bbox 1397 611 1619 648; x_wconf 92' lang='lat' dir='ltr'>QUOMODO</span> <span class='ocrx_word' id='word_1_14' title='bbox 1644 613 1715 643; x_wconf 91' lang='lat' dir='ltr'>FIT</span> <span class='ocrx_word' id='word_1_15' title='bbox 1738 613 1914 644; x_wconf 89' lang='lat' dir='ltr'>MIXTUM</span> <span class='ocrx_word' id='word_1_16' title='bbox 1936 613 1994 644; x_wconf 90' lang='lat' dir='ltr'>EX</span> <span class='ocrx_word' id='word_1_17' title='bbox 2017 613 2262 644; x_wconf 89' lang='lat' dir='ltr'>ELEMENTIS</span> <span class='ocrx_word' id='word_1_18' title='bbox 2286 631 2304 636; x_wconf 91' lang='lat'>-</span> 
     </span>
     <span class='ocr_line' id='line_1_6' title="bbox 510 666 2020 701; baseline 0.002 -3"><span class='ocrx_word' id='word_1_19' title='bbox 510 666 726 698; x_wconf 91' lang='lat' dir='ltr'><strong>ULTERIUS</strong></span> <span class='ocrx_word' id='word_1_20' title='bbox 750 666 1033 697; x_wconf 89' lang='lat' dir='ltr'>OSTENDITUR</span> <span class='ocrx_word' id='word_1_21' title='bbox 1055 666 1258 697; x_wconf 91' lang='lat' dir='ltr'>CUILIBET</span> <span class='ocrx_word' id='word_1_22' title='bbox 1282 667 1423 699; x_wconf 91' lang='lat' dir='ltr'>MIXTO</span> <span class='ocrx_word' id='word_1_23' title='bbox 1447 668 1588 699; x_wconf 81' lang='lat' dir='ltr'>OMNIA</span> <span class='ocrx_word' id='word_1_24' title='bbox 1611 669 1756 701; x_wconf 88' lang='lat' dir='ltr'>INESSE</span> <span class='ocrx_word' id='word_1_25' title='bbox 1780 669 2020 701; x_wconf 87' lang='lat' dir='ltr'><strong>ELEMENTA</strong></span> 
     </span>
    </p>
   </div>
   <div class='ocr_carea' id='block_1_6' title="bbox 153 794 1242 2991">
    <p class='ocr_par' dir='ltr' id='par_1_6' title="bbox 160 794 1235 1100">
     <span class='ocr_line' id='line_1_7' title="bbox 160 794 1233 846; baseline -0.005 -14"><span class='ocrx_word' id='word_1_26' title='bbox 160 802 235 846; x_wconf 80' lang='grc' dir='ltr'><strong>Περὶ</strong></span> <span class='ocrx_word' id='word_1_27' title='bbox 260 794 297 831; x_wconf 82' lang='grc' dir='ltr'>δὲ</span> <span class='ocrx_word' id='word_1_28' title='bbox 322 800 390 832; x_wconf 81' lang='grc' dir='ltr'>τῶν</span> <span class='ocrx_word' id='word_1_29' title='bbox 415 799 595 844; x_wconf 61' lang='grc' dir='ltr'><strong>στοιχείων</strong></span> <span class='ocrx_word' id='word_1_30' title='bbox 621 795 655 838; x_wconf 82' lang='grc' dir='ltr'>ἐξ</span> <span class='ocrx_word' id='word_1_31' title='bbox 680 796 724 828; x_wconf 80' lang='grc' dir='ltr'>ὧν</span> <span class='ocrx_word' id='word_1_32' title='bbox 750 797 798 829; x_wconf 80' lang='grc' dir='ltr'>τά</span> <span class='ocrx_word' id='word_1_33' title='bbox 830 797 980 841; x_wconf 78' lang='grc' dir='ltr'><strong>σώματα</strong></span> <span class='ocrx_word' id='word_1_34' title='bbox 1011 795 1233 837; x_wconf 75' lang='grc' dir='ltr'><strong>συνέστηκεν,</strong></span> 
     </span>
     <span class='ocr_line' id='line_1_8' title="bbox 229 836 1235 889; baseline -0.005 -13"><span class='ocrx_word' id='word_1_35' title='bbox 229 843 319 882; x_wconf 79' lang='grc' dir='ltr'><strong>ὅσοις</strong></span> <span class='ocrx_word' id='word_1_36' title='bbox 352 844 412 889; x_wconf 80' lang='grc' dir='ltr'>μὲν</span> <span class='ocrx_word' id='word_1_37' title='bbox 445 836 541 875; x_wconf 64' lang='grc' dir='ltr'><strong>δοκεῖ</strong></span> <span class='ocrx_word' id='word_1_38' title='bbox 564 853 598 875; x_wconf 89' lang='grc' dir='ltr'>τι</span> <span class='ocrx_word' id='word_1_39' title='bbox 631 839 718 874; x_wconf 79' lang='grc' dir='ltr'><strong>εἶναι</strong></span> <span class='ocrx_word' id='word_1_40' title='bbox 747 842 860 874; x_wconf 80' lang='grc' dir='ltr'><strong>κοινόν</strong></span> <span class='ocrx_word' id='word_1_41' title='bbox 886 840 907 878; x_wconf 73' lang='grc' dir='ltr'>ἦ</span> <span class='ocrx_word' id='word_1_42' title='bbox 933 841 1165 885; x_wconf 75' lang='grc' dir='ltr'>μεταβάλλειν</span> <span class='ocrx_word' id='word_1_43' title='bbox 1190 841 1235 878; x_wconf 82' lang='grc' dir='ltr'>εἰς</span> 
     </span>
     <span class='ocr_line' id='line_1_9' title="bbox 231 884 1234 934; baseline -0.006 -12"><span class='ocrx_word' id='word_1_44' title='bbox 231 889 388 930; x_wconf 79' lang='grc' dir='ltr'><strong>ἄλληλα,</strong></span> <span class='ocrx_word' id='word_1_45' title='bbox 417 887 552 934; x_wconf 79' lang='grc' dir='ltr'><strong>ἀνάγκη</strong></span> <span class='ocrx_word' id='word_1_46' title='bbox 583 887 611 918; x_wconf 85' lang='grc' dir='ltr'>εἱ</span> <span class='ocrx_word' id='word_1_47' title='bbox 640 886 783 930; x_wconf 86' lang='grc' dir='ltr'><strong>θάτερον</strong></span> <span class='ocrx_word' id='word_1_48' title='bbox 816 885 974 927; x_wconf 84' lang='grc' dir='ltr'><strong>τούτων,</strong></span> <span class='ocrx_word' id='word_1_49' title='bbox 998 888 1058 918; x_wconf 83' lang='grc' dir='ltr'>καὶ</span> <span class='ocrx_word' id='word_1_50' title='bbox 1091 884 1234 930; x_wconf 86' lang='grc' dir='ltr'><strong>θάτερον</strong></span> 
     </span>
     <span class='ocr_line' id='line_1_10' title="bbox 228 926 1234 976; baseline -0.005 -10"><span class='ocrx_word' id='word_1_51' title='bbox 228 933 442 976; x_wconf 78' lang='grc' dir='ltr'><strong>συμβαίνειν·</strong></span> <span class='ocrx_word' id='word_1_52' title='bbox 472 931 545 964; x_wconf 87' lang='grc' dir='ltr'><strong>ὅσοι</strong></span> <span class='ocrx_word' id='word_1_53' title='bbox 569 926 607 963; x_wconf 84' lang='grc' dir='ltr'><strong>δέ</strong></span> <span class='ocrx_word' id='word_1_54' title='bbox 625 931 672 976; x_wconf 75' lang='grc' dir='ltr'><strong>μῆ</strong></span> <span class='ocrx_word' id='word_1_55' title='bbox 691 932 844 964; x_wconf 88' lang='grc' dir='ltr'><strong>ποιοῦσιν</strong></span> <span class='ocrx_word' id='word_1_56' title='bbox 866 930 901 972; x_wconf 84' lang='grc' dir='ltr'>ἐξ</span> <span class='ocrx_word' id='word_1_57' title='bbox 924 929 1080 967; x_wconf 75' lang='grc' dir='ltr'><strong>ἀλλήλων</strong></span> <span class='ocrx_word' id='word_1_58' title='bbox 1105 929 1234 976; x_wconf 84' lang='grc' dir='ltr'><strong>γένεσιν</strong></span> 
     </span>
     <span class='ocr_line' id='line_1_11' title="bbox 228 974 1233 1021; baseline -0.004 -11"><span class='ocrx_word' id='word_1_59' title='bbox 228 974 307 1021; x_wconf 79' lang='grc' dir='ltr'><strong>μηδ’</strong></span> <span class='ocrx_word' id='word_1_60' title='bbox 335 978 377 1016; x_wconf 75' lang='grc' dir='ltr'><strong>ὥς</strong></span> <span class='ocrx_word' id='word_1_61' title='bbox 403 975 440 1017; x_wconf 82' lang='grc' dir='ltr'>ἐξ</span> <span class='ocrx_word' id='word_1_62' title='bbox 464 975 637 1018; x_wconf 83' lang='grc' dir='ltr'><strong>ἑκάστου,</strong></span> <span class='ocrx_word' id='word_1_63' title='bbox 664 975 754 1012; x_wconf 76' lang='grc' dir='ltr'><strong>πλήν</strong></span> <span class='ocrx_word' id='word_1_64' title='bbox 779 977 821 1014; x_wconf 82' lang='grc' dir='ltr'><strong>ὠς</strong></span> <span class='ocrx_word' id='word_1_65' title='bbox 846 975 884 1008; x_wconf 85' lang='grc' dir='ltr'><strong>ἐκ</strong></span> <span class='ocrx_word' id='word_1_66' title='bbox 909 978 1029 1021; x_wconf 82' lang='grc' dir='ltr'>τοίχου</span> <span class='ocrx_word' id='word_1_67' title='bbox 1055 974 1233 1016; x_wconf 80' lang='grc' dir='ltr'><strong>πλίνθους,</strong></span> 
     </span>
     <span class='ocr_line' id='line_1_12' title="bbox 231 1019 1235 1064; baseline -0.004 -9"><span class='ocrx_word' id='word_1_68' title='bbox 231 1023 365 1056; x_wconf 72' lang='grc' dir='ltr'><strong>ἄτοπον</strong></span> <span class='ocrx_word' id='word_1_69' title='bbox 390 1023 460 1059; x_wconf 79' lang='grc' dir='ltr'><strong>πῶς</strong></span> <span class='ocrx_word' id='word_1_70' title='bbox 483 1020 520 1062; x_wconf 81' lang='grc' dir='ltr'>ἐξ</span> <span class='ocrx_word' id='word_1_71' title='bbox 537 1021 670 1053; x_wconf 79' lang='grc' dir='ltr'><strong>ἐκείνων</strong></span> <span class='ocrx_word' id='word_1_72' title='bbox 695 1020 835 1053; x_wconf 80' lang='grc' dir='ltr'><strong>ἔσονται</strong></span> <span class='ocrx_word' id='word_1_73' title='bbox 851 1019 971 1064; x_wconf 78' lang='grc' dir='ltr'>σάρκες</span> <span class='ocrx_word' id='word_1_74' title='bbox 994 1021 1054 1052; x_wconf 79' lang='grc' dir='ltr'>καὶ</span> <span class='ocrx_word' id='word_1_75' title='bbox 1072 1020 1162 1052; x_wconf 78' lang='grc' dir='ltr'><strong>ὀστᾶ</strong></span> <span class='ocrx_word' id='word_1_76' title='bbox 1176 1021 1235 1051; x_wconf 82' lang='grc' dir='ltr'>καὶ</span> 
     </span>
     <span class='ocr_line' id='line_1_13' title="bbox 229 1066 595 1100; baseline 0 -1"><span class='ocrx_word' id='word_1_77' title='bbox 229 1068 298 1100; x_wconf 78' lang='grc' dir='ltr'>τῶν</span> <span class='ocrx_word' id='word_1_78' title='bbox 325 1066 435 1099; x_wconf 73' lang='grc' dir='ltr'><strong>ἄλλων</strong></span> <span class='ocrx_word' id='word_1_79' title='bbox 465 1066 595 1099; x_wconf 83' lang='grc' dir='ltr'><strong>ὁτιοῦν.</strong></span> 
     </span>
    </p>

    <p class='ocr_par' dir='ltr' id='par_1_7' title="bbox 153 1107 1238 1292">
     <span class='ocr_line' id='line_1_14' title="bbox 153 1107 1238 1159; baseline -0.006 -14"><span class='ocrx_word' id='word_1_80' title='bbox 153 1112 253 1159; x_wconf 78' lang='grc' dir='ltr'><strong>Ἔχει</strong></span> <span class='ocrx_word' id='word_1_81' title='bbox 275 1107 314 1144; x_wconf 74' lang='grc' dir='ltr'>δι’</span> <span class='ocrx_word' id='word_1_82' title='bbox 330 1111 374 1145; x_wconf 77' lang='grc' dir='ltr'>τὰ</span> <span class='ocrx_word' id='word_1_83' title='bbox 395 1110 580 1158; x_wconf 84' lang='grc' dir='ltr'><strong>λεγόμενον</strong></span> <span class='ocrx_word' id='word_1_84' title='bbox 603 1111 748 1153; x_wconf 81' lang='grc' dir='ltr'><strong>ἀπορίαν</strong></span> <span class='ocrx_word' id='word_1_85' title='bbox 771 1110 831 1141; x_wconf 80' lang='grc' dir='ltr'>καὶ</span> <span class='ocrx_word' id='word_1_86' title='bbox 848 1113 919 1146; x_wconf 80' lang='grc' dir='ltr'><strong>τοῖς</strong></span> <span class='ocrx_word' id='word_1_87' title='bbox 938 1107 974 1149; x_wconf 81' lang='grc' dir='ltr'>ἐξ</span> <span class='ocrx_word' id='word_1_88' title='bbox 994 1108 1150 1145; x_wconf 79' lang='grc' dir='ltr'><strong>ἀλλήλων</strong></span> <span class='ocrx_word' id='word_1_89' title='bbox 1167 1119 1238 1154; x_wconf 81' lang='grc' dir='ltr'><strong>γεν-</strong></span> 
     </span>
     <span class='ocr_line' id='line_1_15' title="bbox 228 1152 1232 1201; baseline -0.004 -13"><span class='ocrx_word' id='word_1_90' title='bbox 228 1157 342 1198; x_wconf 74' lang='grc' dir='ltr'><strong>νόσιν,</strong></span> <span class='ocrx_word' id='word_1_91' title='bbox 359 1157 441 1189; x_wconf 80' lang='grc' dir='ltr'><strong>τίνοι</strong></span> <span class='ocrx_word' id='word_1_92' title='bbox 456 1155 584 1200; x_wconf 78' lang='grc' dir='ltr'><strong>τρόπον</strong></span> <span class='ocrx_word' id='word_1_93' title='bbox 601 1157 760 1201; x_wconf 79' lang='grc' dir='ltr'><strong>γίγνεται</strong></span> <span class='ocrx_word' id='word_1_94' title='bbox 778 1153 813 1194; x_wconf 80' lang='grc' dir='ltr'>ἐξ</span> <span class='ocrx_word' id='word_1_95' title='bbox 832 1152 946 1186; x_wconf 81' lang='grc' dir='ltr'><strong>αὐτῶν</strong></span> <span class='ocrx_word' id='word_1_96' title='bbox 963 1152 1078 1194; x_wconf 81' lang='grc' dir='ltr'><strong>ἕτερόν</strong></span> <span class='ocrx_word' id='word_1_97' title='bbox 1101 1165 1136 1185; x_wconf 89' lang='grc' dir='ltr'>τι</span> <span class='ocrx_word' id='word_1_98' title='bbox 1152 1153 1232 1195; x_wconf 85' lang='grc' dir='ltr'><strong>παρ’</strong></span> 
     </span>
     <span class='ocr_line' id='line_1_16' title="bbox 222 1194 1236 1247; baseline -0.007 -11"><span class='ocrx_word' id='word_1_99' title='bbox 222 1199 466 1247; x_wconf 52' lang='grc' dir='ltr'><strong>ΛύτότΔέγω</strong></span> <span class='ocrx_word' id='word_1_100' title='bbox 502 1195 531 1231; x_wconf 79' lang='grc' dir='ltr'>δ’</span> <span class='ocrx_word' id='word_1_101' title='bbox 563 1200 631 1232; x_wconf 84' lang='grc' dir='ltr'><strong>οἷον</strong></span> <span class='ocrx_word' id='word_1_102' title='bbox 666 1199 758 1232; x_wconf 83' lang='grc' dir='ltr'><strong>ἔστιν</strong></span> <span class='ocrx_word' id='word_1_103' title='bbox 795 1198 832 1231; x_wconf 73' lang='grc' dir='ltr'><strong>ἐκ</strong></span> <span class='ocrx_word' id='word_1_104' title='bbox 857 1198 958 1242; x_wconf 86' lang='grc' dir='ltr'><strong>πυρὸς</strong></span> <span class='ocrx_word' id='word_1_105' title='bbox 991 1194 1078 1243; x_wconf 81' lang='grc' dir='ltr'><strong>ὕδωρ</strong></span> <span class='ocrx_word' id='word_1_106' title='bbox 1111 1200 1170 1230; x_wconf 80' lang='grc' dir='ltr'>καί</span> <span class='ocrx_word' id='word_1_107' title='bbox 1201 1198 1236 1231; x_wconf 89' lang='grc' dir='ltr'><strong>ἐκ</strong></span> 
     </span>
     <span class='ocr_line' id='line_1_17' title="bbox 229 1242 1237 1292; baseline -0.004 -13"><span class='ocrx_word' id='word_1_108' title='bbox 229 1245 361 1280; x_wconf 78' lang='grc' dir='ltr'><strong>τούτου</strong></span> <span class='ocrx_word' id='word_1_109' title='bbox 377 1243 555 1292; x_wconf 82' lang='grc' dir='ltr'><strong>γίγνεσθαι</strong></span> <span class='ocrx_word' id='word_1_110' title='bbox 572 1245 656 1289; x_wconf 87' lang='grc' dir='ltr'><strong>πῦρ·</strong></span> <span class='ocrx_word' id='word_1_111' title='bbox 683 1243 758 1276; x_wconf 84' lang='grc' dir='ltr'><strong>ἔστι</strong></span> <span class='ocrx_word' id='word_1_112' title='bbox 774 1242 823 1290; x_wconf 83' lang='grc' dir='ltr'><strong>γά</strong></span> <span class='ocrx_word' id='word_1_113' title='bbox 866 1254 900 1275; x_wconf 87' lang='grc' dir='ltr'>τι</span> <span class='ocrx_word' id='word_1_114' title='bbox 915 1242 1027 1274; x_wconf 80' lang='grc' dir='ltr'><strong>κοινόν</strong></span> <span class='ocrx_word' id='word_1_115' title='bbox 1046 1242 1088 1275; x_wconf 78' lang='grc' dir='ltr'>τό</span> <span class='ocrx_word' id='word_1_116' title='bbox 1105 1243 1237 1276; x_wconf 81' lang='grc' dir='ltr'><strong>ὑποκεί-</strong></span> 
     </span>
    </p>

    <p class='ocr_par' dir='ltr' id='par_1_8' title="bbox 164 1255 1236 1336">
     <span class='ocr_line' id='line_1_18' title="bbox 228 1255 1236 1336; baseline -0.003 -13.179"><span class='ocrx_word' id='word_1_117' title='bbox 228 1301 341 1336; x_wconf 62' lang='grc' dir='ltr'><strong>μενον.</strong></span> <span class='ocrx_word' id='word_1_118' title='bbox 372 1289 483 1322; x_wconf 77' lang='grc' dir='ltr'><strong>Ἀλλά</strong></span> <span class='ocrx_word' id='word_1_119' title='bbox 511 1284 555 1325; x_wconf 75' lang='grc' dir='ltr'>δή</span> <span class='ocrx_word' id='word_1_120' title='bbox 585 1290 646 1321; x_wconf 76' lang='grc' dir='ltr'>καὶ</span> <span class='ocrx_word' id='word_1_121' title='bbox 678 1287 763 1331; x_wconf 71' lang='grc' dir='ltr'><strong>σάρξ</strong></span> <span class='ocrx_word' id='word_1_122' title='bbox 796 1255 840 1329; x_wconf 69' lang='grc' dir='ltr'>ἐξρ</span> <span class='ocrx_word' id='word_1_123' title='bbox 870 1287 983 1319; x_wconf 82' lang='grc' dir='ltr'><strong>αὐτῶν</strong></span> <span class='ocrx_word' id='word_1_124' title='bbox 1015 1289 1150 1333; x_wconf 80' lang='grc' dir='ltr'><strong>γίνεται</strong></span> <span class='ocrx_word' id='word_1_125' title='bbox 1178 1290 1236 1320; x_wconf 84' lang='grc' dir='ltr'>καὶ</span> 
     </span>
    </p>

    <p class='ocr_par' dir='ltr' id='par_1_9' title="bbox 176 1329 877 1381">
     <span class='ocr_line' id='line_1_19' title="bbox 176 1329 877 1381; baseline -0.006 -14"><span class='ocrx_word' id='word_1_126' title='bbox 176 1346 178 1349; x_wconf 92' lang='grc'><em>·</em></span> <span class='ocrx_word' id='word_1_127' title='bbox 225 1333 370 1381; x_wconf 78' lang='grc' dir='ltr'><strong>μυελός·</strong></span> <span class='ocrx_word' id='word_1_128' title='bbox 397 1334 516 1367; x_wconf 87' lang='grc' dir='ltr'><strong>ταῦτα</strong></span> <span class='ocrx_word' id='word_1_129' title='bbox 549 1329 594 1371; x_wconf 69' lang='grc' dir='ltr'>δή</span> <span class='ocrx_word' id='word_1_130' title='bbox 627 1335 762 1380; x_wconf 85' lang='grc' dir='ltr'><strong>γίνεται</strong></span> <span class='ocrx_word' id='word_1_131' title='bbox 787 1332 877 1372; x_wconf 61' lang='lat' dir='ltr'>vri-353</span> 
     </span>
    </p>

    <p class='ocr_par' dir='ltr' id='par_1_10' title="bbox 161 1371 1237 1426">
     <span class='ocr_line' id='line_1_20' title="bbox 161 1371 1237 1426; baseline -0.005 -13"><span class='ocrx_word' id='word_1_132' title='bbox 161 1379 299 1418; x_wconf 58' lang='grc' dir='ltr'><strong>ἐκείνοις</strong></span> <span class='ocrx_word' id='word_1_133' title='bbox 324 1391 365 1412; x_wconf 78' lang='grc' dir='ltr'>τε</span> <span class='ocrx_word' id='word_1_134' title='bbox 389 1378 454 1426; x_wconf 70' lang='grc' dir='ltr'>γάρ</span> <span class='ocrx_word' id='word_1_135' title='bbox 472 1383 544 1416; x_wconf 74' lang='grc' dir='ltr'><strong>τοῖς</strong></span> <span class='ocrx_word' id='word_1_136' title='bbox 566 1377 723 1424; x_wconf 82' lang='grc' dir='ltr'><strong>λέγουσιν</strong></span> <span class='ocrx_word' id='word_1_137' title='bbox 743 1378 787 1414; x_wconf 73' lang='grc' dir='ltr'><strong>ὥς</strong></span> <span class='ocrx_word' id='word_1_138' title='bbox 805 1371 1042 1420; x_wconf 74' lang='grc' dir='ltr'><strong>Ἐμπεδοκλῆς</strong></span> <span class='ocrx_word' id='word_1_139' title='bbox 1061 1378 1112 1414; x_wconf 86' lang='grc' dir='ltr'>τίς</span> <span class='ocrx_word' id='word_1_140' title='bbox 1137 1377 1237 1408; x_wconf 83' lang='grc' dir='ltr'><strong>ἔσται</strong></span> 
     </span>
    </p>

    <p class='ocr_par' dir='ltr' id='par_1_11' title="bbox 165 1417 1237 1470">
     <span class='ocr_line' id='line_1_21' title="bbox 165 1417 1237 1470; baseline -0.005 -12"><span class='ocrx_word' id='word_1_141' title='bbox 165 1442 194 1452; x_wconf 30' lang='grc' dir='ltr'>-ψ</span> <span class='ocrx_word' id='word_1_142' title='bbox 223 1423 381 1470; x_wconf 52' lang='lat' dir='ltr'>‘epist-053</span> <span class='ocrx_word' id='word_1_143' title='bbox 419 1423 554 1470; x_wconf 77' lang='grc' dir='ltr'><strong>ἀνάγκη</strong></span> <span class='ocrx_word' id='word_1_144' title='bbox 593 1422 659 1470; x_wconf 67' lang='grc' dir='ltr'><strong>γάρ</strong></span> <span class='ocrx_word' id='word_1_145' title='bbox 692 1420 844 1453; x_wconf 85' lang='grc' dir='ltr'><strong>σύνθεσιν</strong></span> <span class='ocrx_word' id='word_1_146' title='bbox 880 1417 967 1452; x_wconf 81' lang='grc' dir='ltr'><strong>εἶναι</strong></span> <span class='ocrx_word' id='word_1_147' title='bbox 1007 1419 1164 1466; x_wconf 87' lang='grc' dir='ltr'><strong>καθάπερ</strong></span> <span class='ocrx_word' id='word_1_148' title='bbox 1201 1421 1237 1453; x_wconf 85' lang='grc' dir='ltr'><strong>ἐκ</strong></span> 
     </span>
    </p>

    <p class='ocr_par' dir='ltr' id='par_1_12' title="bbox 201 1460 1238 1736">
     <span class='ocr_line' id='line_1_22' title="bbox 201 1460 1236 1512; baseline -0.004 -11"><span class='ocrx_word' id='word_1_149' title='bbox 201 1486 207 1493; x_wconf 43' lang='grc' dir='ltr'><strong>ι</strong></span> <span class='ocrx_word' id='word_1_150' title='bbox 228 1468 377 1502; x_wconf 76' lang='grc' dir='ltr'><strong>πλίνθων</strong></span> <span class='ocrx_word' id='word_1_151' title='bbox 400 1469 460 1500; x_wconf 77' lang='grc' dir='ltr'>καί</span> <span class='ocrx_word' id='word_1_152' title='bbox 483 1467 583 1500; x_wconf 70' lang='grc' dir='ltr'><strong>λίθων</strong></span> <span class='ocrx_word' id='word_1_153' title='bbox 614 1470 749 1512; x_wconf 81' lang='grc' dir='ltr'><strong>τοϊχος·</strong></span> <span class='ocrx_word' id='word_1_154' title='bbox 774 1467 833 1497; x_wconf 84' lang='grc' dir='ltr'>καὶ</span> <span class='ocrx_word' id='word_1_155' title='bbox 859 1466 901 1498; x_wconf 78' lang='grc' dir='ltr'>τὸ</span> <span class='ocrx_word' id='word_1_156' title='bbox 926 1467 1037 1511; x_wconf 81' lang='grc' dir='ltr'><strong>μῖγμα</strong></span> <span class='ocrx_word' id='word_1_157' title='bbox 1061 1460 1100 1498; x_wconf 80' lang='grc' dir='ltr'>δὲ</span> <span class='ocrx_word' id='word_1_158' title='bbox 1128 1466 1236 1498; x_wconf 84' lang='grc' dir='ltr'><strong>τοῦτο</strong></span> 
     </span>
     <span class='ocr_line' id='line_1_23' title="bbox 226 1510 1236 1557; baseline -0.004 -10"><span class='ocrx_word' id='word_1_159' title='bbox 226 1514 268 1547; x_wconf 69' lang='grc' dir='ltr'><strong>ἑκ</strong></span> <span class='ocrx_word' id='word_1_160' title='bbox 300 1511 500 1557; x_wconf 76' lang='grc' dir='ltr'><strong>σωζομένων</strong></span> <span class='ocrx_word' id='word_1_161' title='bbox 529 1512 590 1557; x_wconf 77' lang='grc' dir='ltr'>μὲν</span> <span class='ocrx_word' id='word_1_162' title='bbox 620 1511 720 1544; x_wconf 70' lang='grc' dir='ltr'><strong>ἔσται</strong></span> <span class='ocrx_word' id='word_1_163' title='bbox 749 1511 816 1543; x_wconf 82' lang='grc' dir='ltr'>τῶν</span> <span class='ocrx_word' id='word_1_164' title='bbox 841 1513 1034 1555; x_wconf 80' lang='grc' dir='ltr'><strong>στοιχείων,</strong></span> <span class='ocrx_word' id='word_1_165' title='bbox 1064 1510 1162 1543; x_wconf 83' lang='grc' dir='ltr'><strong>κατοὶ</strong></span> <span class='ocrx_word' id='word_1_166' title='bbox 1185 1522 1236 1554; x_wconf 88' lang='grc' dir='ltr'>μι-</span> 
     </span>
     <span class='ocr_line' id='line_1_24' title="bbox 226 1552 1236 1604; baseline -0.004 -13"><span class='ocrx_word' id='word_1_167' title='bbox 226 1558 295 1604; x_wconf 74' lang='grc' dir='ltr'><strong>κρὰ</strong></span> <span class='ocrx_word' id='word_1_168' title='bbox 315 1553 356 1590; x_wconf 73' lang='grc' dir='ltr'>δὲ</span> <span class='ocrx_word' id='word_1_169' title='bbox 384 1557 467 1602; x_wconf 79' lang='grc' dir='ltr'><strong>παρ’</strong></span> <span class='ocrx_word' id='word_1_170' title='bbox 504 1557 639 1594; x_wconf 83' lang='grc' dir='ltr'><strong>ἄλληλα</strong></span> <span class='ocrx_word' id='word_1_171' title='bbox 674 1553 914 1601; x_wconf 76' lang='grc' dir='ltr'><strong>συγκειμένων.</strong></span> <span class='ocrx_word' id='word_1_172' title='bbox 948 1553 1047 1586; x_wconf 79' lang='grc' dir='ltr'><strong>Οὕτω</strong></span> <span class='ocrx_word' id='word_1_173' title='bbox 1083 1552 1128 1592; x_wconf 68' lang='grc' dir='ltr'>δή</span> <span class='ocrx_word' id='word_1_174' title='bbox 1153 1554 1236 1600; x_wconf 75' lang='grc' dir='ltr'><strong>σάρξ</strong></span> 
     </span>
     <span class='ocr_line' id='line_1_25' title="bbox 226 1594 1238 1644; baseline -0.004 -8"><span class='ocrx_word' id='word_1_175' title='bbox 226 1599 288 1636; x_wconf 59' lang='grc' dir='ltr'><strong>καὶ</strong></span> <span class='ocrx_word' id='word_1_176' title='bbox 311 1603 380 1636; x_wconf 80' lang='grc' dir='ltr'>τῶν</span> <span class='ocrx_word' id='word_1_177' title='bbox 406 1601 517 1633; x_wconf 78' lang='grc' dir='ltr'><strong>ἄλλων</strong></span> <span class='ocrx_word' id='word_1_178' title='bbox 543 1600 705 1634; x_wconf 81' lang='grc' dir='ltr'><strong>ἕκαστον.</strong></span> <span class='ocrx_word' id='word_1_179' title='bbox 733 1600 917 1644; x_wconf 86' lang='grc' dir='ltr'><strong>Συμβαίνει</strong></span> <span class='ocrx_word' id='word_1_180' title='bbox 941 1594 986 1636; x_wconf 72' lang='grc' dir='ltr'>δὴ</span> <span class='ocrx_word' id='word_1_181' title='bbox 1038 1599 1060 1637; x_wconf 76' lang='grc' dir='ltr'>ἢ</span> <span class='ocrx_word' id='word_1_182' title='bbox 1081 1599 1116 1642; x_wconf 79' lang='grc' dir='ltr'>ἐξ</span> <span class='ocrx_word' id='word_1_183' title='bbox 1141 1601 1238 1632; x_wconf 80' lang='grc' dir='ltr'><strong>ὁτου-</strong></span> 
     </span>
     <span class='ocr_line' id='line_1_26' title="bbox 230 1643 1237 1692; baseline -0.004 -12"><span class='ocrx_word' id='word_1_184' title='bbox 230 1647 288 1680; x_wconf 91' lang='grc' dir='ltr'>οῦν</span> <span class='ocrx_word' id='word_1_185' title='bbox 314 1645 433 1692; x_wconf 78' lang='grc' dir='ltr'><strong>μέρους</strong></span> <span class='ocrx_word' id='word_1_186' title='bbox 459 1646 582 1691; x_wconf 75' lang='grc' dir='ltr'><strong>σαρκὸς</strong></span> <span class='ocrx_word' id='word_1_187' title='bbox 610 1645 786 1692; x_wconf 85' lang='grc' dir='ltr'><strong>γίγνεσθαι</strong></span> <span class='ocrx_word' id='word_1_188' title='bbox 811 1645 877 1687; x_wconf 85' lang='grc' dir='ltr'>πῦρ</span> <span class='ocrx_word' id='word_1_189' title='bbox 905 1645 966 1676; x_wconf 79' lang='grc' dir='ltr'>καὶ</span> <span class='ocrx_word' id='word_1_190' title='bbox 991 1644 1009 1675; x_wconf 83' lang='grc' dir='ltr'>ὕ</span> <span class='ocrx_word' id='word_1_191' title='bbox 1033 1657 1099 1689; x_wconf 86' lang='grc' dir='ltr'>ωρ,</span> <span class='ocrx_word' id='word_1_192' title='bbox 1125 1643 1237 1690; x_wconf 73' lang='grc' dir='ltr'><strong>ὥσπερ</strong></span> 
     </span>
     <span class='ocr_line' id='line_1_27' title="bbox 229 1683 1236 1736; baseline -0.004 -12"><span class='ocrx_word' id='word_1_193' title='bbox 229 1689 269 1725; x_wconf 77' lang='grc' dir='ltr'><strong>ἐκ</strong></span> <span class='ocrx_word' id='word_1_194' title='bbox 291 1691 396 1736; x_wconf 82' lang='grc' dir='ltr'><strong>κηροῦ</strong></span> <span class='ocrx_word' id='word_1_195' title='bbox 413 1689 542 1736; x_wconf 82' lang='grc' dir='ltr'><strong>γένοιτ’</strong></span> <span class='ocrx_word' id='word_1_196' title='bbox 564 1689 604 1723; x_wconf 79' lang='grc' dir='ltr'>ἄν</span> <span class='ocrx_word' id='word_1_197' title='bbox 623 1688 660 1722; x_wconf 88' lang='grc' dir='ltr'><strong>ἐκ</strong></span> <span class='ocrx_word' id='word_1_198' title='bbox 677 1690 737 1735; x_wconf 84' lang='grc' dir='ltr'>μὲν</span> <span class='ocrx_word' id='word_1_199' title='bbox 758 1683 856 1722; x_wconf 79' lang='grc' dir='ltr'><strong>τουδί</strong></span> <span class='ocrx_word' id='word_1_200' title='bbox 877 1689 940 1721; x_wconf 88' lang='grc' dir='ltr'>τοῦ</span> <span class='ocrx_word' id='word_1_201' title='bbox 961 1688 1002 1733; x_wconf 86' lang='grc' dir='ltr'>με’</span> <span class='ocrx_word' id='word_1_202' title='bbox 1025 1701 1078 1728; x_wconf 87' lang='grc' dir='ltr'>ους</span> <span class='ocrx_word' id='word_1_203' title='bbox 1095 1693 1236 1734; x_wconf 80' lang='grc' dir='ltr'><strong>σφαῖρα,</strong></span> 
     </span>
    </p>

    <p class='ocr_par' dir='ltr' id='par_1_13' title="bbox 164 1729 1236 1782">
     <span class='ocr_line' id='line_1_28' title="bbox 164 1729 1236 1782; baseline 0.003 -20"><span class='ocrx_word' id='word_1_204' title='bbox 164 1746 183 1762; x_wconf 78' lang='grc'>-;</span> <span class='ocrx_word' id='word_1_205' title='bbox 228 1738 376 1782; x_wconf 62' lang='grc' dir='ltr'><strong>πυραμὶς</strong></span> <span class='ocrx_word' id='word_1_206' title='bbox 407 1734 436 1770; x_wconf 84' lang='grc' dir='ltr'>δ’</span> <span class='ocrx_word' id='word_1_207' title='bbox 466 1735 502 1777; x_wconf 82' lang='grc' dir='ltr'>ἐξ</span> <span class='ocrx_word' id='word_1_208' title='bbox 535 1735 641 1768; x_wconf 77' lang='grc' dir='ltr'><strong>ἄλλου</strong></span> <span class='ocrx_word' id='word_1_209' title='bbox 674 1733 784 1772; x_wconf 86' lang='grc' dir='ltr'><strong>τινός·</strong></span> <span class='ocrx_word' id='word_1_210' title='bbox 813 1732 888 1766; x_wconf 81' lang='grc' dir='ltr'><strong>ἀλλ’</strong></span> <span class='ocrx_word' id='word_1_211' title='bbox 918 1729 1097 1781; x_wconf 83' lang='grc' dir='ltr'><strong>ἐνεδεχετό</strong></span> <span class='ocrx_word' id='word_1_212' title='bbox 1128 1746 1167 1781; x_wconf 89' lang='grc' dir='ltr'>γε</span> <span class='ocrx_word' id='word_1_213' title='bbox 1201 1732 1236 1775; x_wconf 77' lang='grc' dir='ltr'>ἐξ</span> 
     </span>
    </p>

    <p class='ocr_par' dir='ltr' id='par_1_14' title="bbox 163 1775 1236 1872">
     <span class='ocr_line' id='line_1_29' title="bbox 204 1775 1236 1826; baseline -0.004 -12.153"><span class='ocrx_word' id='word_1_214' title='bbox 204 1805 205 1808; x_wconf 50' lang='lat'><em>=</em></span> <span class='ocrx_word' id='word_1_215' title='bbox 228 1779 396 1826; x_wconf 64' lang='grc' dir='ltr'><strong>ἑκατέρου</strong></span> <span class='ocrx_word' id='word_1_216' title='bbox 422 1780 584 1826; x_wconf 81' lang='grc' dir='ltr'><strong>ἑκάτερον</strong></span> <span class='ocrx_word' id='word_1_217' title='bbox 609 1778 781 1825; x_wconf 82' lang='grc' dir='ltr'><strong>γενέσθαι.</strong></span> <span class='ocrx_word' id='word_1_218' title='bbox 817 1779 930 1811; x_wconf 79' lang='grc' dir='ltr'><strong>Τοῦτο</strong></span> <span class='ocrx_word' id='word_1_219' title='bbox 956 1779 1015 1824; x_wconf 77' lang='grc' dir='ltr'>μὲν</span> <span class='ocrx_word' id='word_1_220' title='bbox 1040 1775 1084 1816; x_wconf 74' lang='grc' dir='ltr'>δὴ</span> <span class='ocrx_word' id='word_1_221' title='bbox 1109 1779 1236 1812; x_wconf 79' lang='grc' dir='ltr'><strong>τοῦτον</strong></span> 
     </span>
     <span class='ocr_line' id='line_1_30' title="bbox 226 1823 1235 1872; baseline -0.005 -13"><span class='ocrx_word' id='word_1_222' title='bbox 226 1828 364 1872; x_wconf 82' lang='grc' dir='ltr'><strong>γίνεται</strong></span> <span class='ocrx_word' id='word_1_223' title='bbox 381 1826 442 1860; x_wconf 84' lang='grc' dir='ltr'>τόν</span> <span class='ocrx_word' id='word_1_224' title='bbox 460 1824 587 1870; x_wconf 84' lang='grc' dir='ltr'><strong>τρόπον</strong></span> <span class='ocrx_word' id='word_1_225' title='bbox 610 1826 646 1857; x_wconf 88' lang='grc' dir='ltr'><strong>ἐκ</strong></span> <span class='ocrx_word' id='word_1_226' title='bbox 672 1825 735 1862; x_wconf 86' lang='grc' dir='ltr'><strong>τῆς</strong></span> <span class='ocrx_word' id='word_1_227' title='bbox 760 1823 884 1866; x_wconf 75' lang='grc' dir='ltr'><strong>σαρκὸς</strong></span> <span class='ocrx_word' id='word_1_228' title='bbox 903 1823 937 1865; x_wconf 79' lang='grc' dir='ltr'>ἐξ</span> <span class='ocrx_word' id='word_1_229' title='bbox 957 1824 1099 1858; x_wconf 83' lang='grc' dir='ltr'><strong>ὁτουοῦν</strong></span> <span class='ocrx_word' id='word_1_230' title='bbox 1119 1823 1235 1867; x_wconf 81' lang='grc' dir='ltr'><strong>ἄμφω·</strong></span> 
     </span>
    </p>

    <p class='ocr_par' dir='ltr' id='par_1_15' title="bbox 200 1865 1237 1916">
     <span class='ocr_line' id='line_1_31' title="bbox 200 1865 1237 1916; baseline -0.005 -12"><span class='ocrx_word' id='word_1_231' title='bbox 200 1889 203 1896; x_wconf 76' lang='lat'><em>‹</em></span> <span class='ocrx_word' id='word_1_232' title='bbox 227 1875 302 1908; x_wconf 65' lang='grc' dir='ltr'><strong>τοῖς</strong></span> <span class='ocrx_word' id='word_1_233' title='bbox 325 1865 356 1902; x_wconf 77' lang='grc' dir='ltr'>δ’</span> <span class='ocrx_word' id='word_1_234' title='bbox 383 1872 517 1908; x_wconf 78' lang='grc' dir='ltr'><strong>ἐκείνως</strong></span> <span class='ocrx_word' id='word_1_235' title='bbox 539 1869 696 1916; x_wconf 85' lang='grc' dir='ltr'><strong>λέγουσιν</strong></span> <span class='ocrx_word' id='word_1_236' title='bbox 724 1869 784 1901; x_wconf 82' lang='grc' dir='ltr'>οὐκ</span> <span class='ocrx_word' id='word_1_237' title='bbox 809 1865 1002 1914; x_wconf 77' lang='grc' dir='ltr'><strong>ἐνδέχεται,</strong></span> <span class='ocrx_word' id='word_1_238' title='bbox 1031 1869 1105 1902; x_wconf 77' lang='grc' dir='ltr'><strong>ἀλλ’</strong></span> <span class='ocrx_word' id='word_1_239' title='bbox 1133 1869 1176 1906; x_wconf 81' lang='grc' dir='ltr'><strong>ὠς</strong></span> <span class='ocrx_word' id='word_1_240' title='bbox 1202 1868 1237 1900; x_wconf 87' lang='grc' dir='ltr'><strong>ἐκ</strong></span> 
     </span>
    </p>

    <p class='ocr_par' dir='ltr' id='par_1_16' title="bbox 198 1912 1237 1960">
     <span class='ocr_line' id='line_1_32' title="bbox 198 1912 1237 1960; baseline -0.003 -12"><span class='ocrx_word' id='word_1_241' title='bbox 198 1926 200 1928; x_wconf 76' lang='grc'>’</span> <span class='ocrx_word' id='word_1_242' title='bbox 228 1917 350 1960; x_wconf 81' lang='grc' dir='ltr'><strong>τοίχου</strong></span> <span class='ocrx_word' id='word_1_243' title='bbox 372 1915 465 1954; x_wconf 81' lang='grc' dir='ltr'><strong>λίθος</strong></span> <span class='ocrx_word' id='word_1_244' title='bbox 488 1916 548 1948; x_wconf 74' lang='grc' dir='ltr'>καὶ</span> <span class='ocrx_word' id='word_1_245' title='bbox 573 1913 724 1956; x_wconf 82' lang='grc' dir='ltr'><strong>πλίνθος,</strong></span> <span class='ocrx_word' id='word_1_246' title='bbox 747 1912 910 1958; x_wconf 85' lang='grc' dir='ltr'><strong>ἑκάτερον</strong></span> <span class='ocrx_word' id='word_1_247' title='bbox 935 1914 970 1956; x_wconf 81' lang='grc' dir='ltr'>ἐξ</span> <span class='ocrx_word' id='word_1_248' title='bbox 997 1914 1102 1946; x_wconf 79' lang='grc' dir='ltr'><strong>ἄλλου</strong></span> <span class='ocrx_word' id='word_1_249' title='bbox 1127 1912 1237 1946; x_wconf 82' lang='grc' dir='ltr'><strong>τόπου</strong></span> 
     </span>
    </p>

    <p class='ocr_par' dir='ltr' id='par_1_17' title="bbox 168 1961 442 1994">
     <span class='ocr_line' id='line_1_33' title="bbox 168 1961 442 1994; baseline 0 -1"><span class='ocrx_word' id='word_1_250' title='bbox 168 1977 174 1980; x_wconf 96' lang='grc'>-</span> <span class='ocrx_word' id='word_1_251' title='bbox 226 1961 287 1993; x_wconf 78' lang='grc' dir='ltr'>καί</span> <span class='ocrx_word' id='word_1_252' title='bbox 375 1972 412 1994; x_wconf 90' lang='grc' dir='ltr'>ου</span> <span class='ocrx_word' id='word_1_253' title='bbox 434 1985 442 1993; x_wconf 91' lang='grc'><strong>.</strong></span> 
     </span>
    </p>

    <p class='ocr_par' dir='ltr' id='par_1_18' title="bbox 156 1959 1240 2092">
     <span class='ocr_line' id='line_1_34' title="bbox 156 1959 1240 2049; baseline -0.003 -13"><span class='ocrx_word' id='word_1_254' title='bbox 156 2005 300 2049; x_wconf 59' lang='grc' dir='ltr'><strong>Ὁμοίως</strong></span> <span class='ocrx_word' id='word_1_255' title='bbox 310 1959 371 2038; x_wconf 44' lang='lat' dir='ltr'>“gg</span> <span class='ocrx_word' id='word_1_256' title='bbox 385 1973 446 2038; x_wconf 67' lang='grc' dir='ltr'><strong>καςιὶ</strong></span> <span class='ocrx_word' id='word_1_257' title='bbox 463 2008 535 2042; x_wconf 73' lang='grc' dir='ltr'><strong>τοῖς</strong></span> <span class='ocrx_word' id='word_1_258' title='bbox 554 2003 690 2036; x_wconf 88' lang='grc' dir='ltr'><strong>ποιοῦσι</strong></span> <span class='ocrx_word' id='word_1_259' title='bbox 707 2005 788 2046; x_wconf 87' lang='grc' dir='ltr'><strong>μίαν</strong></span> <span class='ocrx_word' id='word_1_260' title='bbox 815 2003 930 2035; x_wconf 81' lang='grc' dir='ltr'><strong>αὐτῶν</strong></span> <span class='ocrx_word' id='word_1_261' title='bbox 956 2001 1038 2040; x_wconf 78' lang='grc' dir='ltr'><strong>ὕλην</strong></span> <span class='ocrx_word' id='word_1_262' title='bbox 1064 2002 1133 2048; x_wconf 84' lang='grc' dir='ltr'><strong>ἔχει</strong></span> <span class='ocrx_word' id='word_1_263' title='bbox 1159 2001 1240 2034; x_wconf 75' lang='grc' dir='ltr'><strong>τινὰ.</strong></span> 
     </span>
     <span class='ocr_line' id='line_1_35' title="bbox 224 2044 1238 2092; baseline -0.004 -10"><span class='ocrx_word' id='word_1_264' title='bbox 224 2049 397 2092; x_wconf 64' lang='grc' dir='ltr'><strong>ἀπορίαν,</strong></span> <span class='ocrx_word' id='word_1_265' title='bbox 424 2050 493 2088; x_wconf 71' lang='grc' dir='ltr'>πῶς</span> <span class='ocrx_word' id='word_1_266' title='bbox 518 2049 619 2082; x_wconf 82' lang='grc' dir='ltr'><strong>ἔσται</strong></span> <span class='ocrx_word' id='word_1_267' title='bbox 644 2059 679 2082; x_wconf 90' lang='grc' dir='ltr'>τι</span> <span class='ocrx_word' id='word_1_268' title='bbox 703 2046 738 2088; x_wconf 79' lang='grc' dir='ltr'>ἐξ</span> <span class='ocrx_word' id='word_1_269' title='bbox 759 2044 976 2092; x_wconf 76' lang='grc' dir='ltr'><strong>ἀμφοτέρων,</strong></span> <span class='ocrx_word' id='word_1_270' title='bbox 1008 2047 1078 2079; x_wconf 83' lang='grc' dir='ltr'><strong>οίον</strong></span> <span class='ocrx_word' id='word_1_271' title='bbox 1111 2046 1238 2092; x_wconf 83' lang='grc' dir='ltr'><strong>ψυχροῦ</strong></span> 
     </span>
    </p>

    <p class='ocr_par' dir='ltr' id='par_1_19' title="bbox 167 2090 1237 2141">
     <span class='ocr_line' id='line_1_36' title="bbox 167 2090 1237 2141; baseline -0.004 -14"><span class='ocrx_word' id='word_1_272' title='bbox 167 2109 187 2121; x_wconf 94' lang='grc'>--</span> <span class='ocrx_word' id='word_1_273' title='bbox 211 2095 287 2127; x_wconf 48' lang='grc' dir='ltr'><strong>’καί</strong></span> <span class='ocrx_word' id='word_1_274' title='bbox 318 2094 442 2141; x_wconf 82' lang='grc' dir='ltr'><strong>θερμοῦ</strong></span> <span class='ocrx_word' id='word_1_275' title='bbox 466 2093 487 2131; x_wconf 81' lang='grc' dir='ltr'>ἦ</span> <span class='ocrx_word' id='word_1_276' title='bbox 513 2093 614 2136; x_wconf 85' lang='grc' dir='ltr'><strong>πυρός</strong></span> <span class='ocrx_word' id='word_1_277' title='bbox 647 2094 706 2125; x_wconf 82' lang='grc' dir='ltr'>καὶ</span> <span class='ocrx_word' id='word_1_278' title='bbox 737 2093 815 2139; x_wconf 73' lang='grc' dir='ltr'><strong>γῆς.</strong></span> <span class='ocrx_word' id='word_1_279' title='bbox 841 2093 879 2124; x_wconf 78' lang='grc' dir='ltr'>Εἰ</span> <span class='ocrx_word' id='word_1_280' title='bbox 897 2091 963 2139; x_wconf 89' lang='grc' dir='ltr'>γάρ</span> <span class='ocrx_word' id='word_1_281' title='bbox 989 2091 1081 2124; x_wconf 85' lang='grc' dir='ltr'><strong>ἐστιν</strong></span> <span class='ocrx_word' id='word_1_282' title='bbox 1107 2092 1129 2128; x_wconf 73' lang='grc' dir='ltr'>ἢ</span> <span class='ocrx_word' id='word_1_283' title='bbox 1153 2090 1237 2132; x_wconf 74' lang='grc' dir='ltr'><strong>σάρξ</strong></span> 
     </span>
    </p>

    <p class='ocr_par' dir='ltr' id='par_1_20' title="bbox 168 2132 1238 2186">
     <span class='ocr_line' id='line_1_37' title="bbox 168 2132 1238 2186; baseline -0.006 -13"><span class='ocrx_word' id='word_1_284' title='bbox 168 2154 199 2167; x_wconf 76' lang='lat'>--1</span> <span class='ocrx_word' id='word_1_285' title='bbox 219 2137 265 2180; x_wconf 65' lang='grc' dir='ltr'>ἐξ</span> <span class='ocrx_word' id='word_1_286' title='bbox 291 2138 415 2186; x_wconf 69' lang='grc' dir='ltr'><strong>ἀμφοῖν</strong></span> <span class='ocrx_word' id='word_1_287' title='bbox 437 2140 497 2171; x_wconf 81' lang='grc' dir='ltr'>καὶ</span> <span class='ocrx_word' id='word_1_288' title='bbox 522 2134 708 2183; x_wconf 88' lang='grc' dir='ltr'><strong>μηδέτερον</strong></span> <span class='ocrx_word' id='word_1_289' title='bbox 734 2140 887 2179; x_wconf 81' lang='grc' dir='ltr'><strong>ἐκείνων,</strong></span> <span class='ocrx_word' id='word_1_290' title='bbox 914 2132 990 2180; x_wconf 83' lang='grc' dir='ltr'><strong>μηδ’</strong></span> <span class='ocrx_word' id='word_1_291' title='bbox 1021 2135 1065 2169; x_wconf 78' lang='grc' dir='ltr'>αὖ</span> <span class='ocrx_word' id='word_1_292' title='bbox 1088 2134 1238 2173; x_wconf 82' lang='grc' dir='ltr'><strong>σύνθεσις</strong></span> 
     </span>
    </p>

    <p class='ocr_par' dir='ltr' id='par_1_21' title="bbox 299 2179 1239 2230">
     <span class='ocr_line' id='line_1_38' title="bbox 299 2179 1239 2230; baseline -0.006 -13"><span class='ocrx_word' id='word_1_293' title='bbox 299 2183 442 2230; x_wconf 84' lang='grc' dir='ltr'><strong>ομένων,</strong></span> <span class='ocrx_word' id='word_1_294' title='bbox 469 2186 502 2216; x_wconf 85' lang='grc' dir='ltr'>τί</span> <span class='ocrx_word' id='word_1_295' title='bbox 523 2185 685 2216; x_wconf 88' lang='grc' dir='ltr'><strong>λείπεται</strong></span> <span class='ocrx_word' id='word_1_296' title='bbox 710 2182 800 2220; x_wconf 76' lang='grc' dir='ltr'><strong>πλήν</strong></span> <span class='ocrx_word' id='word_1_297' title='bbox 827 2180 908 2220; x_wconf 80' lang='grc' dir='ltr'><strong>ὕλην</strong></span> <span class='ocrx_word' id='word_1_298' title='bbox 926 2179 1012 2214; x_wconf 86' lang='grc' dir='ltr'><strong>εἶναι</strong></span> <span class='ocrx_word' id='word_1_299' title='bbox 1037 2181 1079 2214; x_wconf 77' lang='grc' dir='ltr'>τὸ</span> <span class='ocrx_word' id='word_1_300' title='bbox 1100 2180 1134 2221; x_wconf 81' lang='grc' dir='ltr'>ἐξ</span> <span class='ocrx_word' id='word_1_301' title='bbox 1155 2180 1239 2213; x_wconf 84' lang='grc' dir='ltr'><strong>ἐκεί-</strong></span> 
     </span>
    </p>

    <p class='ocr_par' dir='ltr' id='par_1_22' title="bbox 167 2223 1238 2307">
     <span class='ocr_line' id='line_1_39' title="bbox 167 2223 1238 2306; baseline -0.004 -46"><span class='ocrx_word' id='word_1_302' title='bbox 167 2243 173 2247; x_wconf 87' lang='grc'><em>·</em></span> <span class='ocrx_word' id='word_1_303' title='bbox 228 2239 311 2306; x_wconf 51' lang='grc' dir='ltr'>ἔζη</span> <span class='ocrx_word' id='word_1_304' title='bbox 339 2231 362 2267; x_wconf 75' lang='grc' dir='ltr'>ἡ</span> <span class='ocrx_word' id='word_1_305' title='bbox 385 2230 452 2276; x_wconf 75' lang='grc' dir='ltr'>γάρ</span> <span class='ocrx_word' id='word_1_306' title='bbox 481 2227 628 2271; x_wconf 75' lang='grc' dir='ltr'><strong>θατέρου</strong></span> <span class='ocrx_word' id='word_1_307' title='bbox 657 2226 766 2274; x_wconf 81' lang='grc' dir='ltr'><strong>φθοραὶ</strong></span> <span class='ocrx_word' id='word_1_308' title='bbox 789 2226 811 2264; x_wconf 76' lang='grc' dir='ltr'>ἦ</span> <span class='ocrx_word' id='word_1_309' title='bbox 835 2225 979 2272; x_wconf 84' lang='grc' dir='ltr'><strong>θάτερον</strong></span> <span class='ocrx_word' id='word_1_310' title='bbox 1010 2229 1102 2259; x_wconf 75' lang='grc' dir='ltr'><strong>ποιεῖ</strong></span> <span class='ocrx_word' id='word_1_311' title='bbox 1124 2223 1145 2262; x_wconf 81' lang='grc' dir='ltr'>ἦ</span> <span class='ocrx_word' id='word_1_312' title='bbox 1173 2223 1238 2261; x_wconf 73' lang='grc' dir='ltr'>τήν</span> 
     </span>
     <span class='ocr_line' id='line_1_40' title="bbox 220 2283 326 2307; baseline 0.009 -1"><span class='ocrx_word' id='word_1_313' title='bbox 220 2283 225 2288; x_wconf 94' lang='grc'><strong><em>’</em></strong></span> <span class='ocrx_word' id='word_1_314' title='bbox 295 2285 326 2307; x_wconf 91' lang='grc' dir='ltr'>ν.</span> 
     </span>
    </p>

    <p class='ocr_par' dir='ltr' id='par_1_23' title="bbox 153 2285 1239 2410">
     <span class='ocr_line' id='line_1_41' title="bbox 153 2285 1239 2364; baseline -0.006 -12"><span class='ocrx_word' id='word_1_315' title='bbox 153 2315 226 2364; x_wconf 68' lang='grc' dir='ltr'>Ἆρ’</span> <span class='ocrx_word' id='word_1_316' title='bbox 249 2285 309 2351; x_wconf 49' lang='grc' dir='ltr'><strong>οθιν</strong></span> <span class='ocrx_word' id='word_1_317' title='bbox 334 2313 456 2355; x_wconf 76' lang='grc' dir='ltr'><strong>ἐπειδή</strong></span> <span class='ocrx_word' id='word_1_318' title='bbox 482 2318 557 2350; x_wconf 77' lang='grc' dir='ltr'><strong>ἐστι</strong></span> <span class='ocrx_word' id='word_1_319' title='bbox 580 2319 639 2349; x_wconf 78' lang='grc' dir='ltr'>καί</span> <span class='ocrx_word' id='word_1_320' title='bbox 664 2317 796 2361; x_wconf 81' lang='grc' dir='ltr'><strong>μᾶλλον</strong></span> <span class='ocrx_word' id='word_1_321' title='bbox 820 2318 879 2348; x_wconf 79' lang='grc' dir='ltr'>καὶ</span> <span class='ocrx_word' id='word_1_322' title='bbox 904 2314 1014 2353; x_wconf 80' lang='grc' dir='ltr'><strong>ἧττον</strong></span> <span class='ocrx_word' id='word_1_323' title='bbox 1035 2313 1155 2360; x_wconf 80' lang='grc' dir='ltr'><strong>θερμόν</strong></span> <span class='ocrx_word' id='word_1_324' title='bbox 1179 2315 1239 2346; x_wconf 82' lang='grc' dir='ltr'>καὶ</span> 
     </span>
     <span class='ocr_line' id='line_1_42' title="bbox 229 2353 1239 2410; baseline -0.006 -14"><span class='ocrx_word' id='word_1_325' title='bbox 229 2362 368 2410; x_wconf 85' lang='grc' dir='ltr'><strong>ψυχρόν,</strong></span> <span class='ocrx_word' id='word_1_326' title='bbox 395 2361 481 2396; x_wconf 80' lang='grc' dir='ltr'><strong>ὅταν</strong></span> <span class='ocrx_word' id='word_1_327' title='bbox 507 2362 567 2406; x_wconf 82' lang='grc' dir='ltr'>μὲν</span> <span class='ocrx_word' id='word_1_328' title='bbox 595 2362 711 2399; x_wconf 79' lang='grc' dir='ltr'><strong>ἁπλῶς</strong></span> <span class='ocrx_word' id='word_1_329' title='bbox 737 2361 758 2405; x_wconf 78' lang='grc' dir='ltr'>ᾖ</span> <span class='ocrx_word' id='word_1_330' title='bbox 783 2360 926 2404; x_wconf 88' lang='grc' dir='ltr'><strong>θάτερον</strong></span> <span class='ocrx_word' id='word_1_331' title='bbox 952 2360 1163 2405; x_wconf 69' lang='grc' dir='ltr'><strong>ἐντελεχείᾳ,</strong></span> <span class='ocrx_word' id='word_1_332' title='bbox 1182 2353 1239 2390; x_wconf 90' lang='grc' dir='ltr'><strong>δυ-</strong></span> 
     </span>
    </p>

    <p class='ocr_par' dir='ltr' id='par_1_24' title="bbox 170 2401 1238 2545">
     <span class='ocr_line' id='line_1_43' title="bbox 170 2401 1234 2454; baseline -0.005 -14"><span class='ocrx_word' id='word_1_333' title='bbox 170 2422 175 2425; x_wconf 95' lang='grc'><em>·</em></span> <span class='ocrx_word' id='word_1_334' title='bbox 229 2407 330 2454; x_wconf 83' lang='grc' dir='ltr'><strong>νάμει</strong></span> <span class='ocrx_word' id='word_1_335' title='bbox 361 2407 505 2453; x_wconf 85' lang='grc' dir='ltr'><strong>θάτερον</strong></span> <span class='ocrx_word' id='word_1_336' title='bbox 538 2407 657 2440; x_wconf 78' lang='grc' dir='ltr'><strong>ἔσται·</strong></span> <span class='ocrx_word' id='word_1_337' title='bbox 685 2405 772 2438; x_wconf 79' lang='grc' dir='ltr'><strong>ὅταν</strong></span> <span class='ocrx_word' id='word_1_338' title='bbox 796 2401 835 2438; x_wconf 79' lang='grc' dir='ltr'>δὲ</span> <span class='ocrx_word' id='word_1_339' title='bbox 860 2405 909 2449; x_wconf 74' lang='grc' dir='ltr'><em>μή</em></span> <span class='ocrx_word' id='word_1_340' title='bbox 934 2405 1132 2443; x_wconf 81' lang='grc' dir='ltr'><strong>παντελῶς,</strong></span> <span class='ocrx_word' id='word_1_341' title='bbox 1160 2404 1234 2436; x_wconf 83' lang='grc' dir='ltr'><strong>ἀλλ’</strong></span> 
     </span>
     <span class='ocr_line' id='line_1_44' title="bbox 229 2446 1238 2504; baseline -0.005 -19"><span class='ocrx_word' id='word_1_342' title='bbox 229 2454 272 2492; x_wconf 73' lang='grc' dir='ltr'><strong>ὤς</strong></span> <span class='ocrx_word' id='word_1_343' title='bbox 297 2452 357 2498; x_wconf 81' lang='grc' dir='ltr'>μὲν</span> <span class='ocrx_word' id='word_1_344' title='bbox 382 2451 502 2497; x_wconf 72' lang='grc' dir='ltr'><strong>θερμόν</strong></span> <span class='ocrx_word' id='word_1_345' title='bbox 527 2449 668 2498; x_wconf 86' lang='grc' dir='ltr'><strong>ψυχρόν,</strong></span> <span class='ocrx_word' id='word_1_346' title='bbox 686 2452 728 2489; x_wconf 77' lang='grc' dir='ltr'><strong>ὡς</strong></span> <span class='ocrx_word' id='word_1_347' title='bbox 754 2447 792 2483; x_wconf 86' lang='grc' dir='ltr'><strong>δέ</strong></span> <span class='ocrx_word' id='word_1_348' title='bbox 817 2450 942 2504; x_wconf 68' lang='grc' dir='ltr'><strong>ψυχρὸν</strong></span> <span class='ocrx_word' id='word_1_349' title='bbox 966 2449 1086 2494; x_wconf 75' lang='grc' dir='ltr'><strong>θερμὸν</strong></span> <span class='ocrx_word' id='word_1_350' title='bbox 1111 2446 1171 2481; x_wconf 80' lang='grc' dir='ltr'>διά</span> <span class='ocrx_word' id='word_1_351' title='bbox 1195 2448 1238 2480; x_wconf 75' lang='grc' dir='ltr'>τὸ</span> 
     </span>
     <span class='ocr_line' id='line_1_45' title="bbox 229 2492 1234 2545; baseline -0.005 -16"><span class='ocrx_word' id='word_1_352' title='bbox 229 2496 419 2545; x_wconf 76' lang='grc' dir='ltr'><strong>μιγνύμενα</strong></span> <span class='ocrx_word' id='word_1_353' title='bbox 436 2495 578 2541; x_wconf 84' lang='grc' dir='ltr'><strong>φθείρειν</strong></span> <span class='ocrx_word' id='word_1_354' title='bbox 597 2495 661 2534; x_wconf 81' lang='grc' dir='ltr'><strong>τοὶς</strong></span> <span class='ocrx_word' id='word_1_355' title='bbox 680 2497 851 2541; x_wconf 81' lang='grc' dir='ltr'><strong>ὑπεροχας</strong></span> <span class='ocrx_word' id='word_1_356' title='bbox 871 2494 1044 2536; x_wconf 72' lang='grc' dir='ltr'><strong>ἀλλήλων,</strong></span> <span class='ocrx_word' id='word_1_357' title='bbox 1064 2493 1147 2527; x_wconf 85' lang='grc' dir='ltr'><strong>τότε</strong></span> <span class='ocrx_word' id='word_1_358' title='bbox 1165 2492 1234 2525; x_wconf 79' lang='grc' dir='ltr'><strong>οὗθ’</strong></span> 
     </span>
    </p>

    <p class='ocr_par' dir='ltr' id='par_1_25' title="bbox 169 2538 1242 2991">
     <span class='ocr_line' id='line_1_46' title="bbox 169 2538 1238 2583; baseline -0.007 -8"><span class='ocrx_word' id='word_1_359' title='bbox 169 2548 175 2554; x_wconf 86' lang='grc'><strong>”</strong></span> <span class='ocrx_word' id='word_1_360' title='bbox 230 2543 253 2580; x_wconf 77' lang='grc' dir='ltr'>’ἣ</span> <span class='ocrx_word' id='word_1_361' title='bbox 278 2541 342 2580; x_wconf 84' lang='grc' dir='ltr'>ῦλη</span> <span class='ocrx_word' id='word_1_362' title='bbox 375 2542 477 2575; x_wconf 82' lang='grc' dir='ltr'><strong>ἔσται</strong></span> <span class='ocrx_word' id='word_1_363' title='bbox 510 2540 591 2574; x_wconf 78' lang='grc' dir='ltr'><strong>οὔτε</strong></span> <span class='ocrx_word' id='word_1_364' title='bbox 624 2541 756 2572; x_wconf 76' lang='grc' dir='ltr'><strong>ἐκείνων</strong></span> <span class='ocrx_word' id='word_1_365' title='bbox 787 2541 853 2573; x_wconf 83' lang='grc' dir='ltr'>τῶν</span> <span class='ocrx_word' id='word_1_366' title='bbox 888 2540 1050 2573; x_wconf 83' lang='grc' dir='ltr'><strong>ἐναντίων</strong></span> <span class='ocrx_word' id='word_1_367' title='bbox 1075 2538 1238 2583; x_wconf 83' lang='grc' dir='ltr'><strong>ἑκάτερον</strong></span> 
     </span>
     <span class='ocr_line' id='line_1_47' title="bbox 231 2578 1240 2632; baseline -0.007 -12"><span class='ocrx_word' id='word_1_368' title='bbox 231 2588 429 2632; x_wconf 67' lang='grc' dir='ltr'><strong>ἐντελεχείᾳ</strong></span> <span class='ocrx_word' id='word_1_369' title='bbox 457 2586 585 2628; x_wconf 70' lang='grc' dir='ltr'><strong>ἁπλῶς,</strong></span> <span class='ocrx_word' id='word_1_370' title='bbox 607 2585 698 2618; x_wconf 78' lang='grc' dir='ltr'><strong>ἀλλά</strong></span> <span class='ocrx_word' id='word_1_371' title='bbox 721 2582 874 2630; x_wconf 77' lang='grc' dir='ltr'><strong>μεταξύ·</strong></span> <span class='ocrx_word' id='word_1_372' title='bbox 899 2584 997 2617; x_wconf 76' lang='grc' dir='ltr'><strong>κατά</strong></span> <span class='ocrx_word' id='word_1_373' title='bbox 1020 2578 1058 2615; x_wconf 76' lang='grc' dir='ltr'><strong>δέ</strong></span> <span class='ocrx_word' id='word_1_374' title='bbox 1081 2582 1123 2616; x_wconf 71' lang='grc' dir='ltr'>τό</span> <span class='ocrx_word' id='word_1_375' title='bbox 1140 2578 1240 2614; x_wconf 87' lang='grc' dir='ltr'><strong>δυνά-</strong></span> 
     </span>
     <span class='ocr_line' id='line_1_48' title="bbox 231 2626 1237 2678; baseline -0.005 -14"><span class='ocrx_word' id='word_1_376' title='bbox 231 2642 286 2678; x_wconf 67' lang='grc' dir='ltr'>μει</span> <span class='ocrx_word' id='word_1_377' title='bbox 345 2633 448 2664; x_wconf 80' lang='grc' dir='ltr'><strong>ἄλλον</strong></span> <span class='ocrx_word' id='word_1_378' title='bbox 480 2627 568 2663; x_wconf 82' lang='grc' dir='ltr'><strong>εἶναι</strong></span> <span class='ocrx_word' id='word_1_379' title='bbox 600 2629 723 2675; x_wconf 77' lang='grc' dir='ltr'><strong>θερμόν</strong></span> <span class='ocrx_word' id='word_1_380' title='bbox 752 2628 774 2667; x_wconf 78' lang='grc' dir='ltr'>ἦ</span> <span class='ocrx_word' id='word_1_381' title='bbox 806 2628 931 2674; x_wconf 77' lang='grc' dir='ltr'><strong>ψυχρόν</strong></span> <span class='ocrx_word' id='word_1_382' title='bbox 957 2627 979 2666; x_wconf 76' lang='grc' dir='ltr'>ἦ</span> <span class='ocrx_word' id='word_1_383' title='bbox 1012 2626 1237 2667; x_wconf 81' lang='grc' dir='ltr'><strong>τούναντίον,</strong></span> 
     </span>
     <span class='ocr_line' id='line_1_49' title="bbox 230 2668 1238 2721; baseline -0.007 -11"><span class='ocrx_word' id='word_1_384' title='bbox 230 2687 302 2710; x_wconf 80' lang='grc' dir='ltr'>κατ</span> <span class='ocrx_word' id='word_1_385' title='bbox 353 2677 480 2709; x_wconf 86' lang='grc' dir='ltr'><strong>τοῦτον</strong></span> <span class='ocrx_word' id='word_1_386' title='bbox 507 2675 568 2707; x_wconf 76' lang='grc' dir='ltr'>τόν</span> <span class='ocrx_word' id='word_1_387' title='bbox 585 2674 687 2721; x_wconf 77' lang='grc' dir='ltr'><strong>λόγον</strong></span> <span class='ocrx_word' id='word_1_388' title='bbox 714 2669 901 2712; x_wconf 85' lang='grc' dir='ltr'><strong>διπλασίως</strong></span> <span class='ocrx_word' id='word_1_389' title='bbox 919 2673 1038 2718; x_wconf 77' lang='grc' dir='ltr'><strong>θερμὰν</strong></span> <span class='ocrx_word' id='word_1_390' title='bbox 1055 2668 1199 2717; x_wconf 77' lang='grc' dir='ltr'><strong>δυνάμει</strong></span> <span class='ocrx_word' id='word_1_391' title='bbox 1217 2670 1238 2708; x_wconf 78' lang='grc' dir='ltr'><strong>ἦ</strong></span> 
     </span>
     <span class='ocr_line' id='line_1_50' title="bbox 231 2717 1242 2767; baseline -0.006 -14"><span class='ocrx_word' id='word_1_392' title='bbox 231 2720 371 2767; x_wconf 85' lang='grc' dir='ltr'><strong>ψυχρόν,</strong></span> <span class='ocrx_word' id='word_1_393' title='bbox 398 2719 420 2757; x_wconf 81' lang='grc' dir='ltr'>ἦ</span> <span class='ocrx_word' id='word_1_394' title='bbox 445 2721 667 2763; x_wconf 85' lang='grc' dir='ltr'><strong>τριπλασίως,</strong></span> <span class='ocrx_word' id='word_1_395' title='bbox 693 2719 716 2756; x_wconf 74' lang='grc' dir='ltr'>ἦ</span> <span class='ocrx_word' id='word_1_396' title='bbox 739 2719 819 2752; x_wconf 74' lang='grc' dir='ltr'><strong>κατ’</strong></span> <span class='ocrx_word' id='word_1_397' title='bbox 845 2718 947 2751; x_wconf 83' lang='grc' dir='ltr'><strong>ἄλλον</strong></span> <span class='ocrx_word' id='word_1_398' title='bbox 974 2717 1101 2763; x_wconf 89' lang='grc' dir='ltr'><strong>τρόπον</strong></span> <span class='ocrx_word' id='word_1_399' title='bbox 1129 2717 1242 2749; x_wconf 84' lang='grc' dir='ltr'><strong>τοιοῦ-</strong></span> 
     </span>
     <span class='ocr_line' id='line_1_51' title="bbox 232 2758 1238 2810; baseline -0.008 -10"><span class='ocrx_word' id='word_1_400' title='bbox 232 2777 306 2800; x_wconf 83' lang='grc' dir='ltr'><strong>τον.</strong></span> <span class='ocrx_word' id='word_1_401' title='bbox 337 2766 464 2798; x_wconf 81' lang='grc' dir='ltr'><strong>Ἔσται</strong></span> <span class='ocrx_word' id='word_1_402' title='bbox 489 2758 533 2802; x_wconf 76' lang='grc' dir='ltr'>δή</span> <span class='ocrx_word' id='word_1_403' title='bbox 564 2763 754 2810; x_wconf 87' lang='grc' dir='ltr'><strong>μιχθέντων</strong></span> <span class='ocrx_word' id='word_1_404' title='bbox 787 2761 886 2796; x_wconf 73' lang='grc' dir='ltr'><strong>τᾶλλ’</strong></span> <span class='ocrx_word' id='word_1_405' title='bbox 916 2761 952 2795; x_wconf 91' lang='grc' dir='ltr'><strong>ἐκ</strong></span> <span class='ocrx_word' id='word_1_406' title='bbox 981 2764 1049 2795; x_wconf 82' lang='grc' dir='ltr'>τῶν</span> <span class='ocrx_word' id='word_1_407' title='bbox 1076 2763 1238 2794; x_wconf 85' lang='grc' dir='ltr'><strong>ἐναντίων</strong></span> 
     </span>
     <span class='ocr_line' id='line_1_52' title="bbox 233 2802 1241 2856; baseline -0.006 -13"><span class='ocrx_word' id='word_1_408' title='bbox 233 2809 256 2849; x_wconf 77' lang='grc' dir='ltr'>ἦ</span> <span class='ocrx_word' id='word_1_409' title='bbox 279 2811 348 2844; x_wconf 76' lang='grc' dir='ltr'>τῶν</span> <span class='ocrx_word' id='word_1_410' title='bbox 372 2812 566 2856; x_wconf 85' lang='grc' dir='ltr'><strong>στοιχείων,</strong></span> <span class='ocrx_word' id='word_1_411' title='bbox 591 2811 650 2841; x_wconf 83' lang='grc' dir='ltr'>καὶ</span> <span class='ocrx_word' id='word_1_412' title='bbox 675 2808 724 2842; x_wconf 76' lang='grc' dir='ltr'>τά</span> <span class='ocrx_word' id='word_1_413' title='bbox 747 2812 905 2855; x_wconf 85' lang='grc' dir='ltr'><strong>στοιχεῖα</strong></span> <span class='ocrx_word' id='word_1_414' title='bbox 931 2807 966 2848; x_wconf 84' lang='grc' dir='ltr'>ἐξ</span> <span class='ocrx_word' id='word_1_415' title='bbox 991 2808 1123 2840; x_wconf 84' lang='grc' dir='ltr'><strong>ἐκείνων</strong></span> <span class='ocrx_word' id='word_1_416' title='bbox 1141 2802 1241 2838; x_wconf 84' lang='grc' dir='ltr'><strong>δυνά-</strong></span> 
     </span>
     <span class='ocr_line' id='line_1_53' title="bbox 233 2849 1239 2902; baseline -0.007 -14"><span class='ocrx_word' id='word_1_417' title='bbox 233 2867 289 2902; x_wconf 83' lang='grc' dir='ltr'>μει</span> <span class='ocrx_word' id='word_1_418' title='bbox 314 2867 384 2894; x_wconf 87' lang='grc' dir='ltr'>πως</span> <span class='ocrx_word' id='word_1_419' title='bbox 409 2855 538 2896; x_wconf 84' lang='grc' dir='ltr'><strong>ὄντων,</strong></span> <span class='ocrx_word' id='word_1_420' title='bbox 565 2854 630 2900; x_wconf 87' lang='grc' dir='ltr'>οὐχ</span> <span class='ocrx_word' id='word_1_421' title='bbox 658 2852 750 2886; x_wconf 81' lang='grc' dir='ltr'><strong>οὕτω</strong></span> <span class='ocrx_word' id='word_1_422' title='bbox 774 2849 812 2886; x_wconf 81' lang='grc' dir='ltr'>δὲ</span> <span class='ocrx_word' id='word_1_423' title='bbox 837 2854 879 2891; x_wconf 80' lang='grc' dir='ltr'><strong>ὠς</strong></span> <span class='ocrx_word' id='word_1_424' title='bbox 904 2853 925 2890; x_wconf 77' lang='grc' dir='ltr'><em>ἦ</em></span> <span class='ocrx_word' id='word_1_425' title='bbox 951 2852 1035 2894; x_wconf 79' lang='grc' dir='ltr'><strong>ὕλη,</strong></span> <span class='ocrx_word' id='word_1_426' title='bbox 1065 2851 1156 2884; x_wconf 83' lang='grc' dir='ltr'>ἀλλοί</span> <span class='ocrx_word' id='word_1_427' title='bbox 1180 2850 1239 2882; x_wconf 76' lang='grc' dir='ltr'>τὸν</span> 
     </span>
     <span class='ocr_line' id='line_1_54' title="bbox 232 2896 1240 2956; baseline -0.005 -24"><span class='ocrx_word' id='word_1_428' title='bbox 232 2901 263 2933; x_wconf 74' lang='grc' dir='ltr'>εἰ</span> <span class='ocrx_word' id='word_1_429' title='bbox 281 2899 406 2956; x_wconf 74' lang='grc' dir='ltr'><strong>ημένον</strong></span> <span class='ocrx_word' id='word_1_430' title='bbox 432 2898 580 2943; x_wconf 87' lang='grc' dir='ltr'><strong>τρόπον·</strong></span> <span class='ocrx_word' id='word_1_431' title='bbox 604 2899 665 2931; x_wconf 81' lang='grc' dir='ltr'>καὶ</span> <span class='ocrx_word' id='word_1_432' title='bbox 690 2898 783 2931; x_wconf 78' lang='grc' dir='ltr'><strong>ἔστιν</strong></span> <span class='ocrx_word' id='word_1_433' title='bbox 802 2897 893 2930; x_wconf 84' lang='grc' dir='ltr'><strong>οὕτω</strong></span> <span class='ocrx_word' id='word_1_434' title='bbox 911 2897 971 2942; x_wconf 82' lang='grc' dir='ltr'>μὲν</span> <span class='ocrx_word' id='word_1_435' title='bbox 988 2896 1089 2942; x_wconf 75' lang='grc' dir='ltr'><strong>μῖξις,</strong></span> <span class='ocrx_word' id='word_1_436' title='bbox 1109 2896 1240 2933; x_wconf 86' lang='grc' dir='ltr'><strong>ἐκείνως</strong></span> 
     </span>
     <span class='ocr_line' id='line_1_55' title="bbox 232 2913 640 2991; baseline -0.005 -14"><span class='ocrx_word' id='word_1_437' title='bbox 232 2913 280 2978; x_wconf 63' lang='grc' dir='ltr'>δὲρ</span> <span class='ocrx_word' id='word_1_438' title='bbox 296 2947 360 2982; x_wconf 87' lang='grc' dir='ltr'>υλη</span> <span class='ocrx_word' id='word_1_439' title='bbox 386 2944 428 2978; x_wconf 76' lang='grc' dir='ltr'>τό</span> <span class='ocrx_word' id='word_1_440' title='bbox 452 2943 640 2991; x_wconf 85' lang='grc' dir='ltr'><strong>γινόμενον.</strong></span> 
     </span>
    </p>
   </div>
   <div class='ocr_carea' id='block_1_7' title="bbox 158 3027 1244 3655">
    <p class='ocr_par' dir='ltr' id='par_1_26' title="bbox 158 3027 1239 3080">
     <span class='ocr_line' id='line_1_56' title="bbox 158 3027 1239 3080; baseline -0.006 -14"><span class='ocrx_word' id='word_1_441' title='bbox 158 3035 260 3068; x_wconf 68' lang='grc' dir='ltr'><strong>Ἐπεὶ</strong></span> <span class='ocrx_word' id='word_1_442' title='bbox 276 3029 315 3066; x_wconf 79' lang='grc' dir='ltr'>δὲ</span> <span class='ocrx_word' id='word_1_443' title='bbox 338 3035 398 3066; x_wconf 75' lang='grc' dir='ltr'>καὶ</span> <span class='ocrx_word' id='word_1_444' title='bbox 415 3031 543 3080; x_wconf 86' lang='grc' dir='ltr'><strong>πάσχει</strong></span> <span class='ocrx_word' id='word_1_445' title='bbox 561 3030 735 3066; x_wconf 80' lang='grc' dir='ltr'><strong>τάναντία</strong></span> <span class='ocrx_word' id='word_1_446' title='bbox 759 3031 856 3064; x_wconf 81' lang='grc' dir='ltr'>κατοί</span> <span class='ocrx_word' id='word_1_447' title='bbox 872 3031 933 3063; x_wconf 76' lang='grc' dir='ltr'>τόν</span> <span class='ocrx_word' id='word_1_448' title='bbox 952 3031 985 3063; x_wconf 83' lang='grc' dir='ltr'>ἐν</span> <span class='ocrx_word' id='word_1_449' title='bbox 1003 3033 1076 3067; x_wconf 80' lang='grc' dir='ltr'><strong>τοῖς</strong></span> <span class='ocrx_word' id='word_1_450' title='bbox 1095 3027 1239 3074; x_wconf 79' lang='grc' dir='ltr'><strong>πρώτοις</strong></span> 
     </span>
    </p>

    <p class='ocr_par' dir='ltr' id='par_1_27' title="bbox 174 3070 1243 3302">
     <span class='ocr_line' id='line_1_57' title="bbox 174 3070 1241 3136; baseline -0.007 -25"><span class='ocrx_word' id='word_1_451' title='bbox 174 3090 178 3093; x_wconf 89' lang='lat'>·</span> <span class='ocrx_word' id='word_1_452' title='bbox 233 3074 425 3136; x_wconf 81' lang='grc' dir='ltr'><strong>διορισμόν·</strong></span> <span class='ocrx_word' id='word_1_453' title='bbox 453 3077 528 3110; x_wconf 83' lang='grc' dir='ltr'><strong>ἔστι</strong></span> <span class='ocrx_word' id='word_1_454' title='bbox 551 3078 617 3124; x_wconf 76' lang='grc' dir='ltr'>γάρ</span> <span class='ocrx_word' id='word_1_455' title='bbox 643 3076 685 3110; x_wconf 72' lang='grc' dir='ltr'>τὸ</span> <span class='ocrx_word' id='word_1_456' title='bbox 711 3077 762 3109; x_wconf 88' lang='grc' dir='ltr'>ἐνε</span> <span class='ocrx_word' id='word_1_457' title='bbox 783 3078 861 3123; x_wconf 72' lang='grc' dir='ltr'><strong>γείᾳ</strong></span> <span class='ocrx_word' id='word_1_458' title='bbox 886 3075 1005 3120; x_wconf 75' lang='grc' dir='ltr'><strong>θερμόν</strong></span> <span class='ocrx_word' id='word_1_459' title='bbox 1026 3070 1167 3118; x_wconf 88' lang='grc' dir='ltr'><strong>δυνάμει</strong></span> <span class='ocrx_word' id='word_1_460' title='bbox 1185 3075 1241 3117; x_wconf 89' lang='grc' dir='ltr'><strong>ψυ-</strong></span> 
     </span>
     <span class='ocr_line' id='line_1_58' title="bbox 233 3115 1240 3170; baseline -0.007 -14"><span class='ocrx_word' id='word_1_461' title='bbox 233 3135 316 3170; x_wconf 86' lang='grc' dir='ltr'><strong>χρον</strong></span> <span class='ocrx_word' id='word_1_462' title='bbox 344 3125 402 3156; x_wconf 82' lang='grc' dir='ltr'>καὶ</span> <span class='ocrx_word' id='word_1_463' title='bbox 427 3123 470 3155; x_wconf 74' lang='grc' dir='ltr'>τὸ</span> <span class='ocrx_word' id='word_1_464' title='bbox 495 3122 645 3168; x_wconf 76' lang='grc' dir='ltr'><strong>ἐνεργείᾳ</strong></span> <span class='ocrx_word' id='word_1_465' title='bbox 670 3120 794 3167; x_wconf 87' lang='grc' dir='ltr'><strong>ψυχρον</strong></span> <span class='ocrx_word' id='word_1_466' title='bbox 819 3115 961 3164; x_wconf 82' lang='grc' dir='ltr'><strong>δυνάμει</strong></span> <span class='ocrx_word' id='word_1_467' title='bbox 985 3118 1125 3164; x_wconf 90' lang='grc' dir='ltr'><strong>θερμόν,</strong></span> <span class='ocrx_word' id='word_1_468' title='bbox 1152 3116 1240 3150; x_wconf 76' lang='grc' dir='ltr'><strong>ὥστε</strong></span> 
     </span>
     <span class='ocr_line' id='line_1_59' title="bbox 237 3158 1242 3212; baseline -0.007 -12"><span class='ocrx_word' id='word_1_469' title='bbox 237 3168 298 3201; x_wconf 84' lang='grc' dir='ltr'>ἐοίν</span> <span class='ocrx_word' id='word_1_470' title='bbox 324 3167 372 3212; x_wconf 74' lang='grc' dir='ltr'><strong>μή</strong></span> <span class='ocrx_word' id='word_1_471' title='bbox 396 3166 521 3212; x_wconf 78' lang='grc' dir='ltr'><strong>ἰσάζῃ,</strong></span> <span class='ocrx_word' id='word_1_472' title='bbox 547 3166 762 3212; x_wconf 81' lang='grc' dir='ltr'><strong>μεταβάλλει</strong></span> <span class='ocrx_word' id='word_1_473' title='bbox 786 3165 832 3203; x_wconf 86' lang='grc' dir='ltr'>εἰς</span> <span class='ocrx_word' id='word_1_474' title='bbox 859 3164 1006 3202; x_wconf 81' lang='grc' dir='ltr'><strong>ἄλληλα.</strong></span> <span class='ocrx_word' id='word_1_475' title='bbox 1044 3165 1183 3208; x_wconf 86' lang='grc' dir='ltr'><strong>Ὁμοίως</strong></span> <span class='ocrx_word' id='word_1_476' title='bbox 1204 3158 1242 3193; x_wconf 82' lang='grc' dir='ltr'>δὲ</span> 
     </span>
     <span class='ocr_line' id='line_1_60' title="bbox 233 3206 1243 3254; baseline -0.007 -8"><span class='ocrx_word' id='word_1_477' title='bbox 233 3214 294 3246; x_wconf 78' lang='grc' dir='ltr'>καὶ</span> <span class='ocrx_word' id='word_1_478' title='bbox 319 3213 376 3245; x_wconf 77' lang='grc' dir='ltr'><strong>ἐπὶ</strong></span> <span class='ocrx_word' id='word_1_479' title='bbox 401 3213 468 3244; x_wconf 79' lang='grc' dir='ltr'>τῶν</span> <span class='ocrx_word' id='word_1_480' title='bbox 495 3210 606 3244; x_wconf 79' lang='grc' dir='ltr'><strong>ἄλλων</strong></span> <span class='ocrx_word' id='word_1_481' title='bbox 631 3209 814 3244; x_wconf 88' lang='grc' dir='ltr'><strong>ἐναντίων·</strong></span> <span class='ocrx_word' id='word_1_482' title='bbox 838 3211 897 3241; x_wconf 78' lang='grc' dir='ltr'>καὶ</span> <span class='ocrx_word' id='word_1_483' title='bbox 923 3209 1056 3254; x_wconf 80' lang='grc' dir='ltr'><strong>πρῶτον</strong></span> <span class='ocrx_word' id='word_1_484' title='bbox 1082 3206 1173 3240; x_wconf 80' lang='grc' dir='ltr'><strong>οὕτω</strong></span> <span class='ocrx_word' id='word_1_485' title='bbox 1195 3206 1243 3239; x_wconf 77' lang='grc' dir='ltr'>τά</span> 
     </span>
     <span class='ocr_line' id='line_1_61' title="bbox 235 3250 1243 3302; baseline -0.008 -12"><span class='ocrx_word' id='word_1_486' title='bbox 235 3261 395 3302; x_wconf 84' lang='grc' dir='ltr'><strong>στοιχεῖα</strong></span> <span class='ocrx_word' id='word_1_487' title='bbox 418 3255 645 3302; x_wconf 84' lang='grc' dir='ltr'><strong>μεταβάλλει,</strong></span> <span class='ocrx_word' id='word_1_488' title='bbox 665 3256 702 3288; x_wconf 77' lang='grc' dir='ltr'><strong>ἐκ</strong></span> <span class='ocrx_word' id='word_1_489' title='bbox 722 3250 760 3288; x_wconf 83' lang='grc' dir='ltr'>δὲ</span> <span class='ocrx_word' id='word_1_490' title='bbox 778 3252 912 3287; x_wconf 79' lang='grc' dir='ltr'><strong>τούτων</strong></span> <span class='ocrx_word' id='word_1_491' title='bbox 933 3253 1053 3297; x_wconf 82' lang='grc' dir='ltr'><strong>σάρκες</strong></span> <span class='ocrx_word' id='word_1_492' title='bbox 1077 3253 1136 3284; x_wconf 86' lang='grc' dir='ltr'>καὶ</span> <span class='ocrx_word' id='word_1_493' title='bbox 1155 3251 1243 3283; x_wconf 75' lang='grc' dir='ltr'><strong>ὀστᾶ</strong></span> 
     </span>
    </p>

    <p class='ocr_par' dir='ltr' id='par_1_28' title="bbox 176 3295 1244 3558">
     <span class='ocr_line' id='line_1_62' title="bbox 176 3295 1239 3353; baseline -0.008 -18"><span class='ocrx_word' id='word_1_494' title='bbox 176 3320 178 3323; x_wconf 42' lang='lat' dir='ltr'>v</span> <span class='ocrx_word' id='word_1_495' title='bbox 233 3304 293 3335; x_wconf 81' lang='grc' dir='ltr'>καὶ</span> <span class='ocrx_word' id='word_1_496' title='bbox 319 3301 368 3334; x_wconf 80' lang='grc' dir='ltr'>τοὶ</span> <span class='ocrx_word' id='word_1_497' title='bbox 391 3302 557 3343; x_wconf 87' lang='grc' dir='ltr'><strong>τοιαῦτα,</strong></span> <span class='ocrx_word' id='word_1_498' title='bbox 575 3301 639 3333; x_wconf 89' lang='grc' dir='ltr'>τοῦ</span> <span class='ocrx_word' id='word_1_499' title='bbox 656 3301 717 3344; x_wconf 77' lang='grc' dir='ltr'>μὲν</span> <span class='ocrx_word' id='word_1_500' title='bbox 734 3299 856 3344; x_wconf 89' lang='grc' dir='ltr'><strong>θερμοῦ</strong></span> <span class='ocrx_word' id='word_1_501' title='bbox 881 3297 1082 3353; x_wconf 67' lang='grc' dir='ltr'><strong>γιγνομένου</strong></span> <span class='ocrx_word' id='word_1_502' title='bbox 1099 3295 1239 3341; x_wconf 84' lang='grc' dir='ltr'><strong>ψυχροῦ,</strong></span> 
     </span>
     <span class='ocr_line' id='line_1_63' title="bbox 235 3339 1240 3392; baseline -0.008 -13"><span class='ocrx_word' id='word_1_503' title='bbox 235 3347 300 3381; x_wconf 87' lang='grc' dir='ltr'>τοῦ</span> <span class='ocrx_word' id='word_1_504' title='bbox 324 3342 362 3378; x_wconf 77' lang='grc' dir='ltr'>δὲ</span> <span class='ocrx_word' id='word_1_505' title='bbox 387 3344 454 3392; x_wconf 86' lang='grc' dir='ltr'>ψυχ</span> <span class='ocrx_word' id='word_1_506' title='bbox 475 3346 514 3378; x_wconf 91' lang='grc' dir='ltr'><strong>οῦ</strong></span> <span class='ocrx_word' id='word_1_507' title='bbox 544 3344 687 3389; x_wconf 87' lang='grc' dir='ltr'><strong>θερμοῦ,</strong></span> <span class='ocrx_word' id='word_1_508' title='bbox 715 3343 800 3377; x_wconf 81' lang='grc' dir='ltr'><strong>ὅταν</strong></span> <span class='ocrx_word' id='word_1_509' title='bbox 833 3354 914 3385; x_wconf 88' lang='grc' dir='ltr'><strong>προς</strong></span> <span class='ocrx_word' id='word_1_510' title='bbox 939 3341 981 3375; x_wconf 74' lang='grc' dir='ltr'>τὸ</span> <span class='ocrx_word' id='word_1_511' title='bbox 1006 3342 1108 3386; x_wconf 85' lang='grc' dir='ltr'><strong>μέσον</strong></span> <span class='ocrx_word' id='word_1_512' title='bbox 1142 3339 1240 3383; x_wconf 82' lang='grc' dir='ltr'><strong>ἔλθῃ·</strong></span> 
     </span>
     <span class='ocr_line' id='line_1_64' title="bbox 238 3383 1242 3437; baseline -0.008 -14"><span class='ocrx_word' id='word_1_513' title='bbox 238 3389 390 3424; x_wconf 80' lang='grc' dir='ltr'><strong>ἐνταῦθα</strong></span> <span class='ocrx_word' id='word_1_514' title='bbox 414 3403 479 3437; x_wconf 86' lang='grc' dir='ltr'>γαρ</span> <span class='ocrx_word' id='word_1_515' title='bbox 506 3386 703 3434; x_wconf 80' lang='grc' dir='ltr'><strong>οὐδέτερον,</strong></span> <span class='ocrx_word' id='word_1_516' title='bbox 731 3388 772 3421; x_wconf 75' lang='grc' dir='ltr'>τό</span> <span class='ocrx_word' id='word_1_517' title='bbox 797 3383 834 3419; x_wconf 82' lang='grc' dir='ltr'><strong>δέ</strong></span> <span class='ocrx_word' id='word_1_518' title='bbox 887 3386 961 3419; x_wconf 81' lang='grc' dir='ltr'><strong>έσον</strong></span> <span class='ocrx_word' id='word_1_519' title='bbox 986 3386 1074 3418; x_wconf 70' lang='grc' dir='ltr'><strong>πολύ</strong></span> <span class='ocrx_word' id='word_1_520' title='bbox 1097 3386 1157 3416; x_wconf 82' lang='grc' dir='ltr'>καὶ</span> <span class='ocrx_word' id='word_1_521' title='bbox 1182 3384 1242 3416; x_wconf 83' lang='grc' dir='ltr'>οὐκ</span> 
     </span>
     <span class='ocr_line' id='line_1_65' title="bbox 239 3399 1241 3480; baseline -0.009 -12"><span class='ocrx_word' id='word_1_522' title='bbox 239 3430 447 3480; x_wconf 81' lang='grc' dir='ltr'><strong>ἀδιαίρετον.</strong></span> <span class='ocrx_word' id='word_1_523' title='bbox 481 3436 622 3479; x_wconf 87' lang='grc' dir='ltr'><strong>Ὁμοίως</strong></span> <span class='ocrx_word' id='word_1_524' title='bbox 647 3429 686 3465; x_wconf 84' lang='grc' dir='ltr'><strong>δέ</strong></span> <span class='ocrx_word' id='word_1_525' title='bbox 709 3435 768 3464; x_wconf 81' lang='grc' dir='ltr'>καὶ</span> <span class='ocrx_word' id='word_1_526' title='bbox 795 3432 836 3463; x_wconf 76' lang='grc' dir='ltr'>τό</span> <span class='ocrx_word' id='word_1_527' title='bbox 858 3399 956 3476; x_wconf 61' lang='grc' dir='ltr'><strong>ἕηρόν</strong></span> <span class='ocrx_word' id='word_1_528' title='bbox 981 3432 1039 3462; x_wconf 84' lang='grc' dir='ltr'>καὶ</span> <span class='ocrx_word' id='word_1_529' title='bbox 1058 3429 1157 3473; x_wconf 77' lang='grc' dir='ltr'><strong>ὑγρὸν</strong></span> <span class='ocrx_word' id='word_1_530' title='bbox 1181 3429 1241 3460; x_wconf 80' lang='grc' dir='ltr'>καὶ</span> 
     </span>
     <span class='ocr_line' id='line_1_66' title="bbox 239 3472 1244 3522; baseline -0.008 -10"><span class='ocrx_word' id='word_1_531' title='bbox 239 3479 288 3512; x_wconf 85' lang='grc' dir='ltr'>τοὶ</span> <span class='ocrx_word' id='word_1_532' title='bbox 303 3480 456 3513; x_wconf 85' lang='grc' dir='ltr'><strong>τοιαῦτα</strong></span> <span class='ocrx_word' id='word_1_533' title='bbox 475 3479 571 3511; x_wconf 78' lang='grc' dir='ltr'><strong>κατά</strong></span> <span class='ocrx_word' id='word_1_534' title='bbox 586 3477 770 3522; x_wconf 86' lang='grc' dir='ltr'><strong>μεσότητα</strong></span> <span class='ocrx_word' id='word_1_535' title='bbox 790 3477 925 3508; x_wconf 88' lang='grc' dir='ltr'><strong>ποιοῦσι</strong></span> <span class='ocrx_word' id='word_1_536' title='bbox 942 3474 1053 3519; x_wconf 87' lang='grc' dir='ltr'><strong>σάρκα</strong></span> <span class='ocrx_word' id='word_1_537' title='bbox 1077 3475 1135 3505; x_wconf 86' lang='grc' dir='ltr'>καὶ</span> <span class='ocrx_word' id='word_1_538' title='bbox 1154 3472 1244 3505; x_wconf 78' lang='grc' dir='ltr'><strong>ὀστᾶ</strong></span> 
     </span>
     <span class='ocr_line' id='line_1_67' title="bbox 236 3522 449 3558; baseline -0.005 -2"><span class='ocrx_word' id='word_1_539' title='bbox 236 3525 296 3556; x_wconf 80' lang='grc' dir='ltr'>καὶ</span> <span class='ocrx_word' id='word_1_540' title='bbox 321 3522 449 3558; x_wconf 72' lang='grc' dir='ltr'><strong>τᾶλλα.</strong></span> 
     </span>
    </p>

    <p class='ocr_par' dir='ltr' id='par_1_29' title="bbox 161 3559 1243 3655">
     <span class='ocr_line' id='line_1_68' title="bbox 161 3559 1242 3612; baseline -0.008 -11"><span class='ocrx_word' id='word_1_541' title='bbox 161 3567 327 3602; x_wconf 76' lang='grc' dir='ltr'><strong>Ἀπαντα</strong></span> <span class='ocrx_word' id='word_1_542' title='bbox 351 3564 391 3602; x_wconf 85' lang='grc' dir='ltr'><strong>δέ</strong></span> <span class='ocrx_word' id='word_1_543' title='bbox 414 3568 464 3601; x_wconf 81' lang='grc' dir='ltr'>τοὶ</span> <span class='ocrx_word' id='word_1_544' title='bbox 479 3567 588 3612; x_wconf 82' lang='grc' dir='ltr'><strong>μικταὶ</strong></span> <span class='ocrx_word' id='word_1_545' title='bbox 606 3565 771 3610; x_wconf 76' lang='grc' dir='ltr'><strong>σώματα,</strong></span> <span class='ocrx_word' id='word_1_546' title='bbox 791 3562 855 3597; x_wconf 76' lang='grc' dir='ltr'>ὅσα</span> <span class='ocrx_word' id='word_1_547' title='bbox 873 3565 946 3606; x_wconf 85' lang='grc' dir='ltr'><strong>περὶ</strong></span> <span class='ocrx_word' id='word_1_548' title='bbox 972 3561 1031 3596; x_wconf 76' lang='grc' dir='ltr'>τόν</span> <span class='ocrx_word' id='word_1_549' title='bbox 1051 3562 1113 3594; x_wconf 87' lang='grc' dir='ltr'>τοῦ</span> <span class='ocrx_word' id='word_1_550' title='bbox 1138 3559 1242 3605; x_wconf 86' lang='grc' dir='ltr'><strong>μέσου</strong></span> 
     </span>
     <span class='ocr_line' id='line_1_69' title="bbox 238 3605 1243 3655; baseline -0.01 -9"><span class='ocrx_word' id='word_1_551' title='bbox 238 3613 348 3646; x_wconf 89' lang='grc' dir='ltr'><strong>τόπον</strong></span> <span class='ocrx_word' id='word_1_552' title='bbox 373 3613 480 3652; x_wconf 86' lang='grc' dir='ltr'><strong>ἐστίν,</strong></span> <span class='ocrx_word' id='word_1_553' title='bbox 499 3610 534 3652; x_wconf 78' lang='grc' dir='ltr'>ἐξ</span> <span class='ocrx_word' id='word_1_554' title='bbox 558 3610 721 3643; x_wconf 78' lang='grc' dir='ltr'><strong>ἁπάντων</strong></span> <span class='ocrx_word' id='word_1_555' title='bbox 747 3608 928 3655; x_wconf 79' lang='grc' dir='ltr'><strong>σύγκειται</strong></span> <span class='ocrx_word' id='word_1_556' title='bbox 952 3607 1019 3639; x_wconf 81' lang='grc' dir='ltr'>τῶν</span> <span class='ocrx_word' id='word_1_557' title='bbox 1040 3606 1168 3639; x_wconf 79' lang='grc' dir='ltr'><strong>ἁπλῶν.</strong></span> <span class='ocrx_word' id='word_1_558' title='bbox 1195 3605 1243 3641; x_wconf 58' lang='lat' dir='ltr'>ri</span> 
     </span>
    </p>
   </div>
   <div class='ocr_carea' id='block_1_8' title="bbox 1289 801 2362 1642">
    <p class='ocr_par' dir='ltr' id='par_1_30' title="bbox 1289 801 2362 1111">
     <span class='ocr_line' id='line_1_70' title="bbox 1289 801 2359 844; baseline 0.005 -14"><span class='ocrx_word' id='word_1_559' title='bbox 1289 801 1307 820; x_wconf 88' lang='grc'>*</span> <span class='ocrx_word' id='word_1_560' title='bbox 1324 801 1372 831; x_wconf 93' lang='lat' dir='ltr'>De</span> <span class='ocrx_word' id='word_1_561' title='bbox 1397 801 1559 831; x_wconf 90' lang='lat' dir='ltr'>elementis</span> <span class='ocrx_word' id='word_1_562' title='bbox 1583 808 1701 839; x_wconf 84' lang='lat' dir='ltr'>autem,</span> <span class='ocrx_word' id='word_1_563' title='bbox 1725 813 1761 833; x_wconf 86' lang='lat' dir='ltr'>ex</span> <span class='ocrx_word' id='word_1_564' title='bbox 1786 803 1902 843; x_wconf 89' lang='lat' dir='ltr'>quibus</span> <span class='ocrx_word' id='word_1_565' title='bbox 1926 813 2060 844; x_wconf 86' lang='lat' dir='ltr'>corpora</span> <span class='ocrx_word' id='word_1_566' title='bbox 2081 804 2251 835; x_wconf 88' lang='lat' dir='ltr'>constituta</span> <span class='ocrx_word' id='word_1_567' title='bbox 2275 811 2359 843; x_wconf 89' lang='lat' dir='ltr'>sunt,</span> 
     </span>
     <span class='ocr_line' id='line_1_71' title="bbox 1356 845 2358 890; baseline 0.004 -15"><span class='ocrx_word' id='word_1_568' title='bbox 1356 845 1614 886; x_wconf 89' lang='lat' dir='ltr'>quibuscumque</span> <span class='ocrx_word' id='word_1_569' title='bbox 1637 846 1767 886; x_wconf 90' lang='lat' dir='ltr'>quidem</span> <span class='ocrx_word' id='word_1_570' title='bbox 1790 847 1914 878; x_wconf 88' lang='lat' dir='ltr'>videtur</span> <span class='ocrx_word' id='word_1_571' title='bbox 1937 858 2004 878; x_wconf 90' lang='lat' dir='ltr'>esse</span> <span class='ocrx_word' id='word_1_572' title='bbox 2027 848 2148 890; x_wconf 88' lang='lat' dir='ltr'>aliquid</span> <span class='ocrx_word' id='word_1_573' title='bbox 2171 858 2358 886; x_wconf 89' lang='lat' dir='ltr'>commune,</span> 
     </span>
     <span class='ocr_line' id='line_1_72' title="bbox 1356 889 2361 931; baseline 0.004 -12"><span class='ocrx_word' id='word_1_574' title='bbox 1356 896 1413 920; x_wconf 89' lang='lat' dir='ltr'>aut</span> <span class='ocrx_word' id='word_1_575' title='bbox 1434 889 1636 920; x_wconf 84' lang='lat' dir='ltr'>transmutari</span> <span class='ocrx_word' id='word_1_576' title='bbox 1658 891 1691 921; x_wconf 91' lang='lat' dir='ltr'>in</span> <span class='ocrx_word' id='word_1_577' title='bbox 1713 890 1860 930; x_wconf 88' lang='lat' dir='ltr'>invicem,</span> <span class='ocrx_word' id='word_1_578' title='bbox 1881 902 2008 923; x_wconf 90' lang='lat' dir='ltr'>necesse</span> <span class='ocrx_word' id='word_1_579' title='bbox 2026 892 2052 923; x_wconf 87' lang='lat' dir='ltr'>si</span> <span class='ocrx_word' id='word_1_580' title='bbox 2074 893 2210 923; x_wconf 84' lang='lat' dir='ltr'>alterum</span> <span class='ocrx_word' id='word_1_581' title='bbox 2232 893 2361 931; x_wconf 87' lang='lat' dir='ltr'>horum,</span> 
     </span>
     <span class='ocr_line' id='line_1_73' title="bbox 1358 934 2361 977; baseline 0.005 -14"><span class='ocrx_word' id='word_1_582' title='bbox 1358 940 1389 964; x_wconf 93' lang='lat' dir='ltr'>et</span> <span class='ocrx_word' id='word_1_583' title='bbox 1405 934 1539 964; x_wconf 87' lang='lat' dir='ltr'>alterurn</span> <span class='ocrx_word' id='word_1_584' title='bbox 1555 934 1746 975; x_wconf 87' lang='lat' dir='ltr'>contingere.</span> <span class='ocrx_word' id='word_1_585' title='bbox 1765 936 1968 977; x_wconf 87' lang='lat' dir='ltr'>Quicumque</span> <span class='ocrx_word' id='word_1_586' title='bbox 1985 937 2070 967; x_wconf 89' lang='lat' dir='ltr'>enim</span> <span class='ocrx_word' id='word_1_587' title='bbox 2093 947 2160 967; x_wconf 90' lang='lat' dir='ltr'>non</span> <span class='ocrx_word' id='word_1_588' title='bbox 2183 936 2302 968; x_wconf 89' lang='lat' dir='ltr'>faciunt</span> <span class='ocrx_word' id='word_1_589' title='bbox 2325 947 2361 967; x_wconf 86' lang='lat' dir='ltr'>ex</span> 
     </span>
     <span class='ocr_line' id='line_1_74' title="bbox 1356 978 2362 1022; baseline 0.004 -14"><span class='ocrx_word' id='word_1_590' title='bbox 1356 978 1494 1009; x_wconf 89' lang='lat' dir='ltr'>invicem</span> <span class='ocrx_word' id='word_1_591' title='bbox 1515 979 1753 1018; x_wconf 80' lang='lat' dir='ltr'>generationem</span> <span class='ocrx_word' id='word_1_592' title='bbox 1776 990 1879 1021; x_wconf 88' lang='lat' dir='ltr'>neque</span> <span class='ocrx_word' id='word_1_593' title='bbox 1903 991 1940 1011; x_wconf 84' lang='lat' dir='ltr'>ex</span> <span class='ocrx_word' id='word_1_594' title='bbox 1962 990 2174 1022; x_wconf 85' lang='lat' dir='ltr'>unoquoque,</span> <span class='ocrx_word' id='word_1_595' title='bbox 2198 981 2258 1012; x_wconf 90' lang='lat' dir='ltr'>nisi</span> <span class='ocrx_word' id='word_1_596' title='bbox 2281 981 2362 1012; x_wconf 91' lang='lat' dir='ltr'>sicut</span> 
     </span>
     <span class='ocr_line' id='line_1_75' title="bbox 1359 1022 2359 1066; baseline 0.004 -14"><span class='ocrx_word' id='word_1_597' title='bbox 1359 1032 1396 1053; x_wconf 86' lang='lat' dir='ltr'>ex</span> <span class='ocrx_word' id='word_1_598' title='bbox 1405 1022 1524 1063; x_wconf 85' lang='lat' dir='ltr'>pariete</span> <span class='ocrx_word' id='word_1_599' title='bbox 1538 1022 1661 1062; x_wconf 84' lang='lat' dir='ltr'>lateres,</span> <span class='ocrx_word' id='word_1_600' title='bbox 1683 1024 1925 1055; x_wconf 87' lang='lat' dir='ltr'>inconveniens:</span> <span class='ocrx_word' id='word_1_601' title='bbox 1951 1025 2119 1066; x_wconf 89' lang='lat' dir='ltr'>quomodo</span> <span class='ocrx_word' id='word_1_602' title='bbox 2137 1025 2223 1056; x_wconf 89' lang='lat' dir='ltr'>enim</span> <span class='ocrx_word' id='word_1_603' title='bbox 2245 1035 2283 1056; x_wconf 90' lang='lat' dir='ltr'>ex</span> <span class='ocrx_word' id='word_1_604' title='bbox 2298 1025 2359 1056; x_wconf 89' lang='lat' dir='ltr'>illis</span> 
     </span>
     <span class='ocr_line' id='line_1_76' title="bbox 1358 1068 2237 1111; baseline 0.003 -14"><span class='ocrx_word' id='word_1_605' title='bbox 1358 1073 1450 1098; x_wconf 90' lang='lat' dir='ltr'>erunt</span> <span class='ocrx_word' id='word_1_606' title='bbox 1473 1076 1581 1097; x_wconf 90' lang='lat' dir='ltr'>carnes</span> <span class='ocrx_word' id='word_1_607' title='bbox 1605 1074 1635 1098; x_wconf 91' lang='lat' dir='ltr'>et</span> <span class='ocrx_word' id='word_1_608' title='bbox 1649 1077 1731 1106; x_wconf 87' lang='lat' dir='ltr'>ossa,</span> <span class='ocrx_word' id='word_1_609' title='bbox 1756 1075 1786 1099; x_wconf 89' lang='lat' dir='ltr'>et</span> <span class='ocrx_word' id='word_1_610' title='bbox 1802 1068 1938 1099; x_wconf 87' lang='lat' dir='ltr'>aliorum</span> <span class='ocrx_word' id='word_1_611' title='bbox 1960 1068 2237 1111; x_wconf 85' lang='lat' dir='ltr'>unumquodque?</span> 
     </span>
    </p>

    <p class='ocr_par' dir='ltr' id='par_1_31' title="bbox 1292 1111 2361 1375">
     <span class='ocr_line' id='line_1_77' title="bbox 1292 1111 2360 1154; baseline 0.002 -11"><span class='ocrx_word' id='word_1_612' title='bbox 1292 1111 1397 1143; x_wconf 81' lang='lat' dir='ltr'>Habet</span> <span class='ocrx_word' id='word_1_613' title='bbox 1412 1118 1520 1141; x_wconf 88' lang='lat' dir='ltr'>autem</span> <span class='ocrx_word' id='word_1_614' title='bbox 1543 1112 1634 1154; x_wconf 93' lang='lat' dir='ltr'>quod</span> <span class='ocrx_word' id='word_1_615' title='bbox 1649 1112 1762 1143; x_wconf 90' lang='lat' dir='ltr'>dicitur</span> <span class='ocrx_word' id='word_1_616' title='bbox 1785 1113 2006 1153; x_wconf 88' lang='lat' dir='ltr'>quaestionem</span> <span class='ocrx_word' id='word_1_617' title='bbox 2029 1120 2059 1145; x_wconf 90' lang='lat' dir='ltr'>et</span> <span class='ocrx_word' id='word_1_618' title='bbox 2075 1124 2112 1144; x_wconf 88' lang='lat' dir='ltr'>ex</span> <span class='ocrx_word' id='word_1_619' title='bbox 2134 1114 2289 1145; x_wconf 86' lang='lat' dir='ltr'>alterutris</span> <span class='ocrx_word' id='word_1_620' title='bbox 2311 1124 2360 1154; x_wconf 87' lang='lat' dir='ltr'>ge-</span> 
     </span>
     <span class='ocr_line' id='line_1_78' title="bbox 1358 1155 2360 1199; baseline 0.004 -14"><span class='ocrx_word' id='word_1_621' title='bbox 1358 1155 1563 1194; x_wconf 85' lang='lat' dir='ltr'>nerantibus,</span> <span class='ocrx_word' id='word_1_622' title='bbox 1588 1157 1757 1196; x_wconf 90' lang='lat' dir='ltr'>quomodo</span> <span class='ocrx_word' id='word_1_623' title='bbox 1789 1164 1954 1197; x_wconf 88' lang='lat' dir='ltr'>generatur</span> <span class='ocrx_word' id='word_1_624' title='bbox 1986 1168 2024 1188; x_wconf 81' lang='lat' dir='ltr'>ex</span> <span class='ocrx_word' id='word_1_625' title='bbox 2046 1158 2091 1188; x_wconf 91' lang='lat' dir='ltr'>eis</span> <span class='ocrx_word' id='word_1_626' title='bbox 2121 1158 2208 1189; x_wconf 85' lang='lat' dir='ltr'>aliud</span> <span class='ocrx_word' id='word_1_627' title='bbox 2241 1158 2360 1199; x_wconf 87' lang='lat' dir='ltr'>aliquid</span> 
     </span>
     <span class='ocr_line' id='line_1_79' title="bbox 1359 1199 2359 1244; baseline 0.004 -14"><span class='ocrx_word' id='word_1_628' title='bbox 1359 1206 1481 1240; x_wconf 88' lang='lat' dir='ltr'>praeter</span> <span class='ocrx_word' id='word_1_629' title='bbox 1503 1199 1579 1231; x_wconf 68' lang='lat' dir='ltr'>hoc:</span> <span class='ocrx_word' id='word_1_630' title='bbox 1593 1200 1674 1231; x_wconf 87' lang='lat' dir='ltr'>Dico</span> <span class='ocrx_word' id='word_1_631' title='bbox 1698 1208 1805 1232; x_wconf 85' lang='lat' dir='ltr'>autem</span> <span class='ocrx_word' id='word_1_632' title='bbox 1828 1201 1914 1232; x_wconf 87' lang='lat' dir='ltr'>verbi</span> <span class='ocrx_word' id='word_1_633' title='bbox 1930 1202 2028 1242; x_wconf 85' lang='lat' dir='ltr'>gratia</span> <span class='ocrx_word' id='word_1_634' title='bbox 2046 1212 2084 1232; x_wconf 85' lang='lat' dir='ltr'>ex</span> <span class='ocrx_word' id='word_1_635' title='bbox 2106 1202 2179 1242; x_wconf 88' lang='lat' dir='ltr'><strong>igne</strong></span> <span class='ocrx_word' id='word_1_636' title='bbox 2195 1209 2242 1234; x_wconf 90' lang='lat' dir='ltr'>est</span> <span class='ocrx_word' id='word_1_637' title='bbox 2264 1213 2359 1244; x_wconf 85' lang='lat' dir='ltr'>aqua,</span> 
     </span>
     <span class='ocr_line' id='line_1_80' title="bbox 1359 1244 2360 1287; baseline 0.003 -13"><span class='ocrx_word' id='word_1_638' title='bbox 1359 1251 1390 1275; x_wconf 91' lang='lat' dir='ltr'>et</span> <span class='ocrx_word' id='word_1_639' title='bbox 1412 1254 1450 1274; x_wconf 87' lang='lat' dir='ltr'>ex</span> <span class='ocrx_word' id='word_1_640' title='bbox 1472 1244 1530 1274; x_wconf 87' lang='lat' dir='ltr'>hac</span> <span class='ocrx_word' id='word_1_641' title='bbox 1553 1245 1693 1284; x_wconf 82' lang='lat' dir='ltr'>generari</span> <span class='ocrx_word' id='word_1_642' title='bbox 1715 1245 1837 1285; x_wconf 78' lang='lat' dir='ltr'>ignem:</span> <span class='ocrx_word' id='word_1_643' title='bbox 1862 1252 1909 1276; x_wconf 91' lang='lat' dir='ltr'>est</span> <span class='ocrx_word' id='word_1_644' title='bbox 1931 1246 2016 1276; x_wconf 91' lang='lat' dir='ltr'>enim</span> <span class='ocrx_word' id='word_1_645' title='bbox 2031 1246 2163 1287; x_wconf 80' lang='lat' dir='ltr'>aliquod</span> <span class='ocrx_word' id='word_1_646' title='bbox 2187 1257 2360 1277; x_wconf 88' lang='lat' dir='ltr'>commune</span> 
     </span>
     <span class='ocr_line' id='line_1_81' title="bbox 1359 1288 2361 1331; baseline 0.004 -13"><span class='ocrx_word' id='word_1_647' title='bbox 1359 1288 1548 1319; x_wconf 88' lang='lat' dir='ltr'>subiectum.</span> <span class='ocrx_word' id='word_1_648' title='bbox 1567 1288 1628 1319; x_wconf 89' lang='lat' dir='ltr'>Sed</span> <span class='ocrx_word' id='word_1_649' title='bbox 1651 1289 1762 1330; x_wconf 92' lang='lat' dir='ltr'>utique</span> <span class='ocrx_word' id='word_1_650' title='bbox 1786 1297 1817 1321; x_wconf 91' lang='lat' dir='ltr'>et</span> <span class='ocrx_word' id='word_1_651' title='bbox 1840 1300 1912 1321; x_wconf 89' lang='lat' dir='ltr'>caro</span> <span class='ocrx_word' id='word_1_652' title='bbox 1936 1300 1973 1321; x_wconf 85' lang='lat' dir='ltr'>ex</span> <span class='ocrx_word' id='word_1_653' title='bbox 1996 1290 2040 1321; x_wconf 91' lang='lat' dir='ltr'>eis</span> <span class='ocrx_word' id='word_1_654' title='bbox 2062 1297 2229 1331; x_wconf 89' lang='lat' dir='ltr'>generatur</span> <span class='ocrx_word' id='word_1_655' title='bbox 2251 1298 2282 1322; x_wconf 92' lang='lat' dir='ltr'>et</span> <span class='ocrx_word' id='word_1_656' title='bbox 2298 1301 2361 1321; x_wconf 88' lang='lat' dir='ltr'>me-</span> 
     </span>
     <span class='ocr_line' id='line_1_82' title="bbox 1359 1333 2119 1375; baseline 0.003 -12"><span class='ocrx_word' id='word_1_657' title='bbox 1359 1333 1464 1364; x_wconf 76' lang='lat' dir='ltr'>dulla:</span> <span class='ocrx_word' id='word_1_658' title='bbox 1487 1343 1599 1363; x_wconf 88' lang='lat' dir='ltr'>verum</span> <span class='ocrx_word' id='word_1_659' title='bbox 1620 1333 1696 1364; x_wconf 85' lang='lat' dir='ltr'>haec</span> <span class='ocrx_word' id='word_1_660' title='bbox 1719 1335 1887 1375; x_wconf 92' lang='lat' dir='ltr'>quomodo</span> <span class='ocrx_word' id='word_1_661' title='bbox 1911 1333 2119 1374; x_wconf 86' lang='lat' dir='ltr'>generantur?</span> 
     </span>
    </p>

    <p class='ocr_par' dir='ltr' id='par_1_32' title="bbox 1293 1377 2362 1642">
     <span class='ocr_line' id='line_1_83' title="bbox 1293 1377 2361 1420; baseline 0.002 -12"><span class='ocrx_word' id='word_1_662' title='bbox 1293 1378 1356 1409; x_wconf 84' lang='lat' dir='ltr'>luis</span> <span class='ocrx_word' id='word_1_663' title='bbox 1386 1377 1518 1418; x_wconf 89' lang='lat' dir='ltr'>quidem</span> <span class='ocrx_word' id='word_1_664' title='bbox 1549 1377 1635 1408; x_wconf 89' lang='lat' dir='ltr'>enim</span> <span class='ocrx_word' id='word_1_665' title='bbox 1663 1378 1719 1419; x_wconf 89' lang='lat' dir='ltr'>qui</span> <span class='ocrx_word' id='word_1_666' title='bbox 1750 1378 1859 1409; x_wconf 88' lang='lat' dir='ltr'>dicunt</span> <span class='ocrx_word' id='word_1_667' title='bbox 1888 1385 1924 1410; x_wconf 95' lang='lat' dir='ltr'>ut</span> <span class='ocrx_word' id='word_1_668' title='bbox 1953 1379 2164 1419; x_wconf 90' lang='lat' dir='ltr'>Empedocles</span> <span class='ocrx_word' id='word_1_669' title='bbox 2199 1379 2270 1420; x_wconf 92' lang='lat' dir='ltr'>quis</span> <span class='ocrx_word' id='word_1_670' title='bbox 2304 1379 2361 1410; x_wconf 91' lang='lat' dir='ltr'>erit</span> 
     </span>
     <span class='ocr_line' id='line_1_84' title="bbox 1359 1419 2360 1463; baseline 0.002 -11"><span class='ocrx_word' id='word_1_671' title='bbox 1359 1419 1498 1453; x_wconf 86' lang='lat' dir='ltr'>modus?</span> <span class='ocrx_word' id='word_1_672' title='bbox 1521 1422 1656 1452; x_wconf 86' lang='lat' dir='ltr'>Necesse</span> <span class='ocrx_word' id='word_1_673' title='bbox 1688 1422 1774 1453; x_wconf 86' lang='lat' dir='ltr'>enim</span> <span class='ocrx_word' id='word_1_674' title='bbox 1804 1430 1850 1454; x_wconf 90' lang='lat' dir='ltr'>est</span> <span class='ocrx_word' id='word_1_675' title='bbox 1879 1423 2148 1463; x_wconf 86' lang='lat' dir='ltr'>compositionem</span> <span class='ocrx_word' id='word_1_676' title='bbox 2181 1434 2247 1454; x_wconf 91' lang='lat' dir='ltr'>esse</span> <span class='ocrx_word' id='word_1_677' title='bbox 2279 1424 2360 1455; x_wconf 92' lang='lat' dir='ltr'>sicut</span> 
     </span>
     <span class='ocr_line' id='line_1_85' title="bbox 1359 1466 2362 1508; baseline 0.002 -12"><span class='ocrx_word' id='word_1_678' title='bbox 1359 1477 1397 1497; x_wconf 89' lang='lat' dir='ltr'>ex</span> <span class='ocrx_word' id='word_1_679' title='bbox 1419 1466 1578 1506; x_wconf 80' lang='lat' dir='ltr'>lapidibus</span> <span class='ocrx_word' id='word_1_680' title='bbox 1593 1473 1625 1497; x_wconf 90' lang='lat' dir='ltr'>et</span> <span class='ocrx_word' id='word_1_681' title='bbox 1646 1466 1795 1497; x_wconf 90' lang='lat' dir='ltr'>lateribus</span> <span class='ocrx_word' id='word_1_682' title='bbox 1809 1466 1928 1508; x_wconf 85' lang='lat' dir='ltr'>paries;</span> <span class='ocrx_word' id='word_1_683' title='bbox 1944 1467 2079 1498; x_wconf 86' lang='lat' dir='ltr'>mixtura</span> <span class='ocrx_word' id='word_1_684' title='bbox 2102 1474 2210 1498; x_wconf 86' lang='lat' dir='ltr'>autem</span> <span class='ocrx_word' id='word_1_685' title='bbox 2232 1468 2308 1498; x_wconf 88' lang='lat' dir='ltr'>haec</span> <span class='ocrx_word' id='word_1_686' title='bbox 2325 1478 2362 1498; x_wconf 84' lang='lat' dir='ltr'>ex</span> 
     </span>
     <span class='ocr_line' id='line_1_86' title="bbox 1359 1510 2361 1552; baseline 0.001 -10"><span class='ocrx_word' id='word_1_687' title='bbox 1359 1510 1484 1542; x_wconf 81' lang='lat' dir='ltr'>salvatis</span> <span class='ocrx_word' id='word_1_688' title='bbox 1507 1510 1618 1551; x_wconf 90' lang='lat' dir='ltr'>utique</span> <span class='ocrx_word' id='word_1_689' title='bbox 1642 1511 1700 1541; x_wconf 87' lang='lat' dir='ltr'>erit</span> <span class='ocrx_word' id='word_1_690' title='bbox 1723 1511 1905 1550; x_wconf 83' lang='lat' dir='ltr'>elementis,</span> <span class='ocrx_word' id='word_1_691' title='bbox 1929 1512 2106 1542; x_wconf 91' lang='lat' dir='ltr'>secundum</span> <span class='ocrx_word' id='word_1_692' title='bbox 2134 1522 2230 1552; x_wconf 88' lang='lat' dir='ltr'>parva</span> <span class='ocrx_word' id='word_1_693' title='bbox 2253 1519 2361 1543; x_wconf 85' lang='lat' dir='ltr'>autem</span> 
     </span>
     <span class='ocr_line' id='line_1_87' title="bbox 1360 1554 2359 1596; baseline 0.001 -10"><span class='ocrx_word' id='word_1_694' title='bbox 1360 1554 1537 1586; x_wconf 82' lang='lat' dir='ltr'>adinvicem</span> <span class='ocrx_word' id='word_1_695' title='bbox 1556 1555 1753 1595; x_wconf 86' lang='lat' dir='ltr'>compositis.</span> <span class='ocrx_word' id='word_1_696' title='bbox 1771 1556 1816 1586; x_wconf 87' lang='lat' dir='ltr'>Ita</span> <span class='ocrx_word' id='word_1_697' title='bbox 1835 1555 1944 1596; x_wconf 88' lang='lat' dir='ltr'>utique</span> <span class='ocrx_word' id='word_1_698' title='bbox 1961 1566 2034 1587; x_wconf 88' lang='lat' dir='ltr'>caro</span> <span class='ocrx_word' id='word_1_699' title='bbox 2051 1563 2081 1587; x_wconf 90' lang='lat' dir='ltr'>et</span> <span class='ocrx_word' id='word_1_700' title='bbox 2093 1556 2230 1587; x_wconf 85' lang='lat' dir='ltr'>aliorum</span> <span class='ocrx_word' id='word_1_701' title='bbox 2245 1566 2359 1587; x_wconf 91' lang='lat' dir='ltr'>unum-</span> 
     </span>
     <span class='ocr_line' id='line_1_88' title="bbox 1360 1598 2360 1642; baseline 0.001 -12"><span class='ocrx_word' id='word_1_702' title='bbox 1360 1599 1524 1641; x_wconf 89' lang='lat' dir='ltr'>quodque.</span> <span class='ocrx_word' id='word_1_703' title='bbox 1539 1598 1557 1618; x_wconf 90' lang='lat'><strong>*</strong></span> <span class='ocrx_word' id='word_1_704' title='bbox 1581 1599 1746 1640; x_wconf 89' lang='lat' dir='ltr'>Contingit</span> <span class='ocrx_word' id='word_1_705' title='bbox 1768 1600 1875 1641; x_wconf 86' lang='lat' dir='ltr'>itaque</span> <span class='ocrx_word' id='word_1_706' title='bbox 1898 1610 1965 1630; x_wconf 91' lang='lat' dir='ltr'>non</span> <span class='ocrx_word' id='word_1_707' title='bbox 1988 1610 2025 1630; x_wconf 89' lang='lat' dir='ltr'>ex</span> <span class='ocrx_word' id='word_1_708' title='bbox 2048 1610 2251 1642; x_wconf 87' lang='lat' dir='ltr'>quacumque</span> <span class='ocrx_word' id='word_1_709' title='bbox 2274 1607 2360 1641; x_wconf 89' lang='lat' dir='ltr'>parte</span> 
     </span>
    </p>
   </div>
   <div class='ocr_carea' id='block_1_9' title="bbox 2388 809 2600 837">
    <p class='ocr_par' dir='ltr' id='par_1_33' title="bbox 2388 809 2600 837">
     <span class='ocr_line' id='line_1_89' title="bbox 2388 809 2600 837; baseline 0.014 -8"><span class='ocrx_word' id='word_1_710' title='bbox 2388 809 2397 818; x_wconf 89' lang='grc'>·</span> <span class='ocrx_word' id='word_1_711' title='bbox 2413 809 2470 837; x_wconf 85' lang='lat' dir='ltr'>Cap.</span> <span class='ocrx_word' id='word_1_712' title='bbox 2479 816 2519 831; x_wconf 84' lang='lat' dir='ltr'>vn.</span> <span class='ocrx_word' id='word_1_713' title='bbox 2529 809 2600 832; x_wconf 86' lang='lat' dir='ltr'>Text.</span> 
     </span>
    </p>
   </div>
   <div class='ocr_carea' id='block_1_10' title="bbox 2388 835 2427 862">
    <p class='ocr_par' dir='ltr' id='par_1_34' title="bbox 2388 835 2427 862">
     <span class='ocr_line' id='line_1_90' title="bbox 2388 835 2427 862; baseline 0 -5"><span class='ocrx_word' id='word_1_714' title='bbox 2388 835 2427 862; x_wconf 85' lang='lat'>46.</span> 
     </span>
    </p>
   </div>
   <div class='ocr_carea' id='block_1_11' title="bbox 2387 1604 2531 1632">
    <p class='ocr_par' dir='ltr' id='par_1_35' title="bbox 2387 1604 2531 1632">
     <span class='ocr_line' id='line_1_91' title="bbox 2387 1604 2531 1632; baseline 0 -6"><span class='ocrx_word' id='word_1_715' title='bbox 2387 1604 2398 1616; x_wconf 79' lang='lat'>⁴⁸</span> <span class='ocrx_word' id='word_1_716' title='bbox 2412 1604 2480 1626; x_wconf 87' lang='lat' dir='ltr'>Text.</span> <span class='ocrx_word' id='word_1_717' title='bbox 2495 1610 2531 1632; x_wconf 85' lang='lat'>47.</span> 
     </span>
    </p>
   </div>
   <div class='ocr_carea' id='block_1_12' title="bbox 1360 1643 2414 1685">
    <p class='ocr_par' dir='ltr' id='par_1_36' title="bbox 1360 1643 2414 1685">
     <span class='ocr_line' id='line_1_92' title="bbox 1360 1643 2414 1685; baseline 0.002 -11"><span class='ocrx_word' id='word_1_718' title='bbox 1360 1643 1461 1675; x_wconf 88' lang='lat' dir='ltr'>carnis</span> <span class='ocrx_word' id='word_1_719' title='bbox 1493 1643 1633 1684; x_wconf 87' lang='lat' dir='ltr'>generari</span> <span class='ocrx_word' id='word_1_720' title='bbox 1662 1644 1770 1684; x_wconf 90' lang='lat' dir='ltr'>ignem</span> <span class='ocrx_word' id='word_1_721' title='bbox 1801 1652 1831 1675; x_wconf 91' lang='lat' dir='ltr'>et</span> <span class='ocrx_word' id='word_1_722' title='bbox 1859 1654 1993 1685; x_wconf 84' lang='lat' dir='ltr'>aquam,</span> <span class='ocrx_word' id='word_1_723' title='bbox 2018 1645 2294 1685; x_wconf 87' lang='lat' dir='ltr'>quemadmodum</span> <span class='ocrx_word' id='word_1_724' title='bbox 2324 1655 2360 1676; x_wconf 85' lang='lat' dir='ltr'>ex</span> <span class='ocrx_word' id='word_1_725' title='bbox 2403 1662 2414 1672; x_wconf 55' lang='grc' dir='ltr'><strong>ι</strong></span> 
     </span>
    </p>
   </div>
   <div class='ocr_carea' id='block_1_13' title="bbox 1358 1688 2362 1952">
    <p class='ocr_par' dir='ltr' id='par_1_37' title="bbox 1358 1688 2362 1952">
     <span class='ocr_line' id='line_1_93' title="bbox 1361 1688 2360 1730; baseline 0 -11"><span class='ocrx_word' id='word_1_726' title='bbox 1361 1699 1431 1720; x_wconf 87' lang='lat' dir='ltr'>cera</span> <span class='ocrx_word' id='word_1_727' title='bbox 1453 1695 1620 1729; x_wconf 85' lang='lat' dir='ltr'>generatur</span> <span class='ocrx_word' id='word_1_728' title='bbox 1650 1688 1761 1729; x_wconf 91' lang='lat' dir='ltr'>utique</span> <span class='ocrx_word' id='word_1_729' title='bbox 1785 1699 1821 1719; x_wconf 90' lang='lat' dir='ltr'>ex</span> <span class='ocrx_word' id='word_1_730' title='bbox 1851 1689 1909 1719; x_wconf 89' lang='lat' dir='ltr'>hac</span> <span class='ocrx_word' id='word_1_731' title='bbox 1940 1688 2070 1729; x_wconf 90' lang='lat' dir='ltr'>quidem</span> <span class='ocrx_word' id='word_1_732' title='bbox 2093 1696 2180 1730; x_wconf 86' lang='lat' dir='ltr'>parte</span> <span class='ocrx_word' id='word_1_733' title='bbox 2210 1689 2360 1730; x_wconf 88' lang='lat' dir='ltr'>sphaera,</span> 
     </span>
     <span class='ocr_line' id='line_1_94' title="bbox 1360 1732 2361 1774; baseline 0.001 -11"><span class='ocrx_word' id='word_1_734' title='bbox 1360 1732 1500 1774; x_wconf 82' lang='lat' dir='ltr'>pyramis</span> <span class='ocrx_word' id='word_1_735' title='bbox 1525 1739 1633 1763; x_wconf 84' lang='lat' dir='ltr'>autem</span> <span class='ocrx_word' id='word_1_736' title='bbox 1660 1743 1696 1763; x_wconf 85' lang='lat' dir='ltr'>ex</span> <span class='ocrx_word' id='word_1_737' title='bbox 1719 1733 1826 1774; x_wconf 89' lang='lat' dir='ltr'>aliqua</span> <span class='ocrx_word' id='word_1_738' title='bbox 1848 1733 1926 1771; x_wconf 86' lang='lat' dir='ltr'>alia;</span> <span class='ocrx_word' id='word_1_739' title='bbox 1950 1733 2005 1764; x_wconf 91' lang='lat' dir='ltr'>sed</span> <span class='ocrx_word' id='word_1_740' title='bbox 2032 1733 2233 1774; x_wconf 89' lang='lat' dir='ltr'>contingebat</span> <span class='ocrx_word' id='word_1_741' title='bbox 2257 1743 2294 1764; x_wconf 88' lang='lat' dir='ltr'>ex</span> <span class='ocrx_word' id='word_1_742' title='bbox 2317 1733 2361 1764; x_wconf 91' lang='lat' dir='ltr'>al·</span> 
     </span>
     <span class='ocr_line' id='line_1_95' title="bbox 1358 1777 2361 1819; baseline 0 -11"><span class='ocrx_word' id='word_1_743' title='bbox 1358 1783 1478 1808; x_wconf 88' lang='lat' dir='ltr'>terutro</span> <span class='ocrx_word' id='word_1_744' title='bbox 1507 1777 1695 1808; x_wconf 88' lang='lat' dir='ltr'>alterutrum</span> <span class='ocrx_word' id='word_1_745' title='bbox 1721 1777 1873 1818; x_wconf 83' lang='lat' dir='ltr'>generari.</span> <span class='ocrx_word' id='word_1_746' title='bbox 1902 1778 1990 1808; x_wconf 84' lang='lat' dir='ltr'>Haec</span> <span class='ocrx_word' id='word_1_747' title='bbox 2019 1778 2151 1819; x_wconf 86' lang='lat' dir='ltr'>quidem</span> <span class='ocrx_word' id='word_1_748' title='bbox 2179 1777 2275 1818; x_wconf 86' lang='lat' dir='ltr'>igitur</span> <span class='ocrx_word' id='word_1_749' title='bbox 2299 1777 2361 1808; x_wconf 91' lang='lat' dir='ltr'>hoc</span> 
     </span>
     <span class='ocr_line' id='line_1_96' title="bbox 1361 1821 2362 1863; baseline 0.001 -11"><span class='ocrx_word' id='word_1_750' title='bbox 1361 1828 1551 1862; x_wconf 82' lang='lat' dir='ltr'>generantur</span> <span class='ocrx_word' id='word_1_751' title='bbox 1567 1822 1667 1852; x_wconf 89' lang='lat' dir='ltr'>modo</span> <span class='ocrx_word' id='word_1_752' title='bbox 1683 1832 1721 1852; x_wconf 89' lang='lat' dir='ltr'>ex</span> <span class='ocrx_word' id='word_1_753' title='bbox 1736 1832 1838 1861; x_wconf 87' lang='lat' dir='ltr'>carne,</span> <span class='ocrx_word' id='word_1_754' title='bbox 1855 1832 1893 1852; x_wconf 89' lang='lat' dir='ltr'>ex</span> <span class='ocrx_word' id='word_1_755' title='bbox 1908 1822 2051 1863; x_wconf 90' lang='lat' dir='ltr'>quolibet</span> <span class='ocrx_word' id='word_1_756' title='bbox 2065 1823 2176 1862; x_wconf 88' lang='lat' dir='ltr'>ambo;</span> <span class='ocrx_word' id='word_1_757' title='bbox 2194 1821 2238 1852; x_wconf 90' lang='lat' dir='ltr'>eis</span> <span class='ocrx_word' id='word_1_758' title='bbox 2254 1829 2362 1853; x_wconf 88' lang='lat' dir='ltr'>autem</span> 
     </span>
     <span class='ocr_line' id='line_1_97' title="bbox 1361 1866 2361 1907; baseline 0 -10"><span class='ocrx_word' id='word_1_759' title='bbox 1361 1866 1417 1907; x_wconf 91' lang='lat' dir='ltr'>qui</span> <span class='ocrx_word' id='word_1_760' title='bbox 1440 1866 1496 1897; x_wconf 86' lang='lat' dir='ltr'>illo</span> <span class='ocrx_word' id='word_1_761' title='bbox 1519 1866 1620 1897; x_wconf 87' lang='lat' dir='ltr'>modo</span> <span class='ocrx_word' id='word_1_762' title='bbox 1643 1866 1763 1901; x_wconf 84' lang='lat' dir='ltr'>dicunt.</span> <span class='ocrx_word' id='word_1_763' title='bbox 1779 1876 1846 1897; x_wconf 89' lang='lat' dir='ltr'>non</span> <span class='ocrx_word' id='word_1_764' title='bbox 1869 1867 2034 1907; x_wconf 86' lang='lat' dir='ltr'>contingit,</span> <span class='ocrx_word' id='word_1_765' title='bbox 2051 1867 2106 1897; x_wconf 89' lang='lat' dir='ltr'>sed</span> <span class='ocrx_word' id='word_1_766' title='bbox 2128 1873 2165 1898; x_wconf 92' lang='lat' dir='ltr'>ut</span> <span class='ocrx_word' id='word_1_767' title='bbox 2187 1876 2224 1897; x_wconf 89' lang='lat' dir='ltr'>ex</span> <span class='ocrx_word' id='word_1_768' title='bbox 2245 1866 2361 1907; x_wconf 82' lang='lat' dir='ltr'>pariete</span> 
     </span>
     <span class='ocr_line' id='line_1_98' title="bbox 1361 1911 2271 1952; baseline 0 -10"><span class='ocrx_word' id='word_1_769' title='bbox 1361 1911 1440 1952; x_wconf 87' lang='lat' dir='ltr'>lapis</span> <span class='ocrx_word' id='word_1_770' title='bbox 1464 1918 1495 1942; x_wconf 93' lang='lat' dir='ltr'>et</span> <span class='ocrx_word' id='word_1_771' title='bbox 1517 1911 1648 1950; x_wconf 84' lang='lat' dir='ltr'>lateres,</span> <span class='ocrx_word' id='word_1_772' title='bbox 1682 1918 1856 1952; x_wconf 89' lang='lat' dir='ltr'>utrumque</span> <span class='ocrx_word' id='word_1_773' title='bbox 1879 1921 1916 1942; x_wconf 86' lang='lat' dir='ltr'>ex</span> <span class='ocrx_word' id='word_1_774' title='bbox 1939 1911 2001 1942; x_wconf 84' lang='lat' dir='ltr'>alio</span> <span class='ocrx_word' id='word_1_775' title='bbox 2024 1911 2097 1942; x_wconf 91' lang='lat' dir='ltr'>loco</span> <span class='ocrx_word' id='word_1_776' title='bbox 2121 1917 2152 1942; x_wconf 92' lang='lat' dir='ltr'>et</span> <span class='ocrx_word' id='word_1_777' title='bbox 2173 1917 2271 1952; x_wconf 84' lang='lat' dir='ltr'>parte.</span> 
     </span>
    </p>
   </div>
   <div class='ocr_carea' id='block_1_14' title="bbox 1293 2006 2364 3504">
    <p class='ocr_par' dir='ltr' id='par_1_38' title="bbox 1293 2006 2362 2315">
     <span class='ocr_line' id='line_1_99' title="bbox 1293 2006 2362 2040; baseline -0.002 -1"><span class='ocrx_word' id='word_1_778' title='bbox 1293 2009 1311 2029; x_wconf 86' lang='lat'>*</span> <span class='ocrx_word' id='word_1_779' title='bbox 1334 2007 1484 2040; x_wconf 87' lang='lat' dir='ltr'>Similiter</span> <span class='ocrx_word' id='word_1_780' title='bbox 1514 2013 1621 2038; x_wconf 87' lang='lat' dir='ltr'>autem</span> <span class='ocrx_word' id='word_1_781' title='bbox 1644 2013 1675 2038; x_wconf 90' lang='lat' dir='ltr'>et</span> <span class='ocrx_word' id='word_1_782' title='bbox 1709 2006 1894 2038; x_wconf 86' lang='lat' dir='ltr'>facientibus</span> <span class='ocrx_word' id='word_1_783' title='bbox 1917 2017 2017 2037; x_wconf 88' lang='lat' dir='ltr'>unam</span> <span class='ocrx_word' id='word_1_784' title='bbox 2051 2017 2164 2038; x_wconf 91' lang='lat' dir='ltr'>eorum</span> <span class='ocrx_word' id='word_1_785' title='bbox 2197 2007 2362 2038; x_wconf 85' lang='lat' dir='ltr'>materiam</span> 
     </span>
     <span class='ocr_line' id='line_1_100' title="bbox 1360 2051 2362 2093; baseline -0.002 -10"><span class='ocrx_word' id='word_1_786' title='bbox 1360 2053 1455 2083; x_wconf 83' lang='lat' dir='ltr'>habet</span> <span class='ocrx_word' id='word_1_787' title='bbox 1477 2051 1618 2092; x_wconf 85' lang='lat' dir='ltr'>aliquam</span> <span class='ocrx_word' id='word_1_788' title='bbox 1642 2051 1878 2093; x_wconf 86' lang='lat' dir='ltr'>quaestionem,</span> <span class='ocrx_word' id='word_1_789' title='bbox 1906 2052 2075 2092; x_wconf 92' lang='lat' dir='ltr'>quomodo</span> <span class='ocrx_word' id='word_1_790' title='bbox 2099 2051 2157 2083; x_wconf 88' lang='lat' dir='ltr'>erit</span> <span class='ocrx_word' id='word_1_791' title='bbox 2179 2051 2299 2092; x_wconf 86' lang='lat' dir='ltr'>aliquid</span> <span class='ocrx_word' id='word_1_792' title='bbox 2325 2061 2362 2082; x_wconf 88' lang='lat' dir='ltr'>ex</span> 
     </span>
     <span class='ocr_line' id='line_1_101' title="bbox 1361 2095 2361 2136; baseline -0.001 -9"><span class='ocrx_word' id='word_1_793' title='bbox 1361 2097 1538 2135; x_wconf 79' lang='lat' dir='ltr'>ambobus3</span> <span class='ocrx_word' id='word_1_794' title='bbox 1561 2096 1648 2126; x_wconf 87' lang='lat' dir='ltr'>verbi</span> <span class='ocrx_word' id='word_1_795' title='bbox 1664 2096 1762 2136; x_wconf 87' lang='lat' dir='ltr'>gratia</span> <span class='ocrx_word' id='word_1_796' title='bbox 1778 2106 1815 2126; x_wconf 87' lang='lat' dir='ltr'>ex</span> <span class='ocrx_word' id='word_1_797' title='bbox 1839 2096 1941 2126; x_wconf 90' lang='lat' dir='ltr'>calido</span> <span class='ocrx_word' id='word_1_798' title='bbox 1965 2102 1996 2127; x_wconf 90' lang='lat' dir='ltr'>et</span> <span class='ocrx_word' id='word_1_799' title='bbox 2011 2095 2136 2136; x_wconf 88' lang='lat' dir='ltr'>frigido,</span> <span class='ocrx_word' id='word_1_800' title='bbox 2153 2102 2208 2126; x_wconf 85' lang='lat' dir='ltr'>aut</span> <span class='ocrx_word' id='word_1_801' title='bbox 2231 2106 2268 2126; x_wconf 91' lang='lat' dir='ltr'>ex</span> <span class='ocrx_word' id='word_1_802' title='bbox 2288 2096 2361 2136; x_wconf 90' lang='lat' dir='ltr'>igne</span> 
     </span>
     <span class='ocr_line' id='line_1_102' title="bbox 1361 2140 2362 2182; baseline -0.001 -10"><span class='ocrx_word' id='word_1_803' title='bbox 1361 2148 1392 2172; x_wconf 90' lang='lat' dir='ltr'>et</span> <span class='ocrx_word' id='word_1_804' title='bbox 1421 2150 1514 2182; x_wconf 86' lang='lat' dir='ltr'>aqua.</span> <span class='ocrx_word' id='word_1_805' title='bbox 1538 2140 1571 2171; x_wconf 91' lang='lat' dir='ltr'>Si</span> <span class='ocrx_word' id='word_1_806' title='bbox 1602 2140 1688 2171; x_wconf 87' lang='lat' dir='ltr'>enim</span> <span class='ocrx_word' id='word_1_807' title='bbox 1717 2147 1764 2171; x_wconf 89' lang='lat' dir='ltr'>est</span> <span class='ocrx_word' id='word_1_808' title='bbox 1794 2150 1866 2171; x_wconf 86' lang='lat' dir='ltr'>caro</span> <span class='ocrx_word' id='word_1_809' title='bbox 1891 2150 1928 2171; x_wconf 84' lang='lat' dir='ltr'>ex</span> <span class='ocrx_word' id='word_1_810' title='bbox 1956 2141 2130 2179; x_wconf 86' lang='lat' dir='ltr'>ambobus,</span> <span class='ocrx_word' id='word_1_811' title='bbox 2155 2146 2186 2171; x_wconf 95' lang='lat' dir='ltr'>et</span> <span class='ocrx_word' id='word_1_812' title='bbox 2212 2146 2362 2171; x_wconf 90' lang='lat' dir='ltr'>neutrum</span> 
     </span>
     <span class='ocr_line' id='line_1_103' title="bbox 1361 2184 2362 2226; baseline -0.002 -10"><span class='ocrx_word' id='word_1_813' title='bbox 1361 2195 1485 2224; x_wconf 87' lang='lat' dir='ltr'>eorum,</span> <span class='ocrx_word' id='word_1_814' title='bbox 1509 2194 1614 2226; x_wconf 88' lang='lat' dir='ltr'>neque</span> <span class='ocrx_word' id='word_1_815' title='bbox 1637 2195 1745 2216; x_wconf 88' lang='lat' dir='ltr'>rursus</span> <span class='ocrx_word' id='word_1_816' title='bbox 1769 2184 1960 2224; x_wconf 81' lang='lat' dir='ltr'>compositio</span> <span class='ocrx_word' id='word_1_817' title='bbox 1984 2185 2192 2223; x_wconf 88' lang='lat' dir='ltr'>salvatorum,</span> <span class='ocrx_word' id='word_1_818' title='bbox 2217 2185 2294 2226; x_wconf 92' lang='lat' dir='ltr'>quid</span> <span class='ocrx_word' id='word_1_819' title='bbox 2317 2194 2362 2214; x_wconf 89' lang='lat' dir='ltr'>re-</span> 
     </span>
     <span class='ocr_line' id='line_1_104' title="bbox 1360 2227 2361 2271; baseline 0 -11"><span class='ocrx_word' id='word_1_820' title='bbox 1360 2229 1515 2271; x_wconf 89' lang='lat' dir='ltr'>linquitur</span> <span class='ocrx_word' id='word_1_821' title='bbox 1530 2229 1591 2260; x_wconf 90' lang='lat' dir='ltr'>nisi</span> <span class='ocrx_word' id='word_1_822' title='bbox 1609 2229 1773 2260; x_wconf 86' lang='lat' dir='ltr'>materiam</span> <span class='ocrx_word' id='word_1_823' title='bbox 1789 2238 1856 2259; x_wconf 89' lang='lat' dir='ltr'>esse</span> <span class='ocrx_word' id='word_1_824' title='bbox 1871 2229 1960 2270; x_wconf 92' lang='lat' dir='ltr'>quod</span> <span class='ocrx_word' id='word_1_825' title='bbox 1973 2239 2009 2259; x_wconf 88' lang='lat' dir='ltr'>ex</span> <span class='ocrx_word' id='word_1_826' title='bbox 2026 2227 2106 2260; x_wconf 89' lang='lat' dir='ltr'>illis?</span> <span class='ocrx_word' id='word_1_827' title='bbox 2122 2229 2260 2260; x_wconf 88' lang='lat' dir='ltr'>Alterius</span> <span class='ocrx_word' id='word_1_828' title='bbox 2276 2229 2361 2260; x_wconf 89' lang='lat' dir='ltr'>enim</span> 
     </span>
     <span class='ocr_line' id='line_1_105' title="bbox 1360 2273 2138 2315; baseline -0.003 -9"><span class='ocrx_word' id='word_1_829' title='bbox 1360 2274 1522 2315; x_wconf 85' lang='lat' dir='ltr'>corruptio</span> <span class='ocrx_word' id='word_1_830' title='bbox 1546 2280 1602 2305; x_wconf 89' lang='lat' dir='ltr'>aut</span> <span class='ocrx_word' id='word_1_831' title='bbox 1624 2273 1758 2304; x_wconf 85' lang='lat' dir='ltr'>alterum</span> <span class='ocrx_word' id='word_1_832' title='bbox 1782 2273 1866 2312; x_wconf 85' lang='lat' dir='ltr'>facit,</span> <span class='ocrx_word' id='word_1_833' title='bbox 1889 2280 1944 2304; x_wconf 85' lang='lat' dir='ltr'>aut</span> <span class='ocrx_word' id='word_1_834' title='bbox 1964 2273 2138 2305; x_wconf 87' lang='lat' dir='ltr'>materiam.</span> 
     </span>
    </p>

    <p class='ocr_par' dir='ltr' id='par_1_39' title="bbox 1293 2317 2364 3026">
     <span class='ocr_line' id='line_1_106' title="bbox 1293 2317 2362 2360; baseline -0.003 -9"><span class='ocrx_word' id='word_1_835' title='bbox 1293 2320 1497 2360; x_wconf 87' lang='lat' dir='ltr'>Quapropter</span> <span class='ocrx_word' id='word_1_836' title='bbox 1511 2318 1667 2360; x_wconf 90' lang='lat' dir='ltr'>quoniam</span> <span class='ocrx_word' id='word_1_837' title='bbox 1683 2325 1730 2349; x_wconf 87' lang='lat' dir='ltr'>est</span> <span class='ocrx_word' id='word_1_838' title='bbox 1752 2324 1783 2349; x_wconf 92' lang='lat' dir='ltr'>et</span> <span class='ocrx_word' id='word_1_839' title='bbox 1798 2317 1898 2358; x_wconf 86' lang='lat' dir='ltr'>magis</span> <span class='ocrx_word' id='word_1_840' title='bbox 1921 2324 1952 2349; x_wconf 88' lang='lat' dir='ltr'>et</span> <span class='ocrx_word' id='word_1_841' title='bbox 1974 2318 2080 2348; x_wconf 88' lang='lat' dir='ltr'>minus</span> <span class='ocrx_word' id='word_1_842' title='bbox 2105 2318 2243 2349; x_wconf 90' lang='lat' dir='ltr'>calidum</span> <span class='ocrx_word' id='word_1_843' title='bbox 2259 2325 2290 2349; x_wconf 91' lang='lat' dir='ltr'>et</span> <span class='ocrx_word' id='word_1_844' title='bbox 2313 2317 2362 2348; x_wconf 89' lang='lat' dir='ltr'>fri-</span> 
     </span>
     <span class='ocr_line' id='line_1_107' title="bbox 1358 2362 2360 2405; baseline -0.001 -11"><span class='ocrx_word' id='word_1_845' title='bbox 1358 2364 1482 2405; x_wconf 87' lang='lat' dir='ltr'>gidum,</span> <span class='ocrx_word' id='word_1_846' title='bbox 1498 2363 1629 2405; x_wconf 91' lang='lat' dir='ltr'>quando</span> <span class='ocrx_word' id='word_1_847' title='bbox 1643 2363 1775 2404; x_wconf 91' lang='lat' dir='ltr'>quidem</span> <span class='ocrx_word' id='word_1_848' title='bbox 1798 2362 1893 2393; x_wconf 86' lang='lat' dir='ltr'>fuerit</span> <span class='ocrx_word' id='word_1_849' title='bbox 1915 2362 2098 2403; x_wconf 85' lang='lat' dir='ltr'>simpliciter</span> <span class='ocrx_word' id='word_1_850' title='bbox 2120 2363 2254 2394; x_wconf 83' lang='lat' dir='ltr'>alterum</span> <span class='ocrx_word' id='word_1_851' title='bbox 2278 2369 2360 2402; x_wconf 86' lang='lat' dir='ltr'>actu,</span> 
     </span>
     <span class='ocr_line' id='line_1_108' title="bbox 1359 2406 2361 2450; baseline -0.002 -11"><span class='ocrx_word' id='word_1_852' title='bbox 1359 2407 1502 2450; x_wconf 87' lang='lat' dir='ltr'>potentia</span> <span class='ocrx_word' id='word_1_853' title='bbox 1535 2408 1670 2439; x_wconf 88' lang='lat' dir='ltr'>alterum</span> <span class='ocrx_word' id='word_1_854' title='bbox 1700 2407 1775 2446; x_wconf 78' lang='lat' dir='ltr'>erit3</span> <span class='ocrx_word' id='word_1_855' title='bbox 1805 2406 1935 2448; x_wconf 88' lang='lat' dir='ltr'>quando</span> <span class='ocrx_word' id='word_1_856' title='bbox 1969 2413 2077 2438; x_wconf 87' lang='lat' dir='ltr'>autem</span> <span class='ocrx_word' id='word_1_857' title='bbox 2112 2417 2178 2438; x_wconf 91' lang='lat' dir='ltr'>non</span> <span class='ocrx_word' id='word_1_858' title='bbox 2209 2407 2361 2445; x_wconf 86' lang='lat' dir='ltr'>omnino,</span> 
     </span>
     <span class='ocr_line' id='line_1_109' title="bbox 1360 2451 2362 2494; baseline -0.002 -10"><span class='ocrx_word' id='word_1_859' title='bbox 1360 2453 1416 2484; x_wconf 88' lang='lat' dir='ltr'>sed</span> <span class='ocrx_word' id='word_1_860' title='bbox 1438 2459 1475 2483; x_wconf 93' lang='lat' dir='ltr'>ut</span> <span class='ocrx_word' id='word_1_861' title='bbox 1497 2452 1630 2494; x_wconf 89' lang='lat' dir='ltr'>quidem</span> <span class='ocrx_word' id='word_1_862' title='bbox 1657 2451 1796 2482; x_wconf 87' lang='lat' dir='ltr'>calidum</span> <span class='ocrx_word' id='word_1_863' title='bbox 1818 2451 1986 2492; x_wconf 86' lang='lat' dir='ltr'>frigidum,</span> <span class='ocrx_word' id='word_1_864' title='bbox 2010 2458 2046 2482; x_wconf 93' lang='lat' dir='ltr'>ut</span> <span class='ocrx_word' id='word_1_865' title='bbox 2074 2458 2182 2483; x_wconf 88' lang='lat' dir='ltr'>autem</span> <span class='ocrx_word' id='word_1_866' title='bbox 2212 2452 2362 2492; x_wconf 88' lang='lat' dir='ltr'>frigidum</span> 
     </span>
     <span class='ocr_line' id='line_1_110' title="bbox 1361 2495 2362 2538; baseline -0.002 -10"><span class='ocrx_word' id='word_1_867' title='bbox 1361 2497 1518 2536; x_wconf 87' lang='lat' dir='ltr'>calidum,</span> <span class='ocrx_word' id='word_1_868' title='bbox 1542 2496 1618 2538; x_wconf 89' lang='lat' dir='ltr'>quia</span> <span class='ocrx_word' id='word_1_869' title='bbox 1640 2505 1723 2537; x_wconf 84' lang='lat' dir='ltr'>quae</span> <span class='ocrx_word' id='word_1_870' title='bbox 1745 2495 1917 2527; x_wconf 86' lang='lat' dir='ltr'>miscentur</span> <span class='ocrx_word' id='word_1_871' title='bbox 1940 2503 2150 2537; x_wconf 89' lang='lat' dir='ltr'>corrumpunt</span> <span class='ocrx_word' id='word_1_872' title='bbox 2171 2496 2362 2528; x_wconf 87' lang='lat' dir='ltr'>intentiones</span> 
     </span>
     <span class='ocr_line' id='line_1_111' title="bbox 1361 2540 2363 2582; baseline -0.001 -10"><span class='ocrx_word' id='word_1_873' title='bbox 1361 2541 1548 2580; x_wconf 86' lang='lat' dir='ltr'>adinvicem,</span> <span class='ocrx_word' id='word_1_874' title='bbox 1572 2547 1649 2572; x_wconf 90' lang='lat' dir='ltr'>tunc</span> <span class='ocrx_word' id='word_1_875' title='bbox 1666 2550 1770 2582; x_wconf 87' lang='lat' dir='ltr'>neque</span> <span class='ocrx_word' id='word_1_876' title='bbox 1785 2540 1915 2571; x_wconf 83' lang='lat' dir='ltr'>materia</span> <span class='ocrx_word' id='word_1_877' title='bbox 1934 2541 2001 2580; x_wconf 92' lang='lat' dir='ltr'>erit,</span> <span class='ocrx_word' id='word_1_878' title='bbox 2018 2551 2122 2582; x_wconf 85' lang='lat' dir='ltr'>neque</span> <span class='ocrx_word' id='word_1_879' title='bbox 2144 2541 2274 2572; x_wconf 90' lang='lat' dir='ltr'>illorum</span> <span class='ocrx_word' id='word_1_880' title='bbox 2290 2551 2363 2572; x_wconf 91' lang='lat' dir='ltr'>con-</span> 
     </span>
     <span class='ocr_line' id='line_1_112' title="bbox 1360 2585 2364 2626; baseline -0.001 -9"><span class='ocrx_word' id='word_1_881' title='bbox 1360 2586 1530 2618; x_wconf 85' lang='lat' dir='ltr'>trariorum</span> <span class='ocrx_word' id='word_1_882' title='bbox 1544 2586 1731 2616; x_wconf 88' lang='lat' dir='ltr'>alterutrum</span> <span class='ocrx_word' id='word_1_883' title='bbox 1754 2592 1826 2616; x_wconf 85' lang='lat' dir='ltr'>actu</span> <span class='ocrx_word' id='word_1_884' title='bbox 1850 2585 2042 2626; x_wconf 91' lang='lat' dir='ltr'>simpliciter,</span> <span class='ocrx_word' id='word_1_885' title='bbox 2063 2586 2118 2616; x_wconf 91' lang='lat' dir='ltr'>sed</span> <span class='ocrx_word' id='word_1_886' title='bbox 2141 2586 2294 2617; x_wconf 87' lang='lat' dir='ltr'>medium.</span> <span class='ocrx_word' id='word_1_887' title='bbox 2311 2585 2364 2616; x_wconf 92' lang='lat' dir='ltr'>Se-</span> 
     </span>
     <span class='ocr_line' id='line_1_113' title="bbox 1361 2630 2363 2671; baseline -0.001 -10"><span class='ocrx_word' id='word_1_888' title='bbox 1361 2631 1506 2662; x_wconf 89' lang='lat' dir='ltr'>cundum</span> <span class='ocrx_word' id='word_1_889' title='bbox 1527 2640 1604 2661; x_wconf 87' lang='lat' dir='ltr'>vero</span> <span class='ocrx_word' id='word_1_890' title='bbox 1627 2630 1716 2671; x_wconf 93' lang='lat' dir='ltr'>quod</span> <span class='ocrx_word' id='word_1_891' title='bbox 1739 2636 1786 2661; x_wconf 89' lang='lat' dir='ltr'>est</span> <span class='ocrx_word' id='word_1_892' title='bbox 1808 2630 1949 2671; x_wconf 87' lang='lat' dir='ltr'>potentia</span> <span class='ocrx_word' id='word_1_893' title='bbox 1972 2630 2072 2670; x_wconf 88' lang='lat' dir='ltr'>magis</span> <span class='ocrx_word' id='word_1_894' title='bbox 2103 2630 2242 2661; x_wconf 86' lang='lat' dir='ltr'>calidum</span> <span class='ocrx_word' id='word_1_895' title='bbox 2265 2639 2363 2671; x_wconf 86' lang='lat' dir='ltr'>quam</span> 
     </span>
     <span class='ocr_line' id='line_1_114' title="bbox 1361 2674 2363 2716; baseline -0.001 -10"><span class='ocrx_word' id='word_1_896' title='bbox 1361 2675 1523 2716; x_wconf 86' lang='lat' dir='ltr'>frigidum,</span> <span class='ocrx_word' id='word_1_897' title='bbox 1546 2675 1598 2705; x_wconf 87' lang='lat' dir='ltr'>vel</span> <span class='ocrx_word' id='word_1_898' title='bbox 1620 2674 1774 2706; x_wconf 88' lang='lat' dir='ltr'>contrarie</span> <span class='ocrx_word' id='word_1_899' title='bbox 1797 2675 1998 2705; x_wconf 85' lang='lat' dir='ltr'>alterutrum:</span> <span class='ocrx_word' id='word_1_900' title='bbox 2023 2675 2199 2706; x_wconf 85' lang='lat' dir='ltr'>secundum</span> <span class='ocrx_word' id='word_1_901' title='bbox 2222 2675 2303 2705; x_wconf 89' lang='lat' dir='ltr'>hanc</span> <span class='ocrx_word' id='word_1_902' title='bbox 2318 2684 2363 2704; x_wconf 88' lang='lat' dir='ltr'>ra-</span> 
     </span>
     <span class='ocr_line' id='line_1_115' title="bbox 1361 2719 2362 2760; baseline -0.002 -9"><span class='ocrx_word' id='word_1_903' title='bbox 1361 2721 1484 2751; x_wconf 83' lang='lat' dir='ltr'>tionem</span> <span class='ocrx_word' id='word_1_904' title='bbox 1517 2725 1549 2750; x_wconf 89' lang='lat' dir='ltr'>et</span> <span class='ocrx_word' id='word_1_905' title='bbox 1579 2719 1702 2750; x_wconf 82' lang='lat' dir='ltr'>ratione</span> <span class='ocrx_word' id='word_1_906' title='bbox 1718 2719 1897 2760; x_wconf 89' lang='lat' dir='ltr'>.dup1iciter</span> <span class='ocrx_word' id='word_1_907' title='bbox 1928 2719 2066 2750; x_wconf 87' lang='lat' dir='ltr'>calidum</span> <span class='ocrx_word' id='word_1_908' title='bbox 2096 2719 2238 2759; x_wconf 88' lang='lat' dir='ltr'>potentia</span> <span class='ocrx_word' id='word_1_909' title='bbox 2263 2729 2362 2760; x_wconf 88' lang='lat' dir='ltr'>quam</span> 
     </span>
     <span class='ocr_line' id='line_1_116' title="bbox 1360 2763 2362 2805; baseline -0.002 -10"><span class='ocrx_word' id='word_1_910' title='bbox 1360 2764 1523 2805; x_wconf 87' lang='lat' dir='ltr'>frigidum,</span> <span class='ocrx_word' id='word_1_911' title='bbox 1546 2764 1597 2794; x_wconf 85' lang='lat' dir='ltr'>vel</span> <span class='ocrx_word' id='word_1_912' title='bbox 1612 2763 1783 2804; x_wconf 75' lang='lat' dir='ltr'>tripliciter,</span> <span class='ocrx_word' id='word_1_913' title='bbox 1802 2763 1853 2794; x_wconf 85' lang='lat' dir='ltr'>vel</span> <span class='ocrx_word' id='word_1_914' title='bbox 1867 2763 2042 2794; x_wconf 88' lang='lat' dir='ltr'>secundum</span> <span class='ocrx_word' id='word_1_915' title='bbox 2065 2763 2164 2794; x_wconf 82' lang='lat' dir='ltr'>alium</span> <span class='ocrx_word' id='word_1_916' title='bbox 2183 2764 2278 2794; x_wconf 86' lang='lat' dir='ltr'>talem</span> <span class='ocrx_word' id='word_1_917' title='bbox 2292 2773 2362 2793; x_wconf 90' lang='lat' dir='ltr'>mo-</span> 
     </span>
     <span class='ocr_line' id='line_1_117' title="bbox 1361 2807 2362 2849; baseline -0.001 -10"><span class='ocrx_word' id='word_1_918' title='bbox 1361 2810 1450 2840; x_wconf 88' lang='lat' dir='ltr'>dum.</span> <span class='ocrx_word' id='word_1_919' title='bbox 1475 2809 1578 2839; x_wconf 90' lang='lat' dir='ltr'>Erunt</span> <span class='ocrx_word' id='word_1_920' title='bbox 1593 2808 1704 2849; x_wconf 90' lang='lat' dir='ltr'>utique</span> <span class='ocrx_word' id='word_1_921' title='bbox 1727 2807 1824 2839; x_wconf 85' lang='lat' dir='ltr'>mixta</span> <span class='ocrx_word' id='word_1_922' title='bbox 1847 2808 1906 2838; x_wconf 83' lang='lat' dir='ltr'>alia</span> <span class='ocrx_word' id='word_1_923' title='bbox 1923 2818 1959 2838; x_wconf 87' lang='lat' dir='ltr'>ex</span> <span class='ocrx_word' id='word_1_924' title='bbox 1979 2808 2141 2839; x_wconf 86' lang='lat' dir='ltr'>contrariis</span> <span class='ocrx_word' id='word_1_925' title='bbox 2165 2814 2220 2839; x_wconf 88' lang='lat' dir='ltr'>aut</span> <span class='ocrx_word' id='word_1_926' title='bbox 2243 2818 2279 2838; x_wconf 88' lang='lat' dir='ltr'>ex</span> <span class='ocrx_word' id='word_1_927' title='bbox 2301 2808 2362 2838; x_wconf 86' lang='lat' dir='ltr'>ele-</span> 
     </span>
     <span class='ocr_line' id='line_1_118' title="bbox 1362 2851 2360 2893; baseline -0.002 -9"><span class='ocrx_word' id='word_1_928' title='bbox 1362 2853 1488 2892; x_wconf 83' lang='lat' dir='ltr'>mentis,</span> <span class='ocrx_word' id='word_1_929' title='bbox 1504 2859 1535 2884; x_wconf 90' lang='lat' dir='ltr'>et</span> <span class='ocrx_word' id='word_1_930' title='bbox 1554 2852 1614 2883; x_wconf 85' lang='lat' dir='ltr'>alia</span> <span class='ocrx_word' id='word_1_931' title='bbox 1637 2852 1792 2883; x_wconf 85' lang='lat' dir='ltr'>elementa</span> <span class='ocrx_word' id='word_1_932' title='bbox 1815 2862 1852 2882; x_wconf 86' lang='lat' dir='ltr'>ex</span> <span class='ocrx_word' id='word_1_933' title='bbox 1874 2851 1935 2882; x_wconf 91' lang='lat' dir='ltr'>illis</span> <span class='ocrx_word' id='word_1_934' title='bbox 1958 2852 2101 2892; x_wconf 85' lang='lat' dir='ltr'>potentia</span> <span class='ocrx_word' id='word_1_935' title='bbox 2130 2852 2237 2893; x_wconf 90' lang='lat' dir='ltr'>aliquo</span> <span class='ocrx_word' id='word_1_936' title='bbox 2260 2852 2360 2882; x_wconf 92' lang='lat' dir='ltr'>modo</span> 
     </span>
     <span class='ocr_line' id='line_1_119' title="bbox 1361 2896 2362 2936; baseline -0.003 -7"><span class='ocrx_word' id='word_1_937' title='bbox 1361 2897 1582 2936; x_wconf 80' lang='lat' dir='ltr'>existentibus,</span> <span class='ocrx_word' id='word_1_938' title='bbox 1613 2907 1680 2927; x_wconf 90' lang='lat' dir='ltr'>non</span> <span class='ocrx_word' id='word_1_939' title='bbox 1702 2897 1746 2927; x_wconf 90' lang='lat' dir='ltr'>ita</span> <span class='ocrx_word' id='word_1_940' title='bbox 1767 2906 1843 2927; x_wconf 87' lang='lat' dir='ltr'>vero</span> <span class='ocrx_word' id='word_1_941' title='bbox 1872 2902 1908 2927; x_wconf 94' lang='lat' dir='ltr'>ut</span> <span class='ocrx_word' id='word_1_942' title='bbox 1930 2896 2076 2935; x_wconf 80' lang='lat' dir='ltr'>materia,</span> <span class='ocrx_word' id='word_1_943' title='bbox 2107 2897 2162 2926; x_wconf 91' lang='lat' dir='ltr'>sed</span> <span class='ocrx_word' id='word_1_944' title='bbox 2184 2897 2362 2927; x_wconf 88' lang='lat' dir='ltr'>secundum</span> 
     </span>
     <span class='ocr_line' id='line_1_120' title="bbox 1361 2940 2361 2984; baseline -0.002 -11"><span class='ocrx_word' id='word_1_945' title='bbox 1361 2942 1559 2984; x_wconf 88' lang='lat' dir='ltr'>praedictum</span> <span class='ocrx_word' id='word_1_946' title='bbox 1575 2941 1728 2972; x_wconf 90' lang='lat' dir='ltr'>modum:</span> <span class='ocrx_word' id='word_1_947' title='bbox 1753 2947 1784 2972; x_wconf 93' lang='lat' dir='ltr'>et</span> <span class='ocrx_word' id='word_1_948' title='bbox 1799 2940 1857 2971; x_wconf 90' lang='lat' dir='ltr'>erit</span> <span class='ocrx_word' id='word_1_949' title='bbox 1870 2940 1913 2971; x_wconf 87' lang='lat' dir='ltr'>ita</span> <span class='ocrx_word' id='word_1_950' title='bbox 1928 2940 2059 2982; x_wconf 90' lang='lat' dir='ltr'>quidem</span> <span class='ocrx_word' id='word_1_951' title='bbox 2078 2940 2200 2980; x_wconf 86' lang='lat' dir='ltr'>mixtio,</span> <span class='ocrx_word' id='word_1_952' title='bbox 2215 2940 2271 2971; x_wconf 90' lang='lat' dir='ltr'>illo</span> <span class='ocrx_word' id='word_1_953' title='bbox 2286 2950 2361 2971; x_wconf 85' lang='lat' dir='ltr'>vero</span> 
     </span>
     <span class='ocr_line' id='line_1_121' title="bbox 1362 2985 1923 3026; baseline -0.004 -9"><span class='ocrx_word' id='word_1_954' title='bbox 1362 2987 1462 3017; x_wconf 90' lang='lat' dir='ltr'>modo</span> <span class='ocrx_word' id='word_1_955' title='bbox 1485 2986 1615 3017; x_wconf 84' lang='lat' dir='ltr'>materia</span> <span class='ocrx_word' id='word_1_956' title='bbox 1637 2985 1727 3026; x_wconf 92' lang='lat' dir='ltr'>quod</span> <span class='ocrx_word' id='word_1_957' title='bbox 1748 2991 1923 3025; x_wconf 89' lang='lat' dir='ltr'>generatur.</span> 
     </span>
    </p>

    <p class='ocr_par' dir='ltr' id='par_1_40' title="bbox 1296 3028 2363 3504">
     <span class='ocr_line' id='line_1_122' title="bbox 1296 3028 2361 3071; baseline -0.003 -9"><span class='ocrx_word' id='word_1_958' title='bbox 1296 3031 1461 3071; x_wconf 87' lang='lat' dir='ltr'>Quoniam</span> <span class='ocrx_word' id='word_1_959' title='bbox 1484 3037 1591 3061; x_wconf 88' lang='lat' dir='ltr'>autem</span> <span class='ocrx_word' id='word_1_960' title='bbox 1614 3029 1778 3070; x_wconf 89' lang='lat' dir='ltr'>patiuntur</span> <span class='ocrx_word' id='word_1_961' title='bbox 1806 3029 1960 3059; x_wconf 87' lang='lat' dir='ltr'>contraria</span> <span class='ocrx_word' id='word_1_962' title='bbox 1989 3029 2166 3060; x_wconf 88' lang='lat' dir='ltr'>secundum</span> <span class='ocrx_word' id='word_1_963' title='bbox 2195 3029 2228 3060; x_wconf 93' lang='lat' dir='ltr'>in</span> <span class='ocrx_word' id='word_1_964' title='bbox 2251 3028 2361 3070; x_wconf 89' lang='lat' dir='ltr'>primis</span> 
     </span>
     <span class='ocr_line' id='line_1_123' title="bbox 1359 3069 2362 3114; baseline -0.002 -8"><span class='ocrx_word' id='word_1_965' title='bbox 1359 3074 1672 3106; x_wconf 81' lang='lat' dir='ltr'>determinationem:</span> <span class='ocrx_word' id='word_1_966' title='bbox 1701 3079 1748 3104; x_wconf 87' lang='lat' dir='ltr'>est</span> <span class='ocrx_word' id='word_1_967' title='bbox 1770 3073 1856 3103; x_wconf 90' lang='lat' dir='ltr'>enim</span> <span class='ocrx_word' id='word_1_968' title='bbox 1883 3080 1954 3104; x_wconf 90' lang='lat' dir='ltr'>actu</span> <span class='ocrx_word' id='word_1_969' title='bbox 1978 3069 2116 3104; x_wconf 79' lang='lat' dir='ltr'>calidum</span> <span class='ocrx_word' id='word_1_970' title='bbox 2146 3073 2287 3114; x_wconf 88' lang='lat' dir='ltr'>potentia</span> <span class='ocrx_word' id='word_1_971' title='bbox 2310 3073 2362 3103; x_wconf 86' lang='lat' dir='ltr'>fri-</span> 
     </span>
     <span class='ocr_line' id='line_1_124' title="bbox 1361 3117 2360 3161; baseline -0.002 -11"><span class='ocrx_word' id='word_1_972' title='bbox 1361 3120 1484 3161; x_wconf 87' lang='lat' dir='ltr'>gidum,</span> <span class='ocrx_word' id='word_1_973' title='bbox 1509 3125 1540 3149; x_wconf 91' lang='lat' dir='ltr'>et</span> <span class='ocrx_word' id='word_1_974' title='bbox 1562 3125 1633 3149; x_wconf 90' lang='lat' dir='ltr'>actu</span> <span class='ocrx_word' id='word_1_975' title='bbox 1657 3117 1807 3158; x_wconf 88' lang='lat' dir='ltr'>frigidum</span> <span class='ocrx_word' id='word_1_976' title='bbox 1830 3117 1973 3157; x_wconf 90' lang='lat' dir='ltr'>potentia</span> <span class='ocrx_word' id='word_1_977' title='bbox 1989 3117 2138 3157; x_wconf 86' lang='lat' dir='ltr'>calidum,</span> <span class='ocrx_word' id='word_1_978' title='bbox 2155 3124 2360 3159; x_wconf 87' lang='lat' dir='ltr'>quapropter,</span> 
     </span>
     <span class='ocr_line' id='line_1_125' title="bbox 1362 3161 2362 3203; baseline -0.002 -8"><span class='ocrx_word' id='word_1_979' title='bbox 1362 3164 1388 3195; x_wconf 89' lang='lat' dir='ltr'>si</span> <span class='ocrx_word' id='word_1_980' title='bbox 1412 3174 1478 3194; x_wconf 91' lang='lat' dir='ltr'>non</span> <span class='ocrx_word' id='word_1_981' title='bbox 1498 3168 1724 3203; x_wconf 83' lang='lat' dir='ltr'>coaequantur,</span> <span class='ocrx_word' id='word_1_982' title='bbox 1741 3168 1990 3192; x_wconf 87' lang='lat' dir='ltr'>transmutantur</span> <span class='ocrx_word' id='word_1_983' title='bbox 2003 3161 2036 3192; x_wconf 90' lang='lat' dir='ltr'>in</span> <span class='ocrx_word' id='word_1_984' title='bbox 2052 3162 2197 3193; x_wconf 89' lang='lat' dir='ltr'>invicem.</span> <span class='ocrx_word' id='word_1_985' title='bbox 2213 3162 2362 3193; x_wconf 90' lang='lat' dir='ltr'>Similiter</span> 
     </span>
     <span class='ocr_line' id='line_1_126' title="bbox 1362 3205 2362 3246; baseline -0.002 -7"><span class='ocrx_word' id='word_1_986' title='bbox 1362 3215 1470 3239; x_wconf 87' lang='lat' dir='ltr'>autem</span> <span class='ocrx_word' id='word_1_987' title='bbox 1489 3213 1519 3237; x_wconf 91' lang='lat' dir='ltr'>et</span> <span class='ocrx_word' id='word_1_988' title='bbox 1534 3207 1567 3237; x_wconf 92' lang='lat' dir='ltr'>in</span> <span class='ocrx_word' id='word_1_989' title='bbox 1583 3206 1650 3237; x_wconf 88' lang='lat' dir='ltr'>aliis</span> <span class='ocrx_word' id='word_1_990' title='bbox 1665 3205 1845 3244; x_wconf 83' lang='lat' dir='ltr'>contrariis3</span> <span class='ocrx_word' id='word_1_991' title='bbox 1869 3212 1900 3236; x_wconf 93' lang='lat' dir='ltr'>et</span> <span class='ocrx_word' id='word_1_992' title='bbox 1914 3206 2019 3246; x_wconf 88' lang='lat' dir='ltr'>primo</span> <span class='ocrx_word' id='word_1_993' title='bbox 2034 3206 2076 3236; x_wconf 88' lang='lat' dir='ltr'>ita</span> <span class='ocrx_word' id='word_1_994' title='bbox 2092 3206 2248 3237; x_wconf 85' lang='lat' dir='ltr'>elementa</span> <span class='ocrx_word' id='word_1_995' title='bbox 2262 3213 2362 3238; x_wconf 88' lang='lat' dir='ltr'>trans-</span> 
     </span>
     <span class='ocr_line' id='line_1_127' title="bbox 1363 3250 2361 3292; baseline -0.001 -9"><span class='ocrx_word' id='word_1_996' title='bbox 1363 3258 1542 3290; x_wconf 91' lang='lat' dir='ltr'>mutantur,</span> <span class='ocrx_word' id='word_1_997' title='bbox 1566 3261 1603 3281; x_wconf 88' lang='lat' dir='ltr'>ex</span> <span class='ocrx_word' id='word_1_998' title='bbox 1626 3250 1675 3280; x_wconf 91' lang='lat' dir='ltr'>his</span> <span class='ocrx_word' id='word_1_999' title='bbox 1698 3255 1805 3280; x_wconf 87' lang='lat' dir='ltr'>autem</span> <span class='ocrx_word' id='word_1_1000' title='bbox 1833 3260 1940 3280; x_wconf 85' lang='lat' dir='ltr'>carnes</span> <span class='ocrx_word' id='word_1_1001' title='bbox 1964 3256 1995 3281; x_wconf 90' lang='lat' dir='ltr'>et</span> <span class='ocrx_word' id='word_1_1002' title='bbox 2016 3260 2088 3281; x_wconf 87' lang='lat' dir='ltr'>ossa</span> <span class='ocrx_word' id='word_1_1003' title='bbox 2111 3257 2143 3282; x_wconf 91' lang='lat' dir='ltr'>et</span> <span class='ocrx_word' id='word_1_1004' title='bbox 2165 3261 2247 3292; x_wconf 88' lang='lat' dir='ltr'>quae</span> <span class='ocrx_word' id='word_1_1005' title='bbox 2269 3251 2361 3290; x_wconf 87' lang='lat' dir='ltr'>talia,</span> 
     </span>
     <span class='ocr_line' id='line_1_128' title="bbox 1363 3293 2361 3336; baseline -0.001 -9"><span class='ocrx_word' id='word_1_1006' title='bbox 1363 3297 1465 3327; x_wconf 85' lang='lat' dir='ltr'>calido</span> <span class='ocrx_word' id='word_1_1007' title='bbox 1489 3295 1619 3336; x_wconf 88' lang='lat' dir='ltr'>quidem</span> <span class='ocrx_word' id='word_1_1008' title='bbox 1642 3301 1790 3334; x_wconf 88' lang='lat' dir='ltr'>generato</span> <span class='ocrx_word' id='word_1_1009' title='bbox 1814 3293 1946 3334; x_wconf 80' lang='lat' dir='ltr'>frigido,</span> <span class='ocrx_word' id='word_1_1010' title='bbox 1969 3294 2083 3334; x_wconf 88' lang='lat' dir='ltr'>frigido</span> <span class='ocrx_word' id='word_1_1011' title='bbox 2107 3301 2214 3326; x_wconf 88' lang='lat' dir='ltr'>autem</span> <span class='ocrx_word' id='word_1_1012' title='bbox 2238 3295 2361 3334; x_wconf 87' lang='lat' dir='ltr'>calido,</span> 
     </span>
     <span class='ocr_line' id='line_1_129' title="bbox 1363 3338 2362 3381; baseline 0 -11"><span class='ocrx_word' id='word_1_1013' title='bbox 1363 3340 1493 3381; x_wconf 87' lang='lat' dir='ltr'>quando</span> <span class='ocrx_word' id='word_1_1014' title='bbox 1517 3340 1557 3369; x_wconf 87' lang='lat' dir='ltr'>ad</span> <span class='ocrx_word' id='word_1_1015' title='bbox 1580 3339 1724 3369; x_wconf 90' lang='lat' dir='ltr'>medium</span> <span class='ocrx_word' id='word_1_1016' title='bbox 1753 3338 1897 3369; x_wconf 87' lang='lat' dir='ltr'>veniunt:</span> <span class='ocrx_word' id='word_1_1017' title='bbox 1922 3338 1973 3369; x_wconf 91' lang='lat' dir='ltr'>hic</span> <span class='ocrx_word' id='word_1_1018' title='bbox 1997 3338 2083 3369; x_wconf 85' lang='lat' dir='ltr'>enim</span> <span class='ocrx_word' id='word_1_1019' title='bbox 2105 3346 2273 3379; x_wconf 86' lang='lat' dir='ltr'>neutrum,</span> <span class='ocrx_word' id='word_1_1020' title='bbox 2297 3350 2362 3370; x_wconf 90' lang='lat' dir='ltr'>me-</span> 
     </span>
     <span class='ocr_line' id='line_1_130' title="bbox 1363 3382 2363 3415; baseline 0 0"><span class='ocrx_word' id='word_1_1021' title='bbox 1363 3385 1453 3415; x_wconf 88' lang='lat' dir='ltr'>dium</span> <span class='ocrx_word' id='word_1_1022' title='bbox 1469 3390 1576 3414; x_wconf 88' lang='lat' dir='ltr'>autern</span> <span class='ocrx_word' id='word_1_1023' title='bbox 1592 3383 1732 3414; x_wconf 89' lang='lat' dir='ltr'>multum</span> <span class='ocrx_word' id='word_1_1024' title='bbox 1750 3389 1780 3413; x_wconf 87' lang='lat' dir='ltr'>et</span> <span class='ocrx_word' id='word_1_1025' title='bbox 1795 3393 1861 3413; x_wconf 92' lang='lat' dir='ltr'>non</span> <span class='ocrx_word' id='word_1_1026' title='bbox 1879 3382 2078 3414; x_wconf 89' lang='lat' dir='ltr'>indivisibile.</span> <span class='ocrx_word' id='word_1_1027' title='bbox 2091 3383 2240 3414; x_wconf 89' lang='lat' dir='ltr'>Similiter</span> <span class='ocrx_word' id='word_1_1028' title='bbox 2255 3391 2363 3415; x_wconf 87' lang='lat' dir='ltr'>autem</span> 
     </span>
     <span class='ocr_line' id='line_1_131' title="bbox 1363 3427 2363 3460; baseline 0.001 -1"><span class='ocrx_word' id='word_1_1029' title='bbox 1363 3436 1394 3459; x_wconf 91' lang='lat' dir='ltr'>et</span> <span class='ocrx_word' id='word_1_1030' title='bbox 1409 3429 1528 3459; x_wconf 87' lang='lat' dir='ltr'>siccum</span> <span class='ocrx_word' id='word_1_1031' title='bbox 1552 3434 1582 3458; x_wconf 93' lang='lat' dir='ltr'>et</span> <span class='ocrx_word' id='word_1_1032' title='bbox 1600 3427 1771 3458; x_wconf 90' lang='lat' dir='ltr'>humidum</span> <span class='ocrx_word' id='word_1_1033' title='bbox 1795 3434 1825 3458; x_wconf 92' lang='lat' dir='ltr'>et</span> <span class='ocrx_word' id='word_1_1034' title='bbox 1848 3427 1908 3457; x_wconf 89' lang='lat' dir='ltr'>alia</span> <span class='ocrx_word' id='word_1_1035' title='bbox 1923 3427 1997 3457; x_wconf 90' lang='lat' dir='ltr'>talia</span> <span class='ocrx_word' id='word_1_1036' title='bbox 2019 3428 2196 3459; x_wconf 89' lang='lat' dir='ltr'>secundum</span> <span class='ocrx_word' id='word_1_1037' title='bbox 2216 3429 2363 3460; x_wconf 89' lang='lat' dir='ltr'>medieta-</span> 
     </span>
     <span class='ocr_line' id='line_1_132' title="bbox 1363 3471 1981 3504; baseline -0.005 0"><span class='ocrx_word' id='word_1_1038' title='bbox 1363 3480 1428 3504; x_wconf 87' lang='lat' dir='ltr'>tem</span> <span class='ocrx_word' id='word_1_1039' title='bbox 1452 3472 1572 3503; x_wconf 84' lang='lat' dir='ltr'>faciunt</span> <span class='ocrx_word' id='word_1_1040' title='bbox 1595 3481 1721 3502; x_wconf 85' lang='lat' dir='ltr'>carnem</span> <span class='ocrx_word' id='word_1_1041' title='bbox 1745 3478 1775 3502; x_wconf 90' lang='lat' dir='ltr'>et</span> <span class='ocrx_word' id='word_1_1042' title='bbox 1798 3482 1834 3502; x_wconf 92' lang='lat' dir='ltr'>os</span> <span class='ocrx_word' id='word_1_1043' title='bbox 1858 3478 1889 3502; x_wconf 92' lang='lat' dir='ltr'>et</span> <span class='ocrx_word' id='word_1_1044' title='bbox 1911 3471 1981 3502; x_wconf 86' lang='lat' dir='ltr'>alia.</span> 
     </span>
    </p>
   </div>
   <div class='ocr_carea' id='block_1_15' title="bbox 1295 3559 2363 3646">
    <p class='ocr_par' dir='ltr' id='par_1_41' title="bbox 1295 3559 2363 3646">
     <span class='ocr_line' id='line_1_133' title="bbox 1295 3559 2363 3601; baseline -0.001 -9"><span class='ocrx_word' id='word_1_1045' title='bbox 1295 3561 1313 3581; x_wconf 89' lang='lat'><em>*</em></span> <span class='ocrx_word' id='word_1_1046' title='bbox 1329 3560 1448 3593; x_wconf 88' lang='lat' dir='ltr'>Omnia</span> <span class='ocrx_word' id='word_1_1047' title='bbox 1471 3566 1579 3591; x_wconf 88' lang='lat' dir='ltr'>autem</span> <span class='ocrx_word' id='word_1_1048' title='bbox 1601 3559 1699 3590; x_wconf 86' lang='lat' dir='ltr'>mixta</span> <span class='ocrx_word' id='word_1_1049' title='bbox 1726 3569 1877 3600; x_wconf 89' lang='lat' dir='ltr'>corpora,</span> <span class='ocrx_word' id='word_1_1050' title='bbox 1901 3569 2123 3601; x_wconf 87' lang='lat' dir='ltr'>quaecumque</span> <span class='ocrx_word' id='word_1_1051' title='bbox 2151 3560 2232 3592; x_wconf 82' lang='lat' dir='ltr'>circa</span> <span class='ocrx_word' id='word_1_1052' title='bbox 2253 3560 2363 3591; x_wconf 88' lang='lat' dir='ltr'>locum</span> 
     </span>
     <span class='ocr_line' id='line_1_134' title="bbox 1364 3604 2362 3646; baseline -0.001 -10"><span class='ocrx_word' id='word_1_1053' title='bbox 1364 3605 1460 3636; x_wconf 89' lang='lat' dir='ltr'>medii</span> <span class='ocrx_word' id='word_1_1054' title='bbox 1491 3611 1583 3644; x_wconf 92' lang='lat' dir='ltr'>sunt,</span> <span class='ocrx_word' id='word_1_1055' title='bbox 1612 3614 1649 3635; x_wconf 85' lang='lat' dir='ltr'>ex</span> <span class='ocrx_word' id='word_1_1056' title='bbox 1672 3604 1823 3635; x_wconf 89' lang='lat' dir='ltr'>omnibus</span> <span class='ocrx_word' id='word_1_1057' title='bbox 1853 3604 2032 3644; x_wconf 89' lang='lat' dir='ltr'>composita</span> <span class='ocrx_word' id='word_1_1058' title='bbox 2061 3611 2135 3636; x_wconf 89' lang='lat' dir='ltr'>sunt</span> <span class='ocrx_word' id='word_1_1059' title='bbox 2157 3605 2362 3646; x_wconf 86' lang='lat' dir='ltr'>simplicibus.</span> 
     </span>
    </p>
   </div>
   <div class='ocr_carea' id='block_1_16' title="bbox 2387 2009 2534 2038">
    <p class='ocr_par' dir='ltr' id='par_1_42' title="bbox 2387 2009 2534 2038">
     <span class='ocr_line' id='line_1_135' title="bbox 2387 2009 2534 2038; baseline 0 -7"><span class='ocrx_word' id='word_1_1060' title='bbox 2387 2011 2396 2019; x_wconf 80' lang='lat'><strong>¹</strong></span> <span class='ocrx_word' id='word_1_1061' title='bbox 2413 2009 2480 2031; x_wconf 76' lang='lat' dir='ltr'>Text.</span> <span class='ocrx_word' id='word_1_1062' title='bbox 2495 2010 2534 2038; x_wconf 83' lang='lat'>48.</span> 
     </span>
    </p>
   </div>
   <div class='ocr_carea' id='block_1_17' title="bbox 2390 3564 2599 3592">
    <p class='ocr_par' dir='ltr' id='par_1_43' title="bbox 2390 3564 2599 3592">
     <span class='ocr_line' id='line_1_136' title="bbox 2390 3564 2599 3592; baseline -0.005 -5"><span class='ocrx_word' id='word_1_1063' title='bbox 2390 3565 2399 3574; x_wconf 83' lang='grc'><em>·</em></span> <span class='ocrx_word' id='word_1_1064' title='bbox 2409 3565 2465 3592; x_wconf 81' lang='lat' dir='ltr'>cap.</span> <span class='ocrx_word' id='word_1_1065' title='bbox 2474 3570 2523 3586; x_wconf 86' lang='lat' dir='ltr'>vm.</span> <span class='ocrx_word' id='word_1_1066' title='bbox 2531 3564 2599 3586; x_wconf 85' lang='lat' dir='ltr'>Text.</span> 
     </span>
    </p>
   </div>
   <div class='ocr_carea' id='block_1_18' title="bbox 2389 3597 2428 3619">
    <p class='ocr_par' dir='ltr' id='par_1_44' title="bbox 2389 3597 2428 3619">
     <span class='ocr_line' id='line_1_137' title="bbox 2389 3597 2428 3619; baseline 0.026 -1"><span class='ocrx_word' id='word_1_1067' title='bbox 2389 3597 2428 3619; x_wconf 75' lang='grc'>49-</span> 
     </span>
    </p>
   </div>
  </div>
 </body>
</html>
