2554 4062
188 273 247 298 xvi

196 344 291 385 Lib.
313 344 362 393 II,
400 344 491 384 lect.
514 353 614 388 xv11,
667 341 715 380 3:
748 338 828 379 sed
855 335 1107 378 intermedia
1147 335 1373 375 moventur
1394 330 1616 386 pluribus,
1654 327 1815 368 scilicet
1844 325 2029 379 quinque
2053 322 2271 390 plonetae,
2296 321 2375 376 qui

745 398 975 440 secundum
1005 397 1261 451 positionem
1292 393 1474 434 Eudoxi
1502 393 1729 432 moventur
1758 391 1946 443 quatuor
1975 386 2159 427 motibus
2191 385 2255 433 A,

746 461 827 502 sed
858 462 902 501 in
950 460 1020 500 his
1055 458 1197 499 media
1240 459 1381 497 movet
1410 454 1622 509 planetis,
1667 452 1828 493 scilicet
1863 448 2118 504 quandoque
2161 446 2372 502 planetae

744 523 840 577 quis
864 521 1119 576 positionem
1151 518 1366 560 Eudoxus
1396 529 1497 557 vero
1530 515 1636 556 dicit
1663 517 1854 568 quatuor
1883 512 2066 554 motibus
2099 511 2147 551 F.

316 591 383 631 Ex
414 589 478 630 his
512 594 553 628 et
584 585 793 627 sexcentis
826 583 931 624 locis
973 581 1223 623 relationem
1267 580 1376 620 inter
1408 579 1451 619 A
1485 584 1527 619 et
1570 578 1606 618 F
1641 577 1895 618 existentem
1935 572 2243 630 dignoscimus.
2279 571 2372 613 Sed

193 659 239 693 ut
271 652 408 692 adhuc
441 649 577 704 magis
611 647 831 688 manifesta
864 638 947 693 fiat,
971 643 1197 684 videamus
1231 657 1285 683 an
1319 641 1512 682 recensio
1548 653 1679 694 quam
1713 640 1755 680 A
1790 638 1974 686 exhibet,
1998 634 2283 677 adscribenda
2315 633 2372 674 sit

194 714 335 755 critico
371 710 618 753 correctoris
651 707 797 749 labori.
826 707 883 747 Et
916 712 1031 747 certo
1065 705 1109 746 id
1143 705 1258 746 nulla
1290 704 1386 745 crisi
1421 703 1528 744 effici
1561 702 1712 757 potuit,
1747 707 1794 742 ut
1832 700 1927 741 talis
1961 698 2209 746 diversitas,
2255 695 2370 751 quali

193 773 374 816 familiae
407 773 731 827 distinguuntur,
755 769 863 810 inter
895 769 935 809 F
955 773 998 809 et
1030 769 1072 809 A
1105 766 1396 808 intercederet.
1419 766 1533 806 Nam
1567 770 1614 805 ut
1638 763 1821 812 adesset,
1846 776 1935 804 non
1969 762 2111 803 solum
2145 773 2257 815 opus
2281 764 2372 800 erat

195 841 412 890 corruptas
434 834 635 876 lectiones
658 831 839 872 familiae
872 831 909 871 F
942 830 1166 885 corrigere,
1201 828 1279 870 sed
1313 828 1452 869 bonas
1487 827 1614 868 etiam
1643 826 1733 881 pari
1766 825 2048 880 proportione
2082 834 2370 876 corrumpere.

195 898 283 939 Sed
321 897 421 951 quia
453 896 532 937 dici
565 899 743 949 possent
783 893 936 934 stultae
978 892 1182 932 lectiones
1217 892 1259 932 A
1292 890 1490 944 imperito
1524 889 1690 930 scribae
1725 888 1872 929 deberi
1907 886 2124 941 (quamvis
2158 897 2372 940 negamus

194 961 275 1000 hoc
313 959 402 999 fieri
445 957 655 1012 potuisse:
691 968 790 996 nam
823 954 1048 1009 quomodo
1087 954 1191 994 solis
1234 951 1572 993 correctionibus
1611 950 1874 1006 pepercisset
1915 949 2076 997 scriba,
2112 948 2186 1002 qui
2223 946 2371 988 omnia

194 1021 274 1062 alia
296 1020 485 1061 mutilare
508 1032 640 1073 capax
674 1023 738 1058 est
760 1022 802 1057 et
822 1016 1049 1071 pronus?)‚
1083 1015 1476 1056 animadvertamus
1510 1013 1763 1054 methodum
1787 1025 1918 1067 quarn
1948 1011 2082 1052 secuti
2106 1016 2372 1052 correctores

194 1082 348 1124 menda
381 1081 591 1136 corrigere
624 1079 832 1120 solebant.
872 1079 969 1118 Huc
1002 1083 1145 1118 autem
1179 1082 1342 1131 spectat
1379 1075 1508 1124 ratio,
1543 1088 1630 1129 qua
1662 1075 1818 1116 ductos
1851 1088 1933 1115 nos
1967 1074 2124 1115 multas
2157 1070 2372 1114 secundas

194 1158 344 1185 manus
377 1142 572 1184 codicum
594 1141 636 1182 in
670 1146 874 1195 apparatu
906 1139 1161 1181 variantium
1185 1139 1417 1180 lectionum
1451 1137 1671 1178 notavisse
1706 1136 1893 1177 diximus
1916 1136 2016 1178 Vol.
2041 1137 2091 1184 ΙΙ,
2115 1134 2251 1176 Praef.
2276 1147 2370 1175 xlx:

199 1223 214 1242 ‹
245 1206 387 1246 intime
420 1204 545 1245 etiam
579 1203 761 1244 convicti
795 1215 944 1244 sumus
978 1215 1076 1243 eum
1110 1202 1183 1256 qui
1216 1201 1428 1242 secundas
1462 1212 1614 1241 manus
1649 1199 1691 1239 in
1724 1198 1948 1239 codicibus
1983 1197 2233 1253 neglexerit,
2267 1196 2372 1238 soli-

194 1268 294 1308 dum
328 1273 369 1308 et
398 1266 676 1307 scientificum
709 1265 819 1306 circa
851 1270 1043 1305 recentes
1076 1264 1248 1305 codices
1283 1262 1486 1304 iudicium
1518 1262 1703 1303 formare
1738 1274 1839 1309 non
1858 1260 2015 1301 valere.
2040 1277 2056 1296 ›
2085 1260 2134 1300 In
2167 1257 2372 1300 secundis

192 1335 333 1370 autern
365 1328 560 1369 manibus
599 1328 704 1368 haec
737 1326 958 1368 observari
990 1326 1106 1367 licet:
1141 1326 1197 1366 ad
1230 1331 1395 1381 partem
1430 1338 1622 1366 errorum
1662 1324 1796 1365 multo
1832 1323 2044 1364 minorem
2076 1321 2214 1378 vulgo
2247 1320 2372 1363 adhi-

192 1392 361 1440 bentur;
396 1403 420 1431 e
442 1395 587 1431 contra
609 1403 696 1430 non
729 1402 824 1430 raro
847 1388 1062 1444 corrigere
1083 1387 1368 1443 praetendunt
1389 1387 1510 1442 quod
1532 1387 1647 1428 nulla
1669 1385 1951 1442 castigatione
1975 1384 2159 1440 indiget;
2194 1383 2372 1425 inadae-

192 1458 344 1507 quatae
377 1452 545 1507 saepius
577 1457 686 1500 sunt,
721 1457 763 1492 et
794 1464 970 1492 sensum
1002 1456 1198 1491 truncum
1231 1450 1487 1505 relinquunt.
1524 1449 1760 1491 Rarissime
1794 1448 1922 1490 etiam
1955 1447 2110 1489 accidit
2141 1452 2188 1488 ut
2221 1459 2276 1488 ex
2308 1445 2372 1488 eis

191 1514 398 1570 assignari
437 1514 574 1569 possit
604 1513 711 1554 ratio
758 1513 912 1554 erroris
958 1513 1160 1562 correcti;
1204 1513 1282 1554 sed
1321 1513 1417 1561 ubi,
1461 1512 1759 1553 homoteleuto
1807 1510 1996 1559 omisso,
2031 1523 2186 1552 sensus
2226 1508 2371 1564 periit,

191 1577 391 1631 particula
423 1576 591 1618 additur
622 1576 692 1616 vel
724 1575 888 1630 aliquot
919 1575 1054 1616 verba
1086 1581 1401 1631 expunguntur,
1427 1573 1688 1630 compendio
1713 1579 1915 1628 corrupto
1939 1573 2009 1614 vel
2042 1572 2180 1614 verbo
2204 1571 2372 1614 omisso

191 1639 354 1694 phrasis
385 1638 663 1687 substituitur,
687 1643 729 1679 et
760 1637 804 1678 id
836 1651 976 1693 genus
1009 1638 1142 1679 multa
1173 1637 1421 1694 excogitant
1453 1642 1730 1686 correctores,
1755 1636 1860 1691 quin
1893 1642 2039 1677 tamen
2068 1634 2302 1677 ostendant
2322 1645 2372 1676 se

192 1701 342 1743 erroris
376 1700 563 1742 indolem
596 1700 875 1755 perspexisse.
911 1700 1004 1741 Nec
1037 1700 1140 1741 solis
1174 1699 1379 1755 imperitis
1402 1699 1717 1741 correctoribus
1748 1699 1834 1740 'hoc
1866 1698 2061 1740 accidere
2095 1697 2235 1739 dicas:
2270 1703 2372 1739 nam

191 1776 276 1817 qua
307 1763 469 1804 ratione
502 1762 619 1803 er'ror
649 1762 703 1803 sit
736 1768 854 1803 ortus
887 1762 1071 1811 nescire,
1107 1767 1270 1811 utrum,
1306 1775 1341 1804 e.
1378 1776 1439 1818 g.,
1475 1762 1772 1803 homoteleuto
1807 1761 1973 1803 omisso
2006 1774 2062 1802 an
2094 1760 2233 1802 verbo
2274 1772 2372 1802 cor·

191 1830 313 1879 rupto
335 1825 405 1866 vel
427 1825 509 1866 alio
533 1824 679 1873 modo,
698 1837 785 1865 non
809 1830 874 1865 est
898 1824 1103 1879 indicium.
1121 1824 1407 1881 ignorantiae;
1431 1824 1566 1865 immo
1589 1823 1872 1865 solertissimo
1896 1823 2052 1878 cuique
2074 1836 2190 1879 aqua
2211 1822 2371 1872 haeret,

191 1887 225 1928 si
248 1887 329 1928 hoc
361 1887 452 1928 sine
485 1886 633 1928 codice
667 1900 720 1928 ex
751 1886 923 1942 propria
954 1887 1189 1943 sagacitate
1212 1887 1494 1929 determinare
1517 1886 1632 1928 velit.
1668 1886 1982 1941 Unusquisque
2004 1884 2134 1927 etiam
2161 1884 2375 1928 concedet

192 1962 320 2004 quam
338 1948 508 1990 ¹difficile
530 1949 584 1990 sit
607 1949 832 1990 correctori
856 1949 1071 1991 mirabiles
1093 1949 1184 1991 illas
1207 1950 1370 2006 fingere
1394 1949 1532 1999 dotes,
1557 1961 1668 2004 quae
1697 1948 1841 1991 stilum
1873 1962 1907 1990 s.
1925 1948 2126 1990 Thomae
2148 1948 2372 1997 illustrant,

191 2011 389 2052 subtilem
422 2011 547 2052 etiarn
580 2011 799 2066 analysim,
823 2011 1070 2067 rigorosum
1101 2012 1227 2054 simul
1261 2018 1304 2054 et
1334 2011 1500 2054 facilem
1533 2011 1919 2068 argumentationis
1952 2024 2219 2067 processum,
2249 2023 2371 2053 com-

191 2073 493 2114 mentationem
526 2074 657 2115 textui
690 2074 966 2115 Aristotelico
999 2074 1160 2116 fortiter
1192 2075 1506 2123 adhaerentem,
1531 2075 1609 2115 sed
1642 2074 1793 2115 leniter
1825 2074 1954 2116 etiarn
1989 2079 2031 2115 et
2053 2073 2185 2115 fluide
2217 2072 2371 2115 decur-

191 2141 362 2184 rentem,
386 2135 507 2190 quasi
531 2149 618 2177 non
640 2135 810 2177 alterius
844 2149 977 2191 opera
1010 2143 1328 2187 commentaret,
1357 2136 1436 2179 sed
1469 2150 1548 2178 sua
1579 2136 1634 2178 ab
1665 2137 1832 2193 origine
1866 2142 2159 2192 componeret.
2190 2135 2370 2186 Ultimo,

192 2197 474 2238 correctiones
507 2198 624 2239 omni
658 2211 710 2239 ex
742 2204 861 2254 parte
894 2198 1059 2248 bonae,
1093 2211 1227 2254 quae,
1261 2206 1308 2241 ut
1341 2199 1445 2248 dixi,
1479 2212 1652 2254 semper
1683 2199 1911 2255 pauciores
1948 2204 2060 2249 sunt,
2095 2198 2376 2241 inveniuntur

191 2259 325 2313 prima
357 2273 485 2301 manu
517 2260 697 2315 scriptae
730 2260 773 2301 in
806 2261 897 2302 aliis
931 2261 1152 2303 codicibus
1186 2261 1380 2303 eiusdem
1412 2261 1595 2303 familiae
1627 2261 1699 2303 vel
1732 2262 1917 2303 alterius.
1952 2262 2016 2303 Ita
2048 2261 2192 2318 egisse
2226 2273 2377 2304 corre-v

192 2326 351 2370 ctores,
386 2321 680 2364 demonstrant
718 2323 933 2365 secundae
966 2337 1118 2365 manus
1162 2337 1274 2379 quae
1307 2324 1545 2366 indubitate
1579 2330 1621 2366 et
1653 2324 1758 2379 ipsis
1797 2324 1933 2366 oculis
1972 2337 2050 2380 per
2083 2330 2375 2366 correctorem-

191 2383 408 2437 appositae
443 2398 537 2426 esse
570 2391 725 2440 patent.
760 2385 850 2427 Sed
882 2386 940 2426 ita
972 2399 1059 2428 non
1093 2392 1235 2427 actum
1269 2386 1453 2428 esserde
1487 2387 1550 2436 A,
1586 2386 1703 2427 nullo
1738 2387 1916 2443 negotio
1961 2386 2171 2443 cognosci
2212 2392 2371 2442 potest.

190 2445 302 2485 Nam
331 2446 373 2486 A
396 2459 546 2487 omnes
578 2447 664 2488 fere
697 2460 862 2489 errores
895 2447 1077 2489 familiae
1110 2449 1147 2489 F
1170 2448 1361 2504 corrigit;
1397 2462 1483 2503 qua
1505 2449 1735 2490 occasione
1758 2449 1962 2491 erraverit
1983 2449 2043 2491 ita
2064 2449 2176 2491 bene
2199 2448 2371 2499 indicat,

191 2512 237 2547 ut
267 2507 336 2547 vel
369 2508 636 2550 acutissimus
669 2509 1012 2565 palaeographus
1045 2516 1243 2565 corrupta
1265 2511 1400 2552 verba
1433 2517 1475 2552 et
1506 2510 1640 2567 longa
1672 2511 1967 2553 homoteleuta
1999 2518 2088 2553 tam
2122 2511 2369 2562 commode,

192 2568 315 2622 plene
348 2575 390 2609 et
421 2577 614 2611 accurate
647 2571 866 2612 restituere
899 2585 987 2612 non
1019 2572 1242 2622 valuisset;
1277 2572 1452 2627 insuper
1482 2573 1615 2623 stilus,
1651 2574 2027 2616 commentationis
2062 2574 2295 2616 methodus
2329 2580 2372 2616 et

193 2629 321 2670 totius
355 2632 558 2673 orationis
591 2632 757 2674 indoles
791 2633 960 2674 nonnisi
993 2634 1259 2676 s.Thomam
1291 2635 1496 2676 redolent.
1533 2636 1598 2677 Ea
1631 2648 1738 2692 ergo
1772 2642 1838 2678 est
1870 2636 2109 2679 differentia
2130 2637 2240 2678 inter
2262 2637 2305 2679 A
2329 2643 2372 2679 et

194 2704 303 2746 opus
345 2694 617 2743 correctoris,
660 2701 706 2735 ut
738 2695 780 2736 A
814 2708 867 2736 ex
907 2696 1047 2737 critica
1089 2701 1230 2738 textus
1264 2697 1300 2738 F
1334 2697 1636 2740 emendatione
1678 2704 1798 2740 ortus
1841 2711 1937 2740 esse
1975 2699 2058 2741 dici
2101 2705 2311 2754 nequeat:
2345 2712 2371 2742 e

195 2754 403 2795 contrario
438 2768 488 2796 ea
520 2755 754 2798 differentia
787 2756 894 2798 inter
926 2758 968 2798 A
1002 2764 1043 2799 et
1074 2759 1112 2799 F
1145 2759 1486 2814 deprehenditur,
1521 2766 1584 2809 ut,
1618 2760 1654 2802 si
1677 2766 1882 2816 tanquam
1914 2761 2099 2804 familiae
2133 2762 2368 2812 differrent,

193 2814 311 2855 aliter
337 2815 502 2858 differre
535 2831 621 2859 non
654 2825 852 2874 possent;
887 2833 964 2861 nec
997 2820 1087 2861 scio
1122 2821 1226 2876 quid
1249 2822 1322 2876 qui
1346 2822 1429 2863 hoc
1452 2835 1611 2878 negare
1633 2823 1774 2870 vellet,
1797 2824 2083 2879 responderet
2114 2824 2308 2880 opinanti
2332 2824 2369 2866 F

194 2876 391 2919 exhibere
425 2879 608 2921 criticam
642 2881 978 2923 elaborationem
1011 2889 1151 2924 textus
1185 2884 1248 2924 Al

315 2939 446 2992 Quod
479 2955 583 2983 vero
617 2943 756 2984 codex
788 2944 830 2984 A
863 2943 989 2985 valde
1023 2957 1170 2987 recens
1204 2951 1280 2994 est,
1311 2946 1395 2987 hoc
1428 2960 1578 3002 parum
1613 2947 1705 2989 eius
1749 2948 1901 2990 minuit
1933 2936 2242 2991 auctoritatem.
2278 2950 2368 2992 Ex-

190 3002 354 3056 punctis
389 3003 499 3044 enirn
522 3005 702 3059 perraris
735 3005 1000 3056 lectionibus,
1035 3020 1146 3062 quae
1180 3012 1465 3050 correctorem
1487 3010 1557 3051 vel
1581 3015 1824 3052 notatorem
1858 3012 2047 3053 sentiunt
2080 3012 2166 3067 (lib.
2191 3013 2226 3062 1,
2251 3025 2298 3062 11,
2329 3027 2367 3064 ις

189 3076 259 3133 111,
285 3078 323 3113 κ;
357 3077 486 3115 xv111,
515 3068 556 3116 λ;
594 3067 664 3108 lib.
700 3067 764 3116 II,
803 3081 837 3117 1,
867 3068 906 3117 ξς
940 3081 1022 3118 vn,
1052 3069 1110 3125 ζ),
1145 3070 1188 3111 Α
1221 3070 1350 3112 talem
1381 3077 1544 3113 textum
1578 3078 1805 3123 monstrat,
1836 3074 2008 3129 qualern
2042 3075 2374 3130 antiquissimus

189 3139 369 3195 quisque
413 3127 581 3169 alterius
627 3129 830 3180 familiae3
865 3143 943 3172 nec
976 3131 1069 3186 ipse
1105 3132 1142 3173 F
1163 3132 1309 3187 purior
1341 3140 1429 3182 est,
1464 3140 1507 3176 et
1538 3134 1678 3191 magis
1711 3135 1912 3177 immunis
1946 3151 1972 3178 a
2006 3137 2290 3194 castigatione
2323 3144 2366 3180 et

189 3188 278 3228 alus
321 3188 660 3240 alterationibus,
707 3192 865 3246 quibus
908 3194 1113 3248 temporis
1157 3195 1339 3236 decursu
1381 3196 1615 3252 sagacitate
1655 3203 1697 3239 et
1738 3198 1905 3240 licentia
1944 3199 2179 3256 legentium
2222 3205 2367 3242 textus

188 3249 409 3291 adulterari
442 3252 591 3294 solent.
626 3253 818 3309 Scriptor
850 3267 955 3311 ergo
989 3255 1148 3297 codicis
1182 3257 1225 3297 A
1256 3263 1382 3298 vetus
1422 3259 1640 3314 exemplar
1680 3261 2051 3303 transcribendum
2085 3274 2188 3317 prae
2228 3262 2367 3304 oculis

187 3310 352 3352 habuit:
388 3326 482 3354 cum
516 3321 658 3356 autem
691 3316 809 3358 cuius
832 3317 1094 3359 auctoritatis
1128 3318 1267 3360 codex
1289 3319 1354 3368 sit,
1379 3320 1507 3362 critici
1542 3322 1683 3363 minus
1717 3336 1770 3364 ex
1792 3330 1943 3373 aetate,
1969 3337 2102 3379 quam
2135 3336 2189 3365 ex
2212 3324 2365 3366 codice

187 3373 435 3443 transcripto
470 3375 710 3427 diiudicent,
735 3378 871 3420 codici
904 3380 946 3421 A
979 3379 1206 3422 tribuenda
1239 3387 1304 3423 est
1335 3383 1565 3425 auctoritas
1594 3385 1750 3426 veteris
1784 3386 2052 3441 exemplaris,
2078 3385 2131 3427 de
2155 3398 2258 3440 qu0,
2283 3386 2364 3428 nisi

188 3447 330 3475 omma
352 3449 475 3491 Signa
496 3438 652 3487 fallunt,
678 3441 974 3496 transcriptum
1008 3455 1104 3484 esse
1127 3449 1306 3485 constat.
1341 3445 1590 3488 Dolendum
1614 3447 1735 3502 quod
1759 3448 1965 3489 lectiones
1992 3447 2085 3488 eius
2119 3460 2217 3489 cum
2241 3461 2363 3490 com-

186 3497 299 3550 pleto
334 3499 561 3553 exemplari
594 3514 697 3542 suae
720 3502 899 3544 familiae
933 3504 1124 3547 conferre
1157 3519 1245 3547 non
1268 3508 1486 3561 potuimus
1510 3508 1637 3563 (quia,
1661 3516 1709 3550 ut
1741 3509 1826 3550 iam
1861 3509 2060 3558 diximus,
2092 3510 2232 3551 nullus
2254 3511 2363 3552 alius

187 3557 323 3628 codex
356 3559 409 3600 ad
434 3567 620 3603 nostram
655 3564 846 3605 notitiam
869 3567 1073 3619 pervenit,
1098 3567 1175 3608 sed
1209 3569 1350 3610 solum
1373 3570 1538 3625 aliquot
1561 3570 1778 3613 secundae
1801 3584 1968 3620 manus,
1993 3577 2035 3612 et
2056 3585 2209 3627 parcae
2234 3579 2363 3615 notae

186 3622 470 3676 margmales):
504 3625 715 3677 praesumi
740 3626 852 3667 enim
876 3627 1014 3676 debet,
1040 3636 1206 3684 praeter
1228 3643 1480 3674 communes
1502 3646 1607 3674 suae
1629 3633 1813 3674 familiae
1836 3645 2014 3683 errores,
2039 3635 2238 3689 proprios
2263 3648 2362 3676 eum
