2782 4134
114 1918 123 1926 ⁶
133 1915 168 1938 Cf.
178 1916 229 1938 lect.
237 1922 270 1943 xi,
279 1922 323 1939 ιιι.

116 1970 124 1978 ·
140 1969 197 1996 Cap.
208 1975 262 1996 vin,
278 1975 300 1991 n.
310 1975 323 1991 2

111 2001 172 2043 {25³4
184 1995 260 2017 S.Th.
270 1996 323 2018 lect.

110 2124 119 2133 ·
134 2123 204 2145 Num.
219 2130 242 2152 9.

110 2283 119 2292 ·
133 2282 203 2304 Num.
219 2288 267 2310 seq.

109 2390 117 2398 '
133 2388 205 2410 Num.
217 2395 241 2415 4.

111 2446 119 2454 ⁴
131 2444 209 2472 primo
223 2450 271 2466 om.
285 2450 307 2466 Ρ.

111 2497 121 2507 “
136 2497 198 2518 Lect.
208 2503 232 2518 xt
248 2502 299 2524 sqq.

207 2533 224 2549 α

366 285 439 322 174

416 352 563 380 SYNOPSIS.
581 366 614 371 -
639 359 662 378 1.
678 350 887 386 Argumentum
910 354 937 375 et
958 346 1059 374 divisio
1078 351 1179 388 textus.
1195 361 1213 365 -
1226 345 1344 379 Absque
1365 342 1420 370 uti-
1447 341 1451 406 Ι

361 392 454 426 litate,
481 390 572 418 immo
594 396 695 418 contra
714 388 877 422 veritatem,
899 396 916 415 a
937 385 1131 422 Pythagoricis
1152 385 1299 411 dicebatur
1327 382 1421 410 stellas

362 432 521 469 producere
543 439 632 458 sonos
653 428 845 457 harmonieos.
871 443 889 447 -
911 434 937 453 2.
960 425 1043 453 Ratio
1065 433 1122 460 qua
1143 423 1306 459 probabant
1327 422 1421 449 stellas

362 479 484 508 magnos
499 470 657 506 producere
672 477 768 496 sonos.
784 467 852 494 Tria
874 472 939 493 sunt
960 474 1011 501 per
1026 472 1098 507 quae
1113 471 1202 490 sonus
1218 470 1338 506 magnus
1352 470 1420 497 pro-

364 510 477 539 ducitur
490 509 519 537 in
538 509 571 536 iis
587 517 660 545 quae
681 508 758 543 apud
778 515 832 534 nos
853 511 1018 533 moventur:
1041 503 1146 530 scilicet
1166 501 1335 546 magnitudo
1357 510 1420 529 cor-

361 559 467 587 porum
488 555 644 583 motorum,
660 546 793 575 velocitas
811 552 907 573 motus
929 552 1040 576 eorum,
1062 547 1089 569 et
1110 541 1264 585 multitudo
1279 549 1419 585 ipsorum.

361 589 451 626 Atqui
462 598 495 616 ex
505 588 539 616 iis
554 596 627 624 quae
641 595 726 614 sensu
740 590 887 621 apparent,
900 590 927 611 et
941 591 1014 619 quae
1025 581 1055 608 in
1066 581 1223 625 astrolog1a
1236 580 1420 608 manifestan-

361 635 416 663 tur,
432 634 510 664 patet
523 627 616 655 stellas
637 624 840 662 magnitudine,
863 622 1010 650 velocitate
1031 627 1058 648 et
1079 620 1262 648 multitudme
1284 620 1421 647 excedere

362 676 486 704 corpora
507 675 580 703 quae
601 671 667 694 sunt
687 665 763 701 apud
784 672 847 691 nos.
869 663 955 698 Ergo.
980 677 997 682 -
1020 660 1045 687 3.
1068 659 1151 687 Ratio
1180 668 1238 696 qua
1258 660 1421 695 probabant

361 708 455 736 stellas
477 707 635 743 producere
662 712 750 732 sonos
771 701 963 730 harmonicos.
985 700 1022 728 Ut
1043 709 1076 727 ex
1097 699 1207 727 musica
1228 705 1319 735 patet,
1341 699 1420 727 velo-

362 747 430 775 citas
446 752 541 774 motus
557 743 689 782 producit
710 751 814 770 sonum
835 747 960 775 acutum,
982 739 1100 767 tarditas
1121 739 1337 783 gravem,·dum
1352 748 1420 775 pro-

361 786 457 823 portio
478 785 636 813 secundum
661 789 752 811 certos
774 789 910 809 numeros
931 780 1006 808 acuti
1035 786 1062 807 et
1090 788 1182 816 graws
1209 778 1275 806 facit
1302 779 1419 806 harmo-

360 826 454 861 niam3
475 824 553 862 atqui
567 824 671 852 dantur
684 821 811 849 diversae
825 819 989 848 velocitates
1011 818 1188 847 diversarum
1208 819 1352 846 stellarum
1363 840 1370 853 ,
1392 825 1420 846 et

360 865 430 893 istae
454 863 616 893 velocitates
642 859 896 898 proportionaliter
919 860 1078 888 secundum
1106 865 1199 887 certos
1224 867 1362 886 numeros
1390 868 1419 886 se

360 906 478 938 habent;
500 912 577 940 ergo.
592 918 611 923 -
624 911 652 936 4.
669 899 816 928 Obiicitur.
839 901 906 927 Non
927 899 1061 927 audimus
1082 907 1172 927 sonos
1193 897 1272 933 istos,
1289 897 1338 934 qui
1359 905 1419 926 tam

359 943 456 981 magni
476 951 537 971 esse
558 941 702 975 dicuntur,
732 949 798 967 cum
825 946 922 967 tamen
943 938 1058 967 auditus
1086 944 1185 966 noster
1210 937 1245 965 sit
1266 938 1303 966 ad
1329 947 1419 966 sonos

358 983 566 1020 percipiendos.
582 997 601 1002 -
619 980 805 1016 Respondent
827 978 1018 1016 Pythagorici.
1047 979 1142 1006 Sonus
1171 977 1341 1005 discernitur
1368 987 1419 1014 per

358 1022 516 1057 silentium,
545 1027 572 1049 et
601 1020 757 1053 viceversa;
780 1028 847 1047 cum
872 1018 957 1056 igitur
984 1027 1115 1055 semper,
1140 1017 1198 1046 iam
1219 1026 1237 1045 a
1257 1017 1417 1052 nativitate,

358 1062 494 1091 coexistat
521 1059 605 1088 nobis
634 1068 723 1087 sonus
751 1058 821 1094 iste,
849 1058 945 1095 ipsum
973 1058 1132 1087 discernere
1159 1067 1221 1085 non
1251 1066 1416 1094 possumus.

357 1101 526 1137 Exemplum
554 1099 583 1127 in
611 1098 825 1127 malleatoribus
845 1098 936 1134 aeris,
962 1098 1012 1135 qui
1039 1104 1157 1134 propter
1177 1097 1418 1125 consuetudinem

357 1141 438 1178 quasi
458 1149 518 1168 non
539 1138 664 1167 sentiunt
685 1138 875 1166 differentiam
898 1138 962 1166 soni
984 1144 1011 1166 et
1025 1137 1137 1166 silentii.
1152 1154 1171 1158 -
1187 1137 1212 1165 5.
1235 1138 1418 1174 Responsum

356 1180 535 1217 improbatur
556 1178 714 1215 dupliciter.
736 1179 764 1214 a)
780 1177 810 1206 Si
831 1178 928 1206 stellae
949 1178 1143 1214 producerent
1164 1186 1254 1205 sonos
1274 1183 1334 1205 tarn
1357 1186 1418 1205 ma-

355 1229 437 1257 gnos,
459 1225 570 1256 praeter
590 1219 647 1246 hoc
667 1218 749 1255 quod
770 1227 831 1246 non
852 1218 1006 1246 audiantur
1020 1218 1111 1254 (quod
1133 1217 1243 1245 solvere
1264 1216 1415 1252 nituntur),

355 1266 429 1287 esset
449 1258 653 1287 inconveniens
668 1258 749 1295 quod
767 1266 891 1294 corpora
911 1257 1047 1285 inferiora
1068 1257 1139 1285 nihil
1159 1257 1195 1285 ab
1217 1256 1286 1293 ipsis
1306 1256 1418 1293 patian-

354 1305 418 1334 tur,
446 1298 532 1326 etiam
560 1298 584 1326 si
605 1307 656 1326 eos
681 1307 743 1326 non
771 1297 903 1326 sentiant.
932 1298 1007 1325 Nam
1029 1297 1093 1325 soni
1121 1306 1139 1325 a
1159 1296 1247 1325 stellis
1268 1296 1417 1333 producti,

354 1339 512 1367 secundum
533 1337 753 1374 proportionem
771 1336 976 1374 magnitudinis
994 1337 1116 1371 illarum,
1128 1337 1297 1365 excederent
1315 1346 1417 1373 quem-

353 1378 422 1406 libet
436 1378 524 1406 alium
545 1387 666 1413 sonum3
689 1377 753 1405 soni
767 1383 864 1405 autem
885 1377 1053 1405 excellentes
1075 1377 1226 1404 destruunt
1240 1385 1301 1404 non
1322 1376 1417 1404 solum

353 1417 483 1446 auditum
504 1417 682 1452 animalium,
698 1417 748 1445 sed
769 1417 832 1453 ipsa
852 1416 938 1445 etiam
961 1425 1084 1453 corpora
1104 1416 1271 1451 inanimata,
1286 1422 1318 1444 ut
1340 1422 1418 1452 patet

352 1467 403 1494 per
424 1467 530 1486 sonum
550 1456 669 1485 tonitrui
683 1456 862 1494 frangentem
883 1455 992 1493 lapides
1014 1462 1042 1484 et
1062 1455 1118 1484 alia
1139 1465 1263 1493 corpora
1288 1455 1415 1484 duriora.

352 1499 438 1534 Ergo.
461 1497 489 1532 b)
506 1497 694 1525 Consuetudo
715 1495 853 1524 audiendi
872 1505 994 1533 magnos
1015 1505 1105 1524 sonos
1126 1505 1187 1524 non
1209 1496 1304 1524 solum
1326 1495 1418 1524 aufert

352 1537 555 1565 discretionem
577 1546 717 1565 sonorum
739 1536 870 1571 illorum,
893 1537 944 1564 sed
965 1535 1088 1564 aliorum
1110 1535 1212 1571 etiarn,
1234 1542 1266 1564 ut
1287 1542 1365 1572 patet
1386 1535 1416 1563 in

351 1576 565 1605 malleatoribus
580 1576 662 1611 aeris,
678 1575 727 1613 qui
743 1575 816 1604 alios
831 1585 921 1604 sonos
937 1575 1074 1604 minimos
1092 1575 1239 1612 percipere
1253 1581 1416 1612 nequeunt;

352 1625 430 1653 ergo,
452 1616 476 1644 si
490 1622 608 1653 propter
629 1615 868 1644 consuetudinem
890 1625 980 1643 sonos
995 1615 1140 1643 stellarum
1155 1615 1255 1643 audire
1269 1624 1330 1643 non
1347 1624 1415 1652 pos-

351 1665 460 1691 sumus,
482 1656 544 1693 pari
565 1655 677 1684 ratione
691 1664 744 1684 nec
759 1655 830 1684 alios
845 1664 934 1684 sonos
949 1655 1049 1683 audire
1063 1664 1225 1692 possemus.
1240 1671 1259 1676 —
1274 1656 1301 1683 6.
1318 1654 1415 1683 Ratio-

350 1704 402 1724 nes
417 1688 555 1732 Simplicii
569 1696 607 1724 ad
621 1695 819 1724 sustinendam
833 1695 1092 1732 Pythagoricorum
1107 1694 1291 1731 positionem.
1303 1696 1331 1730 a)
1343 1694 1414 1723 Soni

549 1815 561 1827 ν
591 1807 598 1819 “
615 1808 792 1850 ostquam
808 1799 1064 1848 Philosophus
1085 1798 1350 1836 determinavit
1365 1800 1412 1836 de

480 1883 554 1898 „v
580 1889 584 1898 ,
614 1861 721 1890 motu
759 1854 972 1899 stellarum,
1011 1852 1073 1889 hic
1110 1852 1336 1889 determinat
1365 1853 1411 1890 de

433 1931 442 1938 -
469 1920 481 1929 =
558 1907 562 1911 ’
614 1919 710 1943 sono
739 1918 869 1943 earum
887 1908 918 1953 ’ἦ
940 1905 1005 1955 qui
1025 1913 1080 1942 est
1100 1905 1255 1942 effectus
1284 1913 1412 1943 motus

428 1984 435 1987 -
496 1950 507 1999 s
572 1954 595 1984 κ’
614 1959 753 2006 localis,
774 1967 814 1996 ut
835 1959 968 1996 dicitur
988 1958 1026 1996 in
1041 1960 1071 1995 II
1093 1959 1139 1995 de
1156 1959 1297 1996 Anima
1314 1960 1346 1996 ²³².
1364 1960 1412 1996 Et

352 2012 449 2049 circa
475 2013 550 2049 hoc
579 2011 655 2049 duo
684 2012 788 2049 facit:
826 2012 952 2061 primo
991 2012 1152 2049 excludit
1189 2011 1412 2061 opinionem

351 2065 531 2110 aliorum;
561 2065 730 2103 secundo
756 2065 981 2102 determinat
998 2065 1209 2112 veritatem,
1239 2065 1311 2102 ibi:
1341 2066 1415 2102 Sed

349 2118 620 2156 rationabiliter
642 2130 761 2167 neque
782 2119 956 2156 audimus
977 2120 996 2140 ’¹²
1017 2126 1084 2155 etc.
1116 2118 1225 2156 Circa
1243 2119 1412 2168 primum

349 2171 418 2209 tria
446 2171 551 2208 facit:
588 2172 712 2220 primo
747 2171 854 2221 ponit
887 2172 992 2221 quod
1025 2171 1203 2217 intendit;
1243 2172 1412 2210 secundo

348 2224 491 2262 inducit
518 2225 705 2262 rationem
734 2225 839 2262 aliter
866 2224 1123 2272 sentientium,
1153 2225 1226 2262 ibi:
1262 2226 1414 2263 Videtur

348 2284 472 2315 autem
501 2278 721 2326 quibusdam
743 2279 762 2300 “³⁴
783 2286 873 2323 etc.;
898 2278 1007 2315 tertio
1029 2278 1192 2315 ostendit
1211 2279 1411 2326 quomodo

349 2330 570 2368 dubitationi
598 2331 808 2368 satisfacere
828 2331 1007 2379 nituntur,
1028 2331 1099 2368 ibi:
1135 2332 1321 2374 Quoniam
1342 2345 1412 2370 au-

348 2390 421 2422 tem
441 2384 695 2421 irrationabile
715 2385 735 2405 ’³‘
755 2392 824 2422 etc.

402 2437 502 2474 Dicit
521 2449 610 2485 ergo
625 2437 748 2486 primo
766 2438 785 2459 ss
805 2437 1050 2474 manifestum
1067 2449 1149 2474 esse
1170 2450 1215 2474 ex
1235 2438 1292 2475 his
1312 2451 1411 2487 quae

349 2490 447 2528 dicta
466 2498 553 2527 sunt
569 2492 588 2512 ²³²
605 2491 724 2538 (quod
743 2491 882 2527 scilicet
901 2491 1029 2527 stellae
1048 2502 1127 2527 non
1145 2499 1348 2528 moventur
1366 2494 1410 2537 οι),

349 2543 454 2593 quod
481 2543 513 2580 si
542 2543 625 2591 quis
651 2543 749 2580 dicat
777 2543 882 2593 quod
911 2555 957 2580 ex
985 2551 1094 2580 motu
1119 2555 1250 2580 earum
1279 2544 1413 2581 accidit

349 2596 540 2644 quaedam
563 2596 774 2642 harmonia,
794 2596 890 2633 idest
909 2608 1026 2633 sonus
1054 2596 1312 2644 harmonicus,
1333 2605 1412 2634 tan-

351 2661 467 2698 quam
487 2648 570 2685 soni
594 2649 785 2686 stellarum
805 2648 875 2686 sibi
895 2648 1061 2686 invicem
1083 2658 1303 2697 consonent,
1326 2650 1412 2687 Ievi-

349 2708 406 2739 ter
423 2701 597 2750 loquitur,
619 2701 715 2739 idest
733 2702 813 2739 sine
834 2702 977 2739 ratione
997 2702 1209 2750 sufficienti,
1231 2710 1266 2740 et
1283 2715 1412 2752 super-

340 2755 441 2804 flue:
461 2762 497 2791 et
510 2755 585 2792 hoc
604 2754 692 2792 dicit
710 2755 818 2802 quasi
833 2755 934 2791 nulla
951 2755 1106 2792 utilitate
1128 2767 1172 2792 ex
1191 2756 1413 2794 huiusmodi

350 2819 446 2844 sono
476 2815 668 2857 sequente,
690 2808 758 2845 sed
783 2807 902 2856 magis
922 2808 1090 2845 maximo
1112 2817 1356 2856 nocumento,
1373 2817 1414 2847 ut

348 2860 501 2910 patebit.
514 2861 564 2898 Et
579 2860 692 2898 etiam
708 2873 786 2898 non
796 2861 845 2898 ita
858 2873 897 2898 se
912 2861 1027 2898 habet
1037 2861 1187 2910 veritas,
1200 2863 1411 2900 secundum

350 2914 455 2963 quod
485 2926 529 2950 ex
555 2913 774 2962 praemissis
804 2914 1189 2953 demonstrationibus
1217 2924 1384 2965 apparet.

404 2978 438 3003 2.
469 2966 618 3004 Deinde
652 2979 740 3004 cum
774 2967 882 3004 dicit:
919 2968 1070 3005 Videtur
1102 2974 1226 3006 autem
1265 2970 1412 3018 quihus-

349 3020 438 3056 dam
459 3027 544 3068 etc.,
573 3020 715 3058 inducit
739 3020 923 3058 rationem
945 3021 1297 3070 Pythagoricorum,
1319 3035 1412 3072 quo-

351 3085 435 3109 rum
465 3081 542 3110 erat
569 3073 760 3122 praedicta
789 3073 981 3111 sententia.
1022 3075 1070 3111 Et
1096 3075 1222 3124 primo
1252 3076 1414 3113 ostendit

350 3127 547 3174 quomodo
575 3127 789 3175 probabant
817 3127 922 3175 quod
951 3140 1112 3177 corpora
1142 3129 1315 3166 caelestia
1343 3142 1413 3166 suo

351 3186 460 3215 motu
487 3179 627 3217 faciunt
663 3192 846 3228 magnum
881 3193 1032 3218 sonum.
1072 3181 1164 3219 Tria
1198 3182 1299 3219 enim
1329 3190 1415 3220 sunt

408 3361 434 3393 α)
450 3366 594 3387 moventur.
608 3377 627 3382 -
641 3368 796 3390 moveantur
810 3365 837 3390 P.
847 3379 864 3384 -
875 3366 938 3390 Post
951 3366 995 3391 lin.
1009 3366 1028 3391 P
1041 3374 1094 3391 om.
1109 3367 1257 3399 quaedam;
1271 3375 1318 3400 pro
1332 3375 1412 3393 sonus

355 3395 533 3426 harmonicus,
547 3405 626 3423 sonus
640 3398 838 3433 harmonizatus
854 3400 945 3426 CFGsl
954 3420 960 3432 ‚
974 3409 1054 3426 sonus
1069 3402 1274 3428 harmonitanus
1288 3403 1316 3433 B,
1332 3410 1413 3428 sonus

356 3430 539 3457 harmoniacus
558 3432 590 3462 P;
610 3433 641 3458 cf.
660 3439 712 3458 not.
727 3433 740 3458 δ
761 3440 785 3459 et
803 3434 881 3460 finem
901 3445 972 3462 num.
988 3436 1011 3462 3.

409 3463 434 3499 β)
455 3466 579 3497 ipsorum.
592 3480 611 3487 -·
622 3475 711 3494 eorum
726 3470 799 3494 codd.
812 3485 830 3489 -
844 3471 900 3495 Lin.
916 3479 971 3504 seq.
986 3480 1033 3504 pro
1049 3476 1128 3502 mota,
1149 3473 1169 3497 Β
1189 3474 1299 3503 minuta,
1323 3474 1413 3499 iuncta

356 3499 376 3524 P
396 3505 421 3524 et
439 3506 487 3526 cet.
501 3509 553 3526 exc.
567 3503 597 3527 Α.

409 3535 435 3568 γ)
450 3537 489 3560 sol
510 3540 535 3561 et
553 3538 626 3562 luna.
641 3551 659 3556 -
675 3542 702 3563 et
722 3540 814 3571 om.E,
834 3545 859 3566 et
877 3542 940 3566 luna
954 3550 1006 3567 om.
1022 3542 1052 3567 D.
1065 3543 1117 3568 -Ῥ
1135 3544 1216 3576 pergit
1235 3544 1351 3577 qualibet
1370 3545 1413 3570 dfe

357 3573 440 3595 totum
455 3572 581 3630 mandam
595 3572 727 3598 circuunt.
740 3587 757 3594 —-
770 3575 820 3599 Pro
835 3577 1047 3610 manifestantur,
1064 3581 1249 3604 monstrantur
1264 3580 1283 3604 P
1298 3585 1322 3604 et
1338 3581 1412 3605 codd.

357 3611 463 3638 excepto
507 3623 512 3631 .

1057 269 1127 305 DE
1158 266 1332 303 CAELO
1363 265 1432 300 ET
1461 262 1656 300 MUNDO
1685 262 1780 299 LIB.
1811 263 1842 299 II

1478 341 1624 369 stellarum
1645 349 1706 368 non
1728 347 1795 368 sunt
1815 340 1982 376 corruptivi,
2005 340 2056 368 sed
2070 339 2243 375 vivificativi,
2258 340 2332 368 sicut
2345 347 2374 369 et
2388 348 2486 370 motus
2500 351 2547 371 ea-

1477 390 1542 408 rum
1557 386 1600 408 est
1614 386 1645 408 ut
1659 380 1718 408 vita
1739 381 1883 417 quaedam
1906 379 2042 408 omnibus
2064 386 2168 408 natura
2189 379 2384 410 existentibus.
2407 382 2435 417 b)
2458 383 2547 417 Quod

1477 429 1538 448 non
1559 420 1725 455 audiuntur,
1748 429 1809 448 non
1829 420 1970 457 contingit
1994 426 2112 456 propter
2134 420 2388 456 consuetudinem,
2407 422 2458 449 sed
2479 422 2548 459 quia

1478 469 1537 487 non
1559 466 1626 487 sunt
1646 460 1859 496 proportionati
1881 460 1962 488 omni
1984 459 2103 488 auditui.
2118 476 2138 480 -
2160 469 2185 496 7.
2208 460 2366 488 Refutatur.
2387 463 2416 497 a)
2438 462 2548 490 Contra

1477 499 1601 535 primam
1623 499 1784 528 rationem:
1806 499 1872 528 licet
1892 500 1998 535 stellae,
2014 506 2042 527 et
2062 499 2215 536 praecipue
2237 500 2291 534 sol,
2306 499 2363 528 sint
2380 509 2484 530 causae
2505 501 2547 529 vi-

1476 546 1531 574 tae,
1553 539 1647 576 fulgor
1666 546 1765 567 tamen
1786 539 1856 568 solis
1877 539 2037 576 corrumpit
2057 539 2149 567 visum
2174 546 2322 575 nostrum,
2347 540 2416 577 quia
2437 541 2548 570 excedit

1475 578 1553 606 visus
1567 579 1805 616 proportionem:
1826 580 1904 607 unde
1925 579 1987 616 pari
2009 579 2120 608 ratione
2142 588 2232 607 sonus
2253 579 2400 608 stellarum
2415 590 2547 609 corrum-

1476 625 1556 655 peret
1577 618 1724 654 auditum,
1754 619 1823 656 quia
1849 619 1938 656 ipsius
1965 619 2186 656 proportionem
2208 620 2365 648 excederet.
2388 620 2416 656 b)
2435 621 2547 649 Contra

1477 659 1653 687 secundam:
1676 668 1777 687 sensus
1792 665 1835 687 est
1854 659 2035 696 perceptivus
2050 659 2183 687 omnium
2205 659 2401 696 sensibilium
2423 660 2447 688 si
2461 660 2547 698 igitur

1476 698 1592 726 auditus
1612 708 1674 727 non
1702 705 1777 727 esset
1803 699 1985 736 perceptivus
2006 699 2159 728 cuiuslibet
2179 699 2259 735 soni,
2289 700 2346 728 hoc
2367 700 2547 738 contingeret

1477 737 1545 775 quia
1559 739 1604 766 vel
1624 748 1715 767 sonus
1736 739 1781 767 vel
1802 738 1917 767 auditus
1938 739 2095 776 aequivoce
2112 739 2263 767 diceretur.
2275 756 2295 761 —
2309 740 2401 777 Magis
2423 741 2546 777 explica-

1476 784 1523 805 tur
1536 778 1593 806 hoc
1614 778 1797 815 principium.
1812 795 1833 799 -
1847 779 1874 806 8.
1890 779 1986 807 Sonos
2008 779 2154 807 stellarum
2176 779 2334 816 aequivoce
2352 780 2417 816 dici,
2432 780 2547 809 videtur

1477 827 1639 846 consonare
1661 818 1792 854 opinioni
1807 818 1956 855 Simplicii,
1972 818 2021 855 qui
2036 819 2207 847 existimavit
2228 820 2317 856 quod,
2340 829 2406 848 curn
2421 830 2546 857 corpora

1476 857 1608 886 caelestia
1629 857 1686 886 sint
1707 867 1794 886 causa
1814 858 1975 886 formarum
1997 858 2228 887 substantialium
2246 859 2277 888 in
2291 859 2335 888 his
2350 859 2544 896 inferioribus,

1475 897 1588 925 nullum
1609 897 1740 926 accidens
1762 897 1792 925 in
1813 897 1855 926 eis
1881 897 2002 926 inveniri
2023 898 2123 934 possit.
2144 914 2166 919 —
2183 899 2301 928 Falsitas
2322 899 2407 928 huius
2429 900 2545 937 Simpli-

1475 936 1511 965 cii
1532 937 1681 965 doctrinae
1711 937 1907 973 multipliciter
1933 938 2111 974 ostenditur,
2140 938 2260 976 eiusque
2281 940 2355 968 ratio
2377 940 2504 969 solvitur.
2525 957 2545 962 -

1475 986 1502 1013 9.
1518 976 1682 1005 Subdivisio
1697 983 1798 1005 textus.
1815 994 1833 998 —
1847 977 1962 1006 Directe
1982 978 2144 1015 assignatur
2163 979 2238 1007 ratio
2253 989 2344 1016 quare
2358 989 2465 1008 sonum
2479 990 2545 1009 cae-

1474 1016 1588 1044 lestium
1610 1026 1766 1053 corporum
1788 1026 1850 1045 non
1863 1017 2025 1053 audiamus,
2047 1027 2101 1046 nec
2121 1018 2278 1047 violentam
2292 1020 2459 1056 passionem
2473 1020 2544 1049 infe-

1474 1056 1552 1084 riora
1580 1065 1705 1093 corpora
1732 1055 1878 1093 patiantur
1903 1058 1940 1085 ab
1962 1057 2018 1093 eis;
2041 1057 2110 1094 quia
2136 1058 2268 1088 videlicet
2295 1060 2407 1088 nullum
2437 1069 2544 1089 sonum

1473 1096 1590 1124 faciunt.
1610 1113 1631 1116 —
1657 1105 1700 1124 10.
1723 1097 1867 1124 Probatur
1887 1097 1944 1125 hoc
1964 1098 1993 1132 a)
2015 1106 2049 1125 ex
2070 1103 2152 1134 parte
2175 1107 2280 1128 causae
2301 1099 2447 1128 effectivae
2467 1100 2543 1129 soni.

1475 1137 1557 1171 Quae
1578 1135 1608 1163 in
1622 1135 1666 1164 his
1681 1135 1864 1164 inferioribus
1884 1145 1936 1173 per
1957 1137 2051 1173 seipsa
2066 1144 2228 1174 moventur,
2249 1138 2358 1167 faciunt
2378 1149 2484 1168 sonum
2499 1140 2544 1169 in-

1474 1182 1615 1213 quantum
1637 1175 1744 1204 faciunt
1765 1175 1839 1204 aeris
1851 1176 2082 1212 percussionem;
2105 1186 2180 1214 quae
2194 1184 2291 1206 autem
2306 1188 2368 1207 non
2382 1188 2435 1216 per
2448 1179 2544 1217 seipsa

1474 1222 1636 1251 moventur,
1659 1225 1720 1244 non
1735 1215 1842 1244 faciunt
1857 1225 1972 1244 sonum.
1988 1216 2018 1244 Si
2033 1225 2102 1254 ergo
2119 1217 2217 1246 stellae
2234 1227 2287 1255 per
2301 1227 2332 1247 se
2346 1226 2542 1256 moverentur,

1473 1255 1531 1284 sive
1554 1255 1583 1283 in
1604 1255 1677 1284 aeris
1699 1255 1757 1284 sive
1778 1255 1809 1284 in
1823 1255 1897 1293 ignis
1916 1256 2109 1292 multitudine,
2131 1266 2248 1286 necesse
2269 1264 2345 1286 esset
2365 1267 2414 1287 eas
2435 1268 2543 1288 sonum

1473 1295 1574 1330 facere,
1597 1302 1625 1323 et
1639 1295 1780 1324 maiorem
1796 1295 1914 1333 quidem
1937 1295 2019 1324 omni
2039 1305 2115 1325 sono
2136 1297 2269 1326 naturali.
2291 1298 2322 1326 Si
2335 1304 2434 1327 autem
2454 1299 2542 1328 talem

1474 1344 1578 1364 sonum
1601 1336 1739 1370 facerent,
1765 1345 1855 1364 sonus
1882 1345 1975 1373 usque
2002 1337 2059 1365 huc
2087 1337 2264 1373 perveniret,
2291 1344 2319 1366 et
2346 1347 2409 1367 non
2429 1344 2543 1368 tautum

1473 1375 1620 1404 audiretur
1640 1385 1658 1404 a
1678 1375 1777 1411 nobis,
1802 1376 1852 1404 sed
1873 1383 2072 1413 corrumperet
2092 1376 2229 1406 inferiora
2249 1386 2383 1415 corpora.
2405 1379 2465 1407 Sed
2485 1379 2544 1408 hoc

1472 1424 1534 1443 non
1554 1415 1686 1443 videmus
1707 1415 1882 1453 contingere.
1906 1417 1983 1454 Ergo
1998 1416 2077 1444 nulla
2091 1417 2235 1446 stellarum
2261 1426 2314 1455 per
2337 1417 2464 1455 seipsam
2477 1428 2543 1448 mo—

1471 1461 1562 1491 vetur,
1583 1464 1636 1483 nec
1657 1462 1869 1492 consequenter
1883 1465 1988 1484 sonum
2003 1456 2146 1493 producit.
2161 1472 2180 1478 —-
2198 1467 2208 1485 1
2219 1467 2242 1486 1.
2258 1457 2286 1493 b)
2307 1458 2388 1486 Idem
2402 1459 2544 1496 probatur

1472 1504 1506 1523 ex
1520 1501 1600 1532 parte
1615 1504 1718 1523 causae
1733 1495 1835 1523 finalis.
1858 1496 1926 1524 Ideo
1941 1495 2019 1524 enim
2038 1503 2142 1525 natura
2156 1506 2217 1526 non
2232 1497 2311 1526 dedit
2325 1498 2413 1527 stellis
2427 1505 2542 1528 motum

1471 1544 1523 1571 per
1540 1544 1580 1570 se,
1595 1541 1623 1563 et
1637 1541 1849 1572 consequenter
1869 1544 1923 1564 nec
1944 1545 2050 1571 sonos,
2072 1545 2106 1564 ac
2127 1536 2151 1565 si
2171 1537 2344 1574 providisset
2364 1538 2445 1575 quod
2459 1547 2543 1568 secus

1471 1575 1542 1603 haec
1563 1573 1700 1603 inferiora
1721 1584 1782 1603 non
1803 1581 1922 1611 possent
1943 1575 1973 1603 in
1994 1585 2048 1604 suo
2063 1585 2125 1604 esse
2146 1577 2311 1605 conservari
2324 1594 2345 1598 -
2358 1579 2400 1606 Ex
2415 1578 2470 1607 hac
2489 1586 2542 1607 au-

1471 1621 1529 1642 tem
1551 1614 1671 1649 ratione,
1694 1613 1767 1643 sicut
1786 1615 1950 1644 Alexander
1970 1622 2061 1651 notat,
2083 1617 2168 1644 datur
2188 1617 2307 1654 intelligi
2329 1618 2410 1655 quod
2429 1617 2544 1648 Aristo-

1469 1654 1538 1682 teles
1560 1654 1606 1682 hic
1627 1654 1711 1682 sentit
1733 1655 1814 1691 quod
1835 1656 1914 1683 Deus
1935 1655 2148 1692 providentiam
2170 1656 2257 1686 habet
2271 1657 2307 1685 de
2326 1657 2371 1686 his
2385 1667 2461 1695 quae
2474 1655 2543 1687 sunt

1470 1694 1516 1722 hic
1537 1693 1663 1722 inferius.
1684 1710 1703 1715 —
1724 1694 1874 1732 Epilogus».
2535 1700 2540 1705 “

1465 1806 1621 1848 propter
1648 1811 1747 1848 quae
1777 1811 1938 1848 corpora
1967 1812 2065 1849 quae
2095 1801 2197 1850 apud
2221 1814 2293 1839 nos
2317 1810 2536 1851 moventur,

1467 1864 1651 1900 magnum
1680 1864 1820 1889 sonum
1850 1853 1973 1890 facere
1997 1853 2191 1891 videntur:
2221 1854 2361 1893 scilicet
2384 1863 2542 1906 propter

1467 1905 1768 1953 magnitudinem
1798 1917 2006 1955 corporum
2035 1918 2134 1956 quae
2154 1915 2371 1956 moventur,
2393 1916 2431 1946 et
2450 1921 2541 1959 pro-

1466 1966 1549 2007 pter
1567 1958 1808 1996 velocitatem
1839 1967 1967 1996 motus
1995 1959 2180 2008 ipsorum,
2211 1969 2248 1998 et
2265 1969 2424 2011 propter
2441 1963 2540 2001 mul-

1466 2012 1663 2050 titudinem
1692 2012 1864 2061 ipsorum
1892 2010 1921 2050 β.
1949 2013 2123 2063 Corpora
2151 2022 2280 2052 autem
2309 2027 2408 2064 quae
2437 2017 2540 2067 apud

1467 2077 1538 2102 nos
1566 2073 1672 2102 mota
1700 2065 1841 2103 faciunt
1869 2078 2028 2114 sonum,
2067 2079 2191 2116 neque
2224 2068 2367 2106 habent
2394 2075 2539 2107 tantam

1467 2118 1736 2167 magnitudinis
1756 2119 1913 2166 molem,
1935 2131 2060 2168 neque
2079 2127 2159 2158 tam
2178 2121 2354 2159 velocem
2374 2129 2538 2172 motum,

1467 2171 1562 2209 sicut
1585 2173 1642 2209 sol
1663 2180 1699 2209 et
1718 2173 1807 2209 luna
1836 2180 1873 2210 et
1900 2172 1994 2210 aliae
2023 2174 2170 2211 stellae:
2199 2174 2306 2223 quod
2325 2183 2429 2225 patet
2454 2188 2540 2226 par-

1467 2225 1534 2262 tim
1555 2237 1600 2262 ex
1619 2225 1677 2262 his
1701 2237 1800 2274 quae
1820 2238 1935 2263 sensu
1954 2234 2157 2275 apparent,
2178 2239 2269 2265 nam
2289 2229 2347 2266 sol
2367 2236 2404 2266 et
2421 2229 2511 2267 luna
2524 2235 2540 2257 ⁷

1467 2278 1635 2328 quolibet
1650 2278 1711 2316 die
1725 2286 1848 2316 toturn
1863 2279 2054 2317 mundum
2071 2280 2323 2329 circumeunt3
2338 2282 2477 2332 partim
2494 2295 2540 2320 ex

1466 2331 1524 2369 his
1553 2344 1650 2381 quae
1679 2332 1718 2369 in
1746 2332 1949 2381 astrologia
1966 2333 2256 2372 manifestantur
2285 2335 2333 2373 de
2352 2335 2540 2385 magnitu-

1468 2385 1620 2422 dinibus
1639 2397 1775 2422 eorum
1795 2393 1832 2422 et
1849 2386 2048 2424 velocitate
2078 2394 2217 2425 motus.
2247 2388 2387 2426 Adhuc
2411 2396 2545 2428 autem·

1467 2439 1515 2475 ad
1549 2439 1624 2475 hoc
1661 2438 1749 2476 facit
1785 2438 1986 2477 multitudo
2025 2440 2227 2478 stellarum.
2267 2442 2392 2479 Multo
2429 2442 2540 2491 igitur

1467 2491 1587 2539 magis
1615 2491 1767 2529 videtur
1804 2492 1910 2540 quod
1941 2493 1998 2529 sol
2027 2499 2064 2529 et
2091 2494 2179 2531 luna
2217 2501 2254 2531 et
2287 2494 2382 2533 aliae
2409 2497 2538 2534 stellae

1467 2544 1544 2589 suis
1571 2544 1739 2581 motibus
1768 2544 1906 2582 faciant
1934 2545 2124 2583 maximos
2153 2559 2281 2585 sonos.

1522 2598 1556 2634 3.
1583 2597 1762 2635 Secundo
1784 2610 1872 2635 curn
1893 2597 2002 2636 dicit:
2031 2599 2288 2648 Supponentes
2306 2607 2432 2639 autem
2453 2609 2537 2650 etc„

1467 2650 1631 2688 ostendit
1659 2651 1858 2698 quomodo
1886 2652 2102 2701 probabant
2130 2653 2234 2702 quod
2263 2666 2382 2692 sonus
2401 2665 2538 2694 eorum

1468 2711 1565 2741 esset
1592 2704 1838 2741 harmonicus
1857 2702 1882 2743 θ’.
1909 2705 2156 2743 Manifestum
2186 2715 2241 2744 est
2270 2707 2372 2745 enim
2408 2720 2453 2746 ex
2480 2708 2539 2747 his

1467 2756 1623 2806 quaein
1643 2757 1790 2794 musica
1817 2758 2032 2806 traduntur,
2063 2759 2169 2808 quod
2195 2761 2380 2799 velocitas
2409 2769 2538 2800 motus

1467 2809 1554 2847 facit
1582 2822 1721 2847 sonum
1750 2818 1925 2858 acutum,
1956 2812 2109 2850 tarditas
2138 2821 2265 2851 autem
2294 2822 2423 2852 motus
2451 2815 2539 2853 facit

1467 2875 1604 2900 sonum
1623 2876 1798 2912 gravem;
1829 2864 2079 2905 determinata
2106 2874 2235 2904 autem
2262 2868 2460 2917 proportio
2481 2881 2538 2906 se-

1468 2916 1637 2954 cundum
1667 2926 1788 2955 certos
1807 2930 1990 2956 numeros
2010 2919 2109 2957 acuti
2129 2927 2165 2957 et
2183 2920 2326 2968 gravis,
2347 2929 2404 2959 est
2423 2934 2538 2960 causa

1467 2970 1690 3007 harmoniae
1719 2970 1758 3008 in
1787 2972 1908 3018 sonis;
1933 2972 2028 3010 sicut
2060 2974 2257 3023 proportio
2293 2974 2460 3014 duorum
2489 2975 2539 3014 ad

1467 3035 1589 3060 unum
1618 3023 1704 3060 facit
1736 3024 1941 3074 diapason,
1976 3026 2174 3075 proportio
2212 3027 2327 3066 trium
2362 3029 2412 3066 ad
2446 3028 2537 3077 duo,

1468 3089 1566 3126 quae
1596 3076 1729 3114 dicitur
1757 3078 2018 3126 sesquialtera,
2048 3080 2136 3118 facit
2164 3080 2340 3130 diapente
2359 3087 2391 3130 ‘,
2421 3089 2458 3120 et
2485 3082 2539 3120 sic

1471 3130 1516 3166 de
1536 3129 1627 3167 aliis.
1650 3130 1858 3168 Ostensum
1879 3140 1935 3169 est
1954 3140 2082 3170 autem
2104 3133 2141 3171 in
2160 3134 2376 3184 praemissis
2394 3136 2413 3156 *
2433 3136 2538 3184 quod

1470 3190 1611 3232 quanto
1649 3184 1754 3220 stella
1789 3193 1967 3223 movetur
1999 3186 2037 3223 in
2066 3186 2202 3224 maiori
2240 3187 2398 3237 circulo,
2432 3195 2537 3226 tanto

1520 3367 1546 3402 ὃ)
1566 3369 1745 3396 harmonicus.
1758 3383 1776 3390 —-
1789 3371 1978 3397 harmoniacus
1996 3372 2024 3397 P.
2036 3386 2054 3391 —
2068 3373 2132 3398 Post
2145 3380 2223 3398 unam
2236 3373 2281 3398 lin.
2295 3380 2343 3406 pro
2360 3380 2454 3399 sonum
2474 3381 2536 3400 acu-

1467 3406 1531 3433 tum,
1546 3404 1565 3428 P
1581 3409 1605 3429 et
1619 3406 1694 3430 codd.
1709 3413 1762 3431 exc.
1775 3406 1837 3431 AsG
1852 3414 1945 3432 sonum
1960 3414 2084 3437 suavenu
2103 3416 2155 3433 non
2170 3407 2245 3440 bene,
2260 3413 2288 3433 ut
2302 3414 2378 3442 patet.
2398 3410 2460 3443 quia
2478 3409 2538 3436 har-

1467 3439 1554 3464 monia
1572 3441 1679 3465 resultat
1698 3449 1727 3466 ex
1747 3442 1914 3475 proportione
1926 3443 2000 3468 acuti
2013 3446 2040 3468 et
2051 3443 2153 3477 gravis,
2167 3444 2234 3469 sicut
2249 3443 2335 3469 statim
2350 3445 2454 3476 dicitur-3
2473 3445 2537 3471 dum

1467 3480 1598 3507 praeterea
1613 3483 1693 3501 sonus
1708 3477 1793 3509 gravis
1813 3483 1900 3510 potest
1918 3486 1978 3503 esse
1997 3479 2094 3504 suavis.
2105 3493 2124 3498 -
2137 3482 2227 3504 autem
2242 3484 2303 3512 post
2315 3480 2433 3506 tarditas
2450 3488 2504 3506 om.
2517 3481 2537 3506 P

1468 3516 1492 3535 et
1511 3511 1585 3535 codd.
1602 3518 1654 3536 exc.
1669 3512 1700 3537 Α.

1520 3545 1542 3579 ε)
1563 3546 1695 3579 diapente.
1710 3562 1728 3566 -
1741 3548 1871 3580 diapason
1892 3549 1990 3574 BCDFI
2010 3554 2035 3574 et
2054 3549 2114 3575 edit.
2133 3548 2269 3576 1516.-o
2283 3551 2379 3576 omittit
2393 3551 2539 3584 proportio

1468 3581 1580 3640 ἒζῐιιηι...
1601 3582 1733 3615 diapente,
1754 3584 1825 3616 quod
1844 3588 1967 3617 tanquam
1987 3584 2182 3610 homoteleuton
2201 3586 2227 3611 in
2246 3585 2357 3612 lectione
2373 3586 2393 3611 Β
2413 3592 2461 3612 otc.
2474 3587 2538 3612 scri-

1486 3622 1543 3641 itur.
