2782 4134
0 3838 13 3865 ,ι’
0 3765 11 3825 -γῆψ
0 3621 8 3751 εν-ν--ᾞ

22 591 32 600 ·
50 590 185 618 opinonem
200 596 241 612 co-

23 616 98 639 dices.

1151 297 1261 334 CAP.
1293 298 1325 343 1,
1356 296 1508 334 LECT.
1539 298 1571 333 11

269 372 368 410 circa
387 372 547 408 moralia
567 379 602 408 et
623 372 721 409 circa
738 373 919 421 politica),
937 374 1179 412 diversificati
1198 384 1285 413 sunt
1300 376 1338 413 in

268 425 345 463 suis
374 424 619 474 opinionibus
648 433 685 461 et
713 433 844 462 contra
872 439 912 462 se
942 426 1120 475 invicem,
1151 437 1338 466 313011113

269 490 315 516 33
342 490 440 527 quae
470 490 572 514 nunc
592 477 769 514 dicuntur
789 479 836 515 de
856 480 1112 526 generatione.

323 531 516 568 2.Deinde
528 543 616 567 cum
628 530 731 567 dicit:
743 532 803 567 Hi
810 532 957 579 quidem
970 534 1068 569 enim
1080 534 1246 581 ipsorum
1254 542 1337 581 313.,

267 585 377 634 ponit
405 584 606 634 opiniones
630 586 650 603 ⁵
679 583 932 620 auferentium
961 586 1260 632 generationem.
1291 589 1339 624 Et

269 638 357 676 dicit
376 638 482 687 quod
501 637 659 687 quidam
678 636 924 686 antiquorum
942 638 1262 687 philosophorum
1282 648 1338 676 10-

267 691 390 729 taliter
408 691 631 728 auferebant
649 690 935 738 generationem
956 698 992 727 et
1012 692 1296 740 corruptionem
1317 705 1339 729 a

267 745 398 782 rebus:
421 744 550 781 dicunt
565 743 668 780 enim
688 743 794 792 quod
814 743 904 780 nihil
925 744 1070 781 entium
1085 743 1102 772 β
1117 745 1160 781 fit
1179 753 1242 781 aut
1258 758 1338 781 cor-

267 797 466 846 rumpitur,
482 798 549 834 sed
569 797 695 834 solum
709 796 861 834 videtur
874 797 987 834 nobis
1007 797 1149 846 aliquid
1168 798 1339 845 generari

267 858 332 888 aut
360 850 566 899 corrumpi.
592 851 641 886 Et
659 849 730 886 ista
748 850 817 887 fuit
837 850 967 900 opinio
994 851 1235 900 sequentium
1256 852 1338 887 Me-

265 903 398 941 lissum
418 911 455 940 et
473 903 757 941 Parmenidem.
788 904 898 951 Quos
921 911 1108 953 quantum
1129 903 1178 941 ad
1198 904 1339 952 aliquid

264 956 404 1004 laudat,
422 964 459 994 et
477 964 664 1004 quantum
684 956 734 993 ad
752 957 894 1006 aliquid
914 957 1168 1007 reprehendit.
1190 957 1341 995 Laudat

266 1010 423 1060 quidem
444 1017 629 1059 quantum
648 1010 697 1047 ad
720 1010 807 1057 hoe,
837 1011 943 1060 quod
971 1011 1042 1060 ipsi
1061 1011 1175 1060 primi
1198 1011 1339 1048 intelle-

265 1070 400 1101 xerunt
427 1063 531 1112 quod
560 1070 711 1112 oportet
740 1076 823 1100 esse
852 1063 997 1113 aliquas
1023 1072 1176 1102 naturas
1196 1064 1339 1112 ingeni-

266 1125 322 1154 tas
343 1124 380 1154 et
397 1116 699 1166 incorruptibiles
729 1124 765 1153 et
787 1117 1018 1155 immobiles.
1041 1118 1159 1165 Quod
1179 1118 1337 1168 quidem

237 1170 339 1220 Ι,1133
375 1169 521 1207 ratione
558 1170 653 1207 moti
689 1170 906 1219 ponebant,
941 1171 1031 1220 quia
1067 1171 1114 1208 de
1146 1171 1204 1209 his
1239 1184 1338 1220 quae

20 2997 33 3009 ⁸
46 2997 150 3020 secundo
158 3004 211 3021 ue.

266 1224 516 1269 subnotantur
532 1218 770 1272 ‘gEnerationi
790 1231 826 1261 et
846 1224 1090 1273 corruptioni,
1115 1237 1195 1262 non
1213 1232 1340 1274 potest

268 1289 350 1316 esse
380 1284 482 1314 certa
506 1277 669 1325 cognitio
696 1285 760 1314 aut
779 1277 953 1314 scientia:
974 1277 1005 1314 si
1025 1289 1118 1327 ergo
1138 1286 1194 1315 est
1212 1278 1338 1328 aliqua

267 1330 433 1379 cognitio
463 1338 565 1367 certa
593 1338 658 1367 aut
686 1331 842 1367 scientia
865 1335 892 1377 ⁷,
920 1338 1072 1379 oportet
1090 1343 1172 1368 esse
1192 1332 1338 1382 aliquas

266 1392 419 1422 naturas
447 1383 632 1432 ingenitas
656 1391 692 1420 et
715 1383 1031 1433 incorruptibiles.
1058 1385 1138 1422 Etsi
1163 1384 1265 1422 enim
1290 1387 1338 1423 de

265 1437 324 1476 his
344 1450 443 1487 quae
464 1438 604 1475 cadunt
622 1438 694 1474 sub
714 1438 958 1486 generatione
974 1445 1010 1475 et
1028 1438 1273 1487 corruptione
1292 1439 1339 1476 sit

266 1491 394 1541 aliqua
421 1491 576 1528 scientia
595 1488 620 1537 ⁸,
650 1491 725 1527 hoc
753 1503 832 1527 non
861 1498 917 1528 est
943 1491 1016 1528 nisi
1044 1491 1273 1540 inquantum
1299 1493 1338 1530 in

267 1544 321 1582 eis
346 1552 403 1582 est
427 1544 569 1594 aliquid
596 1544 806 1592 ingenitum
828 1551 864 1580 et
882 1544 1182 1594 incorruptibile,
1204 1558 1338 1583 secun-

267 1597 361 1636 dum
389 1597 716 1648 participationem
736 1597 885 1634 illarum
904 1605 1140 1646 naturarum,
1161 1612 1260 1648 quae
1280 1612 1338 1636 se-

267 1650 437 1689 cundum
465 1663 504 1687 se
534 1658 623 1687 sunt
649 1650 837 1699 ingenitae
867 1658 903 1688 et
929 1651 1248 1702 incorruptibiles:
1275 1666 1338 1690 co-

265 1711 500 1753 gnoscuntur
527 1704 630 1741 enim
659 1704 873 1742 secundum
902 1717 990 1742 suas
1019 1706 1182 1754 formas,
1213 1707 1338 1743 forma

265 1765 396 1796 autem
416 1765 472 1794 est
490 1757 690 1806 quoddam
711 1757 885 1795 divinum
905 1758 944 1796 in
963 1759 1088 1806 rebus,
1109 1759 1337 1809 inquantum

265 1819 322 1848 est
335 1810 528 1860 quaedam
542 1811 777 1861 participatio
793 1811 937 1861 primi*
949 1820 1065 1849 actus.
1077 1833 1101 1840 -
1118 1814 1338 1862 Reprehen-

265 1864 320 1902 dit
339 1872 467 1902 autem
489 1877 556 1902 eos
576 1865 796 1902 Aristoteles
824 1865 863 1902 in
891 1865 966 1902 hoc
994 1866 1113 1914 quod,
1133 1867 1224 1915 quia
1243 1867 1336 1905 nihil

265 1917 521 1968 opinabantur
549 1930 632 1955 3553
659 1926 809 1967 praeter
837 1918 1038 1966 sensibilia,
1070 1927 1106 1956 et
1123 1927 1253 1957 tamen
1282 1921 1338 1958 in-

264 1972 482 2020 telligebant
509 1971 615 2020 quod
635 1979 828 2021 oporteret
847 1984 929 2009 esse
951 1973 1139 2022 quasdam
1164 1974 1337 2012 substan-

263 2024 334 2063 tias
352 2025 537 2073 ingenitas
560 2033 597 2062 et
614 2024 934 2074 incorruptibiles,
964 2027 1233 2064 transtulerunt
1251 2033 1263 2048 ’
1292 2041 1337 2065 33

263 2090 364 2128 quae
390 2078 582 2128 pertinent
601 2078 650 2116 ad
670 2078 856 2116 rationem
881 2080 1227 2128 supernaturalium
1247 2082 1336 2118 sub-

264 2132 499 2179 stantiarum,
516 2132 566 2169 ad
580 2133 677 2169 haec
696 2132 902 2179 sensibilia;
919 2132 1086 2170 dicentes
1105 2134 1201 2171 haec
1221 2135 1337 2172 sensi-

263 2185 353 2222 bilia
373 2197 456 2222 esse
479 2185 644 2233 ingenita
664 2193 700 2222 et
718 2185 1016 2235 incorruptibilia
1036 2187 1250 2225 secundum
1269 2201 1336 2225 ve-

264 2238 434 2286 ritatem,
465 2238 636 2287 generari
665 2246 794 2276 autem
828 2246 864 2276 31
898 2240 1093 2289 corrumpi
1121 2242 1335 2279 secundum

264 2292 500 2342 opinionem.
530 2291 778 2330 Manifestum
807 2299 864 2329 est
890 2300 1020 2330 autem
1049 2294 1166 2342 quod,
1191 2295 1222 2332 si
1250 2304 1338 2333 sunt

264 2345 458 2395 quaedam
473 2346 574 2382 entia
588 2345 754 2394 ingenita
770 2353 807 2383 et
820 2345 1118 2396 incorruptibilia
1129 2356 1166 2385 et
1175 2349 1335 2386 omnino

263 2394 496 2447 immobilia,
527 2411 662 2436 eorum
702 2399 955 2436 consideratio
990 2412 1069 2437 non
1096 2403 1259 2451 pertinet
1287 2403 1336 2440 ad

262 2453 475 2490 naturalem
493 2452 792 2502 philosophiam,
814 2466 913 2502 quae
941 2461 1020 2491 tota
1039 2463 1213 2492 versatur
1237 2456 1336 2493 circa

262 2505 441 2553 mobilia3
471 2507 539 2544 sed
572 2506 693 2554 magis
725 2506 892 2557 pertinet
929 2507 979 2544 ad
1016 2508 1129 2546 aliam
1166 2509 1335 2559 priorem

261 2559 559 2609 philosophiam,
581 2572 680 2608 quae
700 2568 757 2597 est
775 2561 1048 2610 metaphysica.
1070 2562 1120 2599 Et
1137 2562 1225 2600 ideo
1246 2564 1335 2600 Par-

262 2613 438 2651 menides
475 2621 512 2650 et
539 2613 738 2661 Melissus,
773 2614 858 2651 licet
895 2623 1082 2664 quantum
1115 2617 1164 2654 ad
1192 2617 1334 2666 aliquid

262 2667 362 2704 bene
383 2667 562 2713 dicerent,
582 2674 770 2716 ponentes
789 2668 897 2716 quod
916 2677 1110 2718 oporteret
1129 2682 1212 2707 esse
1232 2670 1247 2697 ζ
1271 2671 1334 2708 ali-

264 2720 356 2770 quid
374 2720 583 2768 ingenitum
605 2727 641 2757 et
659 2720 874 2767 immobile;
897 2734 976 2759 non
995 2730 1126 2760 tamen
1146 2732 1332 2772 quantum

263 2773 313 2811 ad
339 2774 416 2811 hoc
434 2771 534 2810 bene
556 2773 743 2821 dicebant,
764 2775 871 2822 quod
895 2775 942 2812 de
963 2777 1076 2813 rebus
1101 2778 1334 2815 naturalibus

262 2839 342 2864 non
369 2826 588 2864 naturaliter
614 2827 879 2876 loquebantur,
896 2829 1142 2868 attribuentes
1171 2843 1216 2868 ea
1235 2844 1333 2880 quae

262 2889 350 2918 sunt
377 2881 674 2918 substantiarum
702 2881 971 2930 immobilium,
992 2883 1207 2921 substantiis
1227 2892 1334 2922 natu-

263 2934 420 2981 ralibus,
450 2946 550 2983 quae
579 2942 666 2972 sunt
700 2935 931 2973 substantiae
959 2937 1167 2975 sensibiles.

318 2988 352 3025 3.
373 2987 475 3026 Dicit
502 2995 630 3025 autem
657 2988 874 3038 Simplicius
902 2989 942 3026 in
970 3002 1040 3027 suo
1061 2992 1081 3012 ²²²
1111 2999 1332 3028 commento

262 3041 368 3089 quod
396 3041 616 3079 Aristoteles
653 3054 762 3079 more
790 3055 861 3079 suo
899 3044 1143 3092 reprehendit
1179 3045 1334 3082 Parme-

315 3177 340 3212 β)
356 3179 423 3204 nihil
438 3179 651 3205 entium.—nihi1
663 3181 694 3210 Α,
714 3181 780 3206 nihil
792 3181 913 3214 genitum
926 3183 979 3214 pB;
999 3183 1030 3207 cf.
1050 3184 1200 3209 text.-Pro
1216 3185 1252 3209 Et
1265 3185 1331 3214 ista,

262 3214 317 3239 Sed
336 3214 396 3245 ista,
416 3215 460 3239 PG
466 3222 473 3245 ς
493 3223 542 3247 pro
561 3216 734 3248 sequentium,
750 3218 821 3249 quod
842 3218 894 3250 leg.
909 3218 983 3242 codd.
999 3223 1024 3243 et
1043 3219 1084 3244 ed.
1100 3219 1175 3250 1516,
1192 3227 1332 3253 assequen-

262 3249 329 3275 tium
347 3250 381 3279 P:
404 3250 591 3276 Parmenidem
615 3252 638 3276 Α
660 3253 803 3284 corrumpit
822 3253 848 3277 in
867 3260 920 3284 per
943 3253 1121 3280 meridiem.-
1136 3255 1199 3280 Post
1220 3256 1331 3280 Parme-

261 3285 350 3310 nidem
369 3286 414 3310 PG
436 3291 548 3318 pei-gunt
571 3287 644 3316 Quos
668 3291 798 3319 quantum
825 3288 862 3313 ad
886 3288 991 3321 aliquid
1014 3290 1110 3315 laudat
1128 3291 1165 3315 ad
1185 3291 1234 3316 hoc
1260 3292 1332 3323 quod

261 3320 314 3352 ipsi
331 3321 418 3353 primi
431 3326 480 3346 etc.
485 3330 494 3353 ;
513 3321 612 3347 homot.
632 3323 728 3348 laudat
742 3326 769 3348 et
782 3327 911 3356 quantum
925 3325 963 3349 ad
982 3325 1086 3358 aliquid
1103 3334 1156 3351 om.
1172 3327 1258 3359 ABpE
1273 3327 1331 3352 Par.

262 3361 287 3380 et
305 3356 391 3382 Oxon.
641 3363 643 3366 ·

314 3391 341 3425 γ)
360 3392 384 3416 si
397 3399 494 3425 ergo...
513 3395 562 3416 aut
579 3392 791 3419 scientim-Hoc
804 3402 858 3419 om.
877 3395 897 3419 P
917 3400 943 3420 et
961 3396 1036 3420 codd.
1053 3404 1106 3421 exc.
1119 3398 1150 3428 A,
1165 3397 1283 3429 quamvis
1299 3396 1332 3420 sit

261 3427 440 3452 conditionalis
455 3435 523 3460 quae
537 3428 569 3452 ad
587 3428 759 3461 integritatem
777 3430 920 3463 argumenti
936 3433 1060 3464 pertinet;
1078 3438 1108 3457 ut
1121 3432 1224 3464 phrasis
1239 3432 1330 3456 cohae-

261 3467 324 3491 reat.
339 3462 358 3486 P
373 3470 452 3495 supra
470 3470 518 3495 pro
535 3463 632 3495 quia...
646 3471 697 3489 non
714 3468 812 3497 potest,
833 3466 895 3498 legit
906 3468 969 3499 quia
987 3475 1080 3492 cum...
1097 3475 1148 3492 non
1162 3468 1259 3499 possit.

314 3496 339 3530 ὃ)
354 3497 416 3523 Etsi
428 3497 531 3523 enim...
543 3498 635 3531 aliqua
648 3499 795 3526 sct‘entia.-
804 3501 855 3526 Pro
866 3502 933 3531 Etsi,
945 3503 977 3527 Si
986 3503 1019 3534 P3
1033 3511 1080 3536 pro
1094 3503 1193 3534 aliqua,
1206 3502 1330 3534 aliqualis

262 3533 337 3558 codd.
354 3541 408 3558 exc.
417 3534 475 3558 Α.-
486 3533 538 3558 Ρ10
554 3534 711 3567 inquantum
756 3537 867 3569 aliquid,
884 3542 1013 3570 quantum
1057 3538 1167 3570 aliquod
1184 3538 1212 3561 P.

314 3568 336 3601 ε)
356 3569 439 3601 quod,
459 3569 522 3601 quia
541 3569 607 3594 nihil
625 3571 839 3602 opinabantur..
859 3574 1089 3598 transtulerunt.-
1099 3573 1170 3604 quod
1189 3572 1255 3597 nihil
1273 3572 1329 3604 opi-

262 3603 429 3629 nabantur...
447 3607 474 3629 et
492 3605 690 3632 transtulerunt
707 3607 737 3632 P.

2384 300 2458 337 233

1393 375 1524 413 nidem
1553 383 1590 413 et
1619 375 1830 422 Melissum,
1862 376 2073 413 secundum
2104 389 2148 413 ea
2178 390 2275 426 quae
2303 379 2464 415 exterius

1394 441 1439 465 ex
1460 442 1595 466 eorum
1614 429 1742 466 verbis
1762 430 2009 478 apparebant,
2030 442 2077 466 ne
2099 430 2224 478 aliqui,
2246 432 2463 479 superficia-

1392 482 1474 519 liter
1502 483 1760 532 intelligentes,
1784 483 2067 532 deciperentur:
2099 484 2310 523 secundum
2335 493 2463 521 autem

1394 536 1446 572 rei
1466 536 1678 584 veritatem,
1699 537 1857 573 intentio
1882 537 2023 573 horum
2043 537 2361 586 philosophorum
2388 546 2465 574 erat

1393 590 1498 636 quod
1527 589 1652 638 ipsum
1683 602 1763 636 ens,
1793 590 1898 638 quod
1927 590 2065 627 scilicet
2093 599 2148 627 est
2168 603 2237 639 per
2261 591 2464 628 essentiam

1393 654 1515 688 suam,
1547 650 1603 679 est
1630 643 1839 691 ingenitum
1869 650 1905 679 et
1927 643 2210 693 incorruptibile
2240 651 2275 680 et
2303 644 2463 681 omnino

1393 693 1603 732 immobile.
1627 696 1744 742 Quod
1763 703 1892 732 autem
1914 697 2090 734 dicebant
2113 697 2399 745 generationem
2430 705 2465 734 et

1395 748 1678 796 corruptionem
1690 749 1709 770 *
1721 749 1759 785 in
1774 750 1888 786 rebus
1904 762 1986 787 esse
2002 751 2215 788 secundum
2227 750 2462 799 opinionem,

1394 807 1429 835 et
1457 812 1536 836 non
1570 802 1782 839 secundum
1810 803 2025 849 veritatem,
2055 805 2130 840 hoc
2158 804 2245 841 ideo
2276 804 2462 851 dicebant,

1394 852 1482 900 quia
1502 853 1755 901 opinabantur
1774 857 1878 904 quod
1906 857 2106 904 sensibilia,
2128 857 2166 894 in
2191 857 2329 906 quibus
2357 857 2463 894 inve—

1393 905 1493 941 nitur
1511 907 1702 953 generatio
1725 916 1760 944 et
1780 910 1982 958 corruptio,
2004 923 2082 947 non
2101 918 2188 947 sunt
2205 923 2296 948 vere
2314 912 2334 932 ⁹⁵
2351 910 2462 960 entia,

1394 958 1461 995 sed
1490 960 1615 996 solum
1644 961 1857 998 secundum
1887 963 2121 1011 opinionem.

1446 1023 1483 1058 4.
1505 1012 1653 1049 Deinde
1675 1026 1762 1050 cum
1784 1015 1890 1052 dicit:
1920 1017 2042 1053 Alteri
2058 1023 2182 1054 autem
2203 1017 2356 1066 quidam
2377 1024 2460 1064 etc.,

1392 1065 1500 1112 ponit
1525 1066 1749 1114 opinionem
1770 1068 2054 1106 attribuentium
2074 1071 2359 1118 generationem
2381 1083 2462 1107 cor-

1391 1118 1569 1167 poribus:
1600 1128 1637 1156 et
1663 1120 1771 1168 ponit
1799 1128 1872 1157 tres
1906 1122 2115 1170 opiniones.
2153 1125 2201 1160 Et
2235 1124 2323 1161 dicit
2357 1123 2463 1173 quod

1391 1171 1549 1220 quidam
1570 1172 1630 1209 alii
1650 1174 1842 1211 habebant
1862 1176 2088 1213 contrariam
2110 1177 2332 1225 opinionem
2352 1190 2460 1226 prae-

1393 1225 1512 1271 dictis,
1534 1238 1578 1262 ac
1598 1226 1628 1262 si
1648 1226 1815 1263 studiose
1845 1227 2080 1266 intenderent
2107 1230 2159 1267 eis
2189 1231 2459 1268 contradicere.

1392 1278 1563 1325 Quidam
1593 1279 1694 1316 enim
1724 1280 1853 1316 dicunt
1880 1282 1985 1330 quod
2011 1284 2112 1320 nulla
2132 1295 2190 1320 res
2211 1292 2266 1321 est
2285 1284 2459 1332 ingenita,

1391 1333 1459 1370 sed
1486 1332 1616 1369 omnia
1645 1341 1891 1380 generantur:
1923 1347 2056 1372 eorum
2078 1344 2206 1373 tamen
2232 1349 2329 1386 quae
2349 1350 2461 1385 gene-

1393 1393 1532 1432 rantur,
1555 1387 1746 1434 quaedam
1764 1396 1991 1435 permanent
2018 1389 2324 1439 incorruptibilia,
2346 1403 2461 1439 quae-

1392 1439 1482 1476 dam
1499 1446 1627 1476 autem
1640 1449 1945 1489 corrumpuntur.
1960 1443 2007 1479 Et
2022 1443 2096 1479 hoc
2111 1444 2277 1480 maxime
2290 1444 2463 1481 dixerunt

1392 1500 1596 1530 sectatores
1627 1493 1806 1541 Hesiodi,
1836 1495 1900 1543 qui
1929 1495 1996 1532 fuit
2023 1509 2122 1533 unus
2148 1497 2195 1533 de
2215 1497 2423 1545 Theologis
2442 1498 2462 1519 ³²

1392 1546 1540 1593 Poetis,
1571 1546 1636 1594 qui
1666 1546 1795 1583 divina
1823 1548 1893 1584 sub
1922 1550 2149 1596 tegumentis
2170 1551 2189 1571 *
2218 1551 2460 1599 quarundam
2489 1565 2500 1575 ·

1391 1599 1607 1636 fabularum
1626 1600 1870 1638 tradiderunt.
1898 1602 2008 1639 Unde
2030 1603 2221 1640 Hesiodus
2242 1603 2375 1640 dicitur
2392 1617 2461 1653 po-

1392 1653 1511 1690 suisse
1533 1653 1645 1690 etiam
1666 1654 1793 1700 chaos,
1811 1667 1856 1690 ex
1876 1667 1952 1704 quo
1974 1656 2104 1693 omnia
2123 1665 2361 1704 generantur,
2379 1670 2460 1694 esse

1391 1714 1626 1754 generatum.
1645 1707 1774 1744 Omne
1794 1716 1922 1745 autem
1942 1718 2163 1757 generatum
2184 1711 2232 1747 ab
2253 1711 2378 1759 aliquo
2399 1723 2461 1758 ge-

1391 1768 1549 1797 nerante
1577 1768 1797 1808 generatur:
1828 1762 1929 1799 unde
1956 1763 2096 1800 dabant
2123 1764 2327 1812 intelligere
2348 1777 2462 1813 super

1393 1813 1523 1850 omnia
1539 1814 1608 1851 ista
1628 1827 1712 1851 esse
1733 1815 1928 1863 quandam
1950 1829 2104 1854 causam
2125 1818 2301 1866 primam,
2323 1818 2462 1854 scilicet

1392 1867 1624 1904 intellectum
1645 1875 1681 1904 et
1701 1867 1936 1906 divinitatem
1955 1875 1981 1915 ⁷¹,
2003 1883 2025 1906 a
2050 1883 2126 1918 qua
2154 1871 2282 1908 omnia
2309 1883 2462 1920 proces-

1392 1929 1532 1958 serunt.
1550 1922 1599 1958 Et
1613 1921 1835 1959 huiusmodi
1853 1935 2078 1971 processum
2094 1936 2116 1960 a
2131 1924 2256 1973 primo
2275 1924 2461 1974 principio

1391 1974 1677 2023 generationem
1704 1976 1907 2013 vocabant.

1450 2030 1482 2066 5.
1514 2027 1734 2066 Secundam
1768 2029 1991 2078 opinionem
2020 2030 2127 2079 ponit
2156 2031 2227 2068 ibi:
2256 2031 2402 2068 Deinde
2429 2037 2464 2068 et

1391 2082 1555 2120 aliorum
1577 2090 1646 2119 etc.
1677 2083 1726 2118 Et
1746 2082 1834 2119 dicit
1853 2083 1958 2132 quod
1977 2091 2064 2132 post
2082 2084 2295 2132 praedictos
2315 2092 2460 2133 poetas,

1391 2135 1488 2172 inter
1515 2136 1609 2172 alios
1629 2133 1653 2182 ⁰,
1684 2135 1750 2183 qui
1767 2136 1942 2184 primitus
1964 2137 2010 2173 de
2032 2145 2166 2174 natura
2195 2146 2460 2185 tractaverunt,

1392 2189 1550 2238 quidam
1579 2188 1754 2226 dixerunt
1782 2190 1888 2239 quod
1917 2190 2048 2227 omnia
2076 2190 2147 2227 alia
2171 2200 2398 2239 generantur
2427 2199 2463 2228 et

1391 2250 1479 2280 sunt
1498 2242 1536 2280 in
1556 2242 1737 2279 continuo
1759 2243 1881 2290 fluxu,
1903 2244 1952 2280 ita
1973 2244 2078 2293 quod
2097 2245 2188 2281 nihil
2208 2245 2246 2281 in
2267 2245 2319 2282 eis
2345 2253 2399 2281 est
2417 2245 2461 2281 fi-

1389 2309 1483 2333 xum
1504 2303 1541 2333 et
1558 2308 1802 2345 permanens,
1822 2305 1972 2345 praeter
1992 2310 2125 2344 unum,
2147 2299 2338 2335 materiale
2368 2298 2461 2335 scili-

1392 2358 1450 2387 cet
1467 2349 1715 2399 principium,
1737 2351 1843 2399 quod
1863 2350 2028 2387 subsistit
2048 2351 2227 2388 omnibus
2247 2364 2345 2400 quae
2365 2352 2462 2388 fiunt

1391 2411 1428 2440 et
1456 2410 1764 2452 corrumpuntur.
1796 2405 1844 2440 Et
1863 2404 1937 2440 hoc
1957 2404 2059 2441 idern
2082 2405 2254 2441 dixerunt
2273 2405 2380 2442 multi
2401 2405 2461 2441 alii

1389 2457 1627 2506 philosophi:
1657 2457 1753 2494 sicut
1780 2458 1946 2504 Thales,
1978 2458 2041 2506 qui
2069 2458 2196 2506 posuit
2222 2459 2297 2495 hoc
2324 2458 2461 2507 princi-

1390 2510 1497 2560 pium
1536 2522 1620 2548 esse
1657 2523 1820 2560 aquam3
1854 2511 2113 2548 Anaximenes
2141 2519 2269 2549 autern
2308 2525 2458 2558 aerem;

1389 2563 1678 2601 Anaximander
1697 2572 1826 2601 autem
1846 2565 2017 2601 medium
2039 2565 2135 2602 inter
2154 2574 2369 2613 utrumque,
2391 2567 2460 2602 sci-

1389 2618 1476 2654 licet
1488 2630 1678 2666 vaporem
1697 2625 1721 2662 ‘3
1744 2618 1955 2655 Heraclitus
1975 2626 2102 2655 autem
2124 2619 2313 2668 Ephesius
2332 2619 2459 2667 ignem

1390 2671 1454 2718 (de
1474 2684 1552 2720 quo
1573 2671 1784 2720 specialiter
1802 2671 2040 2720 mentionem
2057 2672 2154 2720 facit,
2171 2673 2259 2721 quia
2278 2673 2357 2721 ipse
2378 2685 2457 2710 ma-

1389 2725 1444 2773 gis
1473 2726 1667 2762 asserebat
1695 2725 1823 2762 omnia
1853 2737 1934 2762 esse
1962 2726 2001 2762 in
2030 2726 2210 2763 continuo
2240 2726 2372 2773 fluxu).

1444 2779 1479 2815 6.
1511 2779 1682 2815 Tertiam
1717 2778 1940 2827 opinionem
1971 2779 2079 2828 ponit
2107 2779 2175 2816 ibi:
2206 2781 2302 2816 Sunt
2332 2786 2456 2816 autem

1389 2833 1542 2881 quidam
1572 2840 1641 2869 etc.
1672 2833 1721 2868 Et
1750 2831 1837 2869 dicit
1864 2832 1969 2881 quod
1998 2833 2153 2880 quidam
2179 2841 2274 2879 sunt,
2305 2833 2368 2882 qui
2387 2846 2455 2882 po-

1389 2893 1545 2922 suerunt
1564 2892 1577 2906 ³³
1597 2898 1714 2922 omne
1743 2898 1882 2934 corpus
1912 2898 1994 2922 esse
2019 2886 2249 2933 generabile3
2280 2886 2368 2934 quia
2386 2899 2455 2934 po-

1389 2946 1484 2976 nunt
1513 2939 1618 2987 quod
1648 2938 1778 2975 omnia
1808 2951 1969 2987 corpora
2005 2946 2288 2987 componuntur
2322 2952 2365 2975 ex
2394 2952 2454 2976 su-

1387 2992 1628 3041 perficiebus,
1659 3000 1696 3029 et
1723 2992 1860 3028 iterum
1889 2992 2129 3029 resolvuntur
2156 2992 2194 3028 in
2222 2992 2453 3040 superficies.

1388 3047 1438 3082 Et
1464 3047 1559 3082 haec
1588 3045 1655 3082 fuit
1683 3045 1813 3094 opinio
1842 3044 2020 3094 Platonis.

1440 3185 1464 3218 ζ)
1484 3185 1556 3217 quod
1574 3187 1711 3216 oporteret
1729 3191 1792 3208 esse.
1810 3196 1828 3201 —
1846 3187 1970 3215 oportere
1988 3190 2044 3208 esse
2057 3183 2127 3208 AEG
2147 3189 2172 3207 et
2191 3184 2257 3213 Par„
2279 3185 2349 3216 quod
2368 3186 2411 3209 BF
2430 3191 2456 3211 et

1387 3221 1471 3246 Oxon.
1487 3225 1656 3252 corrumpunt
1676 3220 1701 3243 in
1719 3219 1935 3250 compositionem
1948 3226 2011 3243 esse.
2021 3232 2040 3237 ο
2052 3222 2078 3243 et
2097 3224 2155 3243 ante
2174 3219 2306 3244 immobile
2320 3227 2374 3245 om.
2388 3221 2418 3246 P.

1440 3256 1466 3287 η)
1493 3263 1573 3287 super
1597 3255 1718 3279 omnia...
1741 3258 1767 3278 et
1791 3254 1966 3278 divinitatem.
1983 3267 2003 3272 -
2025 3254 2096 3286 quod
2119 3261 2200 3285 super
2224 3255 2313 3279 omnia
2339 3256 2391 3280 ista
2415 3260 2455 3281 est

1386 3291 1517 3323 quaedam
1536 3298 1617 3315 causa
1632 3290 1732 3321 prima,
1752 3296 1835 3320 supra
1854 3289 2012 3314 intellectum
2029 3294 2054 3314 et
2069 3290 2277 3315 nominationem
2297 3291 2380 3322 codd.,
2400 3300 2454 3318 exc.

1386 3327 1457 3359 quod
1472 3327 1530 3350 Par.
1545 3325 1621 3350 habet
1639 3332 1719 3356 super
1733 3325 1822 3348 omnia
1835 3325 1887 3349 ista
1901 3332 1964 3349 esse.
1978 3339 1996 3343 -
2010 3325 2067 3349 Lin.
2083 3332 2137 3357 seq.
2154 3333 2201 3357 pro
2212 3333 2375 3357 processum,
2386 3335 2453 3359 pro-

1385 3369 1485 3386 cessum
1506 3368 1596 3385 rerum
1616 3361 1658 3384 BF
1678 3366 1703 3384 et
1722 3360 1806 3383 Oxon.

1439 3395 1462 3427 0)
1483 3396 1553 3420 inter
1577 3395 1651 3425 alios,
1674 3395 1726 3426 qui.
1740 3408 1759 3413 —
1777 3395 1823 3426 qui
1842 3395 1911 3419 inter
1930 3395 1997 3420 alios
2017 3395 2044 3426 P,
2059 3396 2118 3428 quia
2137 3397 2177 3421 ed.
2201 3395 2266 3420 1516
2285 3405 2345 3422 cum
2363 3398 2453 3431 AEpG

1385 3437 1410 3456 et
1429 3432 1486 3455 Par.
1506 3439 1558 3455 orn.
1575 3430 1635 3463 [μὴ
1655 3430 1686 3454 cf.
1705 3434 1812 3454 textum.

1439 3467 1457 3498 ι)
1478 3466 1592 3490 medium
1608 3466 1678 3490 inter
1691 3469 1839 3497 utrumque,
1859 3466 1958 3490 scilicet
1977 3473 2138 3498 vaporem.-
2151 3467 2221 3492 inter
2241 3470 2381 3500 utrumque
2399 3476 2452 3494 me-

1384 3502 1472 3530 dium,
1491 3501 1590 3526 scilicet
1609 3508 1734 3532 vaporem
1755 3501 1788 3531 P;
1809 3501 1849 3525 ed.
1869 3500 1942 3531 1516,
1962 3501 2008 3526 EG
2027 3507 2052 3526 et
2071 3502 2127 3527 Par.
2146 3511 2200 3527 om.
2219 3503 2344 3528 medium.

1437 3536 1462 3568 κ)
1483 3536 1591 3568 quidam
1611 3539 1681 3566 sunt,
1701 3536 1746 3568 qui
1759 3540 1917 3568 posuerunt.
1931 3550 1950 3555 -
1968 3537 2077 3569 quidam
2092 3541 2243 3569 posuerunt
2266 3539 2323 3569 PE,
2343 3539 2451 3571 quidam

1384 3572 1516 3596 dixerunt
1535 3565 1678 3596 G.—’omne
1695 3578 1792 3603 corpus
1811 3579 1866 3596 esse
1883 3573 2034 3604 generabile
2052 3573 2115 3605 quia
2130 3577 2249 3605 ponunt,
2269 3575 2340 3606 quod
2358 3574 2450 3599 homo-

1383 3608 1481 3631 teleuto
1501 3607 1653 3639 aequivalet,
1673 3615 1726 3632 om.
1746 3607 1836 3632 PAEG
1855 3612 1880 3632 et
1899 3608 1970 3639 Par.;
1990 3608 2021 3633 cf.
2040 3614 2148 3634 textum.

1010 3658 1703 3684 ——-—§—*—--—

404 3701 473 3734 Opp.
493 3702 524 3726 D.
539 3702 654 3727 Tnonmr:
674 3703 705 3727 T.
725 3704 764 3728 111.

2238 3707 2268 3731 30

2491 758 2501 768 ⁸
2525 759 2549 777 et
2570 758 2705 784 corruptio-

2491 789 2542 804 nem
2551 790 2598 805 om.
2607 790 2630 809 P:
2638 791 2652 805 A
2660 784 2702 805 lac.

2491 922 2501 931 ⁸
2517 927 2574 943 vera
2589 928 2610 943 P.

2490 1511 2500 1522 ⁸¹
2515 1512 2653 1540 theologicis
2667 1519 2688 1534 Ρ.

2523 1564 2654 1587 inte-rumen
2658 1566 2688 1587 tis

2488 1597 2518 1612 AG
2533 1596 2554 1613 et
2570 1581 2619 1613 Par.
