2782 4134
67 420 79 432 ⁸
89 419 205 447 contingit
213 425 235 446 P,
245 420 283 440 est

68 453 90 468 A.

69 518 78 526 ·
94 516 246 537 rumorosilas
258 522 281 543 A,

69 543 194 564 minoritas
208 547 253 564 cet.

70 838 80 849 ⁶
95 837 193 865 aliquod
206 844 227 859 Ρ.

68 890 80 901 ⁸
94 890 154 912 idem
168 896 189 912 P.

69 1102 77 1111 ·
92 1101 124 1122 Et
137 1107 184 1122 om.
196 1107 217 1122 P.

69 1369 80 1380 ⁸
95 1370 176 1390 terrae
185 1375 232 1390 om.
243 1375 279 1389 pc.

308 285 386 320 224

307 353 434 389 minus
454 364 569 426 grave
588 350 775 400 pertingat
802 351 850 388 ad
874 349 1057 388 medium.
1089 348 1167 385 Sed
1193 349 1269 384 hoc
1297 359 1374 384 non

309 405 523 443 convenit*
542 404 754 442 secundum
773 404 1021 440 intentionem
1039 401 1264 438 Aristotelis:
1286 400 1375 458 quia

307 458 499 508 praedicta
516 457 706 506 positione
734 458 842 504 facta,
864 457 990 493 adhuc
1015 453 1224 491 remanebit
1252 453 1375 489 maior

310 511 496 560 quantitas
517 512 537 532 ²¹²
556 523 690 548 versus
718 522 836 547 unam
864 517 1012 558 partem
1032 515 1164 553 terrae,
1186 506 1234 542 ad
1255 518 1373 554 quarn

308 565 436 613 plures
454 571 580 612 partes
600 570 840 600 concurrunt.
863 562 946 598 Alio
976 560 1095 597 modo
1124 566 1250 608 potest
1267 559 1373 595 intel-

309 617 370 665 ligi
400 629 515 665 usque
542 617 593 653 ad
618 618 699 662 hoc,
728 616 824 653 idest
852 625 1052 663 quousque
1081 613 1209 662 ipsum
1234 624 1373 671 corpus

309 670 461 718 gravius
490 670 643 717 attingat
676 668 858 705 medium.
898 668 946 703 Et
978 667 1053 703 hoc
1086 665 1373 702 convenientius

310 723 459 760 dicitur:
489 723 577 771 quia
608 721 912 769 unumquodque
947 732 1085 768 corpus
1118 731 1233 767 grave
1267 727 1372 755 natu-

310 776 434 813 raliter
466 775 584 812 tendit
616 775 665 811 ad
692 775 767 810 hoc
800 781 840 810 ut
868 773 994 822 ipsum
1024 773 1074 810 sitv
1098 773 1137 809 in
1165 785 1235 809 suo
1264 772 1371 818 loco,

310 841 389 866 non
417 836 544 865 autem
574 828 622 864 ad
650 828 724 863 1106
758 826 863 875 quod
896 826 1037 875 aliquid
1061 827 1080 847 *
1106 825 1207 863 aliud
1236 825 1274 862 in
1302 838 1372 862 suo

308 882 394 918 loco
424 888 615 918 statuatur.
637 881 685 916 Et
703 879 791 916 inde
811 881 830 900 '¹‘
851 887 906 916 est
925 879 1029 928 quod
1050 891 1188 928 corpus
1207 879 1372 927 gravius,

309 935 359 972 ad
386 935 460 970 1106
485 933 590 981 quod
618 933 742 981 ipsum
771 933 892 980 magis
921 932 1202 982 appropinquet
1230 932 1371 978 medio,

309 987 451 1036 repellit
477 999 547 1035 per
564 985 785 1022 violentiam
806 998 945 1034 corpus
965 985 1091 1022 minus
1116 997 1230 1033 grave
1251 997 1273 1021 a
1293 997 1373 1021 me-

311 1040 394 1086 dio;
430 1039 523 1076 sicut
554 1046 656 1087 patet
691 1039 738 1076 de
775 1039 900 1088 lapide
932 1039 1103 1088 proiecto
1138 1039 1176 1075 in
1210 1050 1372 1086 aquam,

309 1093 374 1141 qui
403 1092 546 1141 repellit
565 1104 707 1139 aquam
732 1104 754 1128 a
775 1099 950 1129 contactu
978 1099 1110 1129 terrae.
1132 1093 1181 1128 Et
1202 1093 1221 1112 ²²²
1241 1104 1374 1128 secun-

309 1146 402 1183 dum
421 1146 496 1181 hoc
514 1145 687 1193 procedit
715 1145 808 1182 ratio
836 1145 1062 1182 Aristotelis:
1083 1157 1173 1182 nam
1192 1145 1222 1182 si
1241 1157 1374 1182 versus

307 1211 424 1235 unam
453 1205 600 1246 partem
628 1205 749 1235 terrae
779 1198 823 1235 sit
851 1199 974 1235 maior
992 1198 1198 1248 quantitas,
1224 1199 1272 1236 ad
1300 1199 1376 1235 hoc

308 1251 411 1300 quod
432 1251 513 1300 ipsa
532 1251 650 1299 magis
671 1251 953 1300 appropinquet
972 1251 1115 1299 medio,
1137 1251 1288 1301 depellit
1306 1251 1374 1288 mi-

307 1316 442 1341 norem
461 1311 608 1352 partem
631 1316 700 1353 per
717 1304 939 1341 violentiam
960 1318 982 1341 a
1002 1305 1142 1350 medio,
1173 1317 1375 1354 quousque

308 1358 465 1406 aequale
484 1358 637 1406 pondus
658 1369 703 1394 ex
723 1358 830 1394 omni
848 1365 955 1406 parte
975 1365 1096 1394 terrae
1115 1358 1134 1379 *
1147 1358 1373 1395 inveniatur.

362 1412 397 1447 6.
428 1410 646 1447 Secundam
676 1410 937 1448 obviationem
966 1411 1129 1447 excludit
1155 1411 1228 1448 ibi:
1268 1411 1378 1453 Quod

308 1464 406 1500 enim
437 1464 560 1512 utique
589 1471 656 1500 etc.
684 1465 733 1500 Et
759 1464 883 1512 primo
911 1464 1019 1513 ponit
1047 1464 1170 1513 ipsam
1191 1464 1375 1502 obviatio-

308 1529 419 1562 nem;
455 1529 500 1553 eo
529 1517 656 1565 quod,
691 1517 786 1554 sicut
813 1517 893 1566 ipse
924 1517 1028 1565 dicit,
1064 1518 1227 1555 eandem
1261 1518 1377 1555 habet

308 1570 538 1606 solutionem
568 1582 655 1607 cum
681 1571 739 1607 his
768 1583 866 1620 quae
896 1570 993 1607 dicta
1021 1578 1118 1608 sunt.
1150 1572 1218 1608 Est
1246 1579 1374 1608 autem

310 1623 490 1660 dubitatio
528 1623 621 1660 talis.
662 1624 858 1660 Ponamus
896 1623 1002 1672 quod
1038 1631 1137 1660 terra
1175 1624 1306 1661 existat
1338 1624 1376 1661 in

309 1676 455 1723 medio,
486 1683 521 1712 et
549 1676 654 1723 quod
683 1676 728 1713 sit
756 1676 975 1726 sphaericae
1005 1677 1170 1725 figurae,
1205 1685 1241 1714 et
1270 1677 1376 1725 quod

308 1741 442 1766 versus
474 1741 596 1765 unum
629 1729 955 1778 hemisphaerium
988 1737 1108 1767 terrae
1143 1743 1377 1779 superappo-

309 1789 419 1818 natur
439 1779 452 1803 ⁸
471 1782 587 1819 multo
607 1783 733 1819 maior
760 1783 945 1832 quantitas
975 1795 1091 1831 quam
1112 1796 1157 1820 ex
1177 1783 1248 1820 alia
1269 1791 1375 1832 parte

310 1836 429 1883 (quod
453 1835 609 1883 quidem
631 1836 717 1872 dicit
745 1836 793 1873 ad
813 1835 1095 1873 excludendum
1120 1836 1375 1874 obiectionem

311 1900 407 1937 quae
435 1896 566 1936 posset
592 1889 675 1925 fieri
704 1889 751 1926 de
780 1889 990 1936 montibus,
1020 1889 1084 1938 qui
1110 1889 1290 1927 videntur
1317 1903 1377 1927 su-

310 1941 546 1990 pereminere
579 1941 659 1979 aliis
691 1942 860 1991 partibus
888 1950 1031 1979 terrae:
1065 1955 1155 1980 nam
1190 1943 1377 1992 quantitas

311 1994 500 2031 montium
542 1995 631 2031 nihil
662 2004 717 2032 est
743 2001 754 2016 ‘
790 1996 829 2032 in
858 1995 1143 2044 comparatione
1181 1996 1231 2033 ad
1259 2004 1378 2033 totam

312 2047 558 2096 quantitatem
586 2055 724 2095 terrae,
755 2048 850 2085 sicut
868 2049 898 2086 si
919 2048 1018 2098 pilus
1047 2057 1304 2098 apponeretur
1332 2062 1377 2086 ex

310 2113 387 2137 una
414 2108 521 2149 parte
551 2102 735 2150 sphaerae
762 2104 952 2150 cupreae).
982 2103 1082 2139 Dato
1112 2110 1239 2139 autem
1272 2103 1377 2151 quod

310 2160 457 2190 tantum
475 2153 534 2190 de
563 2167 723 2204 corpore
755 2155 861 2203 gravi
893 2155 1212 2204 superadderetur
1242 2168 1377 2194 versus

309 2219 427 2243 unam
459 2214 630 2255 partem,
664 2208 769 2256 quod
800 2209 958 2245 haberet
990 2208 1198 2245 notabilem
1231 2210 1377 2258 quanti-

309 2267 424 2296 tatem
445 2268 619 2309 respectu
639 2261 753 2298 totius
774 2269 906 2309 terrae,
933 2269 1154 2310 sequeretur
1173 2262 1278 2310 quod
1298 2275 1376 2300 non

311 2320 408 2349 esset
427 2313 529 2349 idem
550 2313 721 2350 medium
749 2315 883 2352 mundi
911 2315 1025 2352 totius
1052 2322 1087 2351 et
1110 2322 1242 2352 terrae.
1265 2316 1376 2353 Unde

310 2374 531 2415 sequeretur
567 2367 673 2414 quod
709 2368 771 2404 vel
809 2381 888 2405 non
917 2368 1126 2417 quiesceret
1153 2369 1190 2405 in
1223 2369 1374 2415 medio;

309 2419 371 2456 vel
400 2418 430 2455 si
459 2419 686 2468 quiesceret,
718 2420 831 2458 etiam
863 2434 942 2458 non
970 2421 1009 2459 in
1038 2422 1167 2459 medio
1198 2422 1375 2469 existens,

311 2472 423 2509 etiam
443 2485 544 2509 nunc
565 2474 719 2521 quando
741 2482 795 2510 est
817 2474 855 2511 in
875 2474 1018 2522 medio,
1040 2475 1086 2512 sit
1105 2483 1193 2512 nata
1212 2475 1373 2513 moveri.

311 2526 417 2562 Haec
444 2525 553 2573 igitur
582 2534 636 2563 est
664 2527 859 2564 dubitatio.

363 2591 399 2627 7.
430 2579 606 2616 Secundo
635 2580 743 2628 ponit
770 2580 1013 2628 solutionem,
1043 2580 1112 2618 ibi:
1149 2581 1282 2618 Videre
1310 2594 1377 2619 au-

368 2735 392 2769 δ)
412 2740 653 2768 superapponatur.
662 2745 794 2769 -semper
807 2742 961 2770 apponatur
975 2739 1004 2769 P,
1017 2741 1170 2771 apponatur
1183 2739 1215 2765 A.
1224 2753 1245 2758 —
1254 2739 1310 2764 Lin.
1322 2747 1377 2772 seq.

313 2779 359 2804 pro
378 2772 415 2796 ad
433 2772 636 2802 excludendum,
656 2773 825 2798 excludendo
844 2774 919 2798 codd.
934 2779 960 2798 et
979 2774 1018 2798 ed.
1038 2773 1113 2799 1516.

364 2808 385 2839 ε)
405 2807 471 2832 nihil
489 2811 536 2832 est.
546 2821 565 2826 -
579 2808 656 2840 quasi
669 2809 735 2833 nihil
749 2811 788 2834 est
807 2810 867 2834 A.—·
879 2809 942 2834 Post
962 2817 1042 2834 unam
1060 2810 1105 2834 lin.
1120 2817 1168 2842 pro
1186 2810 1317 2842 sphaerae
1330 2817 1376 2836 cu-

306 2849 397 2875 preae,
417 2843 545 2874 sphaerae
563 2851 706 2875 corporeae
725 2844 753 2872 Ρ.
772 2845 868 2876 capitis
887 2845 934 2870 sG.

363 2877 388 2911 ζ)
409 2878 519 2911 dignum
540 2879 697 2904 ducimusn-
711 2879 823 2912 dignum
843 2880 956 2905 dicimus
974 2881 1034 2910 ΑΕ,
1054 2881 1166 2913 dignum
1186 2881 1315 2906 duximus
1330 2881 1373 2906 BC

311 2913 397 2946 Fp1.-
378 2913 457 2938 —AG
471 2914 548 2946 paulo
563 2914 626 2939 infra
640 2923 693 2940 om.
708 2915 906 2948 Manifestum..
911 2916 1043 2941 ‚medium
1059 2916 1154 2941 mundi
1167 2916 1374 2948 homoteleuton,

311 2949 336 2972 in
355 2956 407 2981 quo
426 2957 473 2981 pro
493 2949 569 2979 enim,
590 2950 682 2982 igitur,
702 2955 728 2974 et
745 2959 793 2984 pro
804 2952 921 2984 seretur,
936 2951 1048 2985 seratur
1066 2952 1093 2976 Ρ.

363 2985 390 3016 η)
404 2984 429 3009 in
445 2985 582 3009 mundo.-
563 2985 620 3009 -in
635 2986 721 3011 medio
736 2986 755 3010 P
776 2991 801 3011 et
815 2987 890 3011 codd.
909 2995 963 3011 exc.
982 2988 1014 3012 A.
1027 3001 1047 3006 -
1060 2988 1116 3012 Lin.
1136 2995 1192 3020 seq.
1211 2995 1260 3020 pro
1280 2987 1374 3013 demit-

312 3022 420 3050 teretur,
434 3020 622 3046 admitteretur
634 3021 713 3053 BCD;
727 3029 774 3054 pro
789 3022 821 3047 ab
836 3023 899 3052 alto,
910 3023 943 3047 ab
953 3023 1007 3048 alio
1018 3023 1046 3054 P,
1057 3023 1090 3048 ab
1103 3023 1189 3048 altero
1204 3023 1279 3048 codd.
1293 3031 1346 3048 exc.
1357 3023 1375 3048 l.

1005 271 1076 308 DE
1107 269 1282 306 CAELO
1312 269 1384 305 ET
1413 267 1608 304 MUNDO
1638 267 1732 303 LIB.
1764 267 1795 302 II

1431 352 1503 382 tem
1524 353 1593 382 etc.
1615 346 1664 382 Et
1684 345 1772 382 dicit
1792 344 1898 393 quod
1913 344 2004 381 illud
2020 356 2099 380 non
2115 350 2171 380 est
2185 343 2335 381 difficile
2353 345 2498 394 videre,

1431 399 1461 435 si
1490 398 1622 447 aliquis
1654 398 1746 435 velit
1774 398 1972 435 modicum
2012 396 2275 444 considerare,
2307 405 2343 434 et
2371 398 2500 440 distin-

1430 464 1544 499 guere
1578 452 1735 500 qualiter
1771 451 1929 499 dignum
1973 450 2147 487 ducimus
2181 449 2195 476 t
2233 450 2338 499 quod
2375 452 2501 500 aliqua

1430 504 1652 552 magnitudo
1681 505 1905 553 gravitatem
1925 504 2070 540 habens
2099 504 2239 540 feratur
2258 503 2306 540 ad
2327 505 2500 542 medium

1430 558 1576 595 mundi.
1615 558 1861 595 Manifestum
1901 565 1954 594 est
1993 556 2093 593 enim
2132 557 2239 605 quod
2275 558 2415 594 feretur
2452 558 2502 595 ad

1429 611 1603 648 medium
1633 611 1786 659 mundi,
1815 623 1895 648 non
1923 611 2049 646 solum
2075 622 2197 659 usque
2223 610 2271 647 ad
2291 611 2367 648 hoc
2395 611 2503 660 quod

1429 665 1563 701 infima
1584 665 1797 701 extremitas
1817 671 1943 712 tangat
1962 670 2136 700 centrum
2157 664 2308 710 mundi;
2329 664 2409 711 sed,
2431 664 2503 701 nisi

1429 718 1530 755 aliud
1559 718 1751 767 impediat,
1770 724 1920 766 oportet
1948 717 2065 765 quod,
2085 718 2332 766 praevalente
2366 717 2503 755 maiori

1429 779 1535 820 parte
1564 784 1678 819 super
1701 771 1903 817 minorem,
1929 783 2052 818 usque
2073 770 2122 807 ad
2142 771 2217 807 1106
2236 771 2378 808 feratur
2397 771 2503 819 quod

1431 837 1569 873 corpus
1597 832 1748 861 motum
1771 825 1790 845 '¹‘
1815 823 1945 860 medio
1974 823 2031 860 sui
2050 832 2178 872 tangat
2197 824 2370 862 medium
2390 837 2502 862 mun-

1430 877 1483 925 di,
1514 878 1563 914 ad
1583 877 1687 926 quod
1706 878 1848 914 habent
1875 876 2159 914 inclinationem
2188 878 2320 915 omnia
2339 890 2503 927 corpora

1428 931 1570 978 gravia.
1597 932 1694 967 Puta
1713 930 1744 967 si
1764 943 1842 967 non
1864 938 1960 967 esset
1980 930 2018 968 in
2038 932 2185 969 mundo
2206 937 2220 955 '¹
2239 931 2342 969 aliud
2361 944 2502 981 corpus

1429 996 1544 1031 grave
1574 984 1645 1020 nisi
1679 996 1778 1020 unus
1807 984 1902 1032 lapis
1937 984 2003 1032 qui
2033 984 2293 1022 demitteretur
2327 986 2375 1022 ab
2405 987 2499 1033 alto,

1430 1045 1622 1086 oporteret
1659 1037 1786 1086 ipsum
1824 1037 1956 1074 tandiu
1996 1038 2254 1086 descendere,
2299 1051 2503 1088 quousque

1430 1090 1602 1127 medium
1631 1090 1767 1139 lapidis
1791 1098 1961 1139 tangeret
1980 1091 2154 1128 medium
2174 1092 2326 1139 mundi3
2346 1100 2504 1142 propter

1429 1145 1504 1180 hoc
1532 1143 1637 1192 quod
1666 1143 1791 1180 maior
1818 1156 1907 1193 pars
1936 1144 2018 1181 eius
2047 1145 2192 1194 repellit
2212 1146 2231 1167 '²‘
2260 1146 2452 1183 minorem
2481 1159 2504 1183 a
2531 1158 2540 1167 ¹

1431 1197 1571 1245 medio,
1589 1209 1791 1246 quousque
1806 1198 1977 1246 undique
1997 1197 2214 1235 inveniatur
2233 1199 2401 1248 aequalis
2421 1211 2504 1247 gra-

1429 1250 1538 1297 vitas,
1569 1250 1665 1287 sicut
1693 1263 1808 1299 supra
1829 1252 1848 1272 *
1874 1251 2019 1288 dictum
2050 1259 2116 1288 est.
2147 1252 2352 1290 Concludit
2381 1264 2471 1300 ergo
2491 1250 2505 1274 ⁰

1431 1305 1537 1352 quod
1564 1304 1655 1341 1111111
1684 1304 1809 1341 differt
1829 1305 1904 1341 hoc
1924 1305 2031 1353 quod
2055 1305 2200 1342 dictum
2231 1313 2287 1342 est
2311 1305 2436 1343 dicere
2465 1305 2505 1343 in

1432 1370 1676 1406 quacumque
1690 1365 1796 1406 parte
1811 1365 1944 1405 terrae,
1957 1358 2070 1395 autin
2080 1366 2159 1396 tota
2173 1366 2283 1396 terra.
2296 1359 2390 1396 Non
2401 1358 2504 1397 enim

1431 1412 1506 1447 1106
1535 1411 1715 1459 contingit
1743 1419 1899 1460 propter
1926 1412 2229 1460 magnitudinem
2255 1420 2321 1449 aut
2339 1412 2504 1461 parvita-

1430 1472 1521 1511 tem,
1542 1465 1648 1512 quod
1669 1464 1812 1502 dictum
1834 1472 1889 1502 est
1909 1465 1956 1502 de
1976 1473 2084 1502 motu
2105 1465 2231 1513 gravis
2246 1466 2294 1503 ad
2310 1466 2503 1504 medium:

1432 1517 1500 1555 sed
1519 1517 1737 1554 verificatur
1765 1518 1812 1555 de
1842 1518 1948 1555 omni
1978 1531 2024 1555 eo
2045 1519 2150 1567 quod
2174 1525 2182 1540 ¹
2210 1520 2326 1556 habet
2348 1519 2504 1556 inclina-

1432 1570 1577 1607 tionem
1598 1571 1647 1608 ad
1666 1571 1851 1619 medium,
1877 1571 2024 1608 ratione
2044 1585 2136 1609 suae
2156 1573 2361 1621 gravitatis.
2388 1572 2501 1611 Unde

1432 1624 1514 1661 sive
1542 1631 1621 1661 tota
1654 1631 1753 1661 terra
1781 1625 1829 1661 ab
1859 1625 1986 1674 aliqua
2020 1632 2127 1674 parte
2157 1625 2251 1663 caeli
2285 1626 2427 1663 feratur
2454 1626 2505 1664 ad

1432 1678 1618 1724 medium,
1640 1677 1720 1714 sive
1739 1684 1866 1726 partes
1894 1678 1987 1726 eius,
2018 1691 2176 1716 necesse
2197 1686 2252 1716 est
2270 1691 2394 1728 usque
2416 1680 2436 1701 *
2454 1679 2506 1717 ad

1431 1731 1506 1767 hoc
1534 1730 1617 1767 fieri
1645 1738 1808 1777 motum,
1840 1731 1964 1768 donec
1993 1744 2039 1768 ex
2059 1732 2166 1769 omni
2193 1741 2301 1781 parte
2329 1741 2430 1770 terra
2457 1732 2505 1770 si-

1431 1783 1568 1820 militer
1595 1784 1878 1832 appropinquet
1905 1785 1955 1821 ad
1983 1785 2170 1833 medium,
2199 1798 2268 1835 per
2295 1787 2371 1823 hoc
2398 1786 2505 1834 quod

1430 1836 1598 1873 minores
1617 1845 1743 1885 partes
1764 1837 2027 1886 adaequantur
2049 1838 2260 1876 maioribus
2279 1846 2350 1888 per
2367 1838 2506 1888 impul-

1430 1890 1579 1927 sionem
1600 1890 1795 1927 minorum
1815 1903 1838 1927 a
1858 1891 2080 1938 maioribus,
2100 1899 2142 1928 ut
2161 1891 2304 1928 dictum
2324 1899 2380 1929 est
2399 1893 2432 1929 *.

1487 1944 1521 1980 8.
1543 1943 1714 1980 Tertiam
1736 1943 1991 1981 obiectionem
2013 1944 2177 1982 excludit
2195 1944 2264 1982 ibi:
2283 1945 2370 1982 Sive
2389 1945 2508 1996 igitur

1417 1998 1532 2046 facta
1565 2002 1620 2033 est
1651 2004 1720 2034 etc.
1755 1998 1890 2034 Posset
1923 1997 2027 2034 enim
2064 1997 2200 2047 aliquis
2237 1998 2363 2036 dicere
2398 1998 2506 2049 quod

1430 2050 1623 2099 praedicta
1643 2050 1737 2087 ratio
1757 2050 1931 2098 procedit
1950 2051 2147 2100 supposita
2166 2051 2414 2100 generatione
2433 2060 2506 2090 ter-

1432 2116 1507 2140 rae.
1530 2104 1607 2140 Sed
1622 2103 1702 2152 ipse
1722 2104 1798 2140 hoc
1818 2103 1991 2151 excludit,
2019 2104 2150 2142 dicens
2169 2105 2274 2154 quod
2298 2105 2380 2143 sive
2405 2113 2507 2144 terra

1431 2157 1476 2194 sit
1495 2164 1672 2204 generata
1682 2162 1707 2203 ¹⁸,
1729 2169 1885 2194 necesse
1906 2165 1962 2194 est
1979 2159 2086 2206 quod
2105 2159 2181 2195 1106
2200 2158 2321 2196 modo
2342 2158 2388 2196 sit
2406 2159 2507 2198 facta

1431 2209 1469 2246 in
1489 2209 1618 2247 medio
1639 2209 1814 2257 existens,
1831 2210 1927 2248 sicut
1946 2223 2062 2260 supra
2080 2212 2100 2233 *
2120 2211 2263 2249 6116111111
2280 2220 2336 2250 631
2356 2212 2421 2259 (ita
2436 2212 2507 2250 sci-
2533 2221 2542 2232 ”

1430 2262 1515 2300 11661
1534 2263 1639 2311 quod
1659 2263 1788 2300 medio
1804 2263 1861 2300 sui
1877 2271 2006 2312 tangat
2024 2265 2197 2303 medium
2216 2265 2378 2313 mundi),
2400 2273 2437 2304 et
2454 2265 2507 2304 ita

1430 2316 1553 2364 figura
1573 2316 1654 2353 eius
1674 2316 1743 2353 erit
1762 2317 1976 2365 sphaerica:
1998 2317 2079 2355 sive
2100 2318 2215 2356 etiam
2236 2331 2315 2356 non
2330 2319 2376 2356 sit
2390 2331 2506 2367 gene-

1430 2377 1526 2416 rata,
1558 2377 1708 2418 oportet
1737 2370 1844 2418 quod
1871 2371 1947 2408 hoc
1976 2371 2096 2408 modo
2125 2384 2166 2408 se
2189 2372 2331 2409 habeat
2349 2372 2446 2410 sicut
2473 2373 2505 2410 si

1431 2430 1529 2460 esset
1556 2430 1752 2471 generata;
1778 2423 1867 2472 quia
1886 2424 2070 2461 terminus
2090 2425 2343 2473 generationis
2363 2433 2420 2463 est
2437 2437 2506 2463 na-

1429 2484 1514 2513 tura
1533 2475 1601 2522 rei;
1617 2476 1721 2513 unde
1741 2476 1832 2513 illud
1848 2477 1953 2526 quod
1973 2489 2052 2514 non
2068 2485 2124 2514 est
2138 2485 2373 2526 generatum,
2390 2491 2505 2528 opor-

1430 2537 1482 2566 tet
1501 2530 1573 2566 tale
1595 2541 1678 2566 esse
1698 2530 1810 2578 quale
1830 2529 1937 2566 fieret
1960 2530 1990 2566 si
2010 2539 2266 2578 generaretur.
2294 2532 2344 2568 Et
2369 2544 2504 2569 secun-

1431 2581 1525 2645 dum
1541 2582 1615 2619 1106
1631 2582 1822 2619 concludit
1836 2583 1998 2631 figuram
2014 2591 2136 2621 terrae
2152 2596 2234 2622 esse
2250 2585 2503 2634 sphaericam.

1484 2738 1508 2772 Θ)
1531 2740 1673 2766 Concludit
1691 2748 1790 2774 ergov-
1772 2741 1850 2766 -Pro
1868 2741 1918 2767 hoc
1933 2742 1952 2766 P
1967 2747 1993 2766 et
2006 2742 2081 2766 codd.
2096 2749 2150 2767 exc.
2163 2742 2186 2767 A
2200 2741 2297 2767 habent
2315 2742 2390 2768 Unde
2403 2742 2442 2768 ad
2454 2742 2506 2769 hoc

1430 2776 1625 2801 excludendum
1641 2776 1734 2808 primo
1752 2777 1888 2802 concludit
1906 2784 1944 2802 ex
1958 2777 2132 2809 praemissis5
2152 2777 2199 2802 sed
2218 2785 2271 2802 non
2291 2778 2372 2811 liquet
2391 2778 2423 2803 ad
2438 2778 2503 2812 quid

1429 2811 1518 2836 referri
1537 2811 1629 2836 debeat
1647 2812 1685 2836 ad
1703 2812 1752 2837 hoc
1770 2813 1984 2842 excludendum,
2010 2818 2035 2838 et
2054 2813 2089 2838 illi
2104 2813 2197 2846 primo
2216 2813 2306 2839 nullibi
2326 2814 2446 2847 sequitur
2463 2821 2506 2840 se-

1428 2847 1531 2877 cundo,·
1551 2846 1583 2872 cf.
1603 2848 1679 2872 etiam
1699 2853 1808 2873 textum.

1483 2882 1501 2914 ι)
1522 2882 1555 2907 de
1573 2883 1646 2907 omni
1664 2890 1694 2908 eo
1709 2883 1823 2916 quod.-
1804 2883 1870 2908 -de
1884 2887 1959 2909 terra
1974 2891 2005 2909 eo
2020 2883 2092 2917 quod
2105 2884 2172 2914 PsG.
2188 2885 2250 2918 quia
2269 2884 2411 2917 BCDFpGI
2429 2884 2506 2910 omni

1429 2923 1597 2950 corrumpunt
1616 2919 1641 2943 in
1659 2926 1742 2944 causa
1762 2919 1853 2944 -Iin.
1867 2927 1925 2952 seq.
1944 2925 2005 2953 post
2024 2919 2140 2945 medium
2159 2921 2182 2945 A
2202 2920 2260 2945 add.
2280 2923 2381 2946 terrae.

1482 2954 1507 2985 κ)
1526 2961 1582 2978 swe
1600 2957 1675 2978 terra
1693 2954 1730 2979 sit
1747 2958 1887 2987 generata.
1908 2969 1927 2974 -
1944 2955 2000 2980 sive
2018 2955 2099 2980 etiam
2118 2956 2154 2981 sit
2171 2959 2303 2989 generata
2321 2956 2378 2981 sive
2396 2963 2448 2981 non
2469 2955 2503 2988 P;

1430 2989 1476 3013 sed
1489 2988 1521 3014 cf.
1537 2989 1671 3022 sequentia
1690 2990 1744 3015 sive
1756 2990 1836 3015 etiam
1851 2996 1928 3015 etc.-
1908 2991 2022 3023 -Prope
2035 2990 2114 3016 finem
2134 2999 2207 3016 num.
2221 2999 2270 3024 pro
2284 2991 2426 3022 concludit,
2439 2998 2504 3018 con-

1430 3024 1501 3049 venit
1513 3025 1532 3049 P
1548 3030 1573 3049 et
1592 3025 1670 3058 aliqui
1685 3026 1761 3051 codd.
1776 3027 1940 3059 corruptione
1954 3026 2092 3060 frequenti.
2106 3027 2135 3052 ln
2151 3025 2202 3052 fine
2217 3027 2334 3053 lectionis
2347 3027 2368 3052 Ρ
2381 3027 2440 3053 add.
2453 3029 2506 3053 etc

813 3296 1989 3377 *QRQ'Q'Q*

2530 833 2540 843 ¹
2556 838 2572 854 a
2586 832 2640 854 add.
2655 839 2677 855 P.

2555 1157 2654 1185 repellet
2665 1162 2690 1180 A.

2531 1258 2540 1268 ¹¹
2555 1257 2627 1280 Num.
2641 1263 2666 1288 5.γ

2532 1687 2542 1697 ”
2557 1692 2632 1715 usque
2645 1691 2694 1709 οιιι.
2709 1692 2732 1709 A.

2531 1898 2542 1909 '
2557 1897 2618 1920 md.

2556 2220 2630 2243 Num.
2645 2225 2725 2249 praee.
