2554 4062
234 230 331 257 XXXII

236 305 373 360 psisse
406 302 448 342 in
481 295 903 349 Meteorologicorum
945 291 1089 332 libros.
1133 289 1189 329 Et
1226 300 1271 328 re
1305 285 1480 340 quidem
1519 297 1623 324 vera
1661 282 2020 324 Bartholomaeus
2053 278 2108 320 de
2142 279 2295 348 Capua
2336 284 2419 348 ait:

244 386 257 403 ‹
282 377 410 420 super
443 362 553 403 duos
586 359 718 400 libros
751 357 1066 399 Meteororum,·
1088 370 1101 386 ›
1143 350 1257 390 idem
1295 349 1480 389 Ioannes
1521 345 1574 386 de
1615 346 1851 392 Columna,
1891 340 2145 411 Bernardus·
2180 340 2420 391 Guldoms,

236 442 269 470 sa
293 425 555 472 Antoninus;
579 421 799 462 Trivetus:
830 435 845 453 ‹<
867 416 1155 456 Meteororum
1183 411 1367 466 primum
1402 415 1443 450 et
1475 407 1731 456 secundum;
1752 425 1765 442 »
1796 407 1951 475 Petrus
1982 405 2222 460 Rogerius:
2254 421 2267 440 ‹
2291 415 2423 459 super

238 490 348 531 duos
365 488 674 531 Meteororum‚·
691 500 705 519 ³>
729 479 1066 521 Valleoletanus:
1097 492 1112 511 α
1130 486 1260 528 super
1277 472 1388 512 duos
1406 471 1539 512 libros
1557 470 1859 516 Meteororum,
1880 481 1982 522 quia
1997 473 2137 509 morte
2159 472 2421 521 praeventus

236 565 324 592 non
356 547 521 603 scripsit
552 545 718 587 tertium
753 548 794 583 et
826 545 1069 594 quartum.»
1099 560 1118 567 —
1142 537 1236 577 Hac
1270 534 1311 575 in
1345 547 1389 574 re
1424 532 1741 574 consentientes
1779 531 1992 572 habemus
2025 530 2233 571 Iacobum
2256 529 2421 570 Echar-

237 613 339 654 dum
373 618 414 652 et
446 607 709 651 Bernardum
741 605 810 644 De
843 600 1028 642 Rubeis:
1062 611 1248 653 quorum
1279 597 1384 638 alter
1417 596 1558 650 (Tom.
1583 596 1614 644 I,
1649 608 1747 650 pag.
1775 593 1892 663 284),
1927 599 2028 648 post
2059 593 2192 634 relata
2223 597 2420 661 veterum

236 673 489 720 testimonia,
524 671 602 711 ait:
643 686 657 704 α
684 666 852 719 Quibus
885 663 921 703 si
954 662 1074 711 fides,
1109 667 1156 702 ut
1177 660 1251 701 vix
1272 658 1473 715 neganda
1505 657 1687 706 videtur,
1722 662 1917 711 sequ1tur
1950 661 2245 724 commentum
2268 668 2311 695 m
2334 660 2418 695 ter-

235 737 340 777 tium
363 741 404 776 et
425 738 621 788 quartum
655 729 778 770 huius
801 724 1000 767 editionis
1022 725 1248 765 Romanae
1271 735 1359 762 non
1389 733 1485 762 esse
1518 734 1551 761 5.
1569 720 1797 768 Doctoris;
1823 736 1839 756 ν
1879 718 1986 760 alter
2006 732 2112 760 vero
2143 718 2276 772 (Diss.
2299 729 2419 766 xxm,

236 812 325 853 cap.
347 797 406 851 111)
439 794 602 836 scribit:
646 810 659 827 ‹
683 791 752 830 De
786 786 1094 829 commentario
1130 786 1171 826 in
1203 785 1494 825 Meteororum
1527 782 1660 823 libros
1695 781 1899 822 iudicium
1929 781 2068 823 serunt
2089 787 2260 849 veteres
2275 780 2339 849 ‘ab
2365 792 2418 820 eo

237 860 464 906 diversum,
499 854 616 910 quod
650 852 795 897 tulisse
817 849 1017 891 videntur
1049 847 1235 888 editores
1258 846 1457 887 Romani.
1492 844 1701 899 Aquinati
1724 844 1972 885 adiudicant
2005 843 2073 885 isti
2098 848 2419 898 exposmonem

235 922 277 962 in
310 926 492 975 quatuor
523 917 612 958 eius
646 912 884 969 argumenti
917 911 1068 952 libros:
1103 922 1191 950 non
1225 909 1282 949 ita
1314 914 1494 948 veteres.
1530 906 1779 962 Logotheta
1812 913 1929 976 etc.)
1983 968 1990 975 .
2150 967 2158 975 .

356 983 450 1022 Iure
483 974 586 1034 ergo
620 975 868 1018 auctoritate
900 979 1094 1014 veterum
1127 970 1510 1017 nomenclatorum,
1534 983 1560 1009 a
1581 982 1614 1010 5.
1639 969 1812 1010 Thoma
1845 967 2115 1009 abiudicatur
2147 973 2315 1023 mtegra
2343 980 2419 1008 ex-

233 1044 389 1099 positio
424 1043 464 1083 in
499 1041 607 1082 duos
640 1037 900 1093 posteriores
932 1033 1358 1087 Meteorologz'corum
1390 1031 1536 1072 libros.
1572 1030 1663 1072 Sed
1687 1031 1863 1072 ulterius
1887 1031 1998 1072 circa
2018 1030 2192 1072 laudata
2214 1029 2418 1084 antiquo-

234 1120 326 1147 rum
358 1102 619 1150 testimonia,
654 1105 844 1141 remanet
876 1095 1177 1152 inquirendum
1210 1093 1436 1150 quomodo
1472 1107 1523 1134 ea
1554 1093 1640 1134 sint
1671 1093 1937 1148 accipienda,
1978 1092 2156 1147 quando
2190 1092 2420 1148 perhibent

232 1182 264 1209 s.
289 1169 523 1208 Doctorem
556 1164 597 1204 in
630 1163 813 1217 primum
842 1165 884 1201 et
905 1158 1142 1201 secundum
1176 1157 1331 1198 librum
1365 1155 1672 1197 commentaria
1695 1155 1895 1196 edidisse.
1930 1155 2074 1210 Supra
2106 1155 2221 1196 enim
2252 1154 2318 1209 (cf.
2342 1156 2419 1197 DE

234 1231 343 1271 GEN.
361 1241 419 1269 ET
438 1228 574 1268 CORR.
592 1225 673 1279 IV)
697 1230 866 1264 veteres
899 1227 1096 1263 auctores
1118 1220 1369 1261 asserebant
1391 1218 1612 1274 scripsisse
1646 1231 1678 1259 5.
1696 1218 1914 1259 Thomam
1937 1230 2068 1272 super
2089 1223 2175 1258 tres
2208 1217 2344 1258 libros
2364 1217 2420 1258 de

236 1291 369 1338 Caelo,
395 1296 436 1330 et
457 1295 599 1330 tamen
622 1291 887 1341 compertum
910 1290 976 1325 est
998 1282 1351 1324 commentarium
1375 1281 1417 1322 in
1439 1281 1610 1323 tertium
1633 1281 1788 1322 librum
1811 1279 2119 1335 incompletum
2142 1279 2417 1322 remansisse.

230 1354 334 1394 Item
366 1352 573 1393 affirmant
605 1348 856 1404 exposuisse
887 1347 1043 1388 librum
1075 1345 1128 1386 de
1166 1344 1461 1392 Generatione,
1492 1343 1571 1384 etsi
1605 1349 1773 1384 constet
1805 1342 1927 1398 quod
1956 1343 2062 1384 haec
2085 1341 2303 1397 expositio
2327 1355 2417 1384 non

230 1416 336 1456 ultra
368 1419 494 1468 caput
513 1424 542 1452 v
574 1411 698 1466 primi
730 1410 825 1451 libri
857 1408 1097 1464 porrigitur.
1132 1407 1249 1448 Num
1283 1419 1388 1462 ergo
1424 1405 1688 1448 censendum
1722 1412 1788 1447 est
1810 1404 2167 1447 commentarium
2195 1404 2237 1445 in
2260 1417 2417 1447 secun-

231 1477 333 1518 dum
366 1474 787 1527 Meteorologz‘corum
819 1471 874 1512 ad
908 1471 1048 1526 ipsum
1080 1476 1219 1511 totum
1252 1469 1407 1510 librum
1440 1469 1671 1524 pertinere:
1706 1469 1776 1510 vel
1804 1468 1949 1524 potius
1983 1466 2317 1509 existimandum
2351 1473 2419 1511 est

230 1545 392 1594 partem
425 1535 700 1578 solummodo
733 1534 858 1575 huius
892 1533 986 1574 libri
1019 1546 1100 1574 suo
1135 1532 1442 1573 commentario
1483 1531 1716 1573 illustrasse
1755 1530 2046 1586 Aquinatem?
2084 1529 2417 1585 Inquisitionem

230 1601 374 1649 istam,
408 1601 490 1640 hoc
522 1599 620 1639 loco
654 1596 830 1638 omnino
865 1595 1168 1643 necessariam,
1213 1594 1588 1649 praetermiserunt
1626 1593 1797 1635 Echard
1831 1600 1874 1634 et
1906 1594 1976 1634 De
2014 1593 2203 1634 Rubeis:
2240 1599 2282 1634 et
2314 1592 2416 1635 inde

229 1663 384 1703 factum
417 1661 628 1702 credimus
650 1658 770 1713 quod
797 1658 876 1713 ipsi
900 1657 1214 1712 expositionem
1248 1657 1457 1712 integram
1482 1657 1522 1697 in
1547 1656 1658 1697 duos
1693 1656 1858 1711 priores
1881 1655 2028 1705 libros,
2063 1661 2193 1710 prout
2226 1661 2343 1697 extat
2371 1655 2415 1697 in

231 1724 416 1766 editione
449 1724 664 1770 Romana,
699 1734 731 1761 s.
756 1721 951 1761 Thomae
985 1719 1227 1760 adscribere
1250 1719 1461 1760 videntur.
1496 1720 1617 1760 Haec
1651 1731 1756 1775 ergo
1792 1718 1991 1773 quaestio
2014 1718 2146 1773 paulo
2173 1718 2415 1760 accuratius

229 1800 254 1827 a
286 1785 412 1826 nobis
445 1783 738 1839 pertractanda
771 1788 854 1831 est;
889 1781 1101 1836 simulque
1134 1781 1474 1836 patefaciendum
1507 1781 1551 1822 id
1585 1781 1706 1835 quod
1740 1777 1783 1822 in
1817 1782 1896 1823 hac
1930 1794 1974 1822 re
2007 1786 2215 1835 tanquam
2249 1787 2414 1823 certum

228 1847 472 1888 habendum
506 1852 581 1895 est,
616 1851 657 1886 et
678 1845 722 1886 id
753 1844 872 1899 quod
905 1843 1044 1885 adhuc
1076 1844 1158 1884 sub
1192 1843 1458 1885 dubitatione
1481 1856 1654 1885 manere
1677 1850 1832 1899 potest.
1867 1844 2052 1886 Utemur
2078 1849 2222 1885 autern
2257 1843 2300 1885 in
2334 1843 2415 1886 hac

229 1909 479 1963 quaestione
501 1906 720 1956 solvenda,
745 1907 815 1947 illo
841 1906 995 1947 eodem
1019 1906 1185 1947 criterio
1209 1919 1297 1961 quo
1321 1920 1450 1961 supra
1471 1906 1537 1947 usi
1559 1919 1721 1955 sumus,
1746 1919 1844 1948 cum
1873 1906 2084 1962 agebatur
2110 1905 2165 1947 de
2188 1918 2413 1949 commen-

227 1971 333 2012 tario
357 1971 398 2012 in
421 1971 553 2012 libros
575 1970 628 2011 de
655 1969 936 2010 Generatz'one
957 1971 1000 2009 et
1017 1968 1315 2023 Corruptione:
1337 1981 1491 2024 nempe
1515 1969 1687 2010 codices
1711 1969 2027 2024 manuscriptos
2050 1968 2093 2010 in
2116 1969 2414 2011 testimonium

227 2033 500 2082 adducemus,
536 2038 577 2073 et
609 2031 741 2086 ipsius
775 2031 1147 2072 commentationis
1181 2037 1305 2072 notas
1338 2031 1587 2072 intrinsecas
1622 2031 1929 2086 expendemus.

350 2095 438 2136 Sed
471 2094 526 2135 ad
559 2093 729 2135 codices
763 2093 882 2148 quod
915 2098 1089 2147 spectat,
1125 2093 1360 2134 dolendum
1393 2094 1521 2135 etiam
1554 2093 1621 2134 hic
1655 2100 1720 2134 est
1753 2093 1874 2148 quod
1908 2093 2080 2135 nonnisi
2106 2093 2228 2135 duos
2262 2093 2413 2147 videre

225 2157 462 2211 potuimus,
497 2156 539 2197 in
573 2155 730 2210 quibus
762 2169 795 2197 5.
819 2155 1015 2196 Thomae
1058 2155 1270 2210 expositio
1305 2155 1525 2210 reperitur,
1561 2155 1819 2196 Vaticanum
1859 2156 1922 2204 A,
1963 2162 2006 2196 et
2039 2156 2340 2199 Oxoniensem
2373 2157 2412 2199 B

226 2218 289 2273 (cf.
313 2219 417 2260 infra
439 2218 507 2273 V).
542 2219 598 2259 Et
630 2217 804 2272 quidem
835 2217 997 2272 primus
1031 2217 1384 2258 commentarium
1407 2217 1597 2258 absolvit
1620 2217 1661 2258 in
1683 2218 1892 2273 principio
1916 2218 2112 2260 lectionis
2135 2231 2211 2261 v111
2234 2219 2330 2262 libri
2351 2219 2410 2270 11,

223 2280 278 2321 ad
315 2281 382 2321 illa
413 2280 546 2321 verba
578 2286 718 2321 textus
755 2280 940 2334 Propter
970 2279 1088 2333 quod
1123 2282 1166 2320 et
1193 2279 1424 2327 dubitabit,
1467 2292 1578 2335 quae
1613 2280 1848 2336 corrumpit
1886 2280 1930 2322 in
1965 2281 2155 2336 Propter
2190 2281 2412 2336 quoddam

222 2342 423 2391 dubium,·
463 2343 567 2383 alter
598 2355 701 2383 vero
734 2347 834 2396 post
866 2341 1055 2382 medium
1088 2341 1265 2383 secundi
1299 2342 1464 2384 numeri
1498 2342 1693 2384 lectionis
1726 2355 1776 2392 x,
1819 2356 1918 2385 cum
1962 2344 2109 2385 verbis
2140 2344 2276 2386 Aliae
2306 2357 2412 2387 vero
2485 2362 2490 2367 ·

213 2407 382 2459 partes,
415 2418 526 2458 quae
555 2407 659 2445 sunt
685 2403 763 2444 sub
793 2406 926 2458 parte
956 2403 1068 2445 caeli
1094 2406 1264 2459 semper
1294 2404 1527 2460 mamfesta
1561 2408 1605 2446 et
1633 2405 1800 2447 occulta
1832 2405 1972 2454 nobis,
2000 2409 2142 2462 prope
2177 2410 2412 2462 utrumque

213 2467 373 2522 polum,
407 2469 517 2508 sunt.
552 2467 620 2508 Ex
651 2472 802 2507 neutro
835 2471 979 2507 tamen
1013 2466 1161 2508 codice
1194 2472 1288 2508 tuto
1323 2467 1467 2523 colligi
1499 2473 1643 2523 potest
1676 2468 1750 2510 ubi
1784 2468 1881 2510 finis
1904 2468 1960 2510 sit
1981 2469 2159 2526 genuini
2183 2483 2409 2512 commen-

222 2529 312 2569 tarii
344 2542 376 2570 s.
395 2529 610 2569 Thomae:
644 2534 823 2583 uterque
857 2528 970 2569 enim
1003 2529 1182 2584 abrupte
1216 2529 1257 2570 in
1282 2529 1426 2571 medio
1449 2531 1685 2572 sententiae
1708 2531 1778 2572 vel
1801 2531 1981 2586 periodi,
2015 2532 2183 2587 absque
2211 2533 2297 2575 ulla
2329 2547 2408 2576 an-

223 2590 452 2639 notatione,
476 2590 687 2631 scribendi
710 2590 838 2631 finem
860 2590 967 2631 facit.
991 2591 1170 2646 Insuper
1191 2592 1233 2633 A
1255 2598 1355 2647 post
1376 2593 1511 2634 verba
1526 2593 1715 2648 Propter
1733 2593 1952 2649 quoddam
1973 2594 2154 2636 dubium
2175 2595 2298 2638 addit
2312 2598 2410 2646 etc„-

224 2652 346 2706 quod.
375 2665 469 2693 cum
499 2666 710 2707 nusquam
733 2652 831 2693 alibi
855 2652 896 2693 in
931 2653 1129 2694 citatione
1162 2660 1303 2696 textus
1337 2655 1582 2697 Aristotelis
1616 2656 1782 2706 fecerit,
1817 2657 2029 2699 coniicere
2062 2657 2161 2700 licet
2195 2658 2294 2700 ideo
2321 2658 2408 2702 hoc

221 2714 318 2755 loco
351 2714 404 2755 ab
437 2715 684 2755 amanuensi
718 2727 812 2756 esse
844 2715 1020 2764 sactum,
1056 2729 1108 2757 ne
1142 2716 1276 2758 lector
1308 2718 1500 2759 crederet
1531 2718 1590 2760 ibi
1625 2732 1775 2760 revera
1814 2719 2031 2761 terminari
2070 2721 2406 2776 expositionem.

221 2776 281 2816 At
312 2776 348 2817 si
382 2789 434 2816 ex
467 2776 685 2817 codicibus
718 2776 808 2818 istis
842 2778 989 2832 nequit
1021 2786 1319 2834 argumentum
1354 2786 1515 2822 certum
1549 2782 1660 2823 sumi
1694 2795 1773 2837 pro
1808 2782 1893 2824 fine
1918 2783 2297 2826 commentationis
2327 2783 2406 2826 de-

220 2838 504 2887 terminando,
539 2838 620 2879 hoc
653 2838 816 2894 liquido
850 2846 1025 2894 apparet
1058 2854 1110 2882 ex
1144 2842 1292 2883 codice
1314 2843 1361 2892 B,
1397 2842 1518 2898 quod
1541 2845 1849 2887 commentatio
1883 2859 1916 2887 5.
1941 2845 2149 2887 Doctoris
2171 2846 2326 2889 saltem
2348 2846 2406 2889 ad

222 2899 440 2941 dimidium
474 2900 635 2942 circiter
666 2901 859 2942 lectionis
891 2914 921 2942 x
954 2902 996 2943 in
1034 2904 1270 2946 secundum
1304 2905 1458 2947 librum
1492 2907 1704 2963 pertingit.

341 2962 502 3004 Verum
536 2976 746 3004 cuminos
781 2963 989 3020 integram
1012 2966 1239 3008 lectionem
1262 2979 1291 3008 x
1324 2981 1356 3008 5.
1376 2968 1575 3010 Thomae
1603 2969 2009 3020 adiudicaverimus,
2034 2978 2229 3014 remanet
2256 2971 2404 3015 dicen-

221 3023 321 3063 dum
355 3037 438 3078 qua
470 3025 718 3067 auctoritate
750 3026 833 3067 hoc
866 3026 1100 3070 fecerimus.
1136 3029 1228 3070 Sub
1264 3043 1443 3071 numero
1480 3043 1598 3085 ²072
1635 3038 1751 3074 extat
1773 3032 1816 3074 in
1839 3033 2054 3075 Vaticano
2079 3034 2220 3076 codex
2243 3035 2402 3078 latinus

222 3084 484 3127 diversorum
517 3100 693 3142 operum
727 3089 982 3139 Aristotelis,
1007 3090 1115 3132 inter
1146 3105 1268 3146 quae,
1293 3107 1318 3134 a
1339 3093 1442 3134 solio
1483 3095 1567 3136 128
1601 3107 1731 3136 verso
1756 3095 1812 3136 ad
1837 3095 1987 3138 solium
2019 3096 2102 3151 175
2127 3097 2230 3140 item
2254 3110 2398 3147 verse,

221 3152 318 3187 sunt
350 3153 530 3201 quatuor
562 3150 982 3205 Meteorologzeorum
1015 3153 1119 3194 libri.
1154 3155 1290 3196 Porro
1326 3156 1466 3197 codex
1499 3157 1613 3198 notis
1648 3157 1958 3214 marginalibus
1988 3165 2031 3201 et
2053 3159 2400 3202 interlinearibus

221 3208 428 3258 abundat;
462 3223 514 3250 ex
547 3211 691 3266 eisque
725 3226 810 3254 non
844 3227 1006 3268 paucae
1029 3215 1280 3272 desumptae
1302 3224 1418 3266 sunt,
1445 3232 1542 3260 curn
1566 3220 1755 3274 quadam
1778 3227 1923 3262 tamen
1957 3221 2165 3271 libertate,
2201 3235 2255 3263 ex
2278 3234 2401 3264 com-

222 3271 424 3311 mentario
448 3272 698 3322 s.Thomae,
723 3288 850 3329 quem
873 3277 1053 3332 scriptor
1073 3278 1154 3319 sub
1180 3280 1353 3321 nomine
1369 3281 1645 3336 Expositorz‘s
1667 3283 1933 3339 quandoque
1957 3284 2114 3326 laudat.
2138 3284 2202 3325 Ita
2222 3283 2294 3326 fol.
2314 3296 2401 3338 149

220 3345 358 3380 verso,
381 3332 488 3373 hanc
514 3340 659 3375 notam
681 3336 818 3386 habet,
854 3338 1123 3395 desumptam
1157 3354 1210 3382 ex
1243 3342 1328 3384 fine
1361 3343 1555 3385 lectionis
1579 3357 1639 3386 v11
1662 3345 1704 3386 in
1727 3346 1969 3388 secundum
2002 3346 2178 3387 librum:
2209 3363 2224 3383 ‹
2245 3347 2398 3402 Expo-

219 3393 334 3434 sz‘to‘r.
370 3394 737 3438 Considerandum
771 3405 834 3439 est
866 3406 1005 3442 tamen
1040 3403 1159 3457 quod
1194 3404 1451 3447 Aristoteles
1486 3407 1552 3448 hic
1587 3407 1688 3449 dicit
1721 3415 1914 3450 austrum
1948 3409 2052 3450 flare
2085 3408 2140 3450 ab
2175 3409 2260 3450 alio
2294 3410 2399 3464 polo

221 3455 454 3519 secundum
487 3457 664 3499 aliorum
698 3460 964 3514 opinionem,
999 3465 1076 3506 sed
1110 3467 1368 3508 contrarium
1402 3468 1508 3510 infra
1541 3469 1654 3511 dicet
1686 3470 1927 3512 secundum
1959 3483 2085 3512 suam
2119 3471 2398 3526 opinionem:

221 3522 262 3557 et
293 3516 416 3558 aliam
450 3531 619 3561 causam
653 3534 739 3562 non
772 3523 960 3579 assignat
993 3526 1046 3567 de
1079 3528 1349 3570 vehementia
1382 3530 1508 3572 huius
1542 3533 1672 3581 venti,
1702 3532 1781 3574 sed
1803 3544 1880 3587 per
1903 3532 2062 3574 dictam
2096 3547 2271 3575 causam
2305 3534 2400 3589 ipse

219 3578 347 3619 habet
379 3578 634 3622 intentum.»
674 3583 752 3624 Est
784 3591 923 3627 autem
958 3588 1095 3630 codex
1127 3591 1339 3646 antiquus,
1375 3599 1592 3648 notaeque
1627 3595 1746 3649 ipsae
1780 3607 1868 3636 non
1903 3595 2039 3636 multo
2073 3603 2175 3651 post
2206 3596 2399 3639 conscri—
