2554 4062
161 273 246 299 XXIV

165 341 249 372 nitur
280 338 313 369 in
335 337 401 368 istis
430 334 554 366 duobus
585 331 705 369 modis,
729 329 803 370 quia
836 327 966 369 quidam
997 325 1106 355 dicunt
1136 321 1224 363 quod

165 391 252 416 actus
275 381 432 413 moventis
460 386 505 410 est
528 377 691 418 quoddam
715 374 835 412 facere,
861 378 891 402 et
915 381 931 401 e
955 378 1107 401 converso
1136 366 1225 407 quod

167 436 253 460 actus
272 426 412 458 facientis
428 430 474 454 est
493 422 657 463 quoddam
681 427 809 449 movere
832 415 929 459 (ibid.
946 425 977 445 n.
996 411 1041 456 7).

233 515 315 546 Dicit
338 523 411 553 ergo
434 511 539 553 primo
554 509 643 551 quod
666 508 788 538 dictum
812 511 857 535 est
879 504 943 534 iarn
965 502 998 532 in
1014 500 1119 541 primo
1143 498 1225 529 libro

164 562 207 592 de
230 559 381 590 mixtione
409 564 438 587 et
462 556 499 586 de
522 561 624 592 tactu,
655 559 685 582 et
708 552 746 581 de
769 550 868 580 facere
893 554 923 578 et
945 545 1026 587 pati,
1057 543 1225 585 quomodo

169 605 304 636 existunt
326 602 373 633 his
397 610 478 642 quae
502 603 750 630 transmutantur
772 592 948 624 secundum
969 596 1125 620 naturam.
1149 590 1226 618 Arn-

169 649 252 690 plius
271 647 364 678 etiam
388 646 507 676 dictum
523 650 568 673 est
584 643 622 672 de
637 638 836 681 generatione
861 643 891 667 et
907 633 1122 675 corruptione,
1146 641 1228 672 quo-

169 693 267 723 modo
297 691 423 728 existat,
454 695 484 719 et
507 693 634 728 propter
664 693 760 725 quam
785 691 922 712 causam.
953 678 1103 710 Similiter
1133 676 1227 707 etiam

170 737 290 767 dictum
321 742 367 765 est
396 734 434 763 de
457 731 657 768 alteratione,
685 727 763 768 quid
793 733 854 761 est,
879 731 909 755 et
931 724 964 754 in
988 733 1055 764 quo
1087 721 1188 752 differt
1211 730 1228 750 a

169 779 368 822 generatione
392 784 422 808 et
445 775 656 816 corruptione.
686 770 889 811 Relinquitur
910 775 1017 799 autem
1040 767 1073 797 in
1096 766 1159 796 hoc
1182 775 1229 795 se-

171 825 275 856 cundo
299 823 379 853 libro
403 820 598 852 considerare
621 818 659 847 de
682 814 867 855 corporibus
891 822 973 854 quae
996 812 1151 842 elementa
1174 819 1229 839 vo-

170 875 289 906 cantur,
314 874 482 906 antequam
505 863 738 894 consideremus
761 859 794 889 in
818 856 1059 899 particularibus
1082 854 1168 885 libris
1192 854 1230 883 de

169 911 368 953 generatione
392 916 422 940 et
442 904 642 947 corruptione
665 913 839 943 corporum
862 900 1058 942 specialium,
1082 899 1163 929 sicut
1184 898 1230 928 la-

170 957 281 997 pidum
301 961 331 985 et
350 953 550 984 metallorum
574 957 604 980 et
626 949 807 989 plantarum
830 953 861 977 et
883 944 1079 976 animalium.
1103 943 1145 973 Et
1167 942 1229 972 hoc

170 1001 243 1031 ideo
267 998 342 1039 quia
364 1005 475 1027 omnes
503 993 692 1025 substantiae
719 1001 800 1032 quae
823 995 1012 1030 generantur
1035 994 1065 1018 et
1088 996 1229 1017 corrum-

170 1050 299 1084 puntur,
316 1052 381 1071 non
404 1047 477 1070 sunt
500 1039 565 1069 sine
589 1037 655 1067 istis
678 1035 877 1066 sensibilibus
901 1032 1097 1072 corporibus,
1115 1030 1231 1061 scilicet

170 1094 306 1128 quatuor
330 1084 501 1115 elementis.
515 1100 533 1106 -
551 1081 708 1112 Dicuntur
732 1086 839 1110 autem
863 1078 1018 1108 elementa
1040 1082 1229 1106 antonoma-

170 1132 244 1162 stice
266 1129 437 1166 sensibilia,
454 1127 529 1168 quia
546 1135 657 1156 eorum
681 1122 870 1154 differentiae
885 1122 950 1152 sive
966 1119 1131 1161 principia,
1149 1128 1231 1160 quae

170 1182 244 1206 sunt
267 1180 403 1214 quatuor
426 1171 600 1212 qualitates,
625 1168 742 1199 scilicet
765 1167 914 1203 calidum,
939 1165 1100 1205 frigidum,
1124 1163 1231 1195 humi-

171 1220 248 1250 dum
272 1225 302 1248 et
325 1217 458 1254 siccum,
483 1221 557 1245 sunt
579 1223 691 1245 causae
715 1212 862 1243 omniurn
886 1209 1020 1241 aliarum
1042 1208 1233 1250 qualitatum

170 1261 368 1303 tangibilium
391 1259 478 1303 (Lib.
503 1259 545 1298 11,
568 1258 638 1289 lect.
654 1268 683 1296 1,
707 1267 740 1287 n.
763 1254 803 1299 i).

236 1438 319 1469 Dicit
341 1447 416 1477 ergo
432 1436 536 1477 primo
560 1435 649 1476 quod
665 1434 741 1475 quia
757 1432 1002 1464 determinatum
1025 1438 1072 1463 est
1087 1430 1138 1462 hic
1155 1438 1185 1462 et
1200 1430 1233 1461 in

170 1482 262 1514 tertio
288 1482 367 1512 libro
390 1481 430 1512 de
455 1481 552 1511 Caelo
576 1485 606 1511 et
627 1479 753 1510 Mundo
780 1478 870 1519 quod
898 1487 1032 1517 corpora
1059 1475 1233 1517 simplicia,

173 1527 290 1558 scilicet
313 1527 477 1563 elementa,
494 1524 670 1555 adinvicem
693 1529 898 1564 generantur;
922 1529 952 1552 et
972 1531 1047 1552 cum
1062 1521 1124 1552 hoc
1140 1520 1235 1551 etiam

173 1572 212 1602 ad
236 1581 364 1602 sensum
386 1570 541 1608 videmus,
565 1569 653 1609 quod
679 1568 747 1608 ipsa
771 1574 844 1598 sunt
867 1566 1043 1597 adinvicem
1066 1571 1234 1606 generata;

174 1615 249 1656 quia
271 1615 330 1645 nisi
354 1615 396 1645 ita
419 1621 509 1651 esset,
526 1623 592 1643 non
608 1619 688 1643 esset
706 1612 848 1642 alteratio
871 1611 951 1641 inter
967 1621 1014 1649 ea,
1031 1620 1105 1641 cum
1128 1617 1235 1640 tamen

173 1660 336 1690 videamus
369 1659 457 1699 quod
487 1657 628 1688 alteratio
656 1657 834 1688 secundum
864 1655 1026 1696 passiones
1058 1661 1159 1686 tactus
1189 1660 1236 1685 est

174 1704 254 1734 inter
277 1714 324 1742 ea,
349 1710 379 1734 et
400 1703 487 1743 ipsae
509 1702 671 1743 passiones
694 1701 774 1732 inter
790 1711 822 1731 se
839 1700 1113 1741 praedominantes
1137 1706 1235 1730 trans-

175 1755 299 1779 mutant
321 1747 527 1778 substantiam
551 1756 663 1777 eorum
686 1745 877 1776 adinvicem:
901 1744 1068 1785 quoniam,
1090 1743 1234 1784 inquam,

174 1793 216 1823 ita
239 1799 294 1830 est,
311 1792 479 1822 dicendum
499 1797 544 1822 est
560 1801 645 1821 nunc
664 1790 735 1831 quis
754 1789 871 1820 modus
885 1788 1062 1819 adinvicem
1077 1794 1234 1819 transmu-

176 1836 320 1876 tationis,
343 1843 373 1867 et
395 1836 564 1866 dicendum
588 1842 633 1866 est
656 1842 763 1865 utrum
788 1834 827 1865 sit
849 1833 999 1874 possibile
1018 1833 1107 1874 quod
1131 1833 1233 1874 quod-

176 1881 251 1912 libet
273 1881 466 1912 elementum
481 1890 518 1910 ex
536 1879 858 1921 quolibet‘elemento
882 1884 1057 1918 generetur,
1073 1877 1123 1908 vel
1146 1877 1234 1919 quod

176 1931 300 1956 tanturn
322 1935 424 1956 unum
438 1931 602 1964 generetur
621 1933 657 1954 ex
675 1933 754 1962 uno,
771 1923 796 1954 si
815 1922 1010 1963 impossibile
1033 1922 1072 1953 sit
1094 1921 1235 1962 generari

177 1979 213 2000 ex
235 1969 297 2000 alio
322 1968 429 2012 (ibid.,
452 1969 521 1999 lect.
538 1979 580 2007 iv,
604 1978 636 1999 n.
667 1967 708 2010 1).

1279 319 1361 357 alio;
1382 316 1588 348 manifestum
1607 319 1653 343 est
1672 310 1772 353 quod,
1788 306 1965 339 secundum
1989 301 2257 334 existimationem
2273 310 2355 341 quo-

1280 363 1426 399 rundam,
1445 361 1515 391 talis
1530 358 1643 389 divisio
1661 363 1707 387 est
1723 355 1818 386 etiam
1837 353 1870 383 in
1888 350 2032 387 faciente,
2057 346 2134 388 quia
2157 345 2292 387 quidam
2311 344 2356 375 di-

1280 414 1357 439 cunt
1379 406 1469 447 quod
1492 411 1580 435 actus
1604 400 1763 433 moventis
1787 405 1833 429 est
1852 395 2018 438 quoddam
2037 383 2155 430 Tacere,
2179 397 2211 421 et
2234 400 2251 421 e
2275 399 2352 421 con-

1279 462 1371 482 verso
1394 458 1482 481 actus
1503 447 1645 479 facientis
1667 452 1714 476 est
1733 442 1899 485 quoddam
1918 447 2046 470 movere
2066 435 2170 478 (ibid.,
2187 445 2255 476 cap.
2272 432 2332 477 iv).

1348 496 1383 526 In
1407 492 1563 535 superiori
1586 491 1668 522 libro
1693 489 1816 529 egimus
1840 487 1879 517 de
1903 483 2056 516 mixtione
2080 488 2111 511 et
2134 486 2238 517 tactu,
2263 486 2295 510 et
2318 479 2357 508 de

1281 541 1381 571 facere
1406 546 1436 570 et
1459 537 1544 579 pati,
1576 535 1746 577 quomodo
1780 532 1918 563 existunt
1947 529 1980 559 in
2007 527 2056 558 his
2081 535 2163 567 quae
2197 530 2357 555 transmu-

1280 592 1388 616 tantur
1409 583 1588 614 secundum
1612 587 1769 611 naturam.
1794 575 1945 616 Amplius
1965 579 2072 604 autem
2093 569 2230 600 diximus
2247 568 2286 598 de
2305 577 2360 608 ge-

1282 629 1446 660 neratione
1469 634 1500 658 et
1523 624 1728 666 corruptione
1745 632 1828 664 quae
1844 618 2030 660 simpliciter
2053 622 2128 647 sunt
2150 612 2312 655 generatio
2329 618 2361 642 et

1283 673 1458 714 corruptio,
1479 670 1650 713 quomodo
1668 675 1841 708 utrumque
1861 674 1975 696 eorum
1991 669 2049 700 est,
2066 667 2097 692 et
2113 666 2243 701 propter
2258 666 2358 699 quam

1283 728 1421 750 causam.
1446 716 1597 748 Similiter
1619 721 1728 745 autem
1744 711 1866 742 dictum
1881 716 1928 740 est
1943 709 1981 739 de
1998 705 2195 743 alteratione,
2213 702 2293 744 quid
2309 701 2360 740 sit,

1284 771 1314 794 et
1339 772 1438 804 quam
1462 759 1670 791 differentiam
1693 757 1788 788 habet
1811 755 1851 786 ad
1873 752 2114 795 generationem
2136 756 2167 780 et
2183 746 2360 788 corruptio-

1284 818 1368 839 nem.
1393 805 1596 847 Relinquitur
1614 804 1648 834 in
1664 803 1726 833 hoc
1745 801 1828 831 libro
1844 798 1986 830 secundo
2011 795 2210 828 considerare
2236 793 2275 823 de
2292 801 2361 822 cor—

1283 852 1416 893 poribus
1439 860 1522 891 quae
1545 855 1700 880 vocantur
1724 846 1896 882 elementa,
1921 850 2096 883 antequam
2120 838 2361 870 consideremus

1283 897 1316 927 in
1340 894 1581 937 particularibus
1604 891 1691 923 libris
1715 891 1754 921 de
1777 888 1981 930 generatione
2005 893 2037 918 et
2059 883 2267 924 corruptione
2291 891 2361 912 cor-

1284 950 1402 982 porum
1425 938 1623 979 specialium,
1647 936 1729 967 sicut
1751 934 1916 975 lapidum,
1940 931 2157 967 metallorum,
2178 928 2362 969 plantarum

1284 991 1315 1015 et
1338 983 1536 1014 animalium.
1561 982 1603 1012 Et
1618 980 1771 1017 omnibus
1795 976 1979 1009 substantiis
2001 985 2084 1017 quae
2108 973 2287 1005 consistunt
2306 980 2364 1012 per

1284 1035 1431 1059 naturam
1454 1026 1616 1067 generatio
1641 1031 1671 1056 et
1695 1022 1858 1063 corruptio
1882 1022 1965 1052 inest
1988 1030 2055 1051 non
2079 1019 2147 1050 sine
2171 1015 2361 1057 corporibus

1284 1083 1366 1115 quae
1383 1078 1457 1102 sunt
1469 1070 1639 1102 sensibilia.
1656 1068 1827 1100 Sensibilia
1844 1073 1953 1097 autem
1968 1065 2118 1096 dicuntur
2130 1071 2265 1103 corpora
2279 1069 2363 1102 quae

1285 1117 1466 1148 sentiuntur
1482 1125 1539 1156 per
1554 1121 1686 1151 tactum,
1700 1112 1775 1154 quia
1791 1111 1959 1153 qualitates
1974 1108 2141 1150 tangibiles
2157 1115 2270 1138 causae
2286 1110 2363 1135 sunt

1285 1162 1434 1193 omnium
1457 1160 1592 1191 aliarum
1615 1156 1814 1188 sensibilium
1830 1155 2033 1196 qualitatum,
2056 1153 2182 1184 Primae
2206 1157 2315 1182 autem
2330 1148 2364 1180 in

1286 1206 1490 1248 qualitatibus
1513 1210 1615 1235 tactus
1639 1209 1714 1233 sunt
1737 1207 1878 1242 quatuor
1901 1198 2069 1240 qualitates
2093 1196 2227 1238 primae,
2245 1194 2365 1226 scilicet

1286 1251 1437 1288 calidum,
1454 1249 1616 1289 frigidum,
1632 1246 1805 1278 humidum
1825 1251 1855 1276 et
1877 1244 2017 1281 siccum;
2041 1248 2073 1273 et
2088 1241 2148 1272 hae
2171 1238 2364 1270 differentiae

1287 1303 1362 1327 sunt
1377 1296 1619 1326 elementorum.
1637 1292 1731 1323 Unde
1747 1290 1903 1321 elementa
1919 1294 1995 1319 sunt
2009 1284 2265 1318 antonomastice
2281 1283 2366 1314 dicta

1286 1340 1461 1377 sensibilia,
1472 1346 1503 1370 et
1519 1348 1575 1379 per
1590 1347 1627 1368 ea
1642 1334 1791 1367 convenit
1809 1333 1971 1375 generatio
1987 1338 2019 1363 et
2034 1329 2198 1371 corruptio
2211 1327 2364 1360 omuibus

1288 1384 1519 1427 generabilibus
1543 1390 1574 1414 et
1597 1379 1856 1422 corruptibilibus
1880 1378 1965 1421 (Lib.
1989 1377 2034 1415 ll,
2058 1376 2204 1413 Tracti,
2229 1382 2299 1416 cap.
2320 1370 2363 1415 i).

1356 1429 1522 1468 Quoniam
1545 1433 1653 1458 autem
1676 1425 1764 1467 prius
1787 1423 1839 1455 hic
1863 1430 1893 1454 et
1913 1423 1946 1453 in
1962 1421 2056 1454 tertio
2075 1419 2168 1452 Caeli
2190 1423 2221 1450 et
2243 1416 2366 1449 Mundi

1289 1473 1568 1506 determinavimus
1592 1471 1682 1513 quod
1698 1468 1886 1510 corporibus
1910 1465 2110 1508 simplicibus
2126 1470 2174 1496 est
2189 1461 2365 1505 generatio,

1289 1527 1319 1552 et
1342 1530 1380 1551 ex
1402 1518 1540 1550 invicem
1564 1516 1619 1547 uni
1642 1525 1718 1546 cum
1740 1514 1825 1552 alio;
1849 1520 1880 1544 et
1903 1511 2060 1554 quoniam
2082 1510 2146 1542 hoc
2169 1508 2266 1540 etiam
2289 1506 2367 1539 dicit

1289 1565 1382 1596 nobis
1405 1573 1528 1600 sensus,
1552 1561 1629 1602 quia
1651 1570 1711 1591 nos
1734 1559 1881 1589 videmus
1900 1557 1990 1599 quod
2015 1565 2119 1587 unum
2142 1559 2312 1595 generatur
2327 1561 2366 1583 ex

1289 1609 1368 1647 alio;
1391 1608 1467 1650 quia
1490 1606 1550 1637 nisi
1574 1606 1616 1637 ita
1640 1611 1732 1642 esset,
1749 1613 1815 1634 non
1841 1609 1922 1634 esset
1945 1600 2088 1632 alteratio
2111 1599 2194 1630 inter
2216 1607 2264 1636 ea,
2289 1606 2366 1628 cum

1289 1661 1395 1686 tamen
1411 1652 1578 1683 videamus
1597 1650 1686 1691 quod
1710 1647 1853 1680 alteratio
1877 1646 2056 1678 secundum
2079 1643 2245 1686 passiones
2259 1648 2364 1673 tactus

1289 1705 1336 1730 est
1358 1698 1439 1729 inter
1461 1707 1509 1734 ea,
1525 1695 1606 1726 sicut
1629 1694 1718 1735 prius
1741 1693 1897 1730 diximus;
1921 1698 1952 1723 et
1971 1691 2058 1732 ipsae
2080 1689 2246 1731 passiones
2262 1686 2366 1718 inten-

1289 1753 1341 1774 sae
1365 1747 1577 1774 transmutant
1600 1738 1809 1770 substantiam
1833 1746 1947 1768 eorum
1971 1734 2167 1767 adinvicem:
2192 1731 2366 1774 quoniam,

1288 1787 1432 1829 inquam,
1449 1786 1492 1817 ita
1507 1792 1564 1822 est,
1588 1793 1674 1815 nunc
1698 1782 1870 1814 dicendum
1894 1788 1940 1812 est
1956 1780 2029 1822 quis
2052 1779 2171 1810 modus
2195 1777 2235 1809 sit
2249 1785 2366 1820 eorum

1288 1830 1560 1864 transmutationis
1591 1827 1786 1865 adinvicem3
1818 1833 1849 1858 et
1878 1832 1988 1857 utrum
2018 1823 2173 1866 possibile
2205 1829 2252 1854 est
2275 1820 2367 1863 quod

1289 1886 1385 1908 omne
1409 1875 1604 1907 elementum
1629 1883 1666 1904 ex
1689 1871 1779 1903 omni
1796 1871 1956 1902 elemento
1972 1875 2157 1911 generetur;
2181 1866 2232 1898 vel
2255 1873 2367 1898 utrum

1289 1920 1440 1962 possibile
1473 1926 1520 1950 est
1551 1918 1641 1960 quod
1674 1917 1735 1948 hoc
1768 1916 1900 1958 quidem
1933 1921 2125 1956 generetur,
2156 1922 2224 1944 non
2256 1917 2367 1942 autem

1290 1965 1440 2007 possibile
1464 1971 1511 1996 est
1533 1963 1623 2005 quod
1637 1961 1724 1993 aliud
1740 1967 1907 2002 generetur
1927 1959 2029 2003 (ibid.,
2045 1960 2152 1991 Tract.
2172 1968 2206 1997 ii,
2227 1966 2296 1998 cap.
2323 1953 2366 1999 t).

299 2049 489 2092 Indubiis
524 2062 628 2105 ergo
662 2048 924 2104 argumentis
957 2047 1187 2103 probatum
1228 2060 1324 2088 esse
1367 2045 1648 2093 confidimus,
1684 2043 1793 2084 inter
1837 2055 1970 2098 opera
2012 2041 2222 2098 Aquinati
2255 2041 2365 2084 salso

177 2113 387 2168 adscripta
419 2111 781 2153 annumerandam
816 2123 910 2151 esse
955 2109 1327 2151 commentationis
1366 2109 1409 2150 iri
1451 2108 1585 2149 libros
1624 2106 1678 2148 de
1716 2105 2001 2147 Generatione
2033 2110 2200 2160 partem
2234 2103 2362 2155 illam,

177 2188 287 2230 quae
321 2174 612 2229 complectitur
642 2173 904 2228 posteriores
938 2178 1037 2214 octo
1082 2172 1287 2213 lectiones
1320 2171 1363 2212 in
1396 2171 1581 2226 primum
1616 2169 1785 2217 librum,
1821 2173 1863 2209 et
1897 2167 2085 2222 reliquas
2130 2166 2366 2210 duodecim

177 2237 219 2278 in
251 2236 497 2278 secundum.
533 2237 657 2277 Hanc
691 2249 796 2291 ergo
830 2248 910 2276 nos
944 2249 969 2275 a
1001 2235 1189 2291 genuina
1222 2248 1254 2275 s.
1280 2234 1479 2275 Thomae
1523 2231 1796 2287 expositione
1837 2229 2128 2280 seiunximus,
2164 2235 2207 2272 et
2239 2242 2366 2286 prae·
2405 2243 2409 2247 ·

176 2299 425 2340 stantiorum
449 2298 674 2339 Editorum
696 2298 738 2338 in
761 2298 839 2338 hac
872 2310 917 2338 re
941 2297 1136 2351 exempla
1169 2296 1315 2345 secuti,
1341 2309 1436 2337 eam
1461 2295 1503 2336 in
1526 2293 1811 2350 appendicem
1833 2293 1889 2335 ad
1918 2306 2126 2348 praesens
2152 2293 2362 2335 volumen

177 2361 404 2402 retulimus.
441 2361 549 2414 Quis
581 2373 686 2401 vero
719 2359 843 2401 fuerit
874 2365 1023 2400 auctor
1055 2359 1180 2400 huius
1215 2357 1550 2414 compilationis,
1585 2357 1702 2398 nullo
1737 2362 1864 2411 pacto
1899 2355 2094 2397 invenire
2126 2355 2366 2411 potuimus,

175 2423 271 2464 licet
293 2423 439 2471 nullas,
464 2422 609 2477 quoad
632 2422 722 2463 fieri
745 2422 895 2477 potuit,
919 2421 1275 2477 investigationes
1299 2420 1585 2462 omiserimus.
1609 2419 1709 2460 Hoc
1731 2431 1866 2460 unum
1889 2417 2018 2460 nobis
2041 2423 2158 2460 certo
2179 2423 2362 2469 constat,

177 2485 517 2540 supplementum
551 2482 691 2526 fratris
709 2485 906 2525 Thomae
940 2483 994 2524 de
1028 2484 1237 2531 Suthona,
1262 2482 1382 2537 quod
1416 2489 1560 2524 extare
1585 2482 1771 2523 diximus
1795 2481 1836 2522 in
1861 2480 2011 2522 codice
2041 2480 2296 2530 Oxoniensi,
2321 2486 2365 2523 et

178 2547 295 2588 cuius
328 2547 395 2588 hic
427 2547 644 2602 specimen
678 2546 948 2595 exhibemus,
985 2546 1204 2587 diversum
1238 2545 1416 2586 omnino
1451 2558 1547 2586 esse
1581 2558 1606 2585 a
1640 2543 1963 2586 continuatione
2006 2556 2120 2599 quae
2153 2543 2196 2585 in
2230 2543 2367 2586 Piana

178 2615 220 2650 et
251 2609 342 2650 aliis
387 2608 647 2650 editionibus
679 2608 872 2650 habetur.

298 2705 418 2755 larrium
441 2714 646 2735 SUPPLEMENTI
667 2714 794 2734 riuti-ais
817 2704 955 2735 Tiioime
978 2713 1019 2734 na
1039 2703 1196 2735 Suriiom.
1215 2720 1234 2726 -
1257 2702 1417 2740 Quoniam
1437 2708 1544 2734 autem
1563 2702 1708 2743 primum
1728 2707 1853 2743 oportet
1869 2708 1927 2733 etc.
1953 2701 2131 2743 Postquam
2147 2701 2366 2744 Philosophus

178 2749 394 2780 determinavit
417 2748 677 2800 degeneratione
701 2754 732 2779 et
755 2748 958 2788 corruptione
981 2747 1014 2778 in
1038 2747 1214 2786 communi,
1239 2754 1270 2778 et
1285 2747 1324 2778 de
1339 2747 1407 2778 aliis
1428 2747 1569 2778 motibus
1593 2746 1874 2788 consequentibus,
1898 2745 1950 2777 hic
1966 2746 2155 2779 determinat
2178 2747 2218 2778 de
2233 2746 2367 2789 quibus·

178 2793 252 2824 dam
275 2803 355 2844 quae
378 2799 581 2844 requiruntur
603 2793 642 2823 ad
669 2792 904 2833 generationem
921 2799 952 2824 et
969 2793 1009 2823 ad
1032 2792 1111 2823 alios
1134 2799 1260 2831 motus;
1285 2799 1316 2823 et
1339 2792 1489 2823 dividitur
1511 2791 1544 2822 in
1568 2791 1648 2822 duas
1672 2798 1792 2832 partes:
1817 2791 1850 2822 in
1867 2790 1970 2832 prima
1990 2791 2130 2823 ostendit
2146 2791 2366 2824 necessitatem

177 2838 405 2888 determinandi
429 2838 467 2868 de
490 2844 549 2868 eis:
573 2847 606 2868 in
629 2838 766 2868 secunda
790 2837 993 2879 prosequitur
1016 2836 1221 2868 determinare
1237 2837 1407 2875 intentum,
1427 2836 1488 2868 ibi:
1511 2837 1710 2877 Principium
1733 2841 1841 2867 autem
1865 2836 2064 2877 accipiamus
2079 2843 2137 2868 etc.
2162 2836 2270 2868 Prima
2293 2846 2367 2878 pm

178 2882 326 2933 dividitur
343 2892 377 2912 in
400 2881 494 2912 duas:
514 2882 548 2912 in
571 2881 673 2923 prima
688 2882 825 2913 ostendit
843 2882 932 2923 quod
955 2891 1080 2913 necesse
1105 2888 1151 2912 est
1173 2881 1381 2912 determinare
1405 2881 1444 2912 de
1468 2881 1512 2912 eis
1535 2888 1708 2922 antequam
1731 2887 1880 2912 tractetur
1902 2881 1941 2912 de
1965 2880 2169 2922 generatione
2192 2881 2366 2913 elemento—

178 2933 265 2957 rum:
295 2927 488 2977 infecunda
512 2925 689 2957 manifestat
712 2926 869 2967 quaedam
892 2936 973 2967 quae
997 2933 1224 2967 supposuerat,
1249 2926 1311 2957 ibi:
1339 2925 1460 2957 Omnes
1482 2926 1566 2956 enim
1591 2927 1646 2966 qui
1669 2926 1825 2957 elementa
1849 2932 1908 2957 etc.
1938 2924 2032 2957 Circa
2060 2925 2202 2966 primum
2231 2925 2367 2958 intendit

176 2971 272 3002 talem
294 2977 458 3002 rationem.
484 2971 519 3001 In
542 2971 746 3012 sequentibus
769 2970 839 3002 libri
863 2978 989 3011 oportet
1012 2971 1224 3011 principaliter
1247 2971 1462 3002 determinare*
1477 2971 1516 3001 de
1535 2970 1710 3009 elementis,
1732 2970 1902 3011 quomodo
1918 2977 2109 3010 generantur
2125 2980 2162 3002 ex
2177 2970 2366 3003 seinvicem:

178 3015 231 3065 sed
254 3015 430 3046 secundum
453 3025 564 3046 omnes
588 3015 755 3066 loquentes
775 3015 814 3046 de
836 3015 1048 3056 generatione,
1071 3015 1229 3057 quaedam
1252 3016 1291 3046 de
1314 3015 1431 3057 quibus
1455 3015 1602 3046 nondum
1625 3021 1672 3046 est
1695 3014 1957 3053 determinatum,
1980 3014 2186 3056 requiruntur
2209 3015 2249 3046 ad
2271 3025 2366 3057 gene-

178 3066 330 3110 rationem
353 3059 583 3110 elementorum
607 3066 637 3090 et
652 3060 692 3090 ad
707 3060 786 3090 alios
810 3067 929 3098 motus,
953 3059 1069 3091 scilicet
1091 3066 1203 3099 tactus,
1220 3060 1302 3091 actio
1327 3067 1357 3091 et
1381 3059 1487 3101 passio
1511 3067 1541 3091 et
1565 3059 1696 3090 mixtio:
1721 3069 1796 3100 ergo
1820 3066 1947 3100 oportet
1970 3059 2058 3100 prius
2082 3067 2212 3092 tractare
2228 3060 2268 3092 de
2283 3059 2363 3093 istie.

178 3103 261 3154 Dicit
275 3113 348 3154 ergo
364 3104 452 3145 quod
467 3114 542 3145 quia
558 3111 685 3144 oportet
701 3105 858 3145 primum,
882 3104 963 3135 idest
979 3104 1202 3145 principaliter,
1226 3104 1259 3135 in
1278 3105 1420 3136 secundo
1443 3104 1525 3135 libro
1549 3103 1651 3136 dicere
1675 3104 1714 3135 de
1738 3103 1869 3136 materia
1891 3114 1974 3145 quae
1997 3111 2044 3136 est
2067 3115 2132 3136 una
2156 3115 2252 3137 causa
2269 3114 2366 3146 gene·

179 3155 306 3198 rationis
326 3148 569 3199 elementorum,
585 3155 616 3179 et
631 3149 670 3179 de
686 3155 825 3190 quatuor
840 3148 1026 3190 corporibus
1050 3149 1246 3190 simplicibus
1270 3159 1352 3190 quae
1376 3148 1590 3180 communiter
1612 3155 1767 3180 vocantur
1790 3149 1963 3187 elementa,
1988 3156 2097 3181 utrum
2121 3149 2185 3181 sint
2208 3149 2366 3182 elementa

179 3192 314 3242 aliorum
338 3202 522 3233 corporum,
547 3200 816 3243 Sicut-vocantur,
840 3193 890 3224 vel
914 3201 998 3232 non;
1022 3200 1052 3224 et
1068 3193 1092 3223 si
1110 3193 1171 3224 sint
1195 3194 1361 3232 elementa,
1385 3200 1512 3234 oportet
1535 3193 1641 3224 videre
1664 3200 1772 3225 utrum
1797 3194 2056 3236 unumquodque
2079 3204 2194 3226 eorum
2218 3193 2259 3226 sit
2281 3203 2364 3225 sem-

180 3242 337 3276 piternum
361 3243 391 3267 et
413 3246 478 3287 non
501 3238 686 3288 generabile,
710 3238 752 3288 ita
775 3238 864 3279 quod
888 3248 954 3269 non
977 3237 1113 3269 habeant
1135 3237 1267 3279 aliquod
1291 3238 1450 3270 materiale
1474 3237 1667 3279 principium
1691 3238 1778 3279 prius
1803 3238 1861 3277 eis,
1891 3248 1927 3270 ex
1950 3248 2018 3280 quo
2044 3244 2254 3280 generentur,
2283 3237 2366 3270 sicut

180 3280 387 3330 Empedocles
411 3281 503 3319 dixit,
532 3289 586 3312 aut
607 3292 675 3332 ipsa
698 3289 759 3333 sirit
782 3282 972 3333 generabilia
995 3282 1187 3324 aliqualiter;
1211 3290 1242 3314 et
1265 3282 1290 3313 si
1313 3290 1516 3323 generantur,
1542 3290 1651 3314 utrum
1675 3283 1784 3314 omnia
1806 3290 1997 3324 generantur
2024 3293 2062 3314 ex
2085 3282 2224 3314 invicem
2247 3282 2364 3314 eodem

180 3324 288 3374 modo,
305 3331 347 3374 ita
359 3331 507 3375 utun-um
523 3323 616 3368 (non)
634 3333 672 3357 sit
688 3336 774 3366 prius
790 3327 864 3377 alio,
881 3334 935 3358 aut
949 3327 1081 3369 aliquod
1096 3337 1199 3358 unum
1214 3337 1328 3359 eorum
1343 3334 1389 3359 est
1405 3327 1597 3368 principium
1613 3338 1650 3359 ex
1662 3338 1729 3370 quo
1745 3335 1935 3368 generantur
1951 3327 2023 3366 alia,
2036 3333 2068 3359 et
2082 3326 2191 3368 ipsum
2207 3337 2245 3358 ex
2261 3327 2364 3366 nullo,

180 3375 401 3419 sieut-antiqul
425 3369 585 3408 dicebant;
609 3380 747 3421 quorum
770 3372 900 3412 quidam
925 3372 1086 3412 ponebant
1114 3371 1193 3403 illud
1216 3372 1358 3413 primum
1381 3382 1447 3403 esse
1471 3372 1596 3413 ignem,
1621 3379 1656 3404 ut
1672 3372 1865 3411 Heraclitus;
1890 3372 1941 3403 alii
1966 3378 2074 3403 autem
2094 3372 2258 3412 ponebant
2280 3371 2363 3404 illud

180 3422 371 3463 principium
394 3423 460 3444 esse
484 3423 602 3452 aerem,
626 3422 672 3445 uti
694 3415 869 3465 Diogenes;
893 3416 943 3447 alii
966 3426 1042 3447 vero
1066 3426 1195 3458 aquam,
1213 3424 1248 3448 ut
1262 3417 1399 3456 Thales;
1423 3417 1516 3458 quia,
1536 3417 1680 3459 inquam,
1705 3424 1832 3458 oportet
1855 3417 1914 3448 ista
1937 3415 2154 3457 principaliter
2177 3423 2307 3447 tractare
2331 3416 2365 3447 in

180 3457 318 3487 secundo
341 3457 437 3495 libro,
462 3468 585 3489 necesse
609 3466 654 3489 est
678 3469 763 3510 prius
787 3461 963 3491 secundum
986 3461 1132 3492 ordinem
1155 3461 1316 3492 doctrinae
1341 3462 1547 3493 determinare
1571 3463 1610 3493 de
1633 3462 1828 3503 quibusdam
1851 3459 2095 3499 communibus,
2122 3470 2224 3502 quae,
2251 3471 2363 3493 secun-

181 3500 259 3531 dum
282 3510 394 3551 omnes
417 3509 570 3553 ponentes
593 3511 838 3554 generationem,
862 3505 1035 3536 necessario
1060 3505 1265 3547 requiruntur
1288 3507 1327 3537 ad
1350 3506 1586 3546 generationem
1610 3514 1640 3538 et
1663 3507 1742 3538 alios
1766 3513 1875 3538 motus
1899 3505 1938 3536 de
1961 3503 2079 3546 quibus
2104 3515 2169 3536 non
2194 3513 2240 3537 est
2259 3505 2364 3537 adhuc

179 3545 382 3576 determinata
405 3546 545 3577 doctrina
569 3547 690 3585 tradita,
717 3548 831 3579 scilicet
855 3550 892 3580 de
916 3556 999 3580 tactu
1013 3572 1021 3587 ,
1045 3549 1168 3581 actione
1193 3557 1223 3582 et
1247 3550 1408 3591 passione,
1433 3559 1463 3582 et
1487 3551 1525 3582 de
1550 3551 1703 3582 mixtione
1728 3550 1826 3594 (eod.
1842 3550 1980 3581 Merton.
2002 3548 2056 3581 fol.
2083 3548 2150 3592 92).

303 3589 422 3640 lurrnm
445 3600 803 3643 axrosiriomsmiusnrfii
826 3603 951 3624 samius
974 3594 1111 3625 TiioMAa
1140 3605 1179 3625 na
1203 3595 1351 3626 Sunion
1374 3606 1406 3626 in
1430 3606 1543 3626 maium
1566 3606 1599 3627 ii.
1625 3613 1643 3619 -
1672 3596 1724 3626 De
1755 3595 1910 3626 mixtione
1933 3593 2059 3635 quidem
2094 3599 2124 3625 et
2148 3599 2245 3626 tactu.
2270 3595 2362 3627 Post-

177 3642 276 3674 quam
299 3633 511 3675 Philosophus
535 3635 751 3667 determinavit
770 3646 802 3667 in
819 3637 921 3677 primo
941 3638 1021 3669 libro
1045 3639 1084 3669 de
1107 3640 1309 3680 generatione
1328 3647 1358 3672 et
1374 3640 1579 3681 corruptione
1602 3640 1635 3671 in
1659 3638 1844 3678 communi,
1871 3645 1901 3670 et
1917 3639 1956 3669 de
1973 3638 2042 3669 aliis
2058 3639 2200 3671 motibus
2222 3649 2364 3681 quorum
