2782 4134
93 2578 155 2633 :less
170 2578 223 2600 lect.
238 2584 303 2606 xxw,

189 2688 206 2704 α

97 2789 107 2798 '¹
121 2788 179 2810 lbid.
194 2794 249 2811 n.2.

98 2894 107 2903 ·
121 2892 178 2915 Ibid.
193 2899 215 2915 n.
232 2899 250 2921 5.

194 2920 209 2953 β

98 2998 107 3007 ·
122 2997 191 3019 Num.
205 3003 227 3024 4.

98 3050 107 3059 ·
118 3049 179 3071 Lect.
189 3055 242 3071 xxvi
252 3056 305 3078 sqq.

350 283 421 318 114

409 348 498 386 νητοὶ
520 350 576 379 καὶ
597 346 770 379 ἀλλοιωτοὶ
786 344 921 378 πάντα·
944 343 1143 376 ἀλλοιοῦται
1160 336 1197 373 δὲ
1215 344 1285 377 τοῖς
1306 340 1397 371 ἐναν-

409 395 491 429 τίοις
516 393 574 423 καὶ
600 389 635 431 ἐξ
660 390 702 422 ὦν
728 392 930 422 συνίσταται
955 389 1003 420 τοὶ
1024 386 1117 431 φύσει
1136 385 1233 425 ὄντα,
1252 386 1308 415 καὶ
1332 382 1397 414 ὑπὸ

408 438 473 469 τῶν
500 434 611 468 αὐτῶν
637 434 767 467 τούτων
793 433 974 477 φθείρεται.

394 548 542 575 SYNOPsts.
559 563 593 567 -
616 555 639 574 1.
653 546 862 583 Argumentum
883 549 910 571 et
931 541 1031 570 divisio
1053 546 1154 568 textus.
1171 555 1190 560 -
1205 546 1231 566 2.
1248 537 1305 572 Qui
1327 536 1395 565 dicit

340 587 410 616 nihil
425 586 576 623 prohibere
597 586 676 623 quod
697 584 804 621 aliquid
824 582 950 620 genitum
966 581 1001 609 sit
1015 578 1240 615 incorruptibile,
1256 577 1300 605 vel
1315 577 1395 614 quod

340 627 448 664 aliquid
469 626 626 663 ingenitum
654 624 744 661 possit
769 621 930 658 corrumpi,
959 628 1075 648 necesse
1096 625 1139 646 est
1166 618 1246 654 quod
1268 618 1395 661 destruat

340 666 458 703 aliquod
479 675 512 694 ex
532 664 676 702 principiis
697 662 858 700 suppositis.
880 677 899 682 -
924 661 949 688 3.
972 661 1105 694 Quoi-um
1128 667 1219 686 unum
1241 657 1293 684 fuit
1314 656 1394 693 quod

340 706 439 735 omnia
459 704 592 733 habentia
612 703 737 740 aliquam
762 701 935 738 potentiam,
957 699 1064 727 habent
1085 707 1149 726 eam
1170 703 1301 734 respectu
1313 703 1394 741 'tem-

339 746 418 782 poris
438 745 483 773 vel
503 744 666 780 simpliciter
682 742 792 776 infiniti,
807 741 851 768 vel
865 738 1031 776 simpliciter
1051 736 1240 766 determinati.
1264 737 1321 771 Qui
1342 745 1395 764 au-

339 792 398 813 tem
419 784 501 821 ponit
520 783 627 820 aliquid
649 791 708 810 esse
729 780 886 818 ingenitum
908 785 936 807 et
956 777 1150 814 corruptibile,
1165 777 1209 805 vel
1223 776 1351 813 genitum
1367 781 1395 803 et

340 823 566 860 incorruptibile,
588 822 669 859 ponit
692 821 798 857 aliquid
825 820 929 847 habere
953 817 1111 855 potentiam
1134 816 1247 845 essendi
1268 816 1312 844 vel
1333 824 1393 843 non

339 863 451 892 essendi
472 863 501 891 in
521 869 648 898 tempore
670 861 749 897 quod
769 868 863 896 neque
884 865 926 886 est
947 857 1112 894 simpliciter
1132 856 1277 884 infinitum
1298 864 1393 892 neque

339 903 503 940 simpliciter
522 902 649 936 finitum,
670 900 721 928 sed
741 905 783 927 est
803 899 962 927 secundum
987 897 1057 934 quid
1083 896 1171 932 (idest
1192 895 1236 923 vel
1257 904 1291 923 ex
1311 901 1392 939 parte

338 943 468 980 principii
482 942 525 970 vel
538 951 571 969 ex
587 947 666 977 parte
687 939 760 974 finis)
782 937 936 973 infinitum,
951 943 979 966 et
993 936 1121 965 similiter
1142 935 1301 964 secundum
1322 934 1392 971 quid

338 982 458 1011 finitum.
480 983 555 1018 Ergo
576 979 693 1008 destruit
712 978 870 1015 praefatum
891 977 1072 1014 principium.
1088 993 1107 997 -
1120 985 1148 1010 4.
1165 976 1272 1003 Textus
1293 973 1391 1002 subdi-

337 1022 417 1050 visio.
433 1039 452 1043 -
465 1021 561 1049 Primo
582 1029 614 1048 ex
635 1025 714 1055 parte
734 1017 880 1055 potentiae
902 1017 963 1046 eius
978 1017 1057 1054 quod
1072 1015 1190 1052 ponitur
1202 1014 1333 1051 generari
1347 1014 1391 1042 vel

338 1061 497 1097 corrumpi,
519 1058 677 1088 ostenditur
697 1067 748 1094 per
767 1057 942 1094 praedictam
971 1055 1139 1093 opinionem
1168 1054 1275 1082 destrui
1303 1053 1390 1082 etiam

336 1101 414 1130 aliud
433 1099 602 1137 principium
626 1097 892 1135 praesuppositum,
914 1105 1019 1133 nempe
1041 1095 1120 1132 quod
1148 1093 1327 1131 impossibile
1348 1099 1391 1122 est

335 1141 412 1169 idem
433 1139 515 1168 simul
541 1147 601 1166 esse
629 1144 656 1166 et
682 1146 742 1165 non
771 1145 840 1165 esse.
870 1136 971 1164 Prima
999 1135 1081 1163 ratio.
1110 1135 1177 1162 Non
1198 1139 1293 1170 potest
1320 1133 1390 1162 assi-

334 1179 414 1218 gnari
442 1179 513 1207 ratio
540 1187 627 1215 quare
655 1177 684 1205 id
711 1177 791 1214 quod
812 1185 925 1213 semper
945 1175 997 1203 fuit
1017 1181 1045 1203 et
1065 1174 1183 1211 ponitur
1203 1179 1305 1210 postea
1326 1183 1392 1202 cor-

334 1219 443 1256 rumpi,
465 1218 554 1255 magis
574 1216 665 1254 possit
686 1216 832 1252 corrumpi
853 1216 883 1244 in
903 1217 959 1243 isto
987 1213 1105 1242 instanti
1128 1223 1217 1251 quam
1238 1213 1269 1242 in
1289 1213 1388 1251 aliquo

333 1259 507 1287 infinitorum
528 1254 766 1294 praecedentium.
795 1257 872 1292 Ergo
893 1255 963 1283 illud
984 1254 1142 1291 ingenitum
1171 1254 1252 1291 quod
1271 1253 1391 1290 ponitur

333 1297 528 1334 corruptibile,
550 1296 643 1333 potuit
662 1305 723 1324 non
744 1305 805 1324 esse
834 1295 863 1323 in
891 1294 1020 1332 quolibet
1047 1293 1164 1322 instanti
1190 1293 1390 1330 praecedentis

332 1337 482 1374 temporis:
504 1346 554 1365 seu
568 1337 598 1364 id
613 1336 692 1373 quod
712 1335 829 1372 ponitur
843 1334 1037 1371 praeextitisse
1051 1340 1182 1370 tempore
1196 1333 1320 1369 infinito,
1335 1343 1389 1371 po-

331 1378 384 1406 tuit
403 1383 465 1405 toto
485 1376 535 1404 illo
555 1382 686 1412 ternpore
706 1384 766 1403 non
788 1384 857 1403 esse.
879 1374 1015 1411 Sequitur
1035 1383 1104 1411 ergo
1126 1374 1207 1411 quod
1221 1373 1331 1411 aliquid
1345 1383 1388 1402 re-

331 1423 428 1454 spectu
454 1416 582 1444 eiusdem
608 1415 746 1451 temporis
767 1415 853 1443 habet
874 1413 1007 1442 virtutem
1028 1413 1091 1442 eius
1111 1414 1192 1451 quod
1213 1420 1256 1442 est
1277 1422 1339 1442 esse
1361 1420 1390 1442 et

331 1457 390 1485 eius
411 1457 490 1493 quod
511 1462 552 1484 est
572 1464 633 1483 non
649 1464 720 1483 esse.
741 1455 798 1482 Sed
815 1453 885 1482 nihil
906 1453 1040 1490 prohibet
1061 1462 1172 1490 ponere
1193 1453 1223 1481 id
1245 1454 1325 1491 quod
1347 1460 1390 1482 est

329 1496 472 1534 possibile.
494 1497 535 1523 Ex
552 1496 607 1523 hoc
628 1503 695 1532 ergo
714 1495 793 1531 quod
807 1493 975 1531 ingenitum,
991 1502 1044 1530 pro
1060 1493 1109 1522 illo
1123 1499 1256 1530 tempore
1277 1493 1307 1522 in
1329 1503 1389 1531 quo

330 1543 397 1571 erat,
419 1535 535 1572 ponitur
549 1535 628 1572 quod
642 1534 767 1571 potuerit
787 1543 847 1562 non
858 1541 932 1569 esse,
948 1532 1078 1570 sequitur
1099 1534 1181 1570 quod
1202 1532 1280 1562 idem
1303 1532 1390 1562 simul

329 1576 364 1604 sit
385 1582 412 1604 et
432 1585 492 1603 non
513 1575 555 1603 sit.
570 1575 681 1602 -Idem
702 1573 904 1602 inconveniens
926 1573 1055 1610 sequitur
1075 1573 1099 1601 si
1119 1573 1239 1610 aliquod
1259 1573 1389 1610 genitum

330 1616 408 1653 quod
429 1615 506 1652 prius
527 1624 588 1643 non
602 1621 661 1642 erat
674 1620 804 1650 ternpore
818 1613 940 1648 infinito,
956 1619 1058 1650 postea
1070 1613 1178 1641 factum
1193 1613 1229 1641 sit
1245 1613 1275 1641 in
1289 1613 1388 1651 aliquo

329 1662 466 1691 tempore.
488 1672 507 1676 -
530 1655 555 1682 5.
578 1654 717 1682 Obiectio.
745 1653 822 1682 Licet
843 1653 873 1681 id
894 1654 974 1690 quod
1002 1652 1121 1690 ponitur
1140 1653 1228 1682 fuisse
1254 1659 1387 1690 tempore

329 1694 456 1730 infinito,
481 1694 565 1722 simul
591 1703 657 1722 cum
684 1694 739 1722 hoc
766 1703 826 1721 non
853 1692 979 1730 potuerit
1006 1702 1068 1721 non
1096 1702 1175 1729 esse,
1203 1699 1301 1722 tamen
1331 1693 1388 1722 dici

328 1741 422 1771 potest
443 1735 522 1771 quod
550 1733 714 1770 simpliciter
739 1733 886 1770 loquendo
907 1732 1007 1761 habuit
1028 1733 1188 1770 potentiam
1208 1739 1242 1761 ut
1261 1742 1316 1770 pro
1337 1733 1388 1762 illo

328 1781 456 1811 tempore
475 1783 536 1802 non
557 1780 638 1802 esset.
656 1789 676 1794 —
695 1774 752 1801 Sed
770 1779 884 1801 contra:
907 1773 1037 1810 potentia
1057 1773 1095 1801 ad
1115 1782 1177 1801 non
1198 1782 1260 1802 esse
1280 1779 1323 1801 est
1343 1773 1387 1801 in-

328 1813 536 1851 compossibilis
563 1813 588 1842 ei
609 1813 689 1850 quod
716 1813 881 1850 simpliciter
909 1822 1026 1842 necesse
1047 1819 1090 1841 est
1111 1822 1190 1849 esse;
1212 1813 1269 1841 tale
1290 1820 1387 1842 autem

329 1860 370 1882 est
390 1854 419 1881 id
440 1854 519 1890 quod
539 1853 702 1882 naturaliter
722 1859 764 1881 est
784 1862 836 1890 per
856 1851 971 1889 tempus
991 1852 1145 1881 infinitum.
1168 1870 1187 1875 -
1208 1854 1236 1881 6.
1252 1853 1388 1881 Secunda

329 1893 410 1921 ratio.
433 1894 520 1928 Quod
534 1903 646 1930 semper
658 1893 713 1931 ,fuit
726 1893 771 1921 vel
791 1902 851 1921 non
866 1893 927 1928 fuit,
942 1893 1102 1921 secundum
1118 1892 1289 1930 opinionem
1304 1902 1387 1930 prae-

329 1933 444 1961 missam
465 1933 581 1970 ponitur
601 1933 732 1961 habuisse
754 1933 783 1961 in
804 1932 885 1961 omni
905 1932 1023 1961 instanti
1050 1932 1210 1969 potentiam
1233 1933 1270 1961 ad
1292 1942 1387 1970 oppo-

329 1973 415 2001 situm
436 1973 495 2001 eius
510 1974 589 2010 quod
604 1973 629 2000 ei
643 1973 750 2001 inerat:
773 1982 841 2010 ergo
856 1972 956 2001 habuit
970 1972 1132 2009 potentiam
1145 1979 1178 2001 ut
1195 1979 1270 2001 esset
1284 1979 1313 2001 et
1326 1982 1388 2001 non

329 2019 402 2041 esset
415 2019 544 2049 tempore
565 2012 685 2041 infinito.
701 2030 719 2034 -
735 2022 761 2049 7.
782 2013 880 2041 Tertia
895 2013 979 2041 ratio.
1003 2013 1033 2041 Si
1048 2019 1091 2041 est
1104 2012 1213 2050 aliquid
1227 2012 1387 2050 ingenitum

329 2058 356 2080 et
377 2052 566 2089 corruptibile,
582 2061 693 2089 semper
713 2052 812 2081 habuit
833 2052 992 2089 potentiam
1013 2053 1051 2081 ad
1072 2062 1133 2081 non
1155 2061 1233 2088 esse;
1255 2059 1284 2081 et
1305 2053 1328 2081 si
1345 2059 1387 2081 est

329 2091 437 2129 aliquid
457 2092 584 2129 genitum
611 2093 690 2129 quod
716 2092 794 2129 prius
821 2102 882 2121 non
909 2092 993 2121 fuerit
1021 2099 1152 2129 tempore
1173 2092 1287 2121 infinito
1300 2115 1307 2129 ‚
1335 2092 1388 2121 fuit

328 2138 389 2160 toto
411 2132 459 2160 illo
480 2138 608 2169 tempore
629 2132 763 2169 possibile
785 2132 854 2161 fieri.
876 2133 953 2170 Ergo
975 2133 1056 2170 quod
1077 2132 1196 2170 ponitur
1216 2132 1303 2161 fuisse
1321 2133 1385 2161 infi-

328 2171 388 2200 nito
411 2178 556 2208 tempore,
577 2172 670 2209 potuit
692 2178 753 2201 toto
777 2172 826 2200 illo
850 2179 981 2209 tempore
1001 2182 1064 2201 non
1085 2182 1163 2208 esse;
1186 2179 1214 2201 et
1237 2173 1318 2210 quod
1343 2173 1387 2201 in-

328 2211 408 2239 finito
429 2218 557 2248 tempore
578 2212 694 2248 ponitur
714 2222 775 2241 non
795 2212 896 2248 fuisse,
918 2212 1012 2249 potuit
1034 2213 1139 2241 eodem
1160 2219 1292 2249 tempore
1314 2222 1384 2241 esse.

328 2252 404 2288 Ergo
418 2251 510 2288 potuit
524 2251 608 2280 simul
621 2260 682 2280 esse
697 2259 724 2280 et
744 2261 804 2280 non
821 2262 891 2288 esse,
907 2253 987 2289 quod
1002 2258 1044 2281 est
1058 2252 1246 2290 impossibile.
1256 2269 1275 2274 -
1288 2253 1316 2281 8.
1330 2253 1386 2281 lm-

447 2381 479 2405 4.
502 2369 511 2396 ς
588 2365 761 2407 ostquam
798 2358 1053 2408 Philosophus
1086 2358 1249 2396 ostendit
1281 2359 1387 2408 quod

414 2406 419 2419 ¹
453 2406 501 2447 Af
543 2412 563 2450 ’Τ
587 2411 798 2459 generabile
828 2419 863 2448 et
891 2412 1131 2462 corruptibile
1153 2425 1194 2449 se
1219 2412 1386 2450 invicem

502 2465 542 2489 *²
561 2466 573 2510 ξ
589 2472 884 2513 consequuntur,
915 2473 951 2502 et
978 2465 1146 2502 similiter
1177 2465 1386 2514 ingenitum

392 2541 402 2546 »
533 2508 570 2543 '¹¹¹'
589 2525 625 2554 et
655 2517 956 2566 incorruptibile,
994 2519 1056 2555 hic
1093 2520 1272 2568 reprobat
1305 2519 1386 2569 opi-

330 2569 484 2606 nionem
503 2570 728 2607 contrariam
748 2571 780 2617 ²¹²,
809 2583 877 2619 per
904 2572 978 2608 hoc
1010 2573 1115 2620 quod
1135 2585 1180 2609 ex
1200 2573 1387 2610 contraria

332 2622 508 2670 opinione
527 2635 681 2659 necesse
710 2631 765 2660 est
792 2623 915 2672 aliqua
943 2624 1216 2674 principiorum
1245 2639 1386 2676 suppo-

332 2674 488 2711 sitorum
515 2681 532 2696 α
562 2675 711 2712 destrui.
750 2676 798 2712 Et
826 2677 948 2725 primo
987 2678 1148 2716 ostendit
1185 2679 1385 2728 quomodo

332 2739 400 2776 per
426 2728 523 2764 hanc
550 2728 778 2778 positionem
807 2729 1006 2767 destruitur
1025 2730 1064 2768 id
1083 2732 1187 2780 quod
1212 2733 1386 2782 supposi-

332 2788 414 2817 tum
434 2788 488 2817 est
505 2783 534 2828 ”,
563 2781 739 2818 virtutem
768 2794 924 2820 omnem
945 2785 1072 2822 referri
1091 2785 1140 2822 ad
1160 2786 1386 2824 determina-

332 2840 413 2870 tum
441 2840 611 2883 tempus3
640 2835 806 2872 secundo
845 2837 1006 2874 ostendit
1042 2838 1147 2886 quod
1166 2852 1252 2888 per
1287 2840 1386 2877 hanc

331 2886 559 2934 positionem
597 2887 796 2925 destruitur
829 2889 933 2937 quod
970 2891 1207 2940 suppositum
1246 2900 1302 2930 est
1322 2892 1385 2941 *R

332 2940 435 2988 quod
454 2952 532 2977 non
561 2941 738 2989 contingit
765 2941 875 2978 simul
897 2942 998 2980 idem
1019 2956 1099 2981 esse
1120 2952 1156 2982 et
1183 2958 1262 2983 non
1291 2959 1385 2994 esse,

333 2991 402 3029 ibi:
431 2993 564 3030 Adhuc
591 2994 680 3042 quid
705 2995 828 3044 magis
845 2996 864 3016 ⁹⁵
894 3002 962 3033 etc.

387 3057 421 3082 2.
450 3045 548 3082 Dicit
576 3059 664 3095 ergo
692 3047 814 3096 primo
844 3048 960 3096 quod,
982 3061 1069 3086 cum
1090 3058 1285 3089 ostensum
1306 3052 1350 3089 sit
1367 3054 1386 3074 ’⁸

335 3097 624 3136 demonstrative
650 3112 694 3136 ex
712 3101 1008 3150 praesuppositis
1037 3103 1265 3151 quibusdam
1285 3106 1385 3154 prin-

336 3149 437 3198 cipiis
473 3152 576 3200 quod
613 3164 727 3190 omne
756 3153 924 3201 genitum
963 3162 1017 3192 est
1052 3157 1314 3206 corruptibile,
1352 3167 1386 3196 et

336 3214 450 3239 omne
469 3203 673 3252 ingenitum
702 3214 756 3243 est
776 3206 1067 3256 incorruptibile,
1089 3217 1125 3246 et
1145 3222 1164 3246 e
1186 3223 1384 3259 converSO,

337 3267 569 3303 consequens
586 3265 639 3294 est
654 3259 756 3306 quod
771 3260 833 3307 qui
850 3260 937 3298 dicit
951 3261 1040 3298 nihil
1059 3263 1261 3311 prohibere
1281 3265 1385 3314 quod

338 3307 473 3356 aliquid
492 3309 594 3357 quod
623 3318 677 3347 est
704 3311 843 3349 factum
871 3326 939 3350 seu
967 3314 1134 3362 genitum
1156 3316 1201 3353 sit
1219 3317 1387 3355 incorru-

392 3462 419 3497 α)
434 3465 662 3506 suppositorum-
674 3474 755 3500 supra
763 3469 911 3500 positorum
927 3472 1014 3503 codd.;
1029 3473 1072 3497 lin.
1086 3481 1141 3507 seq.
1156 3482 1202 3506 pro
1213 3476 1387 3508 suppositum,

330 3505 421 3530 *supra
438 3504 599 3531 suppositum
618 3502 698 3526 AsGI.

393 3532 418 3566 β)
439 3534 560 3559 virtutem
579 3543 680 3561 omnem
705 3538 835 3571 referri
849 3541 1011 3572 suppositum
1030 3546 1077 3568 est.
1089 3558 1107 3562 -
1119 3544 1175 3570 Hoc
1194 3544 1388 3571 homoteleuton

1042 267 1112 303 DE
1143 264 1316 301 CAELO
1346 263 1417 299 ET
1446 259 1640 298 MUNDO
1671 259 1765 295 LIB.
1797 259 1811 294 Ι

1519 337 1747 378 Corruptibilia
1777 337 1864 367 enim
1906 343 1936 368 et
1967 337 2156 377 generabilia
2188 343 2264 368 sunt
2295 343 2326 368 et
2353 337 2524 369 alterabilia

1519 382 1642 412 omnia:
1667 381 1837 412 alterantur
1859 388 1966 412 autem
1990 381 2164 420 contrariis,
2189 388 2220 412 et
2243 391 2280 412 ex
2302 381 2420 422 quibus
2448 392 2524 413 con-

1518 432 1601 456 stant
1623 432 1735 456 natura
1759 425 1853 465 entia,
1874 433 1904 457 et
1926 426 1965 457 ab
1989 426 2108 457 eisdem
2130 425 2207 467 ipsis
2232 433 2492 466 corrumpuntur.

1450 535 1588 572 possibile
1603 541 1645 563 est
1660 534 1747 563 etiam
1768 534 1847 563 iuxta
1866 535 2026 572 praemissa
2047 537 2128 573 quod
2149 535 2259 573 aliquid
2274 535 2310 564 sit
2324 536 2522 573 corruptibile,

1451 576 1532 612 quod
1554 575 1732 612 quandoque
1759 584 1821 603 non
1842 582 2055 612 corrumpatur.
2086 576 2175 604 Secus
2197 575 2274 604 enim
2297 576 2416 604 haberet
2435 583 2522 605 natu-

1450 615 1540 643 ralem
1561 614 1723 652 potentiam
1743 621 1776 643 ut
1796 624 1858 643 non
1879 623 2097 653 corrumpatur,
2126 625 2177 644 seu
2198 622 2274 644 esset
2293 615 2520 653 incorruptibile.

1450 656 1534 683 Unde
1554 663 1670 691 semper
1683 654 1737 682 erit
1751 654 1936 692 corruptibile
1957 662 1986 684 et
2006 655 2234 693 incorruptibile,
2249 662 2277 684 et
2291 655 2429 692 possibile
2443 665 2520 685 sem-

1450 704 1502 731 per
1523 704 1584 723 esse
1606 700 1634 722 et
1655 694 1742 722 simul
1763 703 1825 723 non
1843 703 1958 732 semper
1979 704 2051 724 esse.
2073 696 2162 731 Quod
2176 702 2220 724 est
2233 689 2430 733 impossibile?
2450 705 2521 725 narn

1450 735 1531 772 quod
1551 741 1647 771 potest
1668 743 1783 771 semper
1803 743 1875 770 esse,
1897 744 1932 763 ex
1952 735 2122 764 necessitate
2144 745 2259 773 semper
2279 742 2338 772 est;
2360 736 2439 764 unde
2458 746 2521 765 non

1449 781 1545 812 potest
1565 783 1627 802 non
1648 783 1763 810 semper
1790 783 1863 802 esse.
1887 791 1907 796 -
1930 774 2068 804 Similiter
2094 775 2118 804 si
2141 775 2251 813 aliquid
2279 775 2402 804 existens
2430 776 2466 804 sit
2486 785 2522 805 ex

1449 821 1553 843 natura
1573 823 1626 842 sua
1646 813 1818 851 generabile,
1834 823 1896 843 non
1916 821 2013 851 potest
2027 824 2089 844 esse
2103 815 2322 853 sempiternum,
2338 816 2390 845 sed
2404 822 2522 853 oportet

1449 855 1531 891 quod
1552 853 1588 882 sit
1607 859 1794 891 generatum:
1815 854 1872 882 tale
1893 854 1970 882 enim
1993 864 2055 883 non
2075 856 2162 884 habet
2182 856 2344 885 naturalem
2357 856 2520 893 potentiam

1448 895 1486 922 ad
1507 894 1678 929 essendum‚
1699 893 1755 922 nisi
1775 900 1933 931 postquam
1954 894 2062 924 factum
2082 902 2134 924 est.
2156 912 2176 918 -
2196 905 2225 933 9.
2243 897 2287 924 Ex
2306 903 2388 933 parte
2415 905 2520 926 causae

1448 933 1602 962 materialis
1624 933 1686 962 eius
1707 934 1789 971 quod
1809 933 1929 971 ponitur
1952 933 2114 972 ingenitum
2128 941 2158 964 et
2170 935 2398 973 incorruptibile,
2419 943 2518 965 osten-

1448 973 1525 1002 ditur
1545 973 1627 1010 sequi
1647 973 1726 1002 idem
1746 973 1965 1010 inconveniens,
1983 975 2066 1011 quod
2085 974 2224 1004 nimirum
2246 975 2356 1013 aliquid
2376 976 2463 1005 simul
2484 976 2521 1005 sit

1448 1021 1476 1042 et
1496 1010 1558 1042 non
1580 1013 1631 1049 sit,
1654 1013 1678 1041 si
1698 1013 1744 1042 vel
1763 1013 1894 1051 genitum
1921 1014 1959 1042 sit
1986 1013 2204 1052 incorruptibile
2224 1015 2269 1044 vel
2294 1016 2456 1054 ingenitum
2482 1017 2521 1045 sit

1447 1053 1643 1090 corruptibile.
1666 1054 1756 1088 Quod
1776 1053 1855 1082 enim
1876 1059 2030 1092 generatur
2054 1054 2100 1083 vel
2120 1055 2316 1093 corrumpitur
2335 1063 2403 1093 post
2423 1055 2521 1085 infini-

1446 1100 1510 1122 tum
1530 1100 1655 1130 tempus,
1671 1102 1733 1122 non
1747 1099 1791 1122 est
1811 1102 1829 1122 a
1850 1103 1929 1129 casu,
1951 1094 2003 1122 sed
2022 1103 2040 1123 a
2053 1100 2167 1124 natura.
2189 1095 2301 1124 Eorum
2321 1102 2420 1125 autem
2441 1105 2517 1134 quae

1446 1143 1464 1162 a
1484 1140 1589 1162 natura
1609 1134 1718 1162 habent
1738 1134 1819 1171 quod
1840 1134 2019 1171 quandoque
2045 1134 2102 1162 sint
2123 1140 2151 1163 et
2171 1136 2349 1173 quandoque
2369 1145 2432 1165 non
2452 1136 2519 1172 sint,

1446 1174 1550 1202 eadem
1570 1173 1702 1210 potentia
1723 1180 1766 1202 est
1785 1174 1824 1202 ad
1845 1173 2078 1210 contradictoria,
2100 1173 2208 1203 scilicet
2228 1184 2291 1204 esse
2312 1181 2341 1204 et
2360 1185 2423 1204 non
2446 1185 2518 1206 esse.

1446 1215 1540 1251 Ergo,
1566 1223 1633 1242 cum
1654 1213 1685 1241 in
1706 1222 1742 1242 eo
1765 1214 1846 1251 quod
1873 1220 1916 1242 est
1944 1220 2114 1251 generatum
2141 1221 2291 1244 remaneat
2317 1215 2439 1245 materia
2466 1225 2518 1245 seu

1445 1253 1577 1291 potentia
1596 1254 1634 1282 ad
1655 1263 1717 1282 non
1738 1253 1854 1289 esse‚‘si
1875 1253 1962 1282 simul
1983 1253 2020 1282 sit
2039 1253 2268 1291 incorruptibile,
2282 1255 2338 1283 erit
2357 1255 2444 1284 simul
2463 1265 2519 1292 po·

1445 1300 1509 1322 tens
1531 1303 1593 1322 esse
1614 1300 1643 1322 et
1663 1302 1725 1322 non
1746 1302 1818 1322 esse.
1847 1295 1883 1322 Et
1903 1294 2007 1322 eadem
2028 1293 2103 1322 ratio
2131 1300 2174 1322 est
2194 1303 2229 1323 ex
2249 1300 2330 1332 parte
2350 1294 2480 1332 ingeniti.
2498 1311 2520 1321 -

1450 1343 1493 1362 io.
1516 1333 1659 1362 Obiectio.
1681 1333 1901 1371 Incorruptibile
1922 1334 2005 1371 quod
2026 1340 2069 1362 est
2089 1333 2228 1371 genitum,
2243 1340 2340 1372 potest
2359 1335 2417 1364 dici
2437 1335 2520 1373 quod

1445 1375 1550 1403 habeat
1569 1373 1730 1410 potentiam
1751 1374 1789 1402 ad
1809 1383 1871 1402 non
1892 1383 1964 1409 esse,
1985 1383 2047 1403 non
2068 1373 2188 1412 quidem
2207 1374 2238 1402 in
2258 1374 2373 1410 futuro,
2395 1375 2447 1404 sed
2473 1383 2519 1404 re-

1445 1420 1545 1451 spectu
1566 1413 1721 1451 praeteriti.
1737 1414 1774 1442 Et
1788 1413 1873 1442 simili
1888 1414 1979 1443 modo
2001 1415 2083 1451 quod
2102 1421 2146 1443 est
2158 1413 2319 1452 ingenitum
2333 1421 2363 1444 et
2376 1414 2520 1452 corrupti-

1445 1453 1502 1482 bile
1523 1453 1641 1482 habebit
1661 1453 1822 1491 potentiam
1837 1454 1875 1482 ad
1889 1463 1960 1482 esse.
1975 1470 1995 1476 -
2009 1454 2067 1483 Sed
2088 1454 2146 1483 hoc
2166 1460 2210 1483 est
2229 1454 2420 1492 impossibile.
2441 1455 2518 1484 Nam

1445 1494 1520 1522 ordo
1541 1493 1683 1531 temporis
1703 1503 1765 1522 non
1779 1499 1875 1531 potest
1896 1493 2008 1522 inverti.
2031 1494 2118 1523 Nulla
2138 1500 2236 1523 autem
2257 1495 2389 1532 potentia
2402 1494 2519 1532 respicit

1444 1533 1475 1562 id
1496 1533 1578 1571 quod
1597 1533 1706 1562 factum
1728 1539 1771 1562 est
1789 1533 1819 1562 in
1833 1533 1998 1571 praeterito,
2020 1535 2071 1562 sed
2093 1534 2174 1572 quod
2195 1541 2238 1563 est
2257 1534 2288 1563 in
2309 1534 2453 1572 praesenti
2473 1534 2519 1564 vel

1444 1574 1552 1602 futuro.
1574 1573 1605 1602 Si
1619 1582 1689 1611 ergo
1703 1573 1813 1611 aliquid
1834 1579 1910 1602 esset
1929 1573 2067 1611 possibile
2088 1583 2152 1603 esse
2165 1574 2210 1603 vel
2223 1583 2285 1603 non
2305 1583 2367 1603 esse
2386 1581 2519 1612 respectu

1444 1613 1589 1650 praeteriti
1600 1613 1750 1650 temporis,
1762 1623 1829 1642 curn
1844 1613 1874 1642 id
1887 1614 1926 1642 ad
1937 1614 2017 1651 quod
2031 1613 2141 1651 aliquid
2152 1613 2240 1643 habet
2253 1614 2415 1651 potentiam
2424 1614 2519 1652 possit

1444 1654 1516 1690 poni
1536 1663 1599 1682 esse
1613 1653 1643 1681 in
1657 1660 1733 1689 actu,
1754 1653 1861 1690 poterit
1880 1653 1952 1690 poni
1973 1655 2054 1691 quod
2075 1663 2170 1682 annus
2190 1653 2271 1691 prior
2284 1664 2346 1683 non
2359 1654 2458 1691 fuerit,
2472 1655 2519 1684 vel

1445 1694 1526 1731 quod
1546 1703 1625 1722 nunc
1638 1693 1675 1722 sit
1694 1693 1742 1722 ille
1760 1703 1864 1722 annus·
1879 1710 1898 1716 -
1916 1703 1961 1722 11.
1977 1695 2032 1722 Per
2045 1694 2190 1722 rationem
2210 1694 2360 1731 propriam
2381 1694 2518 1725 seientia

1443 1733 1582 1762 naturalis
1607 1733 1770 1762 ostenditur
1795 1734 1877 1770 quod
1901 1733 2080 1770 impossibile
2101 1740 2145 1762 est
2165 1733 2195 1762 id
2216 1735 2298 1771 quod
2323 1743 2439 1773 semper
2463 1730 2519 1764 fuit

1443 1779 1546 1810 postea
1559 1773 1717 1810 corrumpi,
1732 1773 1778 1801 vel
1791 1773 1821 1801 id
1835 1773 1916 1810 quod
1936 1782 1999 1802 non
2019 1782 2135 1810 semper
2147 1772 2201 1802 fuit
2218 1780 2320 1811 postea
2333 1783 2397 1803 esse
2409 1773 2518 1812 sempi-

1443 1819 1567 1841 ternum.
1590 1814 1632 1841 Ex
1647 1812 1703 1841 illis
1721 1812 1798 1841 enim
1813 1812 1965 1842 contrariis
1980 1822 2014 1841 ex
2028 1813 2135 1850 quibus
2149 1812 2247 1850 aliqua
2259 1820 2436 1851 generantur
2449 1823 2517 1844 cum

1443 1853 1522 1890 prius
1536 1861 1598 1881 non
1612 1859 1716 1888 essent,
1731 1853 1768 1881 ab
1783 1852 1837 1881 illis
1855 1859 1959 1890 postea
1974 1859 2211 1890 corrumpuntur,
2226 1859 2255 1882 et
2268 1852 2298 1882 in
2312 1854 2416 1882 eadem
2429 1852 2518 1883 redu-

1442 1899 1547 1921 cuntur
1567 1901 1620 1930 per
1640 1892 1867 1929 corruptionem.
1889 1894 1931 1921 Ex
1953 1902 2012 1930 quo
2034 1899 2113 1930 patet
2133 1893 2216 1930 quod
2230 1892 2301 1922 illud
2315 1893 2397 1931 quod
2411 1899 2455 1922 est
2467 1902 2518 1932 ge-

1442 1939 1575 1961 neratum
1589 1939 1685 1970 potest
1706 1932 1810 1961 iterum
1832 1932 1990 1970 corrumpi,
2012 1939 2040 1961 et
2062 1932 2091 1961 id
2106 1933 2188 1970 quod
2209 1939 2252 1961 est
2273 1939 2443 1970 corruptum
2463 1933 2518 1963 suit

1443 1973 1622 2010 quandoque
1635 1972 1774 2010 genitum.
1783 1989 1802 1994 —
1818 1980 1862 2001 12.
1879 1972 2047 2002 Praedictae
2061 1972 2189 2002 rationes
2204 1972 2234 2001 in
2248 1973 2329 2002 nullo
2345 1973 2519 2011 impugnant

1443 2012 1615 2041 catholicam
1630 2012 1727 2048 fidem,
1744 2013 1905 2042 secundum
1923 2022 2012 2050 quam
2026 2012 2165 2050 ponimus
2179 2013 2261 2050 quod
2275 2014 2402 2043 mundus
2417 2013 2517 2042 incoe-

1441 2052 1492 2090 pit,
1507 2062 1569 2081 non
1583 2062 1635 2090 per
1649 2052 1880 2090 generationem,
1897 2053 1949 2082 sed
1962 2062 2015 2090 per
2029 2052 2167 2081 effluxum
2181 2061 2200 2081 a
2212 2053 2308 2090 primo
2329 2052 2483 2091 principio,
2497 2062 2516 2084 ι

1443 2102 1503 2130 quo
1525 2099 1568 2121 est
1581 2099 1676 2121 toturn
1695 2102 1756 2129 ens,
1771 2099 1800 2121 et
1820 2093 1902 2122 cuius
1923 2093 2053 2130 potentia
2073 2102 2134 2121 non
2148 2099 2190 2122 est
2204 2093 2320 2132 alligata
2333 2094 2372 2122 ad
2385 2093 2517 2123 dandum

1443 2142 1504 2161 esse
1525 2134 1612 2161 rebus
1633 2133 1747 2162 infinito
1768 2139 1909 2170 tempore,
1925 2134 1976 2162 sed
1991 2139 2079 2171 prout
2092 2132 2162 2161 vult.
2184 2133 2228 2162 Ea
2247 2142 2317 2162 vero
2338 2142 2414 2171 quae
2427 2133 2465 2163 ab
2479 2142 2516 2163 eo

1443 2172 1483 2202 sic
1503 2173 1646 2210 producta
1666 2179 1733 2201 sunt
1753 2179 1786 2201 ut
1807 2172 1837 2201 in
1858 2172 2068 2210 sempiternum
2089 2173 2203 2208 durent,
2225 2173 2334 2202 habent
2354 2173 2517 2203 naturalem

1441 2212 1574 2241 virtutem
1589 2220 1621 2241 ut
1635 2222 1750 2250 semper
1771 2213 1838 2249 sint,
1860 2220 1888 2242 et
1909 2213 1990 2242 nullo
2012 2213 2103 2242 modo
2124 2212 2162 2241 ad
2183 2212 2240 2242 hoc
2261 2213 2342 2251 quod
2356 2212 2516 2252 aliquando

1442 2261 1503 2281 non
1524 2258 1591 2281 sint.

1439 2359 1582 2408 ptibile,
1604 2367 1641 2396 et
1659 2359 1803 2408 aliquid
1831 2360 1937 2409 quod
1966 2367 2022 2397 est
2049 2359 2260 2408 ingenitum
2287 2359 2409 2409 possit
2433 2370 2515 2398 cor-

1440 2412 1589 2462 rumpi;
1619 2412 1669 2449 ita
1698 2412 1838 2450 scilicet
1865 2413 1973 2461 quod
1999 2412 2066 2450 uni
2095 2424 2253 2460 eorum,
2283 2413 2424 2450 scilicet
2450 2425 2514 2461 ge-

1439 2465 1531 2513 nito,
1552 2465 1648 2503 adsit
1667 2466 1787 2504 semel
1806 2473 1954 2503 tanturn
1973 2465 2180 2515 generatio,
2203 2473 2239 2503 et
2251 2466 2272 2488 ¹*
2291 2465 2396 2503 alteri
2415 2465 2514 2504 adsit

1439 2520 1559 2556 semel
1587 2526 1736 2556 tantum
1765 2519 1970 2568 corruptio,
2001 2519 2082 2557 sine
2114 2518 2369 2557 vicissitudine
2398 2531 2512 2568 gene-

1439 2572 1594 2610 rationis
1622 2579 1659 2610 et
1679 2571 1952 2622 corruptionis:
1980 2585 2050 2622 per
2077 2573 2153 2610 hoc
2180 2584 2337 2610 necesse
2367 2579 2423 2610 est
2447 2572 2512 2610 de·

1438 2633 1583 2664 struere
1621 2626 1777 2675 aliquod
1813 2625 2090 2676 principiorum
2127 2625 2427 2676 suppositorum.
2471 2625 2512 2663 Si

1440 2679 1541 2717 enim
1570 2679 1765 2717 conclusio
1794 2678 2021 2728 syllogistice
2054 2679 2224 2729 sequitui·
2252 2691 2298 2716 ex
2325 2678 2510 2728 praemis·

1439 2732 1506 2780 sis,
1536 2745 1615 2770 non
1642 2740 1769 2783 potest
1797 2732 1960 2770 interimi
1989 2733 2184 2771 conclusio
2215 2745 2260 2770 ex
2288 2731 2512 2770 necessitate

1441 2798 1681 2836 consequens
1710 2799 1756 2824 ex
1783 2786 2002 2836 praemissis
2025 2791 2052 2834 ⁷,
2086 2786 2157 2824 nisi
2184 2785 2420 2824 interimatur
2447 2785 2511 2823 ali-

1439 2839 1545 2889 quod
1573 2839 1886 2889 praemissorum.

1495 2893 1581 2930 Hoc
1603 2894 1623 2914 *
1650 2901 1779 2930 autem
1807 2893 1961 2931 videtur
1989 2892 2114 2931 dicere
2143 2899 2275 2930 contra
2298 2892 2511 2939 Platonem,

1441 2946 1504 2995 qui
1519 2946 1647 2996 posuit
1661 2946 1852 2984 mundum
1868 2946 2038 2995 genitum
2054 2945 2123 2983 sed
2141 2945 2468 2995 incorruptibilem
2481 2946 2512 2993 ⁸¹,

1441 3007 1478 3037 et
1497 3012 1543 3036 ex
1572 2999 1821 3049 consequenti
1848 2999 1976 3049 posuit
1999 3000 2104 3048 quod
2132 2998 2225 3036 illud
2253 2999 2513 3037 inordinatum

1442 3065 1486 3090 ex
1515 3065 1592 3102 quo
1613 3053 1782 3091 mundus
1811 3060 1867 3090 est
1894 3051 2054 3101 genitus,
2075 3052 2186 3090 fuerit
2213 3052 2423 3101 ingenitum
2444 3051 2515 3090 sed

1442 3106 1700 3156 corruptibile:
1730 3105 1908 3156 quamvis
1937 3105 2093 3155 quidam
2115 3105 2240 3144 dicant
2258 3107 2335 3144 hoc
2348 3107 2368 3128 *
2387 3106 2514 3144 Plato-

1441 3172 1531 3196 nem
1559 3172 1639 3197 non
1659 3159 1712 3197 sic
1736 3159 1961 3197 intellexisse
1989 3159 2085 3197 sicut
2108 3167 2246 3197 sonant
2271 3160 2392 3197 verba
2419 3158 2512 3206 eius,

1442 3221 1572 3250 contra
1592 3225 1692 3263 quae
1710 3212 1772 3250 hic
1790 3212 2011 3250 Aristoteles
2031 3213 2207 3263 disputat.
2229 3212 2307 3250 Sed
2325 3218 2512 3265 quantum

1440 3266 1600 3314 pertinet
1629 3267 1678 3304 ad
1704 3266 1986 3316 expositionem
2015 3266 2127 3304 huius
2156 3265 2259 3314 libri,
2289 3277 2368 3303 non
2402 3264 2514 3302 refert

1440 3326 1568 3357 utrum
1597 3320 1649 3357 sic
1677 3321 1739 3357 vel
1767 3319 1873 3357 aliter
1891 3320 2000 3357 Plato
2030 3319 2198 3367 senserit,
2219 3317 2435 3356 dummodo
2454 3317 2512 3355 vi-

1443 3484 1498 3502 esse
1516 3481 1541 3502 et
1561 3485 1612 3503 non
1632 3486 1699 3509 esse,
1724 3479 1798 3504 codd.
1815 3487 1870 3506 orn.
1886 3479 1956 3504 idem
1961 3486 1971 3509 ;
1990 3478 2084 3504 eodem
2102 3477 2183 3503 modo
2201 3485 2254 3502 om.
2274 3477 2343 3503 idem
2363 3485 2436 3503 num.
2449 3485 2468 3510 4
2486 3477 2511 3502 in

1443 3513 1568 3545 principio
1587 3519 1612 3538 et
1630 3513 1689 3539 fine.

1495 3549 1522 3581 γ)
1543 3556 1593 3573 non
1615 3552 1705 3581 potest
1729 3550 1883 3576 interimi...
1892 3548 2059 3583 praemissis.
2076 3561 2096 3569 ·-·
2112 3548 2197 3574 Etiam
2223 3548 2291 3573 istud
2315 3547 2511 3574 homoteleuton

339 3576 392 3593 om.
407 3569 426 3593 P
445 3574 471 3594 et
480 3570 561 3610 codd.
576 3578 628 3596 exc.
642 3572 717 3603 AsG,
736 3573 781 3597 sed
800 3574 854 3598 sine
866 3583 904 3615 'eo
923 3576 1013 3601 divisio
1032 3585 1122 3603 manca
1141 3585 1187 3609 est,
1207 3588 1291 3613 neque
1310 3581 1388 3606 textui
1442 3590 1495 3608 om.
1511 3583 1530 3607 P
1549 3590 1574 3608 et
1594 3585 1668 3609 codd.
1683 3593 1736 3610 exc.
1750 3586 1826 3617 AsG;
1847 3586 1881 3617 P,
1901 3590 1930 3610 ut
1949 3584 2073 3610 mendum
2092 3583 2210 3617 corrigat,
2225 3583 2250 3608 in
2265 3583 2389 3617 principio
2407 3588 2510 3608 senten-

339 3604 381 3628 vel
400 3609 549 3636 expositioni
564 3606 708 3638 respondet.
721 3621 739 3626 —
752 3608 923 3641 Sequentibus
938 3611 957 3635 Ρ
971 3613 1108 3644 praemittit
1121 3614 1226 3640 scilicet.
1237 3629 1256 3636 —
1270 3616 1306 3642 lbi
1320 3617 1388 3642 idem
1442 3618 1490 3643 tiae
1510 3626 1557 3651 pro
1577 3619 1607 3644 Si·
1626 3620 1686 3653 legit
1706 3620 1758 3646 Sic.

2539 2473 2692 2496 ’elom-i».

2539 2903 2550 2914 ·
2566 2901 2612 2924 Hic
2625 2902 2718 2930 tuost).

2539 2951 2554 3000 :¹
2565 2951 2743 2980 corr-pumen·

2541 3114 2716 3138 'deducta
