<?xml version="1.0" encoding="UTF-8"?>
<!DOCTYPE html PUBLIC "-//W3C//DTD XHTML 1.0 Transitional//EN"
    "http://www.w3.org/TR/xhtml1/DTD/xhtml1-transitional.dtd">
<html xmlns="http://www.w3.org/1999/xhtml" xml:lang="en" lang="en">
 <head>
  <title>
</title>
<meta http-equiv="Content-Type" content="text/html;charset=utf-8" />
  <meta name='ocr-system' content='tesseract 3.04.00' />
  <meta name='ocr-capabilities' content='ocr_page ocr_carea ocr_par ocr_line ocrx_word'/>
</head>
<body>
  <div class='ocr_page' id='page_1' title='image "./operaomniaiussui03thom/operaomniaiussui03thom_0099.png"; bbox 0 0 2782 4134; ppageno 0'>
   <div class='ocr_carea' id='block_1_1' title="bbox 0 0 41 4134">
    <p class='ocr_par' dir='ltr' id='par_1_1' title="bbox 0 0 41 4134">
     <span class='ocr_line' id='line_1_1' title="bbox 0 0 41 4134; baseline 0 0"><span class='ocrx_word' id='word_1_1' title='bbox 0 0 41 4134; x_wconf 95' lang='lat' dir='ltr'> </span> 
     </span>
    </p>
   </div>
   <div class='ocr_carea' id='block_1_2' title="bbox 1109 259 1642 307">
    <p class='ocr_par' dir='ltr' id='par_1_2' title="bbox 1109 259 1642 307">
     <span class='ocr_line' id='line_1_2' title="bbox 1109 259 1642 307; baseline 0 -11"><span class='ocrx_word' id='word_1_2' title='bbox 1109 259 1222 296; x_wconf 85' lang='lat' dir='ltr'>CAP.</span> <span class='ocrx_word' id='word_1_3' title='bbox 1251 259 1338 307; x_wconf 85' lang='lat' dir='ltr'>v11,</span> <span class='ocrx_word' id='word_1_4' title='bbox 1368 259 1520 296; x_wconf 83' lang='lat' dir='ltr'><strong>LECT.</strong></span> <span class='ocrx_word' id='word_1_5' title='bbox 1551 259 1642 296; x_wconf 82' lang='lat' dir='ltr'>X1v</span> 
     </span>
    </p>
   </div>
   <div class='ocr_carea' id='block_1_3' title="bbox 2428 264 2472 300">
    <p class='ocr_par' dir='ltr' id='par_1_3' title="bbox 2428 264 2472 300">
     <span class='ocr_line' id='line_1_3' title="bbox 2428 264 2472 300; baseline 0 0"><span class='ocrx_word' id='word_1_6' title='bbox 2428 264 2472 300; x_wconf 89' lang='grc'>55</span> 
     </span>
    </p>
   </div>
   <div class='ocr_carea' id='block_1_4' title="bbox 876 447 1878 545">
    <p class='ocr_par' dir='ltr' id='par_1_4' title="bbox 876 447 1878 545">
     <span class='ocr_line' id='line_1_4' title="bbox 876 447 1878 545; baseline 0.001 -22"><span class='ocrx_word' id='word_1_7' title='bbox 876 467 1180 524; x_wconf 87' lang='lat' dir='ltr'>LEcT10</span> <span class='ocrx_word' id='word_1_8' title='bbox 1217 447 1878 545; x_wconf 78' lang='lat' dir='ltr'>DECIMAQUARTA</span> 
     </span>
    </p>
   </div>
   <div class='ocr_carea' id='block_1_5' title="bbox 438 621 2308 718">
    <p class='ocr_par' dir='ltr' id='par_1_5' title="bbox 438 621 2308 718">
     <span class='ocr_line' id='line_1_5' title="bbox 717 621 2023 661; baseline 0.001 -9"><span class='ocrx_word' id='word_1_9' title='bbox 717 621 998 653; x_wconf 83' lang='lat' dir='ltr'>OSTENmTUR</span> <span class='ocrx_word' id='word_1_10' title='bbox 1019 622 1203 653; x_wconf 91' lang='lat' dir='ltr'><strong>NULLUM</strong></span> <span class='ocrx_word' id='word_1_11' title='bbox 1228 621 1396 653; x_wconf 88' lang='lat' dir='ltr'>CORPUS</span> <span class='ocrx_word' id='word_1_12' title='bbox 1420 622 1633 653; x_wconf 90' lang='lat' dir='ltr'>SENSIBILE</span> <span class='ocrx_word' id='word_1_13' title='bbox 1656 622 1757 654; x_wconf 92' lang='lat' dir='ltr'>ESSE</span> <span class='ocrx_word' id='word_1_14' title='bbox 1781 622 2023 661; x_wconf 90' lang='lat' dir='ltr'>INFINITUM,</span> 
     </span>
     <span class='ocr_line' id='line_1_6' title="bbox 438 678 2308 718; baseline -0.002 -5"><span class='ocrx_word' id='word_1_15' title='bbox 438 679 633 713; x_wconf 87' lang='lat' dir='ltr'>RATIONE</span> <span class='ocrx_word' id='word_1_16' title='bbox 656 678 861 711; x_wconf 90' lang='lat' dir='ltr'>ACCEPTA</span> <span class='ocrx_word' id='word_1_17' title='bbox 883 679 942 710; x_wconf 90' lang='lat' dir='ltr'>EX</span> <span class='ocrx_word' id='word_1_18' title='bbox 965 678 1160 710; x_wconf 88' lang='lat' dir='ltr'>ACTIONE</span> <span class='ocrx_word' id='word_1_19' title='bbox 1184 679 1243 709; x_wconf 90' lang='lat' dir='ltr'>ET</span> <span class='ocrx_word' id='word_1_20' title='bbox 1266 678 1486 718; x_wconf 87' lang='lat' dir='ltr'>PASSIONE,</span> <span class='ocrx_word' id='word_1_21' title='bbox 1511 679 1592 710; x_wconf 89' lang='lat' dir='ltr'>SEU</span> <span class='ocrx_word' id='word_1_22' title='bbox 1614 679 1672 710; x_wconf 90' lang='lat' dir='ltr'>EX</span> <span class='ocrx_word' id='word_1_23' title='bbox 1694 680 1837 711; x_wconf 84' lang='lat' dir='ltr'><strong>PARTE</strong></span> <span class='ocrx_word' id='word_1_24' title='bbox 1861 679 2012 711; x_wconf 91' lang='lat' dir='ltr'>MOTUS</span> <span class='ocrx_word' id='word_1_25' title='bbox 2036 679 2080 710; x_wconf 93' lang='lat' dir='ltr'>IN</span> <span class='ocrx_word' id='word_1_26' title='bbox 2104 678 2308 710; x_wconf 86' lang='lat' dir='ltr'>COMMUNI</span> 
     </span>
    </p>
   </div>
   <div class='ocr_carea' id='block_1_6' title="bbox 227 805 1348 3346">
    <p class='ocr_par' dir='ltr' id='par_1_6' title="bbox 267 805 1348 933">
     <span class='ocr_line' id='line_1_7' title="bbox 267 805 1348 854; baseline -0.006 -8"><span class='ocrx_word' id='word_1_27' title='bbox 267 812 348 846; x_wconf 68' lang='grc' dir='ltr'>Ὀτι</span> <span class='ocrx_word' id='word_1_28' title='bbox 371 806 402 844; x_wconf 74' lang='grc' dir='ltr'>δ’</span> <span class='ocrx_word' id='word_1_29' title='bbox 431 810 514 849; x_wconf 81' lang='grc' dir='ltr'>ὅλως</span> <span class='ocrx_word' id='word_1_30' title='bbox 542 805 714 843; x_wconf 79' lang='grc' dir='ltr'>ἀδύνατον</span> <span class='ocrx_word' id='word_1_31' title='bbox 741 809 878 854; x_wconf 84' lang='grc' dir='ltr'>ἄπειρον</span> <span class='ocrx_word' id='word_1_32' title='bbox 905 808 972 841; x_wconf 80' lang='grc' dir='ltr'>ὗπό</span> <span class='ocrx_word' id='word_1_33' title='bbox 998 807 1256 854; x_wconf 79' lang='grc' dir='ltr'>πεπερασμένου</span> <span class='ocrx_word' id='word_1_34' title='bbox 1282 820 1348 840; x_wconf 85' lang='grc' dir='ltr'>πα-</span> 
     </span>
     <span class='ocr_line' id='line_1_8' title="bbox 343 848 1348 911; baseline -0.004 -23"><span class='ocrx_word' id='word_1_35' title='bbox 343 854 417 911; x_wconf 58' lang='grc' dir='ltr'>ΘεῖνΙ</span> <span class='ocrx_word' id='word_1_36' title='bbox 437 867 472 888; x_wconf 86' lang='grc' dir='ltr'>τι</span> <span class='ocrx_word' id='word_1_37' title='bbox 496 854 518 892; x_wconf 79' lang='grc' dir='ltr'><strong>ἦ</strong></span> <span class='ocrx_word' id='word_1_38' title='bbox 543 855 687 891; x_wconf 81' lang='grc' dir='ltr'>ποιῆσαι</span> <span class='ocrx_word' id='word_1_39' title='bbox 713 853 754 886; x_wconf 79' lang='grc' dir='ltr'>τὸ</span> <span class='ocrx_word' id='word_1_40' title='bbox 787 851 1065 898; x_wconf 81' lang='grc' dir='ltr'>πεπερασμένον,</span> <span class='ocrx_word' id='word_1_41' title='bbox 1093 853 1130 886; x_wconf 80' lang='grc' dir='ltr'>ἐκ</span> <span class='ocrx_word' id='word_1_42' title='bbox 1155 848 1262 886; x_wconf 78' lang='grc' dir='ltr'>τῶνδε</span> <span class='ocrx_word' id='word_1_43' title='bbox 1287 864 1348 897; x_wconf 85' lang='grc' dir='ltr'>φα-</span> 
     </span>
     <span class='ocr_line' id='line_1_9' title="bbox 342 912 448 933; baseline 0 0"><span class='ocrx_word' id='word_1_44' title='bbox 342 912 376 933; x_wconf 91' lang='grc' dir='ltr'>νε</span> <span class='ocrx_word' id='word_1_45' title='bbox 399 912 448 933; x_wconf 88' lang='grc' dir='ltr'>ον.</span> 
     </span>
    </p>

    <p class='ocr_par' dir='ltr' id='par_1_7' title="bbox 267 913 1347 1166">
     <span class='ocr_line' id='line_1_10' title="bbox 267 913 1345 992; baseline 0.001 -19"><span class='ocrx_word' id='word_1_46' title='bbox 267 913 395 979; x_wconf 67' lang='grc' dir='ltr'>Ἔστωρ</span> <span class='ocrx_word' id='word_1_47' title='bbox 406 944 472 992; x_wconf 74' lang='grc' dir='ltr'>γάρ</span> <span class='ocrx_word' id='word_1_48' title='bbox 508 944 644 988; x_wconf 79' lang='grc' dir='ltr'>ἄπειρον</span> <span class='ocrx_word' id='word_1_49' title='bbox 670 942 719 987; x_wconf 76' lang='grc' dir='ltr'>ἐφ’</span> <span class='ocrx_word' id='word_1_50' title='bbox 750 941 788 974; x_wconf 88' lang='grc' dir='ltr'>οὗ</span> <span class='ocrx_word' id='word_1_51' title='bbox 813 943 859 984; x_wconf 97' lang='lat' dir='ltr'>A,</span> <span class='ocrx_word' id='word_1_52' title='bbox 886 941 1142 987; x_wconf 82' lang='grc' dir='ltr'>πεπερασμένον</span> <span class='ocrx_word' id='word_1_53' title='bbox 1169 939 1215 986; x_wconf 81' lang='grc' dir='ltr'>ἐφ’</span> <span class='ocrx_word' id='word_1_54' title='bbox 1246 941 1283 974; x_wconf 84' lang='grc' dir='ltr'>οὗ</span> <span class='ocrx_word' id='word_1_55' title='bbox 1306 943 1345 982; x_wconf 88' lang='grc' dir='ltr'>Β,</span> 
     </span>
     <span class='ocr_line' id='line_1_11' title="bbox 340 982 1347 1036; baseline -0.005 -14"><span class='ocrx_word' id='word_1_56' title='bbox 340 988 460 1036; x_wconf 78' lang='grc' dir='ltr'>χρόνος</span> <span class='ocrx_word' id='word_1_57' title='bbox 485 989 519 1021; x_wconf 79' lang='grc' dir='ltr'>ἒν</span> <span class='ocrx_word' id='word_1_58' title='bbox 536 988 560 1030; x_wconf 74' lang='grc' dir='ltr'><em>ᾦ</em></span> <span class='ocrx_word' id='word_1_59' title='bbox 579 987 711 1026; x_wconf 74' lang='grc' dir='ltr'>ἑκίνησέ</span> <span class='ocrx_word' id='word_1_60' title='bbox 728 998 763 1020; x_wconf 90' lang='grc' dir='ltr'>τι</span> <span class='ocrx_word' id='word_1_61' title='bbox 785 985 806 1024; x_wconf 83' lang='grc' dir='ltr'><strong>ἥ</strong></span> <span class='ocrx_word' id='word_1_62' title='bbox 824 985 960 1024; x_wconf 76' lang='grc' dir='ltr'>ἐκινήθη</span> <span class='ocrx_word' id='word_1_63' title='bbox 980 988 1014 1019; x_wconf 91' lang='grc' dir='ltr'>Γ.</span> <span class='ocrx_word' id='word_1_64' title='bbox 1041 987 1079 1018; x_wconf 81' lang='grc' dir='ltr'>Εἰ</span> <span class='ocrx_word' id='word_1_65' title='bbox 1095 982 1140 1023; x_wconf 76' lang='grc' dir='ltr'>δή</span> <span class='ocrx_word' id='word_1_66' title='bbox 1159 986 1225 1019; x_wconf 74' lang='grc' dir='ltr'>ὑπὸ</span> <span class='ocrx_word' id='word_1_67' title='bbox 1243 986 1306 1018; x_wconf 80' lang='grc' dir='ltr'>τοῦ</span> <span class='ocrx_word' id='word_1_68' title='bbox 1323 987 1347 1017; x_wconf 89' lang='grc' dir='ltr'><strong>Β</strong></span> 
     </span>
     <span class='ocr_line' id='line_1_12' title="bbox 342 1029 1347 1078; baseline -0.006 -10"><span class='ocrx_word' id='word_1_69' title='bbox 342 1034 385 1068; x_wconf 75' lang='grc' dir='ltr'>τὸ</span> <span class='ocrx_word' id='word_1_70' title='bbox 410 1034 436 1066; x_wconf 88' lang='lat' dir='ltr'>A</span> <span class='ocrx_word' id='word_1_71' title='bbox 460 1031 645 1078; x_wconf 75' lang='grc' dir='ltr'>ἐθερμάνθη</span> <span class='ocrx_word' id='word_1_72' title='bbox 679 1030 700 1069; x_wconf 77' lang='grc' dir='ltr'><strong>ἥ</strong></span> <span class='ocrx_word' id='word_1_73' title='bbox 732 1031 823 1069; x_wconf 80' lang='grc' dir='ltr'>ὥσθη</span> <span class='ocrx_word' id='word_1_74' title='bbox 849 1030 871 1068; x_wconf 80' lang='grc' dir='ltr'>ἦ</span> <span class='ocrx_word' id='word_1_75' title='bbox 898 1031 982 1064; x_wconf 83' lang='grc' dir='ltr'>ἄλλο</span> <span class='ocrx_word' id='word_1_76' title='bbox 1015 1042 1050 1063; x_wconf 91' lang='grc' dir='ltr'>τι</span> <span class='ocrx_word' id='word_1_77' title='bbox 1083 1029 1207 1063; x_wconf 82' lang='grc' dir='ltr'>ἔπαθεν</span> <span class='ocrx_word' id='word_1_78' title='bbox 1234 1030 1255 1068; x_wconf 75' lang='grc' dir='ltr'>ἦ</span> <span class='ocrx_word' id='word_1_79' title='bbox 1287 1032 1347 1063; x_wconf 80' lang='grc' dir='ltr'>καὶ</span> 
     </span>
     <span class='ocr_line' id='line_1_13' title="bbox 343 1074 1347 1131; baseline -0.005 -20"><span class='ocrx_word' id='word_1_80' title='bbox 343 1078 458 1114; x_wconf 73' lang='grc' dir='ltr'>ὁτιοῦν</span> <span class='ocrx_word' id='word_1_81' title='bbox 492 1077 627 1115; x_wconf 75' lang='grc' dir='ltr'>ἐκινήθη</span> <span class='ocrx_word' id='word_1_82' title='bbox 654 1074 687 1109; x_wconf 79' lang='grc' dir='ltr'>ὲν</span> <span class='ocrx_word' id='word_1_83' title='bbox 713 1077 761 1118; x_wconf 78' lang='grc' dir='ltr'>τῷ</span> <span class='ocrx_word' id='word_1_84' title='bbox 792 1075 898 1131; x_wconf 82' lang='grc' dir='ltr'>χρόνῳ</span> <span class='ocrx_word' id='word_1_85' title='bbox 924 1076 972 1120; x_wconf 77' lang='grc' dir='ltr'>ἐφ’</span> <span class='ocrx_word' id='word_1_86' title='bbox 1003 1075 1040 1108; x_wconf 83' lang='grc' dir='ltr'>οὔ</span> <span class='ocrx_word' id='word_1_87' title='bbox 1065 1077 1108 1117; x_wconf 89' lang='grc' dir='ltr'>Γ,</span> <span class='ocrx_word' id='word_1_88' title='bbox 1134 1075 1222 1108; x_wconf 82' lang='grc' dir='ltr'>ἔστω</span> <span class='ocrx_word' id='word_1_89' title='bbox 1256 1074 1298 1108; x_wconf 76' lang='grc' dir='ltr'>τό</span> <span class='ocrx_word' id='word_1_90' title='bbox 1324 1076 1347 1106; x_wconf 92' lang='grc' dir='ltr'>Δ</span> 
     </span>
     <span class='ocr_line' id='line_1_14' title="bbox 342 1118 1346 1166; baseline -0.007 -8"><span class='ocrx_word' id='word_1_91' title='bbox 342 1123 406 1158; x_wconf 83' lang='grc' dir='ltr'>τοῦ</span> <span class='ocrx_word' id='word_1_92' title='bbox 429 1124 456 1154; x_wconf 82' lang='grc' dir='ltr'>Β</span> <span class='ocrx_word' id='word_1_93' title='bbox 480 1122 650 1163; x_wconf 79' lang='grc' dir='ltr'>ἔλαττον,</span> <span class='ocrx_word' id='word_1_94' title='bbox 675 1123 733 1153; x_wconf 76' lang='grc' dir='ltr'>καὶ</span> <span class='ocrx_word' id='word_1_95' title='bbox 759 1132 801 1152; x_wconf 85' lang='grc' dir='ltr'>το</span> <span class='ocrx_word' id='word_1_96' title='bbox 827 1120 976 1154; x_wconf 81' lang='grc' dir='ltr'>ἔλαττον</span> <span class='ocrx_word' id='word_1_97' title='bbox 1009 1121 1043 1153; x_wconf 81' lang='grc' dir='ltr'>ὲν</span> <span class='ocrx_word' id='word_1_98' title='bbox 1077 1121 1125 1162; x_wconf 79' lang='grc' dir='ltr'>τῷ</span> <span class='ocrx_word' id='word_1_99' title='bbox 1149 1122 1208 1161; x_wconf 84' lang='grc' dir='ltr'>ἴσῳ</span> <span class='ocrx_word' id='word_1_100' title='bbox 1239 1118 1346 1166; x_wconf 82' lang='grc' dir='ltr'>χρόνῳ</span> 
     </span>
    </p>

    <p class='ocr_par' dir='ltr' id='par_1_8' title="bbox 268 1160 1347 1209">
     <span class='ocr_line' id='line_1_15' title="bbox 268 1160 1347 1209; baseline -0.006 -7"><span class='ocrx_word' id='word_1_101' title='bbox 268 1203 272 1205; x_wconf 16' lang='grc' dir='ltr'>λ</span> <span class='ocrx_word' id='word_1_102' title='bbox 342 1167 499 1207; x_wconf 55' lang='grc' dir='ltr'>ἔλατ-[ον.</span> <span class='ocrx_word' id='word_1_103' title='bbox 519 1168 676 1199; x_wconf 75' lang='grc' dir='ltr'>κινείτω·</span> <span class='ocrx_word' id='word_1_104' title='bbox 704 1165 793 1198; x_wconf 83' lang='grc' dir='ltr'>ἔστω</span> <span class='ocrx_word' id='word_1_105' title='bbox 822 1160 860 1198; x_wconf 79' lang='grc' dir='ltr'>δὲ</span> <span class='ocrx_word' id='word_1_106' title='bbox 893 1166 935 1198; x_wconf 79' lang='grc' dir='ltr'>τὸ</span> <span class='ocrx_word' id='word_1_107' title='bbox 967 1165 1014 1209; x_wconf 82' lang='grc' dir='ltr'>ἐφ’</span> <span class='ocrx_word' id='word_1_108' title='bbox 1044 1164 1068 1206; x_wconf 78' lang='grc' dir='ltr'><em>ᾦ</em></span> <span class='ocrx_word' id='word_1_109' title='bbox 1093 1166 1117 1196; x_wconf 85' lang='grc' dir='ltr'><strong>Ε</strong></span> <span class='ocrx_word' id='word_1_110' title='bbox 1143 1164 1209 1198; x_wconf 76' lang='grc' dir='ltr'>ὑπὸ</span> <span class='ocrx_word' id='word_1_111' title='bbox 1234 1164 1297 1196; x_wconf 84' lang='grc' dir='ltr'>τοῦ</span> <span class='ocrx_word' id='word_1_112' title='bbox 1322 1165 1347 1195; x_wconf 94' lang='grc' dir='ltr'><strong>Δ</strong></span> 
     </span>
    </p>

    <p class='ocr_par' dir='ltr' id='par_1_9' title="bbox 227 1205 1348 1479">
     <span class='ocr_line' id='line_1_16' title="bbox 227 1205 1346 1256; baseline -0.004 -11"><span class='ocrx_word' id='word_1_113' title='bbox 227 1224 230 1225; x_wconf 66' lang='grc'>’</span> <span class='ocrx_word' id='word_1_114' title='bbox 276 1206 584 1256; x_wconf 59' lang='grc' dir='ltr'>”ἷλ”λοιωμένον.</span> <span class='ocrx_word' id='word_1_115' title='bbox 615 1211 657 1242; x_wconf 87' lang='grc' dir='ltr'><em>Ὃ</em></span> <span class='ocrx_word' id='word_1_116' title='bbox 678 1205 723 1247; x_wconf 80' lang='grc' dir='ltr'>δή</span> <span class='ocrx_word' id='word_1_117' title='bbox 741 1210 815 1244; x_wconf 81' lang='grc' dir='ltr'>ἐστι</span> <span class='ocrx_word' id='word_1_118' title='bbox 833 1209 874 1242; x_wconf 79' lang='grc' dir='ltr'>τὸ</span> <span class='ocrx_word' id='word_1_119' title='bbox 891 1212 915 1241; x_wconf 93' lang='grc' dir='ltr'><strong>Δ</strong></span> <span class='ocrx_word' id='word_1_120' title='bbox 932 1223 957 1243; x_wconf 88' lang='grc' dir='ltr'>π</span> <span class='ocrx_word' id='word_1_121' title='bbox 980 1209 1013 1248; x_wconf 82' lang='grc' dir='ltr'>ὂς</span> <span class='ocrx_word' id='word_1_122' title='bbox 1031 1209 1072 1241; x_wconf 78' lang='grc' dir='ltr'>τὸ</span> <span class='ocrx_word' id='word_1_123' title='bbox 1089 1210 1127 1251; x_wconf 86' lang='grc' dir='ltr'>Β,</span> <span class='ocrx_word' id='word_1_124' title='bbox 1147 1209 1188 1242; x_wconf 77' lang='grc' dir='ltr'>τὸ</span> <span class='ocrx_word' id='word_1_125' title='bbox 1205 1211 1229 1240; x_wconf 88' lang='grc' dir='ltr'><strong>Ε</strong></span> <span class='ocrx_word' id='word_1_126' title='bbox 1248 1208 1346 1241; x_wconf 79' lang='grc' dir='ltr'>ἔσται</span> 
     </span>
     <span class='ocr_line' id='line_1_17' title="bbox 341 1253 1345 1303; baseline -0.007 -12"><span class='ocrx_word' id='word_1_127' title='bbox 341 1257 424 1303; x_wconf 79' lang='grc' dir='ltr'>πρός</span> <span class='ocrx_word' id='word_1_128' title='bbox 449 1255 706 1300; x_wconf 85' lang='grc' dir='ltr'>πεπερασμένον</span> <span class='ocrx_word' id='word_1_129' title='bbox 732 1267 777 1288; x_wconf 87' lang='grc' dir='ltr'>τι.</span> <span class='ocrx_word' id='word_1_130' title='bbox 809 1254 923 1287; x_wconf 85' lang='grc' dir='ltr'>Ἔστω</span> <span class='ocrx_word' id='word_1_131' title='bbox 971 1254 992 1291; x_wconf 78' lang='grc' dir='ltr'>ή</span> <span class='ocrx_word' id='word_1_132' title='bbox 1011 1253 1052 1285; x_wconf 75' lang='grc' dir='ltr'>τὸ</span> <span class='ocrx_word' id='word_1_133' title='bbox 1068 1253 1127 1297; x_wconf 79' lang='grc' dir='ltr'>μὲν</span> <span class='ocrx_word' id='word_1_134' title='bbox 1144 1255 1216 1285; x_wconf 86' lang='grc' dir='ltr'>ἴσον</span> <span class='ocrx_word' id='word_1_135' title='bbox 1235 1253 1268 1285; x_wconf 81' lang='grc' dir='ltr'>ἐν</span> <span class='ocrx_word' id='word_1_136' title='bbox 1285 1254 1345 1294; x_wconf 78' lang='grc' dir='ltr'>ἴσῳ</span> 
     </span>
     <span class='ocr_line' id='line_1_18' title="bbox 341 1294 1348 1348; baseline -0.006 -14"><span class='ocrx_word' id='word_1_137' title='bbox 341 1301 448 1348; x_wconf 84' lang='grc' dir='ltr'>χρόνῳ</span> <span class='ocrx_word' id='word_1_138' title='bbox 471 1303 544 1333; x_wconf 87' lang='grc' dir='ltr'>ἴσον</span> <span class='ocrx_word' id='word_1_139' title='bbox 571 1299 743 1338; x_wconf 76' lang='grc' dir='ltr'>ἀλλοιοῦν,</span> <span class='ocrx_word' id='word_1_140' title='bbox 763 1299 804 1333; x_wconf 80' lang='grc' dir='ltr'>τό</span> <span class='ocrx_word' id='word_1_141' title='bbox 828 1294 858 1330; x_wconf 81' lang='grc' dir='ltr'>δ’</span> <span class='ocrx_word' id='word_1_142' title='bbox 881 1298 1030 1331; x_wconf 81' lang='grc' dir='ltr'>ἔλαττον</span> <span class='ocrx_word' id='word_1_143' title='bbox 1050 1298 1082 1329; x_wconf 71' lang='grc' dir='ltr'>ἐν</span> <span class='ocrx_word' id='word_1_144' title='bbox 1101 1299 1150 1339; x_wconf 81' lang='grc' dir='ltr'>τῷ</span> <span class='ocrx_word' id='word_1_145' title='bbox 1166 1299 1225 1339; x_wconf 85' lang='grc' dir='ltr'>ἴσῳ</span> <span class='ocrx_word' id='word_1_146' title='bbox 1244 1296 1348 1329; x_wconf 83' lang='grc' dir='ltr'>ἔλατ-</span> 
     </span>
     <span class='ocr_line' id='line_1_19' title="bbox 340 1337 1345 1390; baseline -0.006 -11"><span class='ocrx_word' id='word_1_147' title='bbox 340 1357 416 1388; x_wconf 88' lang='grc' dir='ltr'>τον,</span> <span class='ocrx_word' id='word_1_148' title='bbox 435 1345 478 1379; x_wconf 75' lang='grc' dir='ltr'>τό</span> <span class='ocrx_word' id='word_1_149' title='bbox 498 1340 536 1378; x_wconf 77' lang='grc' dir='ltr'>δὲ</span> <span class='ocrx_word' id='word_1_150' title='bbox 553 1345 666 1390; x_wconf 73' lang='grc' dir='ltr'>μεῖζον</span> <span class='ocrx_word' id='word_1_151' title='bbox 690 1344 818 1387; x_wconf 73' lang='grc' dir='ltr'>μεῖζον,</span> <span class='ocrx_word' id='word_1_152' title='bbox 837 1344 1005 1377; x_wconf 77' lang='grc' dir='ltr'>τοσοῦτον</span> <span class='ocrx_word' id='word_1_153' title='bbox 1022 1337 1062 1374; x_wconf 77' lang='grc' dir='ltr'>δὲ</span> <span class='ocrx_word' id='word_1_154' title='bbox 1079 1340 1156 1375; x_wconf 83' lang='grc' dir='ltr'>ὅσον</span> <span class='ocrx_word' id='word_1_155' title='bbox 1175 1340 1345 1386; x_wconf 84' lang='grc' dir='ltr'>ἀνάλογον</span> 
     </span>
     <span class='ocr_line' id='line_1_20' title="bbox 341 1387 1346 1465; baseline -0.006 -41"><span class='ocrx_word' id='word_1_156' title='bbox 341 1391 444 1424; x_wconf 71' lang='grc' dir='ltr'>ἔσται</span> <span class='ocrx_word' id='word_1_157' title='bbox 473 1389 554 1432; x_wconf 72' lang='grc' dir='ltr'>ὅπερ</span> <span class='ocrx_word' id='word_1_158' title='bbox 578 1389 620 1422; x_wconf 73' lang='grc' dir='ltr'>τὰ</span> <span class='ocrx_word' id='word_1_159' title='bbox 645 1388 758 1465; x_wconf 52' lang='lat' dir='ltr'>uel-{ov</span> <span class='ocrx_word' id='word_1_160' title='bbox 793 1388 875 1431; x_wconf 75' lang='grc' dir='ltr'>πρὸς</span> <span class='ocrx_word' id='word_1_161' title='bbox 905 1388 948 1420; x_wconf 80' lang='grc' dir='ltr'><strong><em>τό</em></strong></span> <span class='ocrx_word' id='word_1_162' title='bbox 978 1388 1142 1420; x_wconf 80' lang='grc' dir='ltr'>ἔλαττον.</span> <span class='ocrx_word' id='word_1_163' title='bbox 1178 1387 1246 1418; x_wconf 79' lang='grc' dir='ltr'>Οὐκ</span> <span class='ocrx_word' id='word_1_164' title='bbox 1280 1388 1346 1430; x_wconf 73' lang='grc' dir='ltr'>ἄρα</span> 
     </span>
     <span class='ocr_line' id='line_1_21' title="bbox 339 1430 1345 1479; baseline -0.007 -10"><span class='ocrx_word' id='word_1_165' title='bbox 339 1435 384 1469; x_wconf 73' lang='grc' dir='ltr'>τὸ</span> <span class='ocrx_word' id='word_1_166' title='bbox 408 1434 545 1479; x_wconf 73' lang='grc' dir='ltr'>ἄπειρον</span> <span class='ocrx_word' id='word_1_167' title='bbox 572 1431 630 1466; x_wconf 77' lang='grc' dir='ltr'>ὑπ’</span> <span class='ocrx_word' id='word_1_168' title='bbox 659 1433 697 1466; x_wconf 80' lang='grc' dir='ltr'>οὗ</span> <span class='ocrx_word' id='word_1_169' title='bbox 722 1432 793 1470; x_wconf 77' lang='grc' dir='ltr'>ενός</span> <span class='ocrx_word' id='word_1_170' title='bbox 819 1430 1076 1476; x_wconf 80' lang='grc' dir='ltr'>πεπερασμένου</span> <span class='ocrx_word' id='word_1_171' title='bbox 1107 1430 1287 1468; x_wconf 76' lang='grc' dir='ltr'>κινήσεται</span> <span class='ocrx_word' id='word_1_172' title='bbox 1312 1431 1345 1464; x_wconf 78' lang='grc' dir='ltr'>ἐν</span> 
     </span>
    </p>

    <p class='ocr_par' dir='ltr' id='par_1_10' title="bbox 286 1475 1347 1657">
     <span class='ocr_line' id='line_1_22' title="bbox 286 1475 1346 1525; baseline -0.005 -12"><span class='ocrx_word' id='word_1_173' title='bbox 286 1512 289 1517; x_wconf 79' lang='grc'>,</span> <span class='ocrx_word' id='word_1_174' title='bbox 340 1478 451 1513; x_wconf 68' lang='grc' dir='ltr'>οὐθενὶ</span> <span class='ocrx_word' id='word_1_175' title='bbox 482 1477 608 1525; x_wconf 84' lang='grc' dir='ltr'>χρόνῳ·</span> <span class='ocrx_word' id='word_1_176' title='bbox 643 1477 792 1511; x_wconf 83' lang='grc' dir='ltr'>ἔλαττον</span> <span class='ocrx_word' id='word_1_177' title='bbox 823 1476 889 1523; x_wconf 74' lang='grc' dir='ltr'>γάρ</span> <span class='ocrx_word' id='word_1_178' title='bbox 923 1476 1007 1510; x_wconf 70' lang='grc' dir='ltr'>ἄλλο</span> <span class='ocrx_word' id='word_1_179' title='bbox 1039 1476 1074 1509; x_wconf 77' lang='grc' dir='ltr'>ἐν</span> <span class='ocrx_word' id='word_1_180' title='bbox 1106 1476 1155 1517; x_wconf 78' lang='grc' dir='ltr'>τῷ</span> <span class='ocrx_word' id='word_1_181' title='bbox 1187 1478 1245 1517; x_wconf 90' lang='grc' dir='ltr'>ἴσῳ</span> <span class='ocrx_word' id='word_1_182' title='bbox 1279 1475 1346 1508; x_wconf 79' lang='grc' dir='ltr'>ύπό</span> 
     </span>
     <span class='ocr_line' id='line_1_23' title="bbox 339 1518 1347 1577; baseline -0.005 -20"><span class='ocrx_word' id='word_1_183' title='bbox 339 1522 527 1562; x_wconf 69' lang='grc' dir='ltr'>ἐλάττονος</span> <span class='ocrx_word' id='word_1_184' title='bbox 543 1520 801 1562; x_wconf 63' lang='grc' dir='ltr'>κινηθήσεται,</span> <span class='ocrx_word' id='word_1_185' title='bbox 829 1521 910 1577; x_wconf 77' lang='grc' dir='ltr'>πρὸς</span> <span class='ocrx_word' id='word_1_186' title='bbox 937 1521 953 1553; x_wconf 85' lang='grc' dir='ltr'><em>ὃ</em></span> <span class='ocrx_word' id='word_1_187' title='bbox 978 1520 1020 1553; x_wconf 75' lang='grc' dir='ltr'>τὸ</span> <span class='ocrx_word' id='word_1_188' title='bbox 1047 1518 1217 1566; x_wconf 86' lang='grc' dir='ltr'>ἀνάλογον</span> <span class='ocrx_word' id='word_1_189' title='bbox 1244 1532 1347 1553; x_wconf 86' lang='grc' dir='ltr'>πεπε-</span> 
     </span>
     <span class='ocr_line' id='line_1_24' title="bbox 339 1564 1345 1614; baseline -0.004 -13"><span class='ocrx_word' id='word_1_190' title='bbox 339 1567 507 1614; x_wconf 86' lang='grc' dir='ltr'>ρασμένον</span> <span class='ocrx_word' id='word_1_191' title='bbox 540 1566 658 1600; x_wconf 74' lang='grc' dir='ltr'>ἔσται·</span> <span class='ocrx_word' id='word_1_192' title='bbox 685 1566 727 1599; x_wconf 73' lang='grc' dir='ltr'>τὸ</span> <span class='ocrx_word' id='word_1_193' title='bbox 751 1565 816 1612; x_wconf 81' lang='grc' dir='ltr'>γάρ</span> <span class='ocrx_word' id='word_1_194' title='bbox 851 1577 988 1611; x_wconf 89' lang='grc' dir='ltr'>απειρον</span> <span class='ocrx_word' id='word_1_195' title='bbox 1014 1565 1095 1611; x_wconf 76' lang='grc' dir='ltr'>πρὸς</span> <span class='ocrx_word' id='word_1_196' title='bbox 1121 1564 1162 1596; x_wconf 77' lang='grc' dir='ltr'>τὸ</span> <span class='ocrx_word' id='word_1_197' title='bbox 1195 1577 1345 1610; x_wconf 85' lang='grc' dir='ltr'>πεπερα-</span> 
     </span>
     <span class='ocr_line' id='line_1_25' title="bbox 339 1609 898 1657; baseline -0.007 -11"><span class='ocrx_word' id='word_1_198' title='bbox 339 1624 360 1646; x_wconf 76' lang='lat' dir='ltr'>e</span> <span class='ocrx_word' id='word_1_199' title='bbox 389 1611 461 1645; x_wconf 88' lang='grc' dir='ltr'>ένον</span> <span class='ocrx_word' id='word_1_200' title='bbox 487 1612 520 1644; x_wconf 80' lang='grc' dir='ltr'>ἐν</span> <span class='ocrx_word' id='word_1_201' title='bbox 547 1609 655 1644; x_wconf 72' lang='grc' dir='ltr'>οὐθενὶ</span> <span class='ocrx_word' id='word_1_202' title='bbox 677 1610 768 1657; x_wconf 84' lang='grc' dir='ltr'>λόγῳ</span> <span class='ocrx_word' id='word_1_203' title='bbox 793 1610 898 1645; x_wconf 78' lang='grc' dir='ltr'>ἐστίν.</span> 
     </span>
    </p>

    <p class='ocr_par' dir='ltr' id='par_1_11' title="bbox 264 1651 1347 2066">
     <span class='ocr_line' id='line_1_26' title="bbox 264 1651 1346 1702; baseline -0.005 -11"><span class='ocrx_word' id='word_1_204' title='bbox 264 1654 351 1691; x_wconf 60' lang='lat' dir='ltr'>’Au</span> <span class='ocrx_word' id='word_1_205' title='bbox 401 1656 469 1702; x_wconf 73' lang='grc' dir='ltr'>μήν</span> <span class='ocrx_word' id='word_1_206' title='bbox 494 1651 575 1689; x_wconf 71' lang='grc' dir='ltr'>οὐδὲ</span> <span class='ocrx_word' id='word_1_207' title='bbox 598 1655 642 1688; x_wconf 66' lang='lat' dir='ltr'>vs</span> <span class='ocrx_word' id='word_1_208' title='bbox 668 1655 806 1698; x_wconf 71' lang='grc' dir='ltr'>ἄπειρον</span> <span class='ocrx_word' id='word_1_209' title='bbox 833 1656 867 1688; x_wconf 73' lang='grc' dir='ltr'>ἐν</span> <span class='ocrx_word' id='word_1_210' title='bbox 889 1653 996 1687; x_wconf 77' lang='grc' dir='ltr'>οὐθενὶ</span> <span class='ocrx_word' id='word_1_211' title='bbox 1046 1652 1128 1698; x_wconf 88' lang='grc' dir='ltr'>ρόνῳ</span> <span class='ocrx_word' id='word_1_212' title='bbox 1151 1653 1282 1690; x_wconf 87' lang='grc' dir='ltr'>κινήσει</span> <span class='ocrx_word' id='word_1_213' title='bbox 1303 1654 1346 1686; x_wconf 79' lang='grc' dir='ltr'>τὸ</span> 
     </span>
     <span class='ocr_line' id='line_1_27' title="bbox 339 1697 1346 1748; baseline -0.007 -12"><span class='ocrx_word' id='word_1_214' title='bbox 339 1700 612 1746; x_wconf 73' lang='grc' dir='ltr'>πεπερασμένον.</span> <span class='ocrx_word' id='word_1_215' title='bbox 645 1700 760 1734; x_wconf 78' lang='grc' dir='ltr'>Ἔστω</span> <span class='ocrx_word' id='word_1_216' title='bbox 783 1701 850 1748; x_wconf 80' lang='grc' dir='ltr'>γάρ</span> <span class='ocrx_word' id='word_1_217' title='bbox 875 1699 925 1742; x_wconf 78' lang='grc' dir='ltr'>ἐφ’</span> <span class='ocrx_word' id='word_1_218' title='bbox 951 1698 975 1740; x_wconf 72' lang='lat' dir='ltr'>qi</span> <span class='ocrx_word' id='word_1_219' title='bbox 1001 1709 1043 1731; x_wconf 85' lang='grc' dir='ltr'>το</span> <span class='ocrx_word' id='word_1_220' title='bbox 1069 1699 1094 1730; x_wconf 91' lang='lat' dir='ltr'>A</span> <span class='ocrx_word' id='word_1_221' title='bbox 1120 1697 1277 1743; x_wconf 80' lang='grc' dir='ltr'>ἄπειρον,</span> <span class='ocrx_word' id='word_1_222' title='bbox 1303 1698 1346 1730; x_wconf 77' lang='grc' dir='ltr'>τὸ</span> 
     </span>
     <span class='ocr_line' id='line_1_28' title="bbox 337 1742 1346 1791; baseline -0.005 -12"><span class='ocrx_word' id='word_1_223' title='bbox 337 1742 379 1780; x_wconf 74' lang='grc' dir='ltr'>δὲ</span> <span class='ocrx_word' id='word_1_224' title='bbox 400 1747 426 1778; x_wconf 83' lang='grc' dir='ltr'><strong><em>Β</em></strong></span> <span class='ocrx_word' id='word_1_225' title='bbox 451 1745 722 1790; x_wconf 83' lang='grc' dir='ltr'>πεπερασμένον,</span> <span class='ocrx_word' id='word_1_226' title='bbox 747 1745 866 1791; x_wconf 86' lang='grc' dir='ltr'>χρόνος</span> <span class='ocrx_word' id='word_1_227' title='bbox 892 1745 926 1777; x_wconf 79' lang='grc' dir='ltr'>ἐν</span> <span class='ocrx_word' id='word_1_228' title='bbox 944 1743 968 1786; x_wconf 77' lang='grc' dir='ltr'><em>ᾦ</em></span> <span class='ocrx_word' id='word_1_229' title='bbox 986 1743 1027 1776; x_wconf 73' lang='grc' dir='ltr'>τὸ</span> <span class='ocrx_word' id='word_1_230' title='bbox 1045 1744 1079 1775; x_wconf 88' lang='grc' dir='ltr'>Γ.</span> <span class='ocrx_word' id='word_1_231' title='bbox 1112 1743 1240 1775; x_wconf 80' lang='grc' dir='ltr'>Οὐκοῦν</span> <span class='ocrx_word' id='word_1_232' title='bbox 1263 1742 1304 1775; x_wconf 63' lang='lat' dir='ltr'>vd</span> <span class='ocrx_word' id='word_1_233' title='bbox 1323 1743 1346 1773; x_wconf 92' lang='grc' dir='ltr'>Δ</span> 
     </span>
     <span class='ocr_line' id='line_1_29' title="bbox 340 1781 1347 1833; baseline -0.007 -8"><span class='ocrx_word' id='word_1_234' title='bbox 340 1791 374 1825; x_wconf 68' lang='grc' dir='ltr'>ἂν</span> <span class='ocrx_word' id='word_1_235' title='bbox 399 1791 448 1833; x_wconf 77' lang='grc' dir='ltr'>τῷ</span> <span class='ocrx_word' id='word_1_236' title='bbox 466 1791 488 1822; x_wconf 88' lang='grc' dir='ltr'>Γ</span> <span class='ocrx_word' id='word_1_237' title='bbox 514 1790 663 1823; x_wconf 81' lang='grc' dir='ltr'>ἔλαττον</span> <span class='ocrx_word' id='word_1_238' title='bbox 690 1792 753 1823; x_wconf 82' lang='grc' dir='ltr'>τοῦ</span> <span class='ocrx_word' id='word_1_239' title='bbox 777 1791 803 1822; x_wconf 84' lang='grc' dir='ltr'><strong><em>Β</em></strong></span> <span class='ocrx_word' id='word_1_240' title='bbox 826 1788 973 1826; x_wconf 78' lang='grc' dir='ltr'>κινήσει·</span> <span class='ocrx_word' id='word_1_241' title='bbox 1001 1787 1089 1820; x_wconf 82' lang='grc' dir='ltr'>ἔστω</span> <span class='ocrx_word' id='word_1_242' title='bbox 1114 1787 1156 1820; x_wconf 77' lang='grc' dir='ltr'>τὸ</span> <span class='ocrx_word' id='word_1_243' title='bbox 1173 1789 1208 1820; x_wconf 91' lang='grc' dir='ltr'>Ζ.</span> <span class='ocrx_word' id='word_1_244' title='bbox 1238 1787 1280 1819; x_wconf 93' lang='grc' dir='ltr'>“Ο</span> <span class='ocrx_word' id='word_1_245' title='bbox 1300 1781 1347 1824; x_wconf 78' lang='grc' dir='ltr'>δή</span> 
     </span>
     <span class='ocr_line' id='line_1_30' title="bbox 341 1831 1344 1880; baseline -0.007 -10"><span class='ocrx_word' id='word_1_246' title='bbox 341 1835 416 1870; x_wconf 64' lang='grc' dir='ltr'>ἱστι</span> <span class='ocrx_word' id='word_1_247' title='bbox 441 1834 482 1868; x_wconf 75' lang='grc' dir='ltr'>τὸ</span> <span class='ocrx_word' id='word_1_248' title='bbox 505 1835 555 1866; x_wconf 85' lang='grc' dir='ltr'>ΒΖ</span> <span class='ocrx_word' id='word_1_249' title='bbox 581 1833 659 1867; x_wconf 80' lang='grc' dir='ltr'>ὅλον</span> <span class='ocrx_word' id='word_1_250' title='bbox 684 1835 764 1880; x_wconf 75' lang='grc' dir='ltr'>πρὸς</span> <span class='ocrx_word' id='word_1_251' title='bbox 790 1834 832 1868; x_wconf 77' lang='grc' dir='ltr'>τὸ</span> <span class='ocrx_word' id='word_1_252' title='bbox 856 1835 898 1875; x_wconf 90' lang='grc' dir='ltr'>Ζ,</span> <span class='ocrx_word' id='word_1_253' title='bbox 925 1832 967 1866; x_wconf 74' lang='grc' dir='ltr'>τό</span> <span class='ocrx_word' id='word_1_254' title='bbox 992 1833 1017 1863; x_wconf 80' lang='grc' dir='ltr'>Ε</span> <span class='ocrx_word' id='word_1_255' title='bbox 1042 1831 1120 1877; x_wconf 81' lang='grc' dir='ltr'>ἔχον</span> <span class='ocrx_word' id='word_1_256' title='bbox 1152 1832 1212 1863; x_wconf 76' lang='grc' dir='ltr'>τᾶν</span> <span class='ocrx_word' id='word_1_257' title='bbox 1239 1831 1344 1878; x_wconf 85' lang='grc' dir='ltr'>λόγον</span> 
     </span>
     <span class='ocr_line' id='line_1_31' title="bbox 339 1875 1345 1925; baseline -0.007 -10"><span class='ocrx_word' id='word_1_258' title='bbox 339 1881 468 1915; x_wconf 77' lang='grc' dir='ltr'>τοῦτον</span> <span class='ocrx_word' id='word_1_259' title='bbox 493 1879 582 1912; x_wconf 77' lang='grc' dir='ltr'>ἔστω</span> <span class='ocrx_word' id='word_1_260' title='bbox 606 1879 688 1925; x_wconf 71' lang='grc' dir='ltr'>πρός</span> <span class='ocrx_word' id='word_1_261' title='bbox 713 1880 756 1914; x_wconf 81' lang='grc' dir='ltr'>τὸ</span> <span class='ocrx_word' id='word_1_262' title='bbox 781 1881 816 1912; x_wconf 89' lang='grc' dir='ltr'>Δ.</span> <span class='ocrx_word' id='word_1_263' title='bbox 857 1876 994 1915; x_wconf 78' lang='grc' dir='ltr'>Κινήσει</span> <span class='ocrx_word' id='word_1_264' title='bbox 1024 1876 1090 1922; x_wconf 80' lang='grc' dir='ltr'>ἀρα</span> <span class='ocrx_word' id='word_1_265' title='bbox 1114 1875 1156 1909; x_wconf 78' lang='grc' dir='ltr'>τό</span> <span class='ocrx_word' id='word_1_266' title='bbox 1179 1877 1204 1907; x_wconf 87' lang='grc' dir='ltr'><strong>Ε</strong></span> <span class='ocrx_word' id='word_1_267' title='bbox 1230 1876 1271 1909; x_wconf 74' lang='grc' dir='ltr'>τὰ</span> <span class='ocrx_word' id='word_1_268' title='bbox 1296 1878 1345 1908; x_wconf 88' lang='grc' dir='ltr'>ΒΖ</span> 
     </span>
     <span class='ocr_line' id='line_1_32' title="bbox 340 1920 1343 1969; baseline -0.007 -10"><span class='ocrx_word' id='word_1_269' title='bbox 340 1926 375 1959; x_wconf 68' lang='grc' dir='ltr'>ἂν</span> <span class='ocrx_word' id='word_1_270' title='bbox 401 1925 450 1966; x_wconf 73' lang='grc' dir='ltr'>τῷ</span> <span class='ocrx_word' id='word_1_271' title='bbox 475 1925 511 1958; x_wconf 89' lang='grc' dir='ltr'>Γ.</span> <span class='ocrx_word' id='word_1_272' title='bbox 547 1923 595 1956; x_wconf 75' lang='grc' dir='ltr'>Τό</span> <span class='ocrx_word' id='word_1_273' title='bbox 619 1923 876 1969; x_wconf 80' lang='grc' dir='ltr'>πεπερασμένον</span> <span class='ocrx_word' id='word_1_274' title='bbox 902 1925 1014 1955; x_wconf 82' lang='grc' dir='ltr'>τοίνυν</span> <span class='ocrx_word' id='word_1_275' title='bbox 1045 1922 1105 1953; x_wconf 79' lang='grc' dir='ltr'>καὶ</span> <span class='ocrx_word' id='word_1_276' title='bbox 1130 1920 1172 1953; x_wconf 76' lang='grc' dir='ltr'>τό</span> <span class='ocrx_word' id='word_1_277' title='bbox 1206 1921 1343 1966; x_wconf 80' lang='grc' dir='ltr'>ἄπειρον</span> 
     </span>
     <span class='ocr_line' id='line_1_33' title="bbox 339 1961 1347 2014; baseline -0.004 -11"><span class='ocrx_word' id='word_1_278' title='bbox 339 1968 375 2004; x_wconf 74' lang='grc' dir='ltr'>ἒν</span> <span class='ocrx_word' id='word_1_279' title='bbox 397 1971 458 2011; x_wconf 87' lang='grc' dir='ltr'>ἴσῳ</span> <span class='ocrx_word' id='word_1_280' title='bbox 481 1967 589 2014; x_wconf 83' lang='grc' dir='ltr'>χρόνῳ</span> <span class='ocrx_word' id='word_1_281' title='bbox 616 1969 807 2002; x_wconf 78' lang='grc' dir='ltr'>ἀλλοιώσει.</span> <span class='ocrx_word' id='word_1_282' title='bbox 841 1967 934 1999; x_wconf 84' lang='grc' dir='ltr'>Ἀλλ’</span> <span class='ocrx_word' id='word_1_283' title='bbox 966 1961 1159 1999; x_wconf 78' lang='grc' dir='ltr'>ἀδύνατον·</span> <span class='ocrx_word' id='word_1_284' title='bbox 1185 1965 1219 1998; x_wconf 76' lang='grc' dir='ltr'>ἑν</span> <span class='ocrx_word' id='word_1_285' title='bbox 1245 1963 1347 1999; x_wconf 78' lang='grc' dir='ltr'>ἐλάτ-</span> 
     </span>
     <span class='ocr_line' id='line_1_34' title="bbox 338 2008 1345 2066; baseline -0.006 -18"><span class='ocrx_word' id='word_1_286' title='bbox 338 2025 414 2049; x_wconf 85' lang='grc' dir='ltr'>τονι</span> <span class='ocrx_word' id='word_1_287' title='bbox 436 2013 502 2060; x_wconf 80' lang='grc' dir='ltr'>γοὶρ</span> <span class='ocrx_word' id='word_1_288' title='bbox 535 2012 576 2047; x_wconf 79' lang='grc' dir='ltr'>τὸ</span> <span class='ocrx_word' id='word_1_289' title='bbox 608 2014 721 2058; x_wconf 77' lang='grc' dir='ltr'>μεῖζον</span> <span class='ocrx_word' id='word_1_290' title='bbox 754 2011 928 2047; x_wconf 73' lang='grc' dir='ltr'>ὑπέκειτο.</span> <span class='ocrx_word' id='word_1_291' title='bbox 963 2010 1055 2042; x_wconf 82' lang='grc' dir='ltr'>Ἀλλ’</span> <span class='ocrx_word' id='word_1_292' title='bbox 1087 2009 1138 2044; x_wconf 75' lang='grc' dir='ltr'>ἀεὶ</span> <span class='ocrx_word' id='word_1_293' title='bbox 1164 2010 1180 2042; x_wconf 80' lang='grc' dir='ltr'>ὁ</span> <span class='ocrx_word' id='word_1_294' title='bbox 1209 2008 1345 2066; x_wconf 63' lang='grc' dir='ltr'>ληῳθεὶς</span> 
     </span>
    </p>

    <p class='ocr_par' dir='ltr' id='par_1_12' title="bbox 300 2053 1343 2146">
     <span class='ocr_line' id='line_1_35' title="bbox 300 2053 1343 2101; baseline -0.009 -6"><span class='ocrx_word' id='word_1_295' title='bbox 300 2092 301 2095; x_wconf 76' lang='grc'>,</span> <span class='ocrx_word' id='word_1_296' title='bbox 383 2057 458 2097; x_wconf 84' lang='grc' dir='ltr'>όνος</span> <span class='ocrx_word' id='word_1_297' title='bbox 481 2057 596 2092; x_wconf 80' lang='grc' dir='ltr'>ταῦτό</span> <span class='ocrx_word' id='word_1_298' title='bbox 621 2058 771 2100; x_wconf 87' lang='grc' dir='ltr'>ποιήσει,</span> <span class='ocrx_word' id='word_1_299' title='bbox 789 2057 870 2090; x_wconf 76' lang='grc' dir='ltr'>ὥστ’</span> <span class='ocrx_word' id='word_1_300' title='bbox 891 2055 952 2089; x_wconf 81' lang='grc' dir='ltr'>οὐκ</span> <span class='ocrx_word' id='word_1_301' title='bbox 976 2055 1076 2088; x_wconf 84' lang='grc' dir='ltr'>ἔσται</span> <span class='ocrx_word' id='word_1_302' title='bbox 1100 2053 1219 2101; x_wconf 82' lang='grc' dir='ltr'>χρόνος</span> <span class='ocrx_word' id='word_1_303' title='bbox 1237 2053 1343 2094; x_wconf 75' lang='grc' dir='ltr'>συθεὶς</span> 
     </span>
     <span class='ocr_line' id='line_1_36' title="bbox 337 2072 588 2146; baseline -0.008 -9"><span class='ocrx_word' id='word_1_304' title='bbox 337 2072 379 2137; x_wconf 54' lang='lat' dir='ltr'>H</span> <span class='ocrx_word' id='word_1_305' title='bbox 399 2103 423 2146; x_wconf 72' lang='grc' dir='ltr'><strong><em>ᾦ</em></strong></span> <span class='ocrx_word' id='word_1_306' title='bbox 445 2101 588 2139; x_wconf 87' lang='grc' dir='ltr'>κινήσει.</span> 
     </span>
    </p>

    <p class='ocr_par' dir='ltr' id='par_1_13' title="bbox 259 2137 1346 2269">
     <span class='ocr_line' id='line_1_37' title="bbox 259 2137 1346 2192; baseline -0.008 -10"><span class='ocrx_word' id='word_1_307' title='bbox 259 2148 375 2182; x_wconf 67' lang='grc' dir='ltr'>Ἀλλά</span> <span class='ocrx_word' id='word_1_308' title='bbox 397 2147 465 2191; x_wconf 71' lang='grc' dir='ltr'>μὴν</span> <span class='ocrx_word' id='word_1_309' title='bbox 491 2147 524 2179; x_wconf 68' lang='grc' dir='ltr'>ἂν</span> <span class='ocrx_word' id='word_1_310' title='bbox 551 2147 675 2192; x_wconf 78' lang='grc' dir='ltr'>ἀπείρῳ</span> <span class='ocrx_word' id='word_1_311' title='bbox 699 2158 738 2192; x_wconf 86' lang='grc' dir='ltr'>γε</span> <span class='ocrx_word' id='word_1_312' title='bbox 764 2146 825 2178; x_wconf 82' lang='grc' dir='ltr'>οὐκ</span> <span class='ocrx_word' id='word_1_313' title='bbox 845 2145 919 2178; x_wconf 80' lang='grc' dir='ltr'>ἔστι</span> <span class='ocrx_word' id='word_1_314' title='bbox 942 2144 1081 2181; x_wconf 85' lang='grc' dir='ltr'>κινῆσαι</span> <span class='ocrx_word' id='word_1_315' title='bbox 1106 2137 1186 2175; x_wconf 76' lang='grc' dir='ltr'>οὐδὲ</span> <span class='ocrx_word' id='word_1_316' title='bbox 1208 2142 1346 2181; x_wconf 79' lang='grc' dir='ltr'>κινηθῆ-</span> 
     </span>
     <span class='ocr_line' id='line_1_38' title="bbox 337 2183 1345 2269; baseline -0.005 -45"><span class='ocrx_word' id='word_1_317' title='bbox 337 2203 414 2269; x_wconf 61' lang='grc' dir='ltr'>ιθιαι·</span> <span class='ocrx_word' id='word_1_318' title='bbox 441 2190 546 2235; x_wconf 82' lang='grc' dir='ltr'>πέρας</span> <span class='ocrx_word' id='word_1_319' title='bbox 569 2190 635 2238; x_wconf 77' lang='grc' dir='ltr'>γάρ</span> <span class='ocrx_word' id='word_1_320' title='bbox 661 2190 724 2223; x_wconf 62' lang='lat' dir='ltr'>mlx.</span> <span class='ocrx_word' id='word_1_321' title='bbox 749 2190 833 2236; x_wconf 77' lang='grc' dir='ltr'>ἔχει,</span> <span class='ocrx_word' id='word_1_322' title='bbox 859 2190 882 2227; x_wconf 87' lang='grc' dir='ltr'>ή</span> <span class='ocrx_word' id='word_1_323' title='bbox 906 2183 945 2221; x_wconf 78' lang='grc' dir='ltr'>δὲ</span> <span class='ocrx_word' id='word_1_324' title='bbox 971 2191 1103 2225; x_wconf 86' lang='grc' dir='ltr'>ποίησις</span> <span class='ocrx_word' id='word_1_325' title='bbox 1127 2189 1186 2220; x_wconf 80' lang='grc' dir='ltr'>καὶ</span> <span class='ocrx_word' id='word_1_326' title='bbox 1212 2187 1254 2219; x_wconf 74' lang='grc' dir='ltr'>τὰ</span> <span class='ocrx_word' id='word_1_327' title='bbox 1277 2186 1345 2220; x_wconf 87' lang='grc' dir='ltr'>πά-</span> 
     </span>
    </p>

    <p class='ocr_par' dir='ltr' id='par_1_14' title="bbox 361 2247 503 2269">
     <span class='ocr_line' id='line_1_39' title="bbox 361 2247 503 2269; baseline 0 0"><span class='ocrx_word' id='word_1_328' title='bbox 361 2248 378 2269; x_wconf 90' lang='grc' dir='ltr'>ο</span> <span class='ocrx_word' id='word_1_329' title='bbox 419 2249 434 2268; x_wconf 85' lang='grc' dir='ltr'>ε</span> <span class='ocrx_word' id='word_1_330' title='bbox 461 2247 503 2269; x_wconf 86' lang='grc' dir='ltr'>ει.</span> 
     </span>
    </p>

    <p class='ocr_par' dir='ltr' id='par_1_15' title="bbox 265 2249 1342 2859">
     <span class='ocr_line' id='line_1_40' title="bbox 265 2249 1339 2324; baseline -0.007 -9"><span class='ocrx_word' id='word_1_331' title='bbox 265 2276 348 2316; x_wconf 65' lang='lat'>01’08&#39;</span> <span class='ocrx_word' id='word_1_332' title='bbox 379 2249 517 2324; x_wconf 59' lang='grc' dir='ltr'>Ξπεχιρον</span> <span class='ocrx_word' id='word_1_333' title='bbox 542 2274 588 2317; x_wconf 69' lang='grc' dir='ltr'>δή</span> <span class='ocrx_word' id='word_1_334' title='bbox 614 2279 673 2312; x_wconf 74' lang='grc' dir='ltr'>ὑπ’</span> <span class='ocrx_word' id='word_1_335' title='bbox 704 2279 842 2321; x_wconf 83' lang='grc' dir='ltr'>ἀπείρου</span> <span class='ocrx_word' id='word_1_336' title='bbox 875 2271 951 2310; x_wconf 75' lang='grc' dir='ltr'>ἑνδέ</span> <span class='ocrx_word' id='word_1_337' title='bbox 977 2287 1056 2309; x_wconf 89' lang='grc' dir='ltr'>εται</span> <span class='ocrx_word' id='word_1_338' title='bbox 1085 2274 1180 2308; x_wconf 79' lang='grc' dir='ltr'>οὐθὲν</span> <span class='ocrx_word' id='word_1_339' title='bbox 1206 2273 1339 2308; x_wconf 76' lang='grc' dir='ltr'>παθεῖν.</span> 
     </span>
     <span class='ocr_line' id='line_1_41' title="bbox 329 2316 1341 2371; baseline -0.008 -13"><span class='ocrx_word' id='word_1_340' title='bbox 329 2326 444 2358; x_wconf 80' lang='grc' dir='ltr'>Ἔστω</span> <span class='ocrx_word' id='word_1_341' title='bbox 469 2323 534 2371; x_wconf 79' lang='grc' dir='ltr'>γάρ</span> <span class='ocrx_word' id='word_1_342' title='bbox 559 2323 602 2358; x_wconf 76' lang='grc' dir='ltr'>τὸ</span> <span class='ocrx_word' id='word_1_343' title='bbox 626 2325 652 2356; x_wconf 88' lang='lat' dir='ltr'>A</span> <span class='ocrx_word' id='word_1_344' title='bbox 678 2323 815 2368; x_wconf 79' lang='grc' dir='ltr'>ἄπειρον</span> <span class='ocrx_word' id='word_1_345' title='bbox 839 2323 898 2354; x_wconf 81' lang='grc' dir='ltr'>καὶ</span> <span class='ocrx_word' id='word_1_346' title='bbox 923 2333 964 2354; x_wconf 90' lang='grc' dir='ltr'>το</span> <span class='ocrx_word' id='word_1_347' title='bbox 989 2322 1031 2360; x_wconf 85' lang='grc' dir='ltr'>Β,</span> <span class='ocrx_word' id='word_1_348' title='bbox 1056 2319 1175 2365; x_wconf 83' lang='grc' dir='ltr'>χρόνος</span> <span class='ocrx_word' id='word_1_349' title='bbox 1199 2316 1229 2351; x_wconf 84' lang='grc' dir='ltr'>δ’</span> <span class='ocrx_word' id='word_1_350' title='bbox 1257 2319 1290 2351; x_wconf 80' lang='grc' dir='ltr'>ἐν</span> <span class='ocrx_word' id='word_1_351' title='bbox 1316 2319 1341 2362; x_wconf 71' lang='grc' dir='ltr'><em>ᾧ</em></span> 
     </span>
     <span class='ocr_line' id='line_1_42' title="bbox 337 2359 1341 2409; baseline -0.008 -5"><span class='ocrx_word' id='word_1_352' title='bbox 337 2369 446 2404; x_wconf 76' lang='grc' dir='ltr'>ἔπαθε</span> <span class='ocrx_word' id='word_1_353' title='bbox 472 2368 514 2402; x_wconf 74' lang='grc' dir='ltr'>τὰ</span> <span class='ocrx_word' id='word_1_354' title='bbox 531 2369 556 2399; x_wconf 85' lang='grc' dir='ltr'>Β</span> <span class='ocrx_word' id='word_1_355' title='bbox 574 2368 642 2401; x_wconf 73' lang='grc' dir='ltr'>ὑπὸ</span> <span class='ocrx_word' id='word_1_356' title='bbox 667 2369 730 2401; x_wconf 81' lang='grc' dir='ltr'>τοῦ</span> <span class='ocrx_word' id='word_1_357' title='bbox 748 2369 787 2409; x_wconf 83' lang='grc' dir='ltr'>Α,</span> <span class='ocrx_word' id='word_1_358' title='bbox 807 2367 821 2400; x_wconf 81' lang='grc' dir='ltr'><strong>ὲ</strong></span> <span class='ocrx_word' id='word_1_359' title='bbox 848 2365 856 2376; x_wconf 89' lang='grc'>’</span> <span class='ocrx_word' id='word_1_360' title='bbox 877 2365 902 2408; x_wconf 76' lang='lat' dir='ltr'>qi</span> <span class='ocrx_word' id='word_1_361' title='bbox 918 2367 978 2397; x_wconf 87' lang='grc' dir='ltr'>ΓΔ.</span> <span class='ocrx_word' id='word_1_362' title='bbox 1017 2365 1064 2397; x_wconf 76' lang='grc' dir='ltr'>Τό</span> <span class='ocrx_word' id='word_1_363' title='bbox 1086 2359 1129 2401; x_wconf 74' lang='grc' dir='ltr'>δή</span> <span class='ocrx_word' id='word_1_364' title='bbox 1149 2362 1195 2409; x_wconf 79' lang='grc' dir='ltr'>ἐφ’</span> <span class='ocrx_word' id='word_1_365' title='bbox 1216 2363 1240 2406; x_wconf 76' lang='grc' dir='ltr'><em>ᾦ</em></span> <span class='ocrx_word' id='word_1_366' title='bbox 1258 2363 1302 2397; x_wconf 82' lang='grc' dir='ltr'>τὸ,</span> <span class='ocrx_word' id='word_1_367' title='bbox 1317 2365 1341 2395; x_wconf 86' lang='grc' dir='ltr'>Ε</span> 
     </span>
     <span class='ocr_line' id='line_1_43' title="bbox 336 2408 1342 2458; baseline -0.008 -10"><span class='ocrx_word' id='word_1_368' title='bbox 336 2415 401 2449; x_wconf 80' lang='grc' dir='ltr'>τοῦ</span> <span class='ocrx_word' id='word_1_369' title='bbox 428 2411 567 2458; x_wconf 79' lang='grc' dir='ltr'>ἀπείρου</span> <span class='ocrx_word' id='word_1_370' title='bbox 592 2411 703 2458; x_wconf 82' lang='grc' dir='ltr'>μέρος,</span> <span class='ocrx_word' id='word_1_371' title='bbox 723 2410 798 2445; x_wconf 78' lang='grc' dir='ltr'>ἐπεὶ</span> <span class='ocrx_word' id='word_1_372' title='bbox 841 2412 900 2443; x_wconf 89' lang='grc' dir='ltr'>λον</span> <span class='ocrx_word' id='word_1_373' title='bbox 926 2408 1074 2442; x_wconf 83' lang='grc' dir='ltr'>πέπονθε</span> <span class='ocrx_word' id='word_1_374' title='bbox 1100 2409 1141 2442; x_wconf 82' lang='grc' dir='ltr'><strong><em>τό</em></strong></span> <span class='ocrx_word' id='word_1_375' title='bbox 1164 2411 1203 2450; x_wconf 86' lang='grc' dir='ltr'>Β,</span> <span class='ocrx_word' id='word_1_376' title='bbox 1223 2409 1283 2441; x_wconf 81' lang='grc' dir='ltr'>οὐκ</span> <span class='ocrx_word' id='word_1_377' title='bbox 1308 2408 1342 2440; x_wconf 77' lang='grc' dir='ltr'>ἓν</span> 
     </span>
     <span class='ocr_line' id='line_1_44' title="bbox 334 2452 1342 2504; baseline -0.009 -12"><span class='ocrx_word' id='word_1_378' title='bbox 334 2462 395 2501; x_wconf 89' lang='grc' dir='ltr'>ἴσῳ</span> <span class='ocrx_word' id='word_1_379' title='bbox 420 2457 526 2504; x_wconf 82' lang='grc' dir='ltr'>χρόνῳ</span> <span class='ocrx_word' id='word_1_380' title='bbox 551 2457 594 2490; x_wconf 78' lang='grc' dir='ltr'>τὰ</span> <span class='ocrx_word' id='word_1_381' title='bbox 620 2457 726 2491; x_wconf 86' lang='grc' dir='ltr'>αὗτό·</span> <span class='ocrx_word' id='word_1_382' title='bbox 754 2453 943 2489; x_wconf 79' lang='grc' dir='ltr'>ύποκείσθω</span> <span class='ocrx_word' id='word_1_383' title='bbox 966 2456 1032 2501; x_wconf 84' lang='grc' dir='ltr'>γάρ</span> <span class='ocrx_word' id='word_1_384' title='bbox 1053 2454 1087 2486; x_wconf 76' lang='grc' dir='ltr'>ἐν</span> <span class='ocrx_word' id='word_1_385' title='bbox 1105 2452 1269 2487; x_wconf 74' lang='grc' dir='ltr'>ἐλάττονι</span> <span class='ocrx_word' id='word_1_386' title='bbox 1292 2464 1342 2484; x_wconf 87' lang='grc' dir='ltr'>κι-</span> 
     </span>
     <span class='ocr_line' id='line_1_45' title="bbox 335 2496 1341 2548; baseline -0.01 -10"><span class='ocrx_word' id='word_1_387' title='bbox 335 2502 466 2538; x_wconf 70' lang='grc' dir='ltr'>νεῖσθαι</span> <span class='ocrx_word' id='word_1_388' title='bbox 490 2502 533 2536; x_wconf 62' lang='lat' dir='ltr'>vd</span> <span class='ocrx_word' id='word_1_389' title='bbox 558 2502 708 2535; x_wconf 80' lang='grc' dir='ltr'>ἔλαττον</span> <span class='ocrx_word' id='word_1_390' title='bbox 732 2501 813 2548; x_wconf 88' lang='grc' dir='ltr'>χρόν</span> <span class='ocrx_word' id='word_1_391' title='bbox 845 2525 852 2533; x_wconf 91' lang='grc'>.</span> <span class='ocrx_word' id='word_1_392' title='bbox 882 2499 998 2532; x_wconf 86' lang='grc' dir='ltr'>Ἔστω</span> <span class='ocrx_word' id='word_1_393' title='bbox 1025 2500 1066 2531; x_wconf 81' lang='grc' dir='ltr'><strong><em>τό</em></strong></span> <span class='ocrx_word' id='word_1_394' title='bbox 1082 2500 1106 2530; x_wconf 87' lang='grc' dir='ltr'><strong>Ε</strong></span> <span class='ocrx_word' id='word_1_395' title='bbox 1125 2496 1341 2542; x_wconf 88' lang='grc' dir='ltr'>κεκινημένον</span> 
     </span>
     <span class='ocr_line' id='line_1_46' title="bbox 274 2513 1340 2589; baseline -0.009 -6"><span class='ocrx_word' id='word_1_396' title='bbox 274 2582 277 2583; x_wconf 19' lang='lat'><em>⁷</em></span> <span class='ocrx_word' id='word_1_397' title='bbox 333 2549 404 2582; x_wconf 74' lang='grc' dir='ltr'>ὑπὸ</span> <span class='ocrx_word' id='word_1_398' title='bbox 429 2548 492 2580; x_wconf 81' lang='grc' dir='ltr'>τοῦ</span> <span class='ocrx_word' id='word_1_399' title='bbox 517 2549 544 2580; x_wconf 88' lang='lat' dir='ltr'>A</span> <span class='ocrx_word' id='word_1_400' title='bbox 567 2547 601 2580; x_wconf 76' lang='grc' dir='ltr'>ὲν</span> <span class='ocrx_word' id='word_1_401' title='bbox 628 2547 676 2589; x_wconf 77' lang='grc' dir='ltr'>τῷ·</span> <span class='ocrx_word' id='word_1_402' title='bbox 695 2548 733 2580; x_wconf 91' lang='grc' dir='ltr'>Δ.</span> <span class='ocrx_word' id='word_1_403' title='bbox 760 2547 803 2577; x_wconf 79' lang='lat'>⁸0</span> <span class='ocrx_word' id='word_1_404' title='bbox 816 2513 870 2582; x_wconf 45' lang='lat'>¹573</span> <span class='ocrx_word' id='word_1_405' title='bbox 896 2543 938 2577; x_wconf 77' lang='grc' dir='ltr'>τὸ</span> <span class='ocrx_word' id='word_1_406' title='bbox 963 2543 987 2574; x_wconf 92' lang='grc' dir='ltr'><strong>Δ</strong></span> <span class='ocrx_word' id='word_1_407' title='bbox 1011 2543 1093 2588; x_wconf 74' lang='grc' dir='ltr'>πρὸς</span> <span class='ocrx_word' id='word_1_408' title='bbox 1118 2542 1160 2575; x_wconf 80' lang='grc' dir='ltr'>τὸ</span> <span class='ocrx_word' id='word_1_409' title='bbox 1177 2544 1238 2584; x_wconf 91' lang='grc' dir='ltr'>ΓΔ,</span> <span class='ocrx_word' id='word_1_410' title='bbox 1258 2541 1300 2574; x_wconf 80' lang='grc' dir='ltr'>τὸ</span> <span class='ocrx_word' id='word_1_411' title='bbox 1316 2543 1340 2573; x_wconf 90' lang='grc' dir='ltr'><strong>Ε</strong></span> 
     </span>
     <span class='ocr_line' id='line_1_47' title="bbox 314 2587 1341 2637; baseline -0.009 -10"><span class='ocrx_word' id='word_1_412' title='bbox 314 2591 412 2627; x_wconf 68' lang='grc' dir='ltr'>’ἒστὶ</span> <span class='ocrx_word' id='word_1_413' title='bbox 449 2592 530 2637; x_wconf 90' lang='grc' dir='ltr'>πρός</span> <span class='ocrx_word' id='word_1_414' title='bbox 567 2603 602 2626; x_wconf 88' lang='grc' dir='ltr'>τι</span> <span class='ocrx_word' id='word_1_415' title='bbox 634 2592 698 2624; x_wconf 79' lang='grc' dir='ltr'>τοῦ</span> <span class='ocrx_word' id='word_1_416' title='bbox 721 2592 746 2622; x_wconf 86' lang='grc' dir='ltr'><strong><em>Β</em></strong></span> <span class='ocrx_word' id='word_1_417' title='bbox 777 2587 1045 2634; x_wconf 87' lang='grc' dir='ltr'>πεπερασμένον.</span> <span class='ocrx_word' id='word_1_418' title='bbox 1083 2588 1195 2620; x_wconf 83' lang='grc' dir='ltr'>Τοῦτο</span> <span class='ocrx_word' id='word_1_419' title='bbox 1229 2588 1341 2620; x_wconf 79' lang='grc' dir='ltr'>τοίνυν</span> 
     </span>
     <span class='ocr_line' id='line_1_48' title="bbox 338 2630 1341 2685; baseline -0.009 -14"><span class='ocrx_word' id='word_1_420' title='bbox 338 2637 471 2685; x_wconf 73' lang='grc' dir='ltr'>ἀνάγκη</span> <span class='ocrx_word' id='word_1_421' title='bbox 498 2636 565 2670; x_wconf 73' lang='grc' dir='ltr'>ὑπὸ</span> <span class='ocrx_word' id='word_1_422' title='bbox 591 2636 654 2670; x_wconf 82' lang='grc' dir='ltr'>τοῦ</span> <span class='ocrx_word' id='word_1_423' title='bbox 671 2637 698 2668; x_wconf 87' lang='lat' dir='ltr'>A</span> <span class='ocrx_word' id='word_1_424' title='bbox 719 2633 899 2672; x_wconf 77' lang='grc' dir='ltr'>κινηθῆναι</span> <span class='ocrx_word' id='word_1_425' title='bbox 925 2634 958 2666; x_wconf 80' lang='grc' dir='ltr'>ἒν</span> <span class='ocrx_word' id='word_1_426' title='bbox 984 2633 1032 2674; x_wconf 81' lang='grc' dir='ltr'>τῷ</span> <span class='ocrx_word' id='word_1_427' title='bbox 1054 2633 1104 2663; x_wconf 91' lang='grc' dir='ltr'>ΓΔ</span> <span class='ocrx_word' id='word_1_428' title='bbox 1127 2631 1251 2678; x_wconf 82' lang='grc' dir='ltr'>χρόνῳ·</span> <span class='ocrx_word' id='word_1_429' title='bbox 1275 2630 1341 2663; x_wconf 74' lang='grc' dir='ltr'>ὑπὸ</span> 
     </span>
     <span class='ocr_line' id='line_1_49' title="bbox 335 2673 1342 2730; baseline -0.009 -14"><span class='ocrx_word' id='word_1_430' title='bbox 335 2683 401 2730; x_wconf 72' lang='grc' dir='ltr'>γάρ</span> <span class='ocrx_word' id='word_1_431' title='bbox 428 2681 492 2713; x_wconf 76' lang='grc' dir='ltr'>τοῦ</span> <span class='ocrx_word' id='word_1_432' title='bbox 517 2681 628 2714; x_wconf 79' lang='grc' dir='ltr'>αὐτοῦ</span> <span class='ocrx_word' id='word_1_433' title='bbox 655 2678 843 2713; x_wconf 85' lang='grc' dir='ltr'>ύποκεῖσθω</span> <span class='ocrx_word' id='word_1_434' title='bbox 869 2679 903 2711; x_wconf 80' lang='grc' dir='ltr'>ἑν</span> <span class='ocrx_word' id='word_1_435' title='bbox 929 2678 978 2720; x_wconf 81' lang='grc' dir='ltr'>τῷ</span> <span class='ocrx_word' id='word_1_436' title='bbox 1003 2677 1133 2710; x_wconf 87' lang='grc' dir='ltr'>πλείονι</span> <span class='ocrx_word' id='word_1_437' title='bbox 1157 2678 1214 2709; x_wconf 87' lang='grc' dir='ltr'>καὶ</span> <span class='ocrx_word' id='word_1_438' title='bbox 1240 2673 1342 2708; x_wconf 79' lang='grc' dir='ltr'>ἐλάτ-</span> 
     </span>
     <span class='ocr_line' id='line_1_50' title="bbox 337 2719 1342 2772; baseline -0.009 -12"><span class='ocrx_word' id='word_1_439' title='bbox 337 2738 411 2761; x_wconf 88' lang='grc' dir='ltr'>τονι</span> <span class='ocrx_word' id='word_1_440' title='bbox 433 2726 541 2772; x_wconf 84' lang='grc' dir='ltr'>χρόνῳ</span> <span class='ocrx_word' id='word_1_441' title='bbox 566 2725 608 2758; x_wconf 77' lang='grc' dir='ltr'>τὸ</span> <span class='ocrx_word' id='word_1_442' title='bbox 633 2725 746 2769; x_wconf 74' lang='grc' dir='ltr'>μεῖζον</span> <span class='ocrx_word' id='word_1_443' title='bbox 771 2726 829 2756; x_wconf 79' lang='grc' dir='ltr'>καὶ</span> <span class='ocrx_word' id='word_1_444' title='bbox 854 2724 897 2756; x_wconf 75' lang='grc' dir='ltr'>τὸ</span> <span class='ocrx_word' id='word_1_445' title='bbox 922 2723 1072 2756; x_wconf 83' lang='grc' dir='ltr'>ἔλαττον</span> <span class='ocrx_word' id='word_1_446' title='bbox 1098 2720 1256 2767; x_wconf 85' lang='grc' dir='ltr'>πάσχειν,</span> <span class='ocrx_word' id='word_1_447' title='bbox 1277 2719 1342 2752; x_wconf 83' lang='grc' dir='ltr'>ὅσα</span> 
     </span>
     <span class='ocr_line' id='line_1_51' title="bbox 338 2761 1340 2828; baseline -0.01 -22"><span class='ocrx_word' id='word_1_448' title='bbox 338 2771 509 2828; x_wconf 49' lang='grc' dir='ltr'>ἀνάλογον</span> <span class='ocrx_word' id='word_1_449' title='bbox 530 2771 579 2812; x_wconf 68' lang='grc' dir='ltr'>τῷ</span> <span class='ocrx_word' id='word_1_450' title='bbox 602 2768 714 2815; x_wconf 83' lang='grc' dir='ltr'>χρόνῳ</span> <span class='ocrx_word' id='word_1_451' title='bbox 729 2765 905 2813; x_wconf 75' lang='grc' dir='ltr'>διῄρηται.</span> <span class='ocrx_word' id='word_1_452' title='bbox 937 2768 995 2798; x_wconf 81' lang='grc' dir='ltr'>Ἐν</span> <span class='ocrx_word' id='word_1_453' title='bbox 1013 2761 1123 2799; x_wconf 71' lang='grc' dir='ltr'>οὐδενὶ</span> <span class='ocrx_word' id='word_1_454' title='bbox 1143 2765 1209 2810; x_wconf 83' lang='grc' dir='ltr'>ἄρα</span> <span class='ocrx_word' id='word_1_455' title='bbox 1233 2764 1340 2810; x_wconf 89' lang='grc' dir='ltr'>χρόνῳ</span> 
     </span>
     <span class='ocr_line' id='line_1_52' title="bbox 335 2808 1342 2859; baseline -0.009 -10"><span class='ocrx_word' id='word_1_456' title='bbox 335 2811 486 2849; x_wconf 68' lang='grc' dir='ltr'>δυνατον</span> <span class='ocrx_word' id='word_1_457' title='bbox 517 2813 760 2859; x_wconf 82' lang='grc' dir='ltr'>πεπερασμένῳ</span> <span class='ocrx_word' id='word_1_458' title='bbox 793 2813 931 2856; x_wconf 81' lang='grc' dir='ltr'>ἄπειρον</span> <span class='ocrx_word' id='word_1_459' title='bbox 957 2812 1013 2844; x_wconf 74' lang='grc' dir='ltr'>ὑπ’</span> <span class='ocrx_word' id='word_1_460' title='bbox 1044 2811 1182 2855; x_wconf 78' lang='grc' dir='ltr'>ἀπείρου</span> <span class='ocrx_word' id='word_1_461' title='bbox 1205 2808 1342 2847; x_wconf 77' lang='grc' dir='ltr'>κινηθῆ-</span> 
     </span>
    </p>

    <p class='ocr_par' dir='ltr' id='par_1_16' title="bbox 273 2853 1341 2952">
     <span class='ocr_line' id='line_1_53' title="bbox 273 2853 1341 2905; baseline -0.007 -11"><span class='ocrx_word' id='word_1_462' title='bbox 273 2895 276 2900; x_wconf 22' lang='lat'>*</span> <span class='ocrx_word' id='word_1_463' title='bbox 336 2873 410 2894; x_wconf 82' lang='grc' dir='ltr'>ναι·</span> <span class='ocrx_word' id='word_1_464' title='bbox 438 2861 471 2893; x_wconf 78' lang='grc' dir='ltr'>ὲν</span> <span class='ocrx_word' id='word_1_465' title='bbox 499 2861 622 2905; x_wconf 84' lang='grc' dir='ltr'>ἀπείρῳ</span> <span class='ocrx_word' id='word_1_466' title='bbox 642 2859 664 2892; x_wconf 79' lang='grc' dir='ltr'>ά</span> <span class='ocrx_word' id='word_1_467' title='bbox 686 2870 720 2891; x_wconf 89' lang='grc' dir='ltr'>α.</span> <span class='ocrx_word' id='word_1_468' title='bbox 754 2855 849 2890; x_wconf 78' lang='grc' dir='ltr'>Ἀλλ’</span> <span class='ocrx_word' id='word_1_469' title='bbox 871 2858 888 2889; x_wconf 79' lang='grc' dir='ltr'>ὁ</span> <span class='ocrx_word' id='word_1_470' title='bbox 905 2856 965 2901; x_wconf 78' lang='grc' dir='ltr'>μὲν</span> <span class='ocrx_word' id='word_1_471' title='bbox 985 2855 1120 2901; x_wconf 77' lang='grc' dir='ltr'>ἄπειρος</span> <span class='ocrx_word' id='word_1_472' title='bbox 1144 2853 1262 2901; x_wconf 83' lang='grc' dir='ltr'>χρόνος</span> <span class='ocrx_word' id='word_1_473' title='bbox 1273 2855 1341 2891; x_wconf 74' lang='grc' dir='ltr'>,οὐκ</span> 
     </span>
     <span class='ocr_line' id='line_1_54' title="bbox 336 2899 1023 2952; baseline -0.01 -13"><span class='ocrx_word' id='word_1_474' title='bbox 336 2906 408 2952; x_wconf 63' lang='grc' dir='ltr'>ἔχει</span> <span class='ocrx_word' id='word_1_475' title='bbox 431 2905 545 2947; x_wconf 83' lang='grc' dir='ltr'>τέλος,</span> <span class='ocrx_word' id='word_1_476' title='bbox 571 2904 614 2936; x_wconf 81' lang='grc' dir='ltr'>τὸ</span> <span class='ocrx_word' id='word_1_477' title='bbox 636 2899 676 2936; x_wconf 78' lang='grc' dir='ltr'>δε</span> <span class='ocrx_word' id='word_1_478' title='bbox 698 2902 915 2946; x_wconf 83' lang='grc' dir='ltr'>κεκινημένον</span> <span class='ocrx_word' id='word_1_479' title='bbox 940 2901 1023 2947; x_wconf 83' lang='grc' dir='ltr'>ἔχει.</span> 
     </span>
    </p>

    <p class='ocr_par' dir='ltr' id='par_1_17' title="bbox 256 2941 1342 3075">
     <span class='ocr_line' id='line_1_55' title="bbox 256 2941 1340 2992; baseline -0.007 -9"><span class='ocrx_word' id='word_1_480' title='bbox 256 2949 317 2982; x_wconf 67' lang='lat' dir='ltr'>&#39;m</span> <span class='ocrx_word' id='word_1_481' title='bbox 341 2952 454 2982; x_wconf 87' lang='grc' dir='ltr'>τοίνυν</span> <span class='ocrx_word' id='word_1_482' title='bbox 478 2950 550 2982; x_wconf 73' lang='grc' dir='ltr'>πᾶν</span> <span class='ocrx_word' id='word_1_483' title='bbox 570 2950 670 2991; x_wconf 82' lang='grc' dir='ltr'>σῶμα</span> <span class='ocrx_word' id='word_1_484' title='bbox 695 2946 860 2983; x_wconf 80' lang='grc' dir='ltr'>αἰσθητόν</span> <span class='ocrx_word' id='word_1_485' title='bbox 886 2946 957 2992; x_wconf 83' lang='grc' dir='ltr'>ἔχει</span> <span class='ocrx_word' id='word_1_486' title='bbox 981 2941 1125 2989; x_wconf 74' lang='grc' dir='ltr'>δύναμιν</span> <span class='ocrx_word' id='word_1_487' title='bbox 1157 2943 1340 2981; x_wconf 74' lang='grc' dir='ltr'>ποιητικήν</span> 
     </span>
     <span class='ocr_line' id='line_1_56' title="bbox 337 2987 1342 3037; baseline -0.007 -10"><span class='ocrx_word' id='word_1_488' title='bbox 337 2993 359 3032; x_wconf 75' lang='grc' dir='ltr'>ἦ</span> <span class='ocrx_word' id='word_1_489' title='bbox 384 2991 580 3037; x_wconf 78' lang='grc' dir='ltr'>παθητικήν</span> <span class='ocrx_word' id='word_1_490' title='bbox 606 2992 628 3031; x_wconf 83' lang='grc' dir='ltr'><strong>ἥ</strong></span> <span class='ocrx_word' id='word_1_491' title='bbox 654 2993 771 3037; x_wconf 73' lang='grc' dir='ltr'>ἄμφω,</span> <span class='ocrx_word' id='word_1_492' title='bbox 799 2987 973 3025; x_wconf 73' lang='grc' dir='ltr'>ἀδύνατον</span> <span class='ocrx_word' id='word_1_493' title='bbox 1001 2990 1100 3035; x_wconf 81' lang='grc' dir='ltr'>σῶμα</span> <span class='ocrx_word' id='word_1_494' title='bbox 1127 2988 1264 3034; x_wconf 87' lang='grc' dir='ltr'>ἄπειρον</span> <span class='ocrx_word' id='word_1_495' title='bbox 1290 2988 1342 3020; x_wconf 78' lang='grc' dir='ltr'>αἴ-</span> 
     </span>
     <span class='ocr_line' id='line_1_57' title="bbox 336 3034 587 3075; baseline -0.008 -4"><span class='ocrx_word' id='word_1_496' title='bbox 336 3036 464 3075; x_wconf 83' lang='grc' dir='ltr'>σθητόν</span> <span class='ocrx_word' id='word_1_497' title='bbox 489 3034 587 3070; x_wconf 81' lang='grc' dir='ltr'>εἶναι.</span> 
     </span>
    </p>

    <p class='ocr_par' dir='ltr' id='par_1_18' title="bbox 251 3076 1342 3346">
     <span class='ocr_line' id='line_1_58' title="bbox 251 3076 1338 3128; baseline -0.006 -12"><span class='ocrx_word' id='word_1_498' title='bbox 251 3081 375 3116; x_wconf 51' lang='lat' dir='ltr'>*And</span> <span class='ocrx_word' id='word_1_499' title='bbox 398 3081 465 3126; x_wconf 75' lang='grc' dir='ltr'>μήν</span> <span class='ocrx_word' id='word_1_500' title='bbox 487 3083 546 3114; x_wconf 79' lang='grc' dir='ltr'>καὶ</span> <span class='ocrx_word' id='word_1_501' title='bbox 565 3080 669 3128; x_wconf 78' lang='grc' dir='ltr'>δσαγε</span> <span class='ocrx_word' id='word_1_502' title='bbox 685 3080 835 3126; x_wconf 71' lang='grc' dir='ltr'>σώματα</span> <span class='ocrx_word' id='word_1_503' title='bbox 851 3078 885 3113; x_wconf 80' lang='grc' dir='ltr'>ἐν</span> <span class='ocrx_word' id='word_1_504' title='bbox 903 3078 1014 3121; x_wconf 84' lang='grc' dir='ltr'>τόπῳ,</span> <span class='ocrx_word' id='word_1_505' title='bbox 1033 3078 1153 3111; x_wconf 87' lang='grc' dir='ltr'>πάντα</span> <span class='ocrx_word' id='word_1_506' title='bbox 1175 3076 1338 3115; x_wconf 79' lang='grc' dir='ltr'>αἰσθητά.</span> 
     </span>
     <span class='ocr_line' id='line_1_59' title="bbox 336 3121 1339 3170; baseline -0.006 -11"><span class='ocrx_word' id='word_1_507' title='bbox 336 3124 404 3159; x_wconf 62' lang='lat' dir='ltr'>oda</span> <span class='ocrx_word' id='word_1_508' title='bbox 427 3126 523 3159; x_wconf 72' lang='grc' dir='ltr'>ἔστιν</span> <span class='ocrx_word' id='word_1_509' title='bbox 541 3126 608 3170; x_wconf 75' lang='grc' dir='ltr'>ἀρα</span> <span class='ocrx_word' id='word_1_510' title='bbox 627 3126 725 3170; x_wconf 77' lang='grc' dir='ltr'>σῶμα</span> <span class='ocrx_word' id='word_1_511' title='bbox 743 3125 882 3168; x_wconf 67' lang='grc' dir='ltr'>ἄπειρον</span> <span class='ocrx_word' id='word_1_512' title='bbox 899 3123 962 3165; x_wconf 83' lang='grc' dir='ltr'>ἔξω</span> <span class='ocrx_word' id='word_1_513' title='bbox 982 3124 1046 3158; x_wconf 81' lang='grc' dir='ltr'>τοῦ</span> <span class='ocrx_word' id='word_1_514' title='bbox 1067 3123 1213 3166; x_wconf 80' lang='grc' dir='ltr'>οὐρανοῦ</span> <span class='ocrx_word' id='word_1_515' title='bbox 1230 3121 1339 3155; x_wconf 75' lang='grc' dir='ltr'>οὐθέν.</span> 
     </span>
     <span class='ocr_line' id='line_1_60' title="bbox 330 3164 1341 3215; baseline -0.005 -11"><span class='ocrx_word' id='word_1_516' title='bbox 330 3170 442 3204; x_wconf 75' lang='grc' dir='ltr'>Ἀλλά</span> <span class='ocrx_word' id='word_1_517' title='bbox 464 3170 531 3214; x_wconf 76' lang='grc' dir='ltr'>μήν</span> <span class='ocrx_word' id='word_1_518' title='bbox 556 3164 636 3202; x_wconf 80' lang='grc' dir='ltr'>οὐδὲ</span> <span class='ocrx_word' id='word_1_519' title='bbox 660 3168 757 3215; x_wconf 84' lang='grc' dir='ltr'>μέχρι</span> <span class='ocrx_word' id='word_1_520' title='bbox 781 3169 887 3208; x_wconf 84' lang='grc' dir='ltr'>τινός.</span> <span class='ocrx_word' id='word_1_521' title='bbox 924 3167 1030 3201; x_wconf 80' lang='grc' dir='ltr'>Οὐθὲν</span> <span class='ocrx_word' id='word_1_522' title='bbox 1057 3167 1123 3214; x_wconf 81' lang='grc' dir='ltr'>ἄρα</span> <span class='ocrx_word' id='word_1_523' title='bbox 1140 3166 1223 3206; x_wconf 83' lang='grc' dir='ltr'>ὅλως</span> <span class='ocrx_word' id='word_1_524' title='bbox 1241 3167 1341 3210; x_wconf 78' lang='grc' dir='ltr'>σῶμα</span> 
     </span>
     <span class='ocr_line' id='line_1_61' title="bbox 337 3211 1338 3260; baseline -0.005 -11"><span class='ocrx_word' id='word_1_525' title='bbox 337 3216 401 3257; x_wconf 79' lang='grc' dir='ltr'>ἔξω</span> <span class='ocrx_word' id='word_1_526' title='bbox 419 3216 483 3248; x_wconf 76' lang='grc' dir='ltr'>τοῦ</span> <span class='ocrx_word' id='word_1_527' title='bbox 501 3214 659 3257; x_wconf 80' lang='grc' dir='ltr'>οὐρανοῦ.</span> <span class='ocrx_word' id='word_1_528' title='bbox 684 3215 723 3246; x_wconf 83' lang='grc' dir='ltr'>Εἰ</span> <span class='ocrx_word' id='word_1_529' title='bbox 739 3213 799 3258; x_wconf 87' lang='grc' dir='ltr'>μὲν</span> <span class='ocrx_word' id='word_1_530' title='bbox 815 3214 881 3260; x_wconf 85' lang='grc' dir='ltr'>γοὶρ</span> <span class='ocrx_word' id='word_1_531' title='bbox 897 3212 1036 3255; x_wconf 87' lang='grc' dir='ltr'>νοητόν,</span> <span class='ocrx_word' id='word_1_532' title='bbox 1055 3213 1155 3246; x_wconf 82' lang='grc' dir='ltr'>ἔσται</span> <span class='ocrx_word' id='word_1_533' title='bbox 1172 3212 1206 3246; x_wconf 82' lang='grc' dir='ltr'>ἐν</span> <span class='ocrx_word' id='word_1_534' title='bbox 1225 3211 1338 3253; x_wconf 85' lang='grc' dir='ltr'>τόπῳ·</span> 
     </span>
     <span class='ocr_line' id='line_1_62' title="bbox 338 3256 1342 3306; baseline -0.007 -12"><span class='ocrx_word' id='word_1_535' title='bbox 338 3261 382 3294; x_wconf 70' lang='grc' dir='ltr'>τό</span> <span class='ocrx_word' id='word_1_536' title='bbox 405 3260 471 3306; x_wconf 73' lang='grc' dir='ltr'>γάρ</span> <span class='ocrx_word' id='word_1_537' title='bbox 497 3258 560 3301; x_wconf 81' lang='grc' dir='ltr'>ἔξω</span> <span class='ocrx_word' id='word_1_538' title='bbox 591 3260 650 3291; x_wconf 79' lang='grc' dir='ltr'>καὶ</span> <span class='ocrx_word' id='word_1_539' title='bbox 683 3258 747 3291; x_wconf 81' lang='grc' dir='ltr'>ἔσω</span> <span class='ocrx_word' id='word_1_540' title='bbox 772 3257 882 3291; x_wconf 87' lang='grc' dir='ltr'>τόπον</span> <span class='ocrx_word' id='word_1_541' title='bbox 913 3260 1083 3300; x_wconf 85' lang='grc' dir='ltr'>σημαίνει.</span> <span class='ocrx_word' id='word_1_542' title='bbox 1116 3256 1213 3291; x_wconf 63' lang='lat' dir='ltr'>&#39;fler’</span> <span class='ocrx_word' id='word_1_543' title='bbox 1242 3257 1342 3290; x_wconf 87' lang='grc' dir='ltr'>ἔσται</span> 
     </span>
     <span class='ocr_line' id='line_1_63' title="bbox 338 3298 1159 3346; baseline -0.004 -8"><span class='ocrx_word' id='word_1_544' title='bbox 338 3304 521 3343; x_wconf 79' lang='grc' dir='ltr'>αἰσθητόν·</span> <span class='ocrx_word' id='word_1_545' title='bbox 548 3303 713 3341; x_wconf 85' lang='grc' dir='ltr'>αἰσθητόν</span> <span class='ocrx_word' id='word_1_546' title='bbox 737 3298 767 3335; x_wconf 77' lang='grc' dir='ltr'>δ’</span> <span class='ocrx_word' id='word_1_547' title='bbox 795 3299 892 3335; x_wconf 77' lang='grc' dir='ltr'>οὐθὲν</span> <span class='ocrx_word' id='word_1_548' title='bbox 917 3302 964 3346; x_wconf 73' lang='grc' dir='ltr'>μή</span> <span class='ocrx_word' id='word_1_549' title='bbox 991 3299 1024 3334; x_wconf 82' lang='grc' dir='ltr'>έν</span> <span class='ocrx_word' id='word_1_550' title='bbox 1051 3301 1159 3344; x_wconf 84' lang='grc' dir='ltr'>τόπῳ.</span> 
     </span>
    </p>
   </div>
   <div class='ocr_carea' id='block_1_7' title="bbox 256 3484 1341 3643">
    <p class='ocr_par' dir='ltr' id='par_1_19' title="bbox 256 3484 1341 3643">
     <span class='ocr_line' id='line_1_64' title="bbox 324 3484 1339 3524; baseline 0 -10"><span class='ocrx_word' id='word_1_551' title='bbox 324 3486 476 3515; x_wconf 59' lang='lat' dir='ltr'>synopsis.</span> <span class='ocrx_word' id='word_1_552' title='bbox 493 3502 528 3507; x_wconf 95' lang='lat'><strong>—</strong></span> <span class='ocrx_word' id='word_1_553' title='bbox 549 3495 574 3514; x_wconf 86' lang='lat'><strong>1.</strong></span> <span class='ocrx_word' id='word_1_554' title='bbox 588 3486 802 3524; x_wconf 82' lang='lat' dir='ltr'>Argumentum</span> <span class='ocrx_word' id='word_1_555' title='bbox 817 3491 846 3513; x_wconf 90' lang='lat' dir='ltr'>et</span> <span class='ocrx_word' id='word_1_556' title='bbox 859 3484 962 3513; x_wconf 89' lang='lat' dir='ltr'>divisio</span> <span class='ocrx_word' id='word_1_557' title='bbox 976 3490 1078 3513; x_wconf 90' lang='lat' dir='ltr'>textus.</span> <span class='ocrx_word' id='word_1_558' title='bbox 1089 3486 1262 3514; x_wconf 84' lang='lat' dir='ltr'>-Probatur</span> <span class='ocrx_word' id='word_1_559' title='bbox 1274 3486 1339 3514; x_wconf 85' lang='lat' dir='ltr'>nul-</span> 
     </span>
     <span class='ocr_line' id='line_1_65' title="bbox 256 3525 1339 3564; baseline 0 -10"><span class='ocrx_word' id='word_1_560' title='bbox 256 3552 259 3554; x_wconf 72' lang='lat'><strong>.</strong></span> <span class='ocrx_word' id='word_1_561' title='bbox 271 3526 332 3554; x_wconf 85' lang='lat' dir='ltr'>lum</span> <span class='ocrx_word' id='word_1_562' title='bbox 347 3535 455 3564; x_wconf 77' lang='lat' dir='ltr'>corpus</span> <span class='ocrx_word' id='word_1_563' title='bbox 465 3525 600 3554; x_wconf 76' lang='lat' dir='ltr'><em>sensibile</em></span> <span class='ocrx_word' id='word_1_564' title='bbox 612 3535 675 3554; x_wconf 81' lang='lat' dir='ltr'>esse</span> <span class='ocrx_word' id='word_1_565' title='bbox 690 3525 845 3564; x_wconf 80' lang='lat' dir='ltr'>infinitum,</span> <span class='ocrx_word' id='word_1_566' title='bbox 856 3525 969 3553; x_wconf 89' lang='lat' dir='ltr'>ratione</span> <span class='ocrx_word' id='word_1_567' title='bbox 983 3531 1101 3561; x_wconf 86' lang='lat' dir='ltr'>accepta</span> <span class='ocrx_word' id='word_1_568' title='bbox 1115 3534 1148 3553; x_wconf 87' lang='lat' dir='ltr'>ex</span> <span class='ocrx_word' id='word_1_569' title='bbox 1157 3531 1238 3562; x_wconf 87' lang='lat' dir='ltr'>parte</span> <span class='ocrx_word' id='word_1_570' title='bbox 1249 3525 1339 3554; x_wconf 82' lang='lat' dir='ltr'>actio-</span> 
     </span>
     <span class='ocr_line' id='line_1_66' title="bbox 270 3564 1339 3603; baseline 0 -9"><span class='ocrx_word' id='word_1_571' title='bbox 270 3565 316 3594; x_wconf 85' lang='lat' dir='ltr'>nis</span> <span class='ocrx_word' id='word_1_572' title='bbox 325 3571 354 3594; x_wconf 87' lang='lat' dir='ltr'>et</span> <span class='ocrx_word' id='word_1_573' title='bbox 367 3565 520 3603; x_wconf 86' lang='lat' dir='ltr'>passionis.</span> <span class='ocrx_word' id='word_1_574' title='bbox 531 3581 551 3587; x_wconf 89' lang='lat'><em>-</em></span> <span class='ocrx_word' id='word_1_575' title='bbox 565 3573 594 3594; x_wconf 79' lang='lat'><strong>2.</strong></span> <span class='ocrx_word' id='word_1_576' title='bbox 609 3566 727 3594; x_wconf 91' lang='lat' dir='ltr'>Nullum</span> <span class='ocrx_word' id='word_1_577' title='bbox 742 3574 847 3602; x_wconf 90' lang='lat' dir='ltr'>corpus</span> <span class='ocrx_word' id='word_1_578' title='bbox 861 3564 1007 3593; x_wconf 86' lang='lat' dir='ltr'>infinitum</span> <span class='ocrx_word' id='word_1_579' title='bbox 1022 3565 1108 3593; x_wconf 84' lang='lat' dir='ltr'>habet</span> <span class='ocrx_word' id='word_1_580' title='bbox 1121 3564 1255 3593; x_wconf 88' lang='lat' dir='ltr'>virtutem</span> <span class='ocrx_word' id='word_1_581' title='bbox 1270 3565 1339 3594; x_wconf 83' lang='lat' dir='ltr'>acti-</span> 
     </span>
     <span class='ocr_line' id='line_1_67' title="bbox 256 3604 1341 3643; baseline 0 -9"><span class='ocrx_word' id='word_1_582' title='bbox 256 3614 338 3634; x_wconf 56' lang='lat' dir='ltr'>&lt;vam</span> <span class='ocrx_word' id='word_1_583' title='bbox 355 3611 405 3635; x_wconf 87' lang='lat' dir='ltr'>aut</span> <span class='ocrx_word' id='word_1_584' title='bbox 417 3605 576 3643; x_wconf 82' lang='lat' dir='ltr'><strong>passivam:</strong></span> <span class='ocrx_word' id='word_1_585' title='bbox 599 3614 688 3634; x_wconf 87' lang='lat' dir='ltr'>omne</span> <span class='ocrx_word' id='word_1_586' title='bbox 702 3612 800 3634; x_wconf 87' lang='lat' dir='ltr'>autem</span> <span class='ocrx_word' id='word_1_587' title='bbox 815 3612 925 3642; x_wconf 80' lang='lat' dir='ltr'>corpus</span> <span class='ocrx_word' id='word_1_588' title='bbox 942 3604 1076 3633; x_wconf 85' lang='lat' dir='ltr'><strong>sensibile</strong></span> <span class='ocrx_word' id='word_1_589' title='bbox 1090 3604 1177 3643; x_wconf 82' lang='lat' dir='ltr'>habet</span> <span class='ocrx_word' id='word_1_590' title='bbox 1190 3614 1281 3634; x_wconf 88' lang='lat' dir='ltr'>unam</span> <span class='ocrx_word' id='word_1_591' title='bbox 1294 3606 1341 3634; x_wconf 89' lang='lat' dir='ltr'>vel</span> 
     </span>
    </p>
   </div>
   <div class='ocr_carea' id='block_1_8' title="bbox 1363 3485 1370 3645">
    <p class='ocr_par' dir='ltr' id='par_1_20' title="bbox 1363 3485 1370 3645">
     <span class='ocr_line' id='line_1_68' title="bbox 1363 3485 1370 3645; baseline 0 0"><span class='ocrx_word' id='word_1_592' title='bbox 1363 3485 1370 3645; x_wconf 95' lang='lat' dir='ltr'> </span> 
     </span>
    </p>
   </div>
   <div class='ocr_carea' id='block_1_9' title="bbox 1402 810 2470 895">
    <p class='ocr_par' dir='ltr' id='par_1_21' title="bbox 1402 810 2470 895">
     <span class='ocr_line' id='line_1_69' title="bbox 1402 810 2470 852; baseline 0.003 -12"><span class='ocrx_word' id='word_1_593' title='bbox 1402 810 1419 829; x_wconf 88' lang='lat'><em>*</em></span> <span class='ocrx_word' id='word_1_594' title='bbox 1436 810 1534 848; x_wconf 94' lang='lat' dir='ltr'>Quod</span> <span class='ocrx_word' id='word_1_595' title='bbox 1557 817 1666 841; x_wconf 86' lang='lat' dir='ltr'>autem</span> <span class='ocrx_word' id='word_1_596' title='bbox 1689 811 1823 841; x_wconf 87' lang='lat' dir='ltr'>omnino</span> <span class='ocrx_word' id='word_1_597' title='bbox 1847 811 2044 852; x_wconf 88' lang='lat' dir='ltr'>impossibile</span> <span class='ocrx_word' id='word_1_598' title='bbox 2076 812 2117 843; x_wconf 88' lang='lat' dir='ltr'>sit</span> <span class='ocrx_word' id='word_1_599' title='bbox 2145 811 2307 843; x_wconf 87' lang='lat' dir='ltr'>infinitum</span> <span class='ocrx_word' id='word_1_600' title='bbox 2335 822 2352 842; x_wconf 91' lang='lat' dir='ltr'>a</span> <span class='ocrx_word' id='word_1_601' title='bbox 2380 811 2470 844; x_wconf 92' lang='lat' dir='ltr'>finito</span> 
     </span>
     <span class='ocr_line' id='line_1_70' title="bbox 1468 854 2469 895; baseline 0.003 -11"><span class='ocrx_word' id='word_1_602' title='bbox 1468 854 1533 895; x_wconf 69' lang='lat' dir='ltr'>pa⁴ti</span> <span class='ocrx_word' id='word_1_603' title='bbox 1556 854 1688 895; x_wconf 84' lang='lat' dir='ltr'>aliquid,</span> <span class='ocrx_word' id='word_1_604' title='bbox 1708 862 1763 886; x_wconf 86' lang='lat' dir='ltr'>aut</span> <span class='ocrx_word' id='word_1_605' title='bbox 1786 855 1887 886; x_wconf 81' lang='lat' dir='ltr'>facere</span> <span class='ocrx_word' id='word_1_606' title='bbox 1902 855 2040 895; x_wconf 90' lang='lat' dir='ltr'>finitum,</span> <span class='ocrx_word' id='word_1_607' title='bbox 2065 866 2102 887; x_wconf 86' lang='lat' dir='ltr'>ex</span> <span class='ocrx_word' id='word_1_608' title='bbox 2117 856 2167 887; x_wconf 89' lang='lat' dir='ltr'>his</span> <span class='ocrx_word' id='word_1_609' title='bbox 2189 856 2396 887; x_wconf 84' lang='lat' dir='ltr'>manifestum</span> <span class='ocrx_word' id='word_1_610' title='bbox 2411 863 2469 888; x_wconf 90' lang='lat' dir='ltr'>est.</span> 
     </span>
    </p>
   </div>
   <div class='ocr_carea' id='block_1_10' title="bbox 1399 948 2472 2097">
    <p class='ocr_par' dir='ltr' id='par_1_22' title="bbox 1401 948 2472 1653">
     <span class='ocr_line' id='line_1_71' title="bbox 1401 948 2468 991; baseline 0.001 -11"><span class='ocrx_word' id='word_1_611' title='bbox 1401 948 1449 980; x_wconf 91' lang='lat' dir='ltr'>Sit</span> <span class='ocrx_word' id='word_1_612' title='bbox 1470 949 1558 980; x_wconf 90' lang='lat' dir='ltr'>enim</span> <span class='ocrx_word' id='word_1_613' title='bbox 1580 948 1742 980; x_wconf 87' lang='lat' dir='ltr'>infinitum</span> <span class='ocrx_word' id='word_1_614' title='bbox 1765 949 1798 980; x_wconf 90' lang='lat' dir='ltr'>in</span> <span class='ocrx_word' id='word_1_615' title='bbox 1821 959 1887 990; x_wconf 93' lang='lat' dir='ltr'>quo</span> <span class='ocrx_word' id='word_1_616' title='bbox 1910 952 1959 988; x_wconf 91' lang='lat' dir='ltr'>A,</span> <span class='ocrx_word' id='word_1_617' title='bbox 1984 950 2111 981; x_wconf 89' lang='lat' dir='ltr'>finitum</span> <span class='ocrx_word' id='word_1_618' title='bbox 2138 957 2246 982; x_wconf 85' lang='lat' dir='ltr'>autem</span> <span class='ocrx_word' id='word_1_619' title='bbox 2268 950 2302 981; x_wconf 92' lang='lat' dir='ltr'>in</span> <span class='ocrx_word' id='word_1_620' title='bbox 2335 960 2401 991; x_wconf 91' lang='lat' dir='ltr'>quo</span> <span class='ocrx_word' id='word_1_621' title='bbox 2424 950 2468 990; x_wconf 91' lang='lat' dir='ltr'>B,</span> 
     </span>
     <span class='ocr_line' id='line_1_72' title="bbox 1466 993 2470 1035; baseline 0.001 -11"><span class='ocrx_word' id='word_1_622' title='bbox 1466 1000 1594 1034; x_wconf 88' lang='lat' dir='ltr'>tempus</span> <span class='ocrx_word' id='word_1_623' title='bbox 1617 1001 1726 1025; x_wconf 89' lang='lat' dir='ltr'>autem</span> <span class='ocrx_word' id='word_1_624' title='bbox 1747 993 1781 1024; x_wconf 91' lang='lat' dir='ltr'>in</span> <span class='ocrx_word' id='word_1_625' title='bbox 1805 1003 1871 1034; x_wconf 94' lang='lat' dir='ltr'>quo</span> <span class='ocrx_word' id='word_1_626' title='bbox 1901 994 2003 1025; x_wconf 90' lang='lat' dir='ltr'>movit</span> <span class='ocrx_word' id='word_1_627' title='bbox 2024 995 2145 1035; x_wconf 88' lang='lat' dir='ltr'>aliquid</span> <span class='ocrx_word' id='word_1_628' title='bbox 2174 1001 2230 1025; x_wconf 91' lang='lat' dir='ltr'>aut</span> <span class='ocrx_word' id='word_1_629' title='bbox 2257 1001 2385 1025; x_wconf 88' lang='lat' dir='ltr'>motum</span> <span class='ocrx_word' id='word_1_630' title='bbox 2408 1001 2470 1034; x_wconf 91' lang='lat' dir='ltr'>est,</span> 
     </span>
     <span class='ocr_line' id='line_1_73' title="bbox 1468 1037 2472 1081; baseline 0.001 -13"><span class='ocrx_word' id='word_1_631' title='bbox 1468 1037 1507 1069; x_wconf 90' lang='lat' dir='ltr'>G.</span> <span class='ocrx_word' id='word_1_632' title='bbox 1532 1038 1565 1069; x_wconf 93' lang='lat' dir='ltr'>Si</span> <span class='ocrx_word' id='word_1_633' title='bbox 1587 1038 1694 1081; x_wconf 88' lang='lat' dir='ltr'>itaque</span> <span class='ocrx_word' id='word_1_634' title='bbox 1721 1048 1739 1068; x_wconf 93' lang='lat' dir='ltr'>a</span> <span class='ocrx_word' id='word_1_635' title='bbox 1763 1038 1789 1069; x_wconf 92' lang='lat' dir='ltr'>B</span> <span class='ocrx_word' id='word_1_636' title='bbox 1813 1040 1843 1068; x_wconf 92' lang='lat' dir='ltr'>A</span> <span class='ocrx_word' id='word_1_637' title='bbox 1866 1038 2050 1069; x_wconf 87' lang='lat' dir='ltr'>calefactum</span> <span class='ocrx_word' id='word_1_638' title='bbox 2074 1045 2120 1070; x_wconf 91' lang='lat' dir='ltr'>est</span> <span class='ocrx_word' id='word_1_639' title='bbox 2143 1046 2198 1069; x_wconf 88' lang='lat' dir='ltr'>aut</span> <span class='ocrx_word' id='word_1_640' title='bbox 2219 1039 2320 1069; x_wconf 89' lang='lat' dir='ltr'>latum</span> <span class='ocrx_word' id='word_1_641' title='bbox 2344 1045 2390 1070; x_wconf 92' lang='lat' dir='ltr'>est</span> <span class='ocrx_word' id='word_1_642' title='bbox 2417 1045 2472 1070; x_wconf 86' lang='lat' dir='ltr'>aut</span> 
     </span>
     <span class='ocr_line' id='line_1_74' title="bbox 1467 1081 2470 1124; baseline 0.002 -12"><span class='ocrx_word' id='word_1_643' title='bbox 1467 1082 1554 1113; x_wconf 86' lang='lat' dir='ltr'>aliud</span> <span class='ocrx_word' id='word_1_644' title='bbox 1577 1081 1697 1123; x_wconf 84' lang='lat' dir='ltr'>aliquid</span> <span class='ocrx_word' id='word_1_645' title='bbox 1720 1092 1851 1122; x_wconf 84' lang='lat' dir='ltr'>passum</span> <span class='ocrx_word' id='word_1_646' title='bbox 1875 1089 1931 1120; x_wconf 90' lang='lat' dir='ltr'>est,</span> <span class='ocrx_word' id='word_1_647' title='bbox 1955 1090 2010 1113; x_wconf 90' lang='lat' dir='ltr'>aut</span> <span class='ocrx_word' id='word_1_648' title='bbox 2033 1089 2064 1113; x_wconf 92' lang='lat' dir='ltr'>et</span> <span class='ocrx_word' id='word_1_649' title='bbox 2086 1083 2315 1124; x_wconf 90' lang='lat' dir='ltr'>quodcumque</span> <span class='ocrx_word' id='word_1_650' title='bbox 2342 1090 2470 1114; x_wconf 87' lang='lat' dir='ltr'>motum</span> 
     </span>
     <span class='ocr_line' id='line_1_75' title="bbox 1468 1126 2469 1168; baseline 0.002 -12"><span class='ocrx_word' id='word_1_651' title='bbox 1468 1133 1526 1165; x_wconf 87' lang='lat' dir='ltr'>est,</span> <span class='ocrx_word' id='word_1_652' title='bbox 1549 1126 1583 1156; x_wconf 90' lang='lat' dir='ltr'>in</span> <span class='ocrx_word' id='word_1_653' title='bbox 1598 1133 1743 1167; x_wconf 86' lang='lat' dir='ltr'>tempore</span> <span class='ocrx_word' id='word_1_654' title='bbox 1758 1126 1791 1156; x_wconf 91' lang='lat' dir='ltr'>in</span> <span class='ocrx_word' id='word_1_655' title='bbox 1815 1136 1881 1167; x_wconf 93' lang='lat' dir='ltr'>quo</span> <span class='ocrx_word' id='word_1_656' title='bbox 1906 1126 1952 1165; x_wconf 93' lang='lat' dir='ltr'>G,</span> <span class='ocrx_word' id='word_1_657' title='bbox 1977 1127 2015 1158; x_wconf 92' lang='lat' dir='ltr'>sit</span> <span class='ocrx_word' id='word_1_658' title='bbox 2033 1127 2061 1158; x_wconf 95' lang='lat' dir='ltr'>D</span> <span class='ocrx_word' id='word_1_659' title='bbox 2079 1137 2117 1158; x_wconf 90' lang='lat' dir='ltr'>eo</span> <span class='ocrx_word' id='word_1_660' title='bbox 2134 1127 2224 1168; x_wconf 93' lang='lat' dir='ltr'>quod</span> <span class='ocrx_word' id='word_1_661' title='bbox 2239 1134 2286 1158; x_wconf 88' lang='lat' dir='ltr'>est</span> <span class='ocrx_word' id='word_1_662' title='bbox 2301 1127 2327 1158; x_wconf 92' lang='lat' dir='ltr'>B</span> <span class='ocrx_word' id='word_1_663' title='bbox 2343 1127 2469 1167; x_wconf 88' lang='lat' dir='ltr'>minus,</span> 
     </span>
     <span class='ocr_line' id='line_1_76' title="bbox 1468 1170 2470 1212; baseline 0.002 -11"><span class='ocrx_word' id='word_1_664' title='bbox 1468 1177 1499 1201; x_wconf 90' lang='lat' dir='ltr'>et</span> <span class='ocrx_word' id='word_1_665' title='bbox 1522 1170 1629 1201; x_wconf 89' lang='lat' dir='ltr'>minus</span> <span class='ocrx_word' id='word_1_666' title='bbox 1651 1170 1685 1201; x_wconf 91' lang='lat' dir='ltr'>in</span> <span class='ocrx_word' id='word_1_667' title='bbox 1709 1170 1833 1212; x_wconf 89' lang='lat' dir='ltr'>aequali</span> <span class='ocrx_word' id='word_1_668' title='bbox 1849 1178 1993 1211; x_wconf 90' lang='lat' dir='ltr'>tempore</span> <span class='ocrx_word' id='word_1_669' title='bbox 2016 1171 2122 1202; x_wconf 90' lang='lat' dir='ltr'>minus</span> <span class='ocrx_word' id='word_1_670' title='bbox 2138 1179 2283 1210; x_wconf 83' lang='lat' dir='ltr'>moveat;</span> <span class='ocrx_word' id='word_1_671' title='bbox 2307 1171 2347 1203; x_wconf 86' lang='lat' dir='ltr'>sit</span> <span class='ocrx_word' id='word_1_672' title='bbox 2362 1179 2470 1203; x_wconf 85' lang='lat' dir='ltr'>autem</span> 
     </span>
     <span class='ocr_line' id='line_1_77' title="bbox 1468 1215 2471 1256; baseline 0.002 -11"><span class='ocrx_word' id='word_1_673' title='bbox 1468 1215 1559 1256; x_wconf 91' lang='lat' dir='ltr'>quod</span> <span class='ocrx_word' id='word_1_674' title='bbox 1572 1215 1606 1245; x_wconf 90' lang='lat' dir='ltr'>in</span> <span class='ocrx_word' id='word_1_675' title='bbox 1618 1225 1685 1255; x_wconf 94' lang='lat' dir='ltr'>quo</span> <span class='ocrx_word' id='word_1_676' title='bbox 1698 1215 1736 1253; x_wconf 92' lang='lat' dir='ltr'>E,</span> <span class='ocrx_word' id='word_1_677' title='bbox 1749 1215 1788 1245; x_wconf 87' lang='lat' dir='ltr'>ab</span> <span class='ocrx_word' id='word_1_678' title='bbox 1801 1225 1840 1245; x_wconf 89' lang='lat' dir='ltr'>eo</span> <span class='ocrx_word' id='word_1_679' title='bbox 1852 1215 1941 1255; x_wconf 93' lang='lat' dir='ltr'>quod</span> <span class='ocrx_word' id='word_1_680' title='bbox 1953 1216 1981 1246; x_wconf 94' lang='lat' dir='ltr'>D</span> <span class='ocrx_word' id='word_1_681' title='bbox 1994 1215 2170 1247; x_wconf 86' lang='lat' dir='ltr'>alteratum.</span> <span class='ocrx_word' id='word_1_682' title='bbox 2187 1215 2286 1252; x_wconf 89' lang='lat' dir='ltr'>Quod</span> <span class='ocrx_word' id='word_1_683' title='bbox 2301 1215 2408 1256; x_wconf 84' lang='lat' dir='ltr'>itaque</span> <span class='ocrx_word' id='word_1_684' title='bbox 2424 1222 2471 1247; x_wconf 93' lang='lat' dir='ltr'>est</span> 
     </span>
     <span class='ocr_line' id='line_1_78' title="bbox 1468 1258 2470 1301; baseline 0.002 -12"><span class='ocrx_word' id='word_1_685' title='bbox 1468 1259 1497 1289; x_wconf 93' lang='lat' dir='ltr'>D</span> <span class='ocrx_word' id='word_1_686' title='bbox 1514 1259 1555 1289; x_wconf 88' lang='lat' dir='ltr'>ad</span> <span class='ocrx_word' id='word_1_687' title='bbox 1569 1259 1606 1297; x_wconf 92' lang='lat' dir='ltr'>B,</span> <span class='ocrx_word' id='word_1_688' title='bbox 1623 1260 1650 1289; x_wconf 90' lang='lat' dir='ltr'>E</span> <span class='ocrx_word' id='word_1_689' title='bbox 1673 1259 1731 1290; x_wconf 89' lang='lat' dir='ltr'>erit</span> <span class='ocrx_word' id='word_1_690' title='bbox 1753 1259 1794 1289; x_wconf 91' lang='lat' dir='ltr'>ad</span> <span class='ocrx_word' id='word_1_691' title='bbox 1816 1258 1942 1290; x_wconf 90' lang='lat' dir='ltr'>finitum</span> <span class='ocrx_word' id='word_1_692' title='bbox 1965 1259 2094 1300; x_wconf 86' lang='lat' dir='ltr'>aliquid,</span> <span class='ocrx_word' id='word_1_693' title='bbox 2111 1267 2188 1300; x_wconf 89' lang='lat' dir='ltr'>puta</span> <span class='ocrx_word' id='word_1_694' title='bbox 2204 1260 2239 1290; x_wconf 89' lang='lat' dir='ltr'>F.</span> <span class='ocrx_word' id='word_1_695' title='bbox 2255 1259 2273 1277; x_wconf 74' lang='lat'>&#39;¹‘</span> <span class='ocrx_word' id='word_1_696' title='bbox 2294 1260 2341 1291; x_wconf 92' lang='lat' dir='ltr'>Sit</span> <span class='ocrx_word' id='word_1_697' title='bbox 2363 1260 2470 1301; x_wconf 90' lang='lat' dir='ltr'>itaque</span> 
     </span>
     <span class='ocr_line' id='line_1_79' title="bbox 1466 1303 2468 1345; baseline 0.002 -12"><span class='ocrx_word' id='word_1_698' title='bbox 1466 1303 1598 1344; x_wconf 87' lang='lat' dir='ltr'>aequale</span> <span class='ocrx_word' id='word_1_699' title='bbox 1621 1303 1754 1344; x_wconf 90' lang='lat' dir='ltr'>quidem</span> <span class='ocrx_word' id='word_1_700' title='bbox 1776 1303 1810 1334; x_wconf 91' lang='lat' dir='ltr'>in</span> <span class='ocrx_word' id='word_1_701' title='bbox 1833 1303 1956 1344; x_wconf 88' lang='lat' dir='ltr'>aequali</span> <span class='ocrx_word' id='word_1_702' title='bbox 1980 1310 2123 1344; x_wconf 88' lang='lat' dir='ltr'>tempore</span> <span class='ocrx_word' id='word_1_703' title='bbox 2156 1303 2287 1345; x_wconf 84' lang='lat' dir='ltr'>aequale</span> <span class='ocrx_word' id='word_1_704' title='bbox 2317 1304 2468 1343; x_wconf 78' lang='lat' dir='ltr'>alterans3</span> 
     </span>
     <span class='ocr_line' id='line_1_80' title="bbox 1467 1347 2468 1389; baseline 0.001 -11"><span class='ocrx_word' id='word_1_705' title='bbox 1467 1347 1574 1378; x_wconf 84' lang='lat' dir='ltr'>minus</span> <span class='ocrx_word' id='word_1_706' title='bbox 1597 1354 1705 1378; x_wconf 84' lang='lat' dir='ltr'>autem</span> <span class='ocrx_word' id='word_1_707' title='bbox 1728 1347 1761 1378; x_wconf 90' lang='lat' dir='ltr'>in</span> <span class='ocrx_word' id='word_1_708' title='bbox 1788 1347 1912 1389; x_wconf 84' lang='lat' dir='ltr'>aequali</span> <span class='ocrx_word' id='word_1_709' title='bbox 1935 1347 2057 1386; x_wconf 90' lang='lat' dir='ltr'>minus,</span> <span class='ocrx_word' id='word_1_710' title='bbox 2083 1348 2185 1378; x_wconf 83' lang='lat' dir='ltr'>maius</span> <span class='ocrx_word' id='word_1_711' title='bbox 2209 1354 2316 1379; x_wconf 81' lang='lat' dir='ltr'>autem</span> <span class='ocrx_word' id='word_1_712' title='bbox 2344 1348 2468 1388; x_wconf 86' lang='lat' dir='ltr'>maius;</span> 
     </span>
     <span class='ocr_line' id='line_1_81' title="bbox 1466 1391 2469 1433; baseline 0.001 -11"><span class='ocrx_word' id='word_1_713' title='bbox 1466 1398 1592 1422; x_wconf 87' lang='lat' dir='ltr'>tantum</span> <span class='ocrx_word' id='word_1_714' title='bbox 1627 1398 1735 1422; x_wconf 86' lang='lat' dir='ltr'>autem</span> <span class='ocrx_word' id='word_1_715' title='bbox 1762 1399 1920 1433; x_wconf 85' lang='lat' dir='ltr'>quantum</span> <span class='ocrx_word' id='word_1_716' title='bbox 1952 1393 2125 1432; x_wconf 81' lang='lat' dir='ltr'>analogum</span> <span class='ocrx_word' id='word_1_717' title='bbox 2155 1391 2212 1423; x_wconf 88' lang='lat' dir='ltr'>erit</span> <span class='ocrx_word' id='word_1_718' title='bbox 2240 1392 2469 1433; x_wconf 87' lang='lat' dir='ltr'>quodcumque</span> 
     </span>
     <span class='ocr_line' id='line_1_82' title="bbox 1467 1436 2468 1476; baseline 0.002 -10"><span class='ocrx_word' id='word_1_719' title='bbox 1467 1436 1571 1467; x_wconf 86' lang='lat' dir='ltr'>maius</span> <span class='ocrx_word' id='word_1_720' title='bbox 1605 1436 1646 1467; x_wconf 85' lang='lat' dir='ltr'>ad</span> <span class='ocrx_word' id='word_1_721' title='bbox 1679 1436 1797 1467; x_wconf 89' lang='lat' dir='ltr'>minus.</span> <span class='ocrx_word' id='word_1_722' title='bbox 1820 1437 1896 1467; x_wconf 91' lang='lat' dir='ltr'>Non</span> <span class='ocrx_word' id='word_1_723' title='bbox 1923 1436 2018 1476; x_wconf 89' lang='lat' dir='ltr'>igitur</span> <span class='ocrx_word' id='word_1_724' title='bbox 2047 1436 2208 1467; x_wconf 87' lang='lat' dir='ltr'>infinitum</span> <span class='ocrx_word' id='word_1_725' title='bbox 2231 1446 2249 1467; x_wconf 82' lang='lat' dir='ltr'>a</span> <span class='ocrx_word' id='word_1_726' title='bbox 2271 1436 2362 1467; x_wconf 91' lang='lat' dir='ltr'>nullo</span> <span class='ocrx_word' id='word_1_727' title='bbox 2378 1436 2468 1468; x_wconf 91' lang='lat' dir='ltr'>finito</span> 
     </span>
     <span class='ocr_line' id='line_1_83' title="bbox 1466 1480 2469 1521; baseline 0 -10"><span class='ocrx_word' id='word_1_728' title='bbox 1466 1480 1648 1511; x_wconf 85' lang='lat' dir='ltr'>movebitur</span> <span class='ocrx_word' id='word_1_729' title='bbox 1670 1480 1703 1510; x_wconf 88' lang='lat' dir='ltr'>in</span> <span class='ocrx_word' id='word_1_730' title='bbox 1727 1480 1817 1511; x_wconf 91' lang='lat' dir='ltr'>nullo</span> <span class='ocrx_word' id='word_1_731' title='bbox 1840 1487 1994 1521; x_wconf 87' lang='lat' dir='ltr'>tempore.</span> <span class='ocrx_word' id='word_1_732' title='bbox 2014 1480 2121 1511; x_wconf 89' lang='lat' dir='ltr'>Minus</span> <span class='ocrx_word' id='word_1_733' title='bbox 2145 1480 2231 1511; x_wconf 87' lang='lat' dir='ltr'>enim</span> <span class='ocrx_word' id='word_1_734' title='bbox 2254 1480 2340 1514; x_wconf 83' lang='lat' dir='ltr'>aliud</span> <span class='ocrx_word' id='word_1_735' title='bbox 2363 1480 2396 1511; x_wconf 93' lang='lat' dir='ltr'>in</span> <span class='ocrx_word' id='word_1_736' title='bbox 2419 1491 2469 1511; x_wconf 85' lang='lat' dir='ltr'>ae-</span> 
     </span>
     <span class='ocr_line' id='line_1_84' title="bbox 1467 1524 2469 1565; baseline 0 -11"><span class='ocrx_word' id='word_1_737' title='bbox 1467 1524 1554 1565; x_wconf 88' lang='lat' dir='ltr'>quali</span> <span class='ocrx_word' id='word_1_738' title='bbox 1577 1534 1595 1554; x_wconf 90' lang='lat' dir='ltr'>a</span> <span class='ocrx_word' id='word_1_739' title='bbox 1618 1524 1735 1555; x_wconf 88' lang='lat' dir='ltr'>minori</span> <span class='ocrx_word' id='word_1_740' title='bbox 1758 1524 1950 1563; x_wconf 86' lang='lat' dir='ltr'>movebitur,</span> <span class='ocrx_word' id='word_1_741' title='bbox 1974 1524 2014 1554; x_wconf 84' lang='lat' dir='ltr'>ad</span> <span class='ocrx_word' id='word_1_742' title='bbox 2037 1524 2127 1565; x_wconf 91' lang='lat' dir='ltr'>quod</span> <span class='ocrx_word' id='word_1_743' title='bbox 2149 1524 2279 1565; x_wconf 88' lang='lat' dir='ltr'>quidem</span> <span class='ocrx_word' id='word_1_744' title='bbox 2296 1525 2469 1565; x_wconf 82' lang='lat' dir='ltr'>analogum</span> 
     </span>
     <span class='ocr_line' id='line_1_85' title="bbox 1466 1567 2469 1609; baseline 0 -11"><span class='ocrx_word' id='word_1_745' title='bbox 1466 1567 1594 1599; x_wconf 91' lang='lat' dir='ltr'>finitum</span> <span class='ocrx_word' id='word_1_746' title='bbox 1617 1568 1692 1599; x_wconf 80' lang='lat' dir='ltr'>erit:</span> <span class='ocrx_word' id='word_1_747' title='bbox 1716 1567 1878 1599; x_wconf 90' lang='lat' dir='ltr'>infinitum</span> <span class='ocrx_word' id='word_1_748' title='bbox 1901 1568 1987 1599; x_wconf 88' lang='lat' dir='ltr'>enim</span> <span class='ocrx_word' id='word_1_749' title='bbox 2010 1569 2050 1598; x_wconf 87' lang='lat' dir='ltr'>ad</span> <span class='ocrx_word' id='word_1_750' title='bbox 2073 1567 2199 1599; x_wconf 90' lang='lat' dir='ltr'>finitum</span> <span class='ocrx_word' id='word_1_751' title='bbox 2221 1568 2255 1598; x_wconf 93' lang='lat' dir='ltr'>in</span> <span class='ocrx_word' id='word_1_752' title='bbox 2279 1568 2367 1599; x_wconf 89' lang='lat' dir='ltr'>nulla</span> <span class='ocrx_word' id='word_1_753' title='bbox 2394 1579 2469 1609; x_wconf 91' lang='lat' dir='ltr'>pro-</span> 
     </span>
     <span class='ocr_line' id='line_1_86' title="bbox 1467 1612 1694 1653; baseline 0.004 -10"><span class='ocrx_word' id='word_1_754' title='bbox 1467 1612 1615 1653; x_wconf 88' lang='lat' dir='ltr'>portione</span> <span class='ocrx_word' id='word_1_755' title='bbox 1639 1618 1694 1644; x_wconf 89' lang='lat' dir='ltr'>est.</span> 
     </span>
    </p>

    <p class='ocr_par' dir='ltr' id='par_1_23' title="bbox 1399 1655 2471 2097">
     <span class='ocr_line' id='line_1_87' title="bbox 1399 1655 2471 1698; baseline 0 -10"><span class='ocrx_word' id='word_1_756' title='bbox 1399 1657 1417 1676; x_wconf 89' lang='grc'>*</span> <span class='ocrx_word' id='word_1_757' title='bbox 1433 1657 1495 1688; x_wconf 85' lang='lat' dir='ltr'>Sed</span> <span class='ocrx_word' id='word_1_758' title='bbox 1517 1656 1622 1688; x_wconf 80' lang='lat' dir='ltr'>adhuc</span> <span class='ocrx_word' id='word_1_759' title='bbox 1649 1666 1754 1698; x_wconf 85' lang='lat' dir='ltr'>neque</span> <span class='ocrx_word' id='word_1_760' title='bbox 1783 1655 1945 1687; x_wconf 88' lang='lat' dir='ltr'>infinitum</span> <span class='ocrx_word' id='word_1_761' title='bbox 1967 1656 2000 1686; x_wconf 93' lang='lat' dir='ltr'>in</span> <span class='ocrx_word' id='word_1_762' title='bbox 2031 1656 2122 1687; x_wconf 91' lang='lat' dir='ltr'>nullo</span> <span class='ocrx_word' id='word_1_763' title='bbox 2154 1662 2298 1697; x_wconf 90' lang='lat' dir='ltr'>tempore</span> <span class='ocrx_word' id='word_1_764' title='bbox 2328 1656 2471 1688; x_wconf 88' lang='lat' dir='ltr'>movebit</span> 
     </span>
     <span class='ocr_line' id='line_1_88' title="bbox 1466 1700 2468 1741; baseline 0 -9"><span class='ocrx_word' id='word_1_765' title='bbox 1466 1701 1604 1732; x_wconf 88' lang='lat' dir='ltr'>finitum.</span> <span class='ocrx_word' id='word_1_766' title='bbox 1622 1701 1669 1732; x_wconf 92' lang='lat' dir='ltr'>Sit</span> <span class='ocrx_word' id='word_1_767' title='bbox 1691 1700 1778 1732; x_wconf 89' lang='lat' dir='ltr'>enim</span> <span class='ocrx_word' id='word_1_768' title='bbox 1801 1701 1834 1731; x_wconf 90' lang='lat' dir='ltr'>in</span> <span class='ocrx_word' id='word_1_769' title='bbox 1857 1711 1924 1741; x_wconf 93' lang='lat' dir='ltr'>quo</span> <span class='ocrx_word' id='word_1_770' title='bbox 1948 1703 1978 1731; x_wconf 90' lang='lat' dir='ltr'>A</span> <span class='ocrx_word' id='word_1_771' title='bbox 1992 1700 2164 1738; x_wconf 87' lang='lat' dir='ltr'>infinitum,</span> <span class='ocrx_word' id='word_1_772' title='bbox 2187 1701 2213 1731; x_wconf 92' lang='lat' dir='ltr'><strong>B</strong></span> <span class='ocrx_word' id='word_1_773' title='bbox 2236 1710 2312 1731; x_wconf 92' lang='lat' dir='ltr'>vero</span> <span class='ocrx_word' id='word_1_774' title='bbox 2330 1700 2468 1740; x_wconf 88' lang='lat' dir='ltr'>finitum,</span> 
     </span>
     <span class='ocr_line' id='line_1_89' title="bbox 1467 1744 2470 1786; baseline -0.001 -10"><span class='ocrx_word' id='word_1_775' title='bbox 1467 1752 1595 1786; x_wconf 90' lang='lat' dir='ltr'>tempus</span> <span class='ocrx_word' id='word_1_776' title='bbox 1617 1745 1651 1776; x_wconf 92' lang='lat' dir='ltr'>in</span> <span class='ocrx_word' id='word_1_777' title='bbox 1674 1755 1741 1786; x_wconf 91' lang='lat' dir='ltr'>quo</span> <span class='ocrx_word' id='word_1_778' title='bbox 1769 1744 1808 1776; x_wconf 87' lang='lat' dir='ltr'>G.</span> <span class='ocrx_word' id='word_1_779' title='bbox 1834 1745 1932 1786; x_wconf 84' lang='lat' dir='ltr'>Igitur</span> <span class='ocrx_word' id='word_1_780' title='bbox 1954 1745 1982 1776; x_wconf 93' lang='lat' dir='ltr'>D</span> <span class='ocrx_word' id='word_1_781' title='bbox 2006 1745 2039 1775; x_wconf 90' lang='lat' dir='ltr'>in</span> <span class='ocrx_word' id='word_1_782' title='bbox 2063 1744 2093 1776; x_wconf 92' lang='lat' dir='ltr'>G</span> <span class='ocrx_word' id='word_1_783' title='bbox 2115 1744 2220 1775; x_wconf 89' lang='lat' dir='ltr'>minus</span> <span class='ocrx_word' id='word_1_784' title='bbox 2244 1755 2283 1775; x_wconf 91' lang='lat' dir='ltr'>eo</span> <span class='ocrx_word' id='word_1_785' title='bbox 2311 1745 2400 1786; x_wconf 88' lang='lat' dir='ltr'>quod</span> <span class='ocrx_word' id='word_1_786' title='bbox 2424 1752 2470 1776; x_wconf 89' lang='lat' dir='ltr'>est</span> 
     </span>
     <span class='ocr_line' id='line_1_90' title="bbox 1466 1789 2469 1830; baseline -0.001 -10"><span class='ocrx_word' id='word_1_787' title='bbox 1466 1790 1492 1820; x_wconf 96' lang='lat' dir='ltr'>B</span> <span class='ocrx_word' id='word_1_788' title='bbox 1515 1789 1674 1827; x_wconf 88' lang='lat' dir='ltr'>movebit;</span> <span class='ocrx_word' id='word_1_789' title='bbox 1699 1789 1738 1820; x_wconf 90' lang='lat' dir='ltr'>sit</span> <span class='ocrx_word' id='word_1_790' title='bbox 1771 1796 1879 1820; x_wconf 87' lang='lat' dir='ltr'>autern</span> <span class='ocrx_word' id='word_1_791' title='bbox 1912 1789 1991 1820; x_wconf 91' lang='lat' dir='ltr'>illud</span> <span class='ocrx_word' id='word_1_792' title='bbox 2014 1789 2048 1820; x_wconf 93' lang='lat' dir='ltr'><strong>Z.</strong></span> <span class='ocrx_word' id='word_1_793' title='bbox 2083 1789 2181 1827; x_wconf 87' lang='lat' dir='ltr'>Quod</span> <span class='ocrx_word' id='word_1_794' title='bbox 2211 1789 2318 1830; x_wconf 88' lang='lat' dir='ltr'>itaque</span> <span class='ocrx_word' id='word_1_795' title='bbox 2345 1795 2392 1820; x_wconf 90' lang='lat' dir='ltr'>est</span> <span class='ocrx_word' id='word_1_796' title='bbox 2417 1790 2469 1820; x_wconf 91' lang='lat' dir='ltr'>BZ</span> 
     </span>
     <span class='ocr_line' id='line_1_91' title="bbox 1466 1833 2467 1874; baseline -0.002 -9"><span class='ocrx_word' id='word_1_797' title='bbox 1466 1840 1572 1866; x_wconf 87' lang='lat' dir='ltr'>totum</span> <span class='ocrx_word' id='word_1_798' title='bbox 1588 1834 1628 1864; x_wconf 87' lang='lat' dir='ltr'>ad</span> <span class='ocrx_word' id='word_1_799' title='bbox 1646 1834 1682 1871; x_wconf 92' lang='lat' dir='ltr'>Z,</span> <span class='ocrx_word' id='word_1_800' title='bbox 1707 1834 1734 1864; x_wconf 84' lang='lat' dir='ltr'>E</span> <span class='ocrx_word' id='word_1_801' title='bbox 1751 1833 1792 1864; x_wconf 92' lang='lat' dir='ltr'>sit</span> <span class='ocrx_word' id='word_1_802' title='bbox 1805 1834 1923 1864; x_wconf 89' lang='lat' dir='ltr'>habens</span> <span class='ocrx_word' id='word_1_803' title='bbox 1947 1833 2080 1864; x_wconf 85' lang='lat' dir='ltr'>eandem</span> <span class='ocrx_word' id='word_1_804' title='bbox 2104 1833 2346 1874; x_wconf 84' lang='lat' dir='ltr'>proportionem</span> <span class='ocrx_word' id='word_1_805' title='bbox 2369 1833 2408 1863; x_wconf 83' lang='lat' dir='ltr'>ad</span> <span class='ocrx_word' id='word_1_806' title='bbox 2428 1833 2467 1864; x_wconf 90' lang='lat' dir='ltr'>D.</span> 
     </span>
     <span class='ocr_line' id='line_1_92' title="bbox 1466 1876 2469 1918; baseline -0.002 -9"><span class='ocrx_word' id='word_1_807' title='bbox 1466 1877 1609 1909; x_wconf 87' lang='lat' dir='ltr'>Movebit</span> <span class='ocrx_word' id='word_1_808' title='bbox 1631 1878 1727 1918; x_wconf 88' lang='lat' dir='ltr'>igitur</span> <span class='ocrx_word' id='word_1_809' title='bbox 1742 1878 1769 1908; x_wconf 91' lang='lat' dir='ltr'>E</span> <span class='ocrx_word' id='word_1_810' title='bbox 1792 1877 1843 1908; x_wconf 92' lang='grc' dir='ltr'>ΒΖ</span> <span class='ocrx_word' id='word_1_811' title='bbox 1866 1877 1899 1908; x_wconf 91' lang='lat' dir='ltr'>in</span> <span class='ocrx_word' id='word_1_812' title='bbox 1923 1877 1961 1908; x_wconf 92' lang='lat' dir='ltr'>G.</span> <span class='ocrx_word' id='word_1_813' title='bbox 1987 1876 2150 1908; x_wconf 88' lang='lat' dir='ltr'>Infinitum</span> <span class='ocrx_word' id='word_1_814' title='bbox 2175 1877 2270 1917; x_wconf 86' lang='lat' dir='ltr'>igitur</span> <span class='ocrx_word' id='word_1_815' title='bbox 2289 1884 2319 1908; x_wconf 87' lang='lat' dir='ltr'>et</span> <span class='ocrx_word' id='word_1_816' title='bbox 2341 1876 2469 1908; x_wconf 89' lang='lat' dir='ltr'>finitum</span> 
     </span>
     <span class='ocr_line' id='line_1_93' title="bbox 1465 1921 2469 1963; baseline -0.001 -10"><span class='ocrx_word' id='word_1_817' title='bbox 1465 1922 1647 1963; x_wconf 77' lang='lat' dir='ltr'>inaequali</span> <span class='ocrx_word' id='word_1_818' title='bbox 1661 1929 1807 1962; x_wconf 89' lang='lat' dir='ltr'>tempore</span> <span class='ocrx_word' id='word_1_819' title='bbox 1830 1922 2016 1953; x_wconf 78' lang='lat' dir='ltr'>altembunt.</span> <span class='ocrx_word' id='word_1_820' title='bbox 2040 1922 2102 1952; x_wconf 92' lang='lat' dir='ltr'>Sed</span> <span class='ocrx_word' id='word_1_821' title='bbox 2124 1921 2340 1961; x_wconf 89' lang='lat' dir='ltr'>impossibile:</span> <span class='ocrx_word' id='word_1_822' title='bbox 2362 1921 2395 1952; x_wconf 90' lang='lat' dir='ltr'>in</span> <span class='ocrx_word' id='word_1_823' title='bbox 2410 1922 2469 1952; x_wconf 89' lang='lat' dir='ltr'>mi-</span> 
     </span>
     <span class='ocr_line' id='line_1_94' title="bbox 1465 1966 2468 2007; baseline -0.002 -9"><span class='ocrx_word' id='word_1_824' title='bbox 1465 1967 1536 1998; x_wconf 89' lang='lat' dir='ltr'>nori</span> <span class='ocrx_word' id='word_1_825' title='bbox 1553 1967 1640 1998; x_wconf 88' lang='lat' dir='ltr'>enim</span> <span class='ocrx_word' id='word_1_826' title='bbox 1662 1967 1753 2007; x_wconf 92' lang='lat' dir='ltr'>quod</span> <span class='ocrx_word' id='word_1_827' title='bbox 1775 1966 1879 1997; x_wconf 88' lang='lat' dir='ltr'>maius</span> <span class='ocrx_word' id='word_1_828' title='bbox 1902 1966 2151 2007; x_wconf 86' lang='lat' dir='ltr'>supponebatur.</span> <span class='ocrx_word' id='word_1_829' title='bbox 2167 1966 2229 1997; x_wconf 90' lang='lat' dir='ltr'>Sed</span> <span class='ocrx_word' id='word_1_830' title='bbox 2244 1976 2368 2006; x_wconf 86' lang='lat' dir='ltr'>semper</span> <span class='ocrx_word' id='word_1_831' title='bbox 2382 1976 2468 1997; x_wconf 88' lang='lat' dir='ltr'>sum-</span> 
     </span>
     <span class='ocr_line' id='line_1_95' title="bbox 1465 2010 2468 2054; baseline -0.001 -12"><span class='ocrx_word' id='word_1_832' title='bbox 1465 2018 1559 2052; x_wconf 91' lang='lat' dir='ltr'>ptum</span> <span class='ocrx_word' id='word_1_833' title='bbox 1575 2018 1703 2052; x_wconf 89' lang='lat' dir='ltr'>tempus</span> <span class='ocrx_word' id='word_1_834' title='bbox 1715 2011 1801 2042; x_wconf 90' lang='lat' dir='ltr'>idem</span> <span class='ocrx_word' id='word_1_835' title='bbox 1819 2010 1925 2042; x_wconf 84' lang='lat' dir='ltr'>faciet:</span> <span class='ocrx_word' id='word_1_836' title='bbox 1946 2020 2043 2054; x_wconf 83' lang='lat' dir='ltr'>quare</span> <span class='ocrx_word' id='word_1_837' title='bbox 2059 2020 2125 2041; x_wconf 90' lang='lat' dir='ltr'>non</span> <span class='ocrx_word' id='word_1_838' title='bbox 2145 2010 2202 2041; x_wconf 88' lang='lat' dir='ltr'>erit</span> <span class='ocrx_word' id='word_1_839' title='bbox 2223 2017 2348 2051; x_wconf 85' lang='lat' dir='ltr'>tempus</span> <span class='ocrx_word' id='word_1_840' title='bbox 2364 2020 2468 2052; x_wconf 89' lang='lat' dir='ltr'>neque</span> 
     </span>
     <span class='ocr_line' id='line_1_96' title="bbox 1466 2054 1892 2097; baseline -0.002 -11"><span class='ocrx_word' id='word_1_841' title='bbox 1466 2065 1570 2087; x_wconf 91' lang='lat' dir='ltr'>unum</span> <span class='ocrx_word' id='word_1_842' title='bbox 1592 2055 1625 2086; x_wconf 90' lang='lat' dir='ltr'>in</span> <span class='ocrx_word' id='word_1_843' title='bbox 1649 2065 1716 2097; x_wconf 90' lang='lat' dir='ltr'>quo</span> <span class='ocrx_word' id='word_1_844' title='bbox 1739 2054 1892 2086; x_wconf 89' lang='lat' dir='ltr'>movebit.</span> 
     </span>
    </p>
   </div>
   <div class='ocr_carea' id='block_1_11' title="bbox 1396 2149 2467 2900">
    <p class='ocr_par' dir='ltr' id='par_1_24' title="bbox 1398 2149 2467 2279">
     <span class='ocr_line' id='line_1_97' title="bbox 1398 2149 2467 2190; baseline -0.002 -9"><span class='ocrx_word' id='word_1_845' title='bbox 1398 2150 1462 2181; x_wconf 90' lang='lat' dir='ltr'>Sed</span> <span class='ocrx_word' id='word_1_846' title='bbox 1483 2150 1599 2189; x_wconf 85' lang='lat' dir='ltr'>adhuc,</span> <span class='ocrx_word' id='word_1_847' title='bbox 1628 2150 1661 2180; x_wconf 93' lang='lat' dir='ltr'>in</span> <span class='ocrx_word' id='word_1_848' title='bbox 1693 2149 1818 2181; x_wconf 89' lang='lat' dir='ltr'>infinito</span> <span class='ocrx_word' id='word_1_849' title='bbox 1848 2156 1993 2190; x_wconf 89' lang='lat' dir='ltr'>tempore</span> <span class='ocrx_word' id='word_1_850' title='bbox 2024 2160 2091 2180; x_wconf 91' lang='lat' dir='ltr'>non</span> <span class='ocrx_word' id='word_1_851' title='bbox 2119 2155 2166 2180; x_wconf 90' lang='lat' dir='ltr'>est</span> <span class='ocrx_word' id='word_1_852' title='bbox 2196 2149 2333 2180; x_wconf 88' lang='lat' dir='ltr'>movisse</span> <span class='ocrx_word' id='word_1_853' title='bbox 2364 2158 2467 2190; x_wconf 90' lang='lat' dir='ltr'>neque</span> 
     </span>
     <span class='ocr_line' id='line_1_98' title="bbox 1464 2193 2467 2233; baseline -0.001 -8"><span class='ocrx_word' id='word_1_854' title='bbox 1464 2201 1593 2225; x_wconf 90' lang='lat' dir='ltr'>motum</span> <span class='ocrx_word' id='word_1_855' title='bbox 1616 2204 1693 2225; x_wconf 88' lang='lat' dir='ltr'>esse.</span> <span class='ocrx_word' id='word_1_856' title='bbox 1718 2194 1832 2225; x_wconf 87' lang='lat' dir='ltr'>Finem</span> <span class='ocrx_word' id='word_1_857' title='bbox 1855 2194 1942 2225; x_wconf 89' lang='lat' dir='ltr'>enim</span> <span class='ocrx_word' id='word_1_858' title='bbox 1964 2203 2031 2225; x_wconf 93' lang='lat' dir='ltr'>non</span> <span class='ocrx_word' id='word_1_859' title='bbox 2054 2194 2163 2233; x_wconf 88' lang='lat' dir='ltr'>habet;</span> <span class='ocrx_word' id='word_1_860' title='bbox 2188 2193 2282 2225; x_wconf 85' lang='lat' dir='ltr'>factio</span> <span class='ocrx_word' id='word_1_861' title='bbox 2305 2199 2412 2224; x_wconf 83' lang='lat' dir='ltr'>autern</span> <span class='ocrx_word' id='word_1_862' title='bbox 2437 2198 2467 2224; x_wconf 88' lang='lat' dir='ltr'>et</span> 
     </span>
     <span class='ocr_line' id='line_1_99' title="bbox 1465 2238 1722 2279; baseline 0 -10"><span class='ocrx_word' id='word_1_863' title='bbox 1465 2239 1571 2279; x_wconf 85' lang='lat' dir='ltr'>passio</span> <span class='ocrx_word' id='word_1_864' title='bbox 1594 2238 1722 2269; x_wconf 85' lang='lat' dir='ltr'>habent.</span> 
     </span>
    </p>

    <p class='ocr_par' dir='ltr' id='par_1_25' title="bbox 1396 2280 2466 2900">
     <span class='ocr_line' id='line_1_100' title="bbox 1396 2280 2465 2323; baseline -0.002 -9"><span class='ocrx_word' id='word_1_865' title='bbox 1396 2282 1413 2302; x_wconf 89' lang='lat'><em>*</em></span> <span class='ocrx_word' id='word_1_866' title='bbox 1428 2283 1541 2323; x_wconf 88' lang='lat' dir='ltr'>Neque</span> <span class='ocrx_word' id='word_1_867' title='bbox 1564 2281 1723 2313; x_wconf 89' lang='lat' dir='ltr'>infinitum</span> <span class='ocrx_word' id='word_1_868' title='bbox 1749 2282 1861 2323; x_wconf 91' lang='lat' dir='ltr'>utique</span> <span class='ocrx_word' id='word_1_869' title='bbox 1892 2283 1932 2312; x_wconf 88' lang='lat' dir='ltr'>ab</span> <span class='ocrx_word' id='word_1_870' title='bbox 1955 2281 2080 2312; x_wconf 92' lang='lat' dir='ltr'>infinito</span> <span class='ocrx_word' id='word_1_871' title='bbox 2105 2282 2259 2322; x_wconf 90' lang='lat' dir='ltr'>contingit</span> <span class='ocrx_word' id='word_1_872' title='bbox 2290 2281 2368 2312; x_wconf 84' lang='lat' dir='ltr'>nihil</span> <span class='ocrx_word' id='word_1_873' title='bbox 2390 2280 2465 2321; x_wconf 84' lang='lat' dir='ltr'>pati.</span> 
     </span>
     <span class='ocr_line' id='line_1_101' title="bbox 1463 2325 2466 2366; baseline -0.002 -8"><span class='ocrx_word' id='word_1_874' title='bbox 1463 2326 1511 2358; x_wconf 87' lang='lat' dir='ltr'>Sit</span> <span class='ocrx_word' id='word_1_875' title='bbox 1533 2326 1619 2357; x_wconf 90' lang='lat' dir='ltr'>enim</span> <span class='ocrx_word' id='word_1_876' title='bbox 1641 2328 1672 2357; x_wconf 78' lang='lat' dir='ltr'>A</span> <span class='ocrx_word' id='word_1_877' title='bbox 1689 2325 1850 2357; x_wconf 89' lang='lat' dir='ltr'>infinitum</span> <span class='ocrx_word' id='word_1_878' title='bbox 1874 2333 1905 2357; x_wconf 85' lang='lat' dir='ltr'>et</span> <span class='ocrx_word' id='word_1_879' title='bbox 1926 2326 1968 2365; x_wconf 83' lang='lat' dir='ltr'>B;</span> <span class='ocrx_word' id='word_1_880' title='bbox 1984 2333 2111 2366; x_wconf 89' lang='lat' dir='ltr'>tempus</span> <span class='ocrx_word' id='word_1_881' title='bbox 2134 2333 2242 2357; x_wconf 86' lang='lat' dir='ltr'>autem</span> <span class='ocrx_word' id='word_1_882' title='bbox 2257 2326 2290 2356; x_wconf 92' lang='lat' dir='ltr'>in</span> <span class='ocrx_word' id='word_1_883' title='bbox 2313 2336 2380 2366; x_wconf 92' lang='lat' dir='ltr'>quo</span> <span class='ocrx_word' id='word_1_884' title='bbox 2396 2335 2466 2366; x_wconf 88' lang='lat' dir='ltr'>pas-</span> 
     </span>
     <span class='ocr_line' id='line_1_102' title="bbox 1464 2369 2465 2411; baseline -0.002 -9"><span class='ocrx_word' id='word_1_885' title='bbox 1464 2381 1537 2402; x_wconf 88' lang='lat' dir='ltr'>sum</span> <span class='ocrx_word' id='word_1_886' title='bbox 1561 2377 1607 2401; x_wconf 91' lang='lat' dir='ltr'>est</span> <span class='ocrx_word' id='word_1_887' title='bbox 1629 2370 1655 2401; x_wconf 92' lang='lat' dir='ltr'>B</span> <span class='ocrx_word' id='word_1_888' title='bbox 1679 2371 1717 2401; x_wconf 88' lang='lat' dir='ltr'>ab</span> <span class='ocrx_word' id='word_1_889' title='bbox 1741 2372 1781 2409; x_wconf 87' lang='lat' dir='ltr'>A,</span> <span class='ocrx_word' id='word_1_890' title='bbox 1804 2370 1837 2400; x_wconf 90' lang='lat' dir='ltr'>in</span> <span class='ocrx_word' id='word_1_891' title='bbox 1861 2380 1927 2411; x_wconf 92' lang='lat' dir='ltr'>quo</span> <span class='ocrx_word' id='word_1_892' title='bbox 1952 2370 2029 2409; x_wconf 88' lang='lat' dir='ltr'>GD;</span> <span class='ocrx_word' id='word_1_893' title='bbox 2053 2371 2142 2411; x_wconf 92' lang='lat' dir='ltr'>quod</span> <span class='ocrx_word' id='word_1_894' title='bbox 2165 2377 2273 2401; x_wconf 90' lang='lat' dir='ltr'>autem</span> <span class='ocrx_word' id='word_1_895' title='bbox 2291 2370 2324 2400; x_wconf 91' lang='lat' dir='ltr'>in</span> <span class='ocrx_word' id='word_1_896' title='bbox 2345 2379 2411 2410; x_wconf 92' lang='lat' dir='ltr'>quo</span> <span class='ocrx_word' id='word_1_897' title='bbox 2426 2369 2465 2408; x_wconf 90' lang='lat' dir='ltr'>E,</span> 
     </span>
     <span class='ocr_line' id='line_1_103' title="bbox 1462 2413 2466 2455; baseline -0.001 -10"><span class='ocrx_word' id='word_1_898' title='bbox 1462 2414 1578 2446; x_wconf 83' lang='lat' dir='ltr'>infiniti</span> <span class='ocrx_word' id='word_1_899' title='bbox 1595 2424 1678 2455; x_wconf 86' lang='lat' dir='ltr'>pars.</span> <span class='ocrx_word' id='word_1_900' title='bbox 1693 2415 1778 2452; x_wconf 84' lang='lat' dir='ltr'>Quia</span> <span class='ocrx_word' id='word_1_901' title='bbox 1800 2421 1907 2445; x_wconf 85' lang='lat' dir='ltr'>toturn</span> <span class='ocrx_word' id='word_1_902' title='bbox 1922 2414 1947 2445; x_wconf 91' lang='lat' dir='ltr'>B</span> <span class='ocrx_word' id='word_1_903' title='bbox 1967 2424 2097 2455; x_wconf 89' lang='lat' dir='ltr'>passum</span> <span class='ocrx_word' id='word_1_904' title='bbox 2120 2420 2177 2453; x_wconf 88' lang='lat' dir='ltr'>est,</span> <span class='ocrx_word' id='word_1_905' title='bbox 2194 2424 2260 2444; x_wconf 90' lang='lat' dir='ltr'>non</span> <span class='ocrx_word' id='word_1_906' title='bbox 2283 2414 2316 2444; x_wconf 90' lang='lat' dir='ltr'>in</span> <span class='ocrx_word' id='word_1_907' title='bbox 2342 2413 2466 2454; x_wconf 83' lang='lat' dir='ltr'>aequali</span> 
     </span>
     <span class='ocr_line' id='line_1_104' title="bbox 1463 2457 2466 2500; baseline -0.002 -10"><span class='ocrx_word' id='word_1_908' title='bbox 1463 2466 1608 2500; x_wconf 90' lang='lat' dir='ltr'>tempore</span> <span class='ocrx_word' id='word_1_909' title='bbox 1619 2459 1682 2489; x_wconf 90' lang='lat' dir='ltr'>hoc</span> <span class='ocrx_word' id='word_1_910' title='bbox 1693 2459 1801 2499; x_wconf 91' lang='lat' dir='ltr'>ipsum</span> <span class='ocrx_word' id='word_1_911' title='bbox 1814 2465 1975 2489; x_wconf 87' lang='lat' dir='ltr'>movetur:</span> <span class='ocrx_word' id='word_1_912' title='bbox 1992 2465 2191 2499; x_wconf 87' lang='lat' dir='ltr'>supponatur</span> <span class='ocrx_word' id='word_1_913' title='bbox 2203 2458 2288 2488; x_wconf 90' lang='lat' dir='ltr'>enim</span> <span class='ocrx_word' id='word_1_914' title='bbox 2303 2458 2336 2488; x_wconf 94' lang='lat' dir='ltr'>in</span> <span class='ocrx_word' id='word_1_915' title='bbox 2348 2457 2466 2488; x_wconf 89' lang='lat' dir='ltr'>minori</span> 
     </span>
     <span class='ocr_line' id='line_1_105' title="bbox 1463 2502 2463 2543; baseline -0.001 -9"><span class='ocrx_word' id='word_1_916' title='bbox 1463 2510 1608 2543; x_wconf 89' lang='lat' dir='ltr'>tempore</span> <span class='ocrx_word' id='word_1_917' title='bbox 1631 2503 1752 2542; x_wconf 78' lang='lat' dir='ltr'>moveri</span> <span class='ocrx_word' id='word_1_918' title='bbox 1775 2503 1899 2534; x_wconf 84' lang='lat' dir='ltr'>minus:</span> <span class='ocrx_word' id='word_1_919' title='bbox 1926 2503 1966 2534; x_wconf 92' lang='lat' dir='ltr'>sit</span> <span class='ocrx_word' id='word_1_920' title='bbox 1990 2503 2076 2533; x_wconf 88' lang='lat' dir='ltr'>enim</span> <span class='ocrx_word' id='word_1_921' title='bbox 2100 2509 2228 2533; x_wconf 89' lang='lat' dir='ltr'>motum</span> <span class='ocrx_word' id='word_1_922' title='bbox 2252 2503 2290 2533; x_wconf 87' lang='lat' dir='ltr'>ab</span> <span class='ocrx_word' id='word_1_923' title='bbox 2314 2505 2344 2533; x_wconf 91' lang='lat' dir='ltr'>A</span> <span class='ocrx_word' id='word_1_924' title='bbox 2368 2503 2401 2532; x_wconf 90' lang='lat' dir='ltr'>in</span> <span class='ocrx_word' id='word_1_925' title='bbox 2423 2502 2463 2533; x_wconf 88' lang='lat' dir='ltr'>D.</span> 
     </span>
     <span class='ocr_line' id='line_1_106' title="bbox 1464 2547 2464 2588; baseline -0.001 -10"><span class='ocrx_word' id='word_1_926' title='bbox 1464 2548 1564 2586; x_wconf 92' lang='lat' dir='ltr'>Quod</span> <span class='ocrx_word' id='word_1_927' title='bbox 1577 2547 1684 2588; x_wconf 85' lang='lat' dir='ltr'>itaque</span> <span class='ocrx_word' id='word_1_928' title='bbox 1699 2547 1728 2578; x_wconf 94' lang='lat' dir='ltr'>D</span> <span class='ocrx_word' id='word_1_929' title='bbox 1745 2547 1785 2577; x_wconf 88' lang='lat' dir='ltr'>ad</span> <span class='ocrx_word' id='word_1_930' title='bbox 1801 2547 1872 2586; x_wconf 90' lang='lat' dir='ltr'>GD,</span> <span class='ocrx_word' id='word_1_931' title='bbox 1888 2553 1935 2578; x_wconf 89' lang='lat' dir='ltr'>est</span> <span class='ocrx_word' id='word_1_932' title='bbox 1949 2547 1976 2577; x_wconf 93' lang='lat' dir='ltr'>E</span> <span class='ocrx_word' id='word_1_933' title='bbox 1992 2547 2032 2577; x_wconf 88' lang='lat' dir='ltr'>ad</span> <span class='ocrx_word' id='word_1_934' title='bbox 2048 2547 2168 2587; x_wconf 79' lang='lat' dir='ltr'>aliquid</span> <span class='ocrx_word' id='word_1_935' title='bbox 2185 2547 2252 2578; x_wconf 91' lang='lat' dir='ltr'>eius</span> <span class='ocrx_word' id='word_1_936' title='bbox 2273 2547 2362 2588; x_wconf 92' lang='lat' dir='ltr'>quod</span> <span class='ocrx_word' id='word_1_937' title='bbox 2377 2553 2424 2578; x_wconf 89' lang='lat' dir='ltr'>est</span> <span class='ocrx_word' id='word_1_938' title='bbox 2437 2547 2464 2577; x_wconf 92' lang='lat' dir='ltr'>B</span> 
     </span>
     <span class='ocr_line' id='line_1_107' title="bbox 1463 2591 2464 2631; baseline -0.002 -8"><span class='ocrx_word' id='word_1_939' title='bbox 1463 2591 1601 2623; x_wconf 89' lang='lat' dir='ltr'>finitum.</span> <span class='ocrx_word' id='word_1_940' title='bbox 1626 2592 1698 2622; x_wconf 90' lang='lat' dir='ltr'>Hoc</span> <span class='ocrx_word' id='word_1_941' title='bbox 1720 2591 1816 2631; x_wconf 88' lang='lat' dir='ltr'>igitur</span> <span class='ocrx_word' id='word_1_942' title='bbox 1839 2601 1964 2622; x_wconf 90' lang='lat' dir='ltr'>necesse</span> <span class='ocrx_word' id='word_1_943' title='bbox 1987 2591 2026 2621; x_wconf 87' lang='lat' dir='ltr'>ab</span> <span class='ocrx_word' id='word_1_944' title='bbox 2049 2593 2078 2621; x_wconf 92' lang='lat' dir='ltr'>A</span> <span class='ocrx_word' id='word_1_945' title='bbox 2102 2598 2228 2622; x_wconf 89' lang='lat' dir='ltr'>motum</span> <span class='ocrx_word' id='word_1_946' title='bbox 2260 2601 2326 2621; x_wconf 91' lang='lat' dir='ltr'>esse</span> <span class='ocrx_word' id='word_1_947' title='bbox 2349 2591 2381 2621; x_wconf 91' lang='lat' dir='ltr'>in</span> <span class='ocrx_word' id='word_1_948' title='bbox 2406 2591 2464 2622; x_wconf 94' lang='lat' dir='ltr'>GD</span> 
     </span>
     <span class='ocr_line' id='line_1_108' title="bbox 1463 2635 2464 2677; baseline -0.002 -10"><span class='ocrx_word' id='word_1_949' title='bbox 1463 2643 1626 2677; x_wconf 87' lang='lat' dir='ltr'>tempore:</span> <span class='ocrx_word' id='word_1_950' title='bbox 1647 2637 1685 2666; x_wconf 94' lang='lat' dir='ltr'>ab</span> <span class='ocrx_word' id='word_1_951' title='bbox 1703 2636 1818 2666; x_wconf 87' lang='lat' dir='ltr'>eodem</span> <span class='ocrx_word' id='word_1_952' title='bbox 1841 2635 1927 2666; x_wconf 90' lang='lat' dir='ltr'>enim</span> <span class='ocrx_word' id='word_1_953' title='bbox 1944 2637 2143 2676; x_wconf 79' lang='lat' dir='ltr'>su’pponatur</span> <span class='ocrx_word' id='word_1_954' title='bbox 2158 2635 2191 2665; x_wconf 90' lang='lat' dir='ltr'>in</span> <span class='ocrx_word' id='word_1_955' title='bbox 2207 2635 2290 2675; x_wconf 92' lang='lat' dir='ltr'>pluri</span> <span class='ocrx_word' id='word_1_956' title='bbox 2303 2642 2333 2666; x_wconf 92' lang='lat' dir='ltr'>et</span> <span class='ocrx_word' id='word_1_957' title='bbox 2349 2635 2464 2665; x_wconf 89' lang='lat' dir='ltr'>minori</span> 
     </span>
     <span class='ocr_line' id='line_1_109' title="bbox 1463 2679 2465 2722; baseline -0.001 -11"><span class='ocrx_word' id='word_1_958' title='bbox 1463 2688 1608 2721; x_wconf 90' lang='lat' dir='ltr'>tempore</span> <span class='ocrx_word' id='word_1_959' title='bbox 1627 2680 1731 2711; x_wconf 89' lang='lat' dir='ltr'>maius</span> <span class='ocrx_word' id='word_1_960' title='bbox 1746 2687 1777 2711; x_wconf 90' lang='lat' dir='ltr'>et</span> <span class='ocrx_word' id='word_1_961' title='bbox 1792 2680 1899 2711; x_wconf 89' lang='lat' dir='ltr'>minus</span> <span class='ocrx_word' id='word_1_962' title='bbox 1915 2680 1991 2720; x_wconf 81' lang='lat' dir='ltr'>pati,</span> <span class='ocrx_word' id='word_1_963' title='bbox 2006 2690 2228 2722; x_wconf 88' lang='lat' dir='ltr'>quaecumque</span> <span class='ocrx_word' id='word_1_964' title='bbox 2244 2679 2465 2720; x_wconf 86' lang='lat' dir='ltr'>proportiona-</span> 
     </span>
     <span class='ocr_line' id='line_1_110' title="bbox 1463 2724 2466 2765; baseline -0.002 -9"><span class='ocrx_word' id='word_1_965' title='bbox 1463 2725 1567 2756; x_wconf 87' lang='lat' dir='ltr'>biliter</span> <span class='ocrx_word' id='word_1_966' title='bbox 1589 2724 1727 2765; x_wconf 90' lang='lat' dir='ltr'>tempori</span> <span class='ocrx_word' id='word_1_967' title='bbox 1751 2724 1849 2754; x_wconf 87' lang='lat' dir='ltr'>divisa</span> <span class='ocrx_word' id='word_1_968' title='bbox 1871 2731 1954 2755; x_wconf 91' lang='lat' dir='ltr'>sunt.</span> <span class='ocrx_word' id='word_1_969' title='bbox 1978 2724 1996 2743; x_wconf 89' lang='lat'><strong>*</strong></span> <span class='ocrx_word' id='word_1_970' title='bbox 2019 2724 2054 2754; x_wconf 87' lang='lat' dir='ltr'>In</span> <span class='ocrx_word' id='word_1_971' title='bbox 2086 2724 2176 2754; x_wconf 89' lang='lat' dir='ltr'>nullo</span> <span class='ocrx_word' id='word_1_972' title='bbox 2200 2724 2295 2764; x_wconf 89' lang='lat' dir='ltr'>igitur</span> <span class='ocrx_word' id='word_1_973' title='bbox 2322 2730 2466 2764; x_wconf 90' lang='lat' dir='ltr'>tempore</span> 
     </span>
     <span class='ocr_line' id='line_1_111' title="bbox 1462 2767 2465 2810; baseline -0.002 -10"><span class='ocrx_word' id='word_1_974' title='bbox 1462 2769 1554 2800; x_wconf 89' lang='lat' dir='ltr'>finito</span> <span class='ocrx_word' id='word_1_975' title='bbox 1581 2768 1732 2810; x_wconf 88' lang='lat' dir='ltr'>possibile</span> <span class='ocrx_word' id='word_1_976' title='bbox 1761 2767 1922 2799; x_wconf 88' lang='lat' dir='ltr'>infinitum</span> <span class='ocrx_word' id='word_1_977' title='bbox 1955 2769 1994 2799; x_wconf 89' lang='lat' dir='ltr'>ab</span> <span class='ocrx_word' id='word_1_978' title='bbox 2017 2767 2142 2799; x_wconf 89' lang='lat' dir='ltr'>infinito</span> <span class='ocrx_word' id='word_1_979' title='bbox 2172 2775 2300 2799; x_wconf 90' lang='lat' dir='ltr'>motum</span> <span class='ocrx_word' id='word_1_980' title='bbox 2328 2778 2404 2798; x_wconf 91' lang='lat' dir='ltr'>esse.</span> <span class='ocrx_word' id='word_1_981' title='bbox 2430 2768 2465 2798; x_wconf 93' lang='lat' dir='ltr'>In</span> 
     </span>
     <span class='ocr_line' id='line_1_112' title="bbox 1462 2811 2463 2854; baseline -0.001 -9"><span class='ocrx_word' id='word_1_982' title='bbox 1462 2813 1587 2845; x_wconf 90' lang='lat' dir='ltr'>infinito</span> <span class='ocrx_word' id='word_1_983' title='bbox 1610 2813 1714 2854; x_wconf 87' lang='lat' dir='ltr'>igitur.</span> <span class='ocrx_word' id='word_1_984' title='bbox 1731 2813 1794 2844; x_wconf 91' lang='lat' dir='ltr'>Sed</span> <span class='ocrx_word' id='word_1_985' title='bbox 1815 2812 1977 2844; x_wconf 88' lang='lat' dir='ltr'>infinitum</span> <span class='ocrx_word' id='word_1_986' title='bbox 2000 2819 2127 2854; x_wconf 90' lang='lat' dir='ltr'>tempus</span> <span class='ocrx_word' id='word_1_987' title='bbox 2149 2823 2216 2843; x_wconf 92' lang='lat' dir='ltr'>non</span> <span class='ocrx_word' id='word_1_988' title='bbox 2232 2813 2326 2843; x_wconf 86' lang='lat' dir='ltr'>habet</span> <span class='ocrx_word' id='word_1_989' title='bbox 2351 2811 2463 2844; x_wconf 87' lang='lat' dir='ltr'>finem:</span> 
     </span>
     <span class='ocr_line' id='line_1_113' title="bbox 1463 2857 2041 2900; baseline -0.002 -11"><span class='ocrx_word' id='word_1_990' title='bbox 1463 2858 1553 2900; x_wconf 82' lang='lat' dir='ltr'>quod</span> <span class='ocrx_word' id='word_1_991' title='bbox 1575 2864 1684 2889; x_wconf 90' lang='lat' dir='ltr'>autem</span> <span class='ocrx_word' id='word_1_992' title='bbox 1706 2864 1835 2888; x_wconf 90' lang='lat' dir='ltr'>motum</span> <span class='ocrx_word' id='word_1_993' title='bbox 1858 2864 1915 2897; x_wconf 90' lang='lat' dir='ltr'>est,</span> <span class='ocrx_word' id='word_1_994' title='bbox 1938 2857 2041 2888; x_wconf 88' lang='lat' dir='ltr'>habet.</span> 
     </span>
    </p>
   </div>
   <div class='ocr_carea' id='block_1_12' title="bbox 1394 2946 2463 3420">
    <p class='ocr_par' dir='ltr' id='par_1_26' title="bbox 1394 2946 2462 3067">
     <span class='ocr_line' id='line_1_114' title="bbox 1394 2946 2461 2988; baseline -0.002 -10"><span class='ocrx_word' id='word_1_995' title='bbox 1394 2947 1411 2968; x_wconf 88' lang='grc'>*</span> <span class='ocrx_word' id='word_1_996' title='bbox 1427 2947 1460 2979; x_wconf 92' lang='lat' dir='ltr'>Si</span> <span class='ocrx_word' id='word_1_997' title='bbox 1481 2946 1578 2988; x_wconf 88' lang='lat' dir='ltr'>igitur</span> <span class='ocrx_word' id='word_1_998' title='bbox 1600 2957 1698 2978; x_wconf 87' lang='lat' dir='ltr'>omne</span> <span class='ocrx_word' id='word_1_999' title='bbox 1721 2957 1837 2988; x_wconf 89' lang='lat' dir='ltr'>corpus</span> <span class='ocrx_word' id='word_1_1000' title='bbox 1860 2946 2005 2978; x_wconf 87' lang='lat' dir='ltr'>sensibile</span> <span class='ocrx_word' id='word_1_1001' title='bbox 2035 2947 2129 2978; x_wconf 88' lang='lat' dir='ltr'>habet</span> <span class='ocrx_word' id='word_1_1002' title='bbox 2150 2946 2298 2978; x_wconf 88' lang='lat' dir='ltr'>virtutem</span> <span class='ocrx_word' id='word_1_1003' title='bbox 2326 2946 2461 2978; x_wconf 82' lang='lat' dir='ltr'>activam</span> 
     </span>
     <span class='ocr_line' id='line_1_115' title="bbox 1462 2990 2462 3032; baseline -0.001 -10"><span class='ocrx_word' id='word_1_1004' title='bbox 1462 2999 1518 3022; x_wconf 85' lang='lat' dir='ltr'>aut</span> <span class='ocrx_word' id='word_1_1005' title='bbox 1539 2991 1698 3032; x_wconf 81' lang='lat' dir='ltr'>passivam</span> <span class='ocrx_word' id='word_1_1006' title='bbox 1721 2998 1776 3022; x_wconf 89' lang='lat' dir='ltr'>aut</span> <span class='ocrx_word' id='word_1_1007' title='bbox 1798 2993 1905 3031; x_wconf 90' lang='lat' dir='ltr'>ambo,</span> <span class='ocrx_word' id='word_1_1008' title='bbox 1928 2991 2124 3031; x_wconf 88' lang='lat' dir='ltr'>impossibile</span> <span class='ocrx_word' id='word_1_1009' title='bbox 2148 2998 2194 3022; x_wconf 93' lang='lat' dir='ltr'>est</span> <span class='ocrx_word' id='word_1_1010' title='bbox 2216 3001 2331 3031; x_wconf 90' lang='lat' dir='ltr'>corpus</span> <span class='ocrx_word' id='word_1_1011' title='bbox 2358 2990 2462 3021; x_wconf 90' lang='lat' dir='ltr'>infini-</span> 
     </span>
     <span class='ocr_line' id='line_1_116' title="bbox 1462 3035 1803 3067; baseline 0 -1"><span class='ocrx_word' id='word_1_1012' title='bbox 1462 3042 1534 3067; x_wconf 90' lang='lat' dir='ltr'>tum</span> <span class='ocrx_word' id='word_1_1013' title='bbox 1556 3035 1703 3067; x_wconf 87' lang='lat' dir='ltr'>sensibile</span> <span class='ocrx_word' id='word_1_1014' title='bbox 1726 3046 1803 3066; x_wconf 90' lang='lat' dir='ltr'>esse.</span> 
     </span>
    </p>

    <p class='ocr_par' dir='ltr' id='par_1_27' title="bbox 1394 3078 2463 3420">
     <span class='ocr_line' id='line_1_117' title="bbox 1394 3078 2463 3121; baseline -0.004 -9"><span class='ocrx_word' id='word_1_1015' title='bbox 1394 3081 1412 3101; x_wconf 89' lang='lat'><strong>*</strong></span> <span class='ocrx_word' id='word_1_1016' title='bbox 1428 3081 1491 3113; x_wconf 89' lang='lat' dir='ltr'>Sed</span> <span class='ocrx_word' id='word_1_1017' title='bbox 1503 3087 1610 3111; x_wconf 87' lang='lat' dir='ltr'>tamen</span> <span class='ocrx_word' id='word_1_1018' title='bbox 1626 3087 1658 3111; x_wconf 90' lang='lat' dir='ltr'>et</span> <span class='ocrx_word' id='word_1_1019' title='bbox 1672 3090 1894 3121; x_wconf 89' lang='lat' dir='ltr'>quaecumque</span> <span class='ocrx_word' id='word_1_1020' title='bbox 1910 3079 2041 3120; x_wconf 87' lang='lat' dir='ltr'>quidem</span> <span class='ocrx_word' id='word_1_1021' title='bbox 2058 3089 2190 3119; x_wconf 86' lang='lat' dir='ltr'>corpora</span> <span class='ocrx_word' id='word_1_1022' title='bbox 2205 3079 2237 3109; x_wconf 91' lang='lat' dir='ltr'>in</span> <span class='ocrx_word' id='word_1_1023' title='bbox 2251 3078 2336 3118; x_wconf 92' lang='lat' dir='ltr'>loco,</span> <span class='ocrx_word' id='word_1_1024' title='bbox 2353 3079 2463 3109; x_wconf 83' lang='lat' dir='ltr'>omnia</span> 
     </span>
     <span class='ocr_line' id='line_1_118' title="bbox 1461 3122 2461 3164; baseline -0.003 -8"><span class='ocrx_word' id='word_1_1025' title='bbox 1461 3125 1630 3156; x_wconf 84' lang='lat' dir='ltr'>sensibilia.</span> <span class='ocrx_word' id='word_1_1026' title='bbox 1653 3125 1728 3155; x_wconf 93' lang='lat' dir='ltr'>Non</span> <span class='ocrx_word' id='word_1_1027' title='bbox 1747 3131 1794 3155; x_wconf 91' lang='lat' dir='ltr'>est</span> <span class='ocrx_word' id='word_1_1028' title='bbox 1814 3124 1909 3164; x_wconf 87' lang='lat' dir='ltr'>igitur</span> <span class='ocrx_word' id='word_1_1029' title='bbox 1930 3134 2046 3164; x_wconf 88' lang='lat' dir='ltr'>corpus</span> <span class='ocrx_word' id='word_1_1030' title='bbox 2062 3122 2223 3153; x_wconf 90' lang='lat' dir='ltr'>infinitum</span> <span class='ocrx_word' id='word_1_1031' title='bbox 2239 3130 2323 3154; x_wconf 86' lang='lat' dir='ltr'>extra</span> <span class='ocrx_word' id='word_1_1032' title='bbox 2338 3124 2461 3154; x_wconf 87' lang='lat' dir='ltr'>caelum</span> 
     </span>
     <span class='ocr_line' id='line_1_119' title="bbox 1462 3167 2462 3210; baseline -0.002 -10"><span class='ocrx_word' id='word_1_1033' title='bbox 1462 3179 1567 3210; x_wconf 91' lang='lat' dir='ltr'>neque</span> <span class='ocrx_word' id='word_1_1034' title='bbox 1591 3179 1705 3208; x_wconf 90' lang='lat' dir='ltr'>unum,</span> <span class='ocrx_word' id='word_1_1035' title='bbox 1729 3178 1833 3209; x_wconf 90' lang='lat' dir='ltr'>neque</span> <span class='ocrx_word' id='word_1_1036' title='bbox 1856 3167 2037 3208; x_wconf 88' lang='lat' dir='ltr'>simpliciter</span> <span class='ocrx_word' id='word_1_1037' title='bbox 2059 3177 2163 3208; x_wconf 90' lang='lat' dir='ltr'>neque</span> <span class='ocrx_word' id='word_1_1038' title='bbox 2184 3167 2361 3198; x_wconf 88' lang='lat' dir='ltr'>secundum</span> <span class='ocrx_word' id='word_1_1039' title='bbox 2383 3168 2462 3209; x_wconf 93' lang='lat' dir='ltr'>quid</span> 
     </span>
     <span class='ocr_line' id='line_1_120' title="bbox 1462 3211 2462 3254; baseline -0.001 -10"><span class='ocrx_word' id='word_1_1040' title='bbox 1462 3213 1558 3244; x_wconf 87' lang='lat' dir='ltr'>nihil:</span> <span class='ocrx_word' id='word_1_1041' title='bbox 1579 3213 1675 3254; x_wconf 87' lang='lat' dir='ltr'>igitur</span> <span class='ocrx_word' id='word_1_1042' title='bbox 1701 3213 1834 3243; x_wconf 86' lang='lat' dir='ltr'>omnino</span> <span class='ocrx_word' id='word_1_1043' title='bbox 1863 3222 1978 3252; x_wconf 91' lang='lat' dir='ltr'>corpus</span> <span class='ocrx_word' id='word_1_1044' title='bbox 2001 3218 2085 3242; x_wconf 83' lang='lat' dir='ltr'>extra</span> <span class='ocrx_word' id='word_1_1045' title='bbox 2115 3211 2239 3242; x_wconf 87' lang='lat' dir='ltr'>caelum</span> <span class='ocrx_word' id='word_1_1046' title='bbox 2268 3211 2404 3243; x_wconf 89' lang='lat' dir='ltr'>nullum.</span> <span class='ocrx_word' id='word_1_1047' title='bbox 2428 3212 2462 3246; x_wconf 88' lang='lat' dir='ltr'>Si</span> 
     </span>
     <span class='ocr_line' id='line_1_121' title="bbox 1462 3254 2460 3299; baseline -0.002 -11"><span class='ocrx_word' id='word_1_1048' title='bbox 1462 3258 1593 3299; x_wconf 88' lang='lat' dir='ltr'>quidem</span> <span class='ocrx_word' id='word_1_1049' title='bbox 1616 3257 1702 3288; x_wconf 89' lang='lat' dir='ltr'>enim</span> <span class='ocrx_word' id='word_1_1050' title='bbox 1724 3255 1944 3294; x_wconf 85' lang='lat' dir='ltr'>intellectuale,</span> <span class='ocrx_word' id='word_1_1051' title='bbox 1968 3255 2026 3286; x_wconf 91' lang='lat' dir='ltr'>erit</span> <span class='ocrx_word' id='word_1_1052' title='bbox 2047 3256 2080 3286; x_wconf 91' lang='lat' dir='ltr'>in</span> <span class='ocrx_word' id='word_1_1053' title='bbox 2102 3256 2177 3286; x_wconf 92' lang='lat' dir='ltr'>loco</span> <span class='ocrx_word' id='word_1_1054' title='bbox 2202 3254 2242 3299; x_wconf 91' lang='lat' dir='ltr'>[si</span> <span class='ocrx_word' id='word_1_1055' title='bbox 2264 3266 2340 3286; x_wconf 85' lang='lat' dir='ltr'>vero</span> <span class='ocrx_word' id='word_1_1056' title='bbox 2362 3256 2460 3286; x_wconf 91' lang='lat' dir='ltr'>sensi-</span> 
     </span>
     <span class='ocr_line' id='line_1_122' title="bbox 1461 3298 2460 3343; baseline -0.002 -11"><span class='ocrx_word' id='word_1_1057' title='bbox 1461 3302 1535 3340; x_wconf 91' lang='lat' dir='ltr'>bile,</span> <span class='ocrx_word' id='word_1_1058' title='bbox 1559 3301 1616 3332; x_wconf 90' lang='lat' dir='ltr'>erit</span> <span class='ocrx_word' id='word_1_1059' title='bbox 1638 3301 1671 3331; x_wconf 91' lang='lat' dir='ltr'>in</span> <span class='ocrx_word' id='word_1_1060' title='bbox 1694 3298 1872 3343; x_wconf 83' lang='lat' dir='ltr'>temporeJ:</span> <span class='ocrx_word' id='word_1_1061' title='bbox 1896 3306 1980 3330; x_wconf 84' lang='lat' dir='ltr'>extra</span> <span class='ocrx_word' id='word_1_1062' title='bbox 1996 3300 2081 3330; x_wconf 89' lang='lat' dir='ltr'>enim</span> <span class='ocrx_word' id='word_1_1063' title='bbox 2098 3307 2129 3331; x_wconf 88' lang='lat' dir='ltr'>et</span> <span class='ocrx_word' id='word_1_1064' title='bbox 2149 3300 2230 3331; x_wconf 91' lang='lat' dir='ltr'>intra</span> <span class='ocrx_word' id='word_1_1065' title='bbox 2243 3300 2352 3330; x_wconf 90' lang='lat' dir='ltr'>locum</span> <span class='ocrx_word' id='word_1_1066' title='bbox 2366 3300 2460 3341; x_wconf 87' lang='lat' dir='ltr'>signi-</span> 
     </span>
     <span class='ocr_line' id='line_1_123' title="bbox 1460 3344 2461 3386; baseline 0 -10"><span class='ocrx_word' id='word_1_1067' title='bbox 1460 3345 1565 3376; x_wconf 89' lang='lat' dir='ltr'>ficant.</span> <span class='ocrx_word' id='word_1_1068' title='bbox 1590 3346 1699 3386; x_wconf 92' lang='lat' dir='ltr'>Itaque</span> <span class='ocrx_word' id='word_1_1069' title='bbox 1722 3345 1779 3375; x_wconf 89' lang='lat' dir='ltr'>erit</span> <span class='ocrx_word' id='word_1_1070' title='bbox 1801 3350 1832 3375; x_wconf 92' lang='lat' dir='ltr'>et</span> <span class='ocrx_word' id='word_1_1071' title='bbox 1854 3344 2017 3375; x_wconf 87' lang='lat' dir='ltr'>sensibile:</span> <span class='ocrx_word' id='word_1_1072' title='bbox 2041 3344 2186 3379; x_wconf 88' lang='lat' dir='ltr'>sensibile</span> <span class='ocrx_word' id='word_1_1073' title='bbox 2208 3350 2316 3375; x_wconf 88' lang='lat' dir='ltr'>autem</span> <span class='ocrx_word' id='word_1_1074' title='bbox 2333 3345 2461 3376; x_wconf 89' lang='lat' dir='ltr'>nullum</span> 
     </span>
     <span class='ocr_line' id='line_1_124' title="bbox 1461 3389 1770 3420; baseline -0.003 0"><span class='ocrx_word' id='word_1_1075' title='bbox 1461 3400 1529 3420; x_wconf 90' lang='lat' dir='ltr'>non</span> <span class='ocrx_word' id='word_1_1076' title='bbox 1552 3399 1607 3420; x_wconf 87' lang='lat' dir='ltr'>ens</span> <span class='ocrx_word' id='word_1_1077' title='bbox 1629 3389 1664 3419; x_wconf 91' lang='lat' dir='ltr'>in</span> <span class='ocrx_word' id='word_1_1078' title='bbox 1686 3389 1770 3420; x_wconf 92' lang='lat' dir='ltr'>loco.</span> 
     </span>
    </p>
   </div>
   <div class='ocr_carea' id='block_1_13' title="bbox 1389 3483 2459 3604">
    <p class='ocr_par' dir='ltr' id='par_1_28' title="bbox 1389 3483 2459 3604">
     <span class='ocr_line' id='line_1_125' title="bbox 1394 3483 2459 3522; baseline -0.003 -7"><span class='ocrx_word' id='word_1_1079' title='bbox 1394 3487 1522 3521; x_wconf 84' lang='lat' dir='ltr'>alteram,</span> <span class='ocrx_word' id='word_1_1080' title='bbox 1533 3485 1578 3514; x_wconf 89' lang='lat' dir='ltr'>vel</span> <span class='ocrx_word' id='word_1_1081' title='bbox 1592 3484 1678 3513; x_wconf 86' lang='lat' dir='ltr'>etiam</span> <span class='ocrx_word' id='word_1_1082' title='bbox 1689 3491 1858 3521; x_wconf 87' lang='lat' dir='ltr'>utramque:</span> <span class='ocrx_word' id='word_1_1083' title='bbox 1874 3493 1942 3522; x_wconf 91' lang='lat' dir='ltr'>ergo</span> <span class='ocrx_word' id='word_1_1084' title='bbox 1957 3490 2010 3512; x_wconf 91' lang='lat' dir='ltr'>etc.</span> <span class='ocrx_word' id='word_1_1085' title='bbox 2019 3501 2038 3506; x_wconf 93' lang='lat'>-</span> <span class='ocrx_word' id='word_1_1086' title='bbox 2048 3485 2155 3512; x_wconf 87' lang='lat' dir='ltr'>Textus</span> <span class='ocrx_word' id='word_1_1087' title='bbox 2165 3483 2332 3513; x_wconf 85' lang='lat' dir='ltr'>subdivisio.</span> <span class='ocrx_word' id='word_1_1088' title='bbox 2343 3501 2363 3506; x_wconf 89' lang='lat'>-</span> <span class='ocrx_word' id='word_1_1089' title='bbox 2374 3484 2400 3512; x_wconf 88' lang='grc'>3.</span> <span class='ocrx_word' id='word_1_1090' title='bbox 2411 3485 2459 3512; x_wconf 91' lang='lat' dir='ltr'>Ad</span> 
     </span>
     <span class='ocr_line' id='line_1_126' title="bbox 1393 3524 2458 3563; baseline -0.002 -9"><span class='ocrx_word' id='word_1_1091' title='bbox 1393 3526 1597 3563; x_wconf 88' lang='lat' dir='ltr'>probationem</span> <span class='ocrx_word' id='word_1_1092' title='bbox 1612 3524 1730 3552; x_wconf 87' lang='lat' dir='ltr'>maioris</span> <span class='ocrx_word' id='word_1_1093' title='bbox 1740 3524 1839 3562; x_wconf 87' lang='lat' dir='ltr'>primo</span> <span class='ocrx_word' id='word_1_1094' title='bbox 1854 3524 2015 3552; x_wconf 88' lang='lat' dir='ltr'>ostenditur</span> <span class='ocrx_word' id='word_1_1095' title='bbox 2029 3525 2109 3561; x_wconf 93' lang='lat' dir='ltr'>quod</span> <span class='ocrx_word' id='word_1_1096' title='bbox 2121 3533 2227 3562; x_wconf 81' lang='lat' dir='ltr'>corpus</span> <span class='ocrx_word' id='word_1_1097' title='bbox 2244 3524 2386 3562; x_wconf 83' lang='lat' dir='ltr'>infinitum</span> <span class='ocrx_word' id='word_1_1098' title='bbox 2402 3533 2458 3552; x_wconf 86' lang='lat' dir='ltr'>non</span> 
     </span>
     <span class='ocr_line' id='line_1_127' title="bbox 1389 3563 2456 3604; baseline -0.003 -10"><span class='ocrx_word' id='word_1_1099' title='bbox 1389 3566 1503 3604; x_wconf 80' lang='lat' dir='ltr'>patitur</span> <span class='ocrx_word' id='word_1_1100' title='bbox 1516 3575 1534 3593; x_wconf 89' lang='grc' dir='ltr'>α</span> <span class='ocrx_word' id='word_1_1101' title='bbox 1539 3565 1638 3604; x_wconf 84' lang='lat' dir='ltr'>finito.</span> <span class='ocrx_word' id='word_1_1102' title='bbox 1654 3564 1684 3592; x_wconf 90' lang='lat' dir='ltr'>Si</span> <span class='ocrx_word' id='word_1_1103' title='bbox 1696 3573 1786 3599; x_wconf 88' lang='lat' dir='ltr'>secus,</span> <span class='ocrx_word' id='word_1_1104' title='bbox 1802 3564 1838 3592; x_wconf 90' lang='lat' dir='ltr'>sit</span> <span class='ocrx_word' id='word_1_1105' title='bbox 1857 3565 1884 3592; x_wconf 91' lang='lat' dir='ltr'>A</span> <span class='ocrx_word' id='word_1_1106' title='bbox 1905 3573 2010 3601; x_wconf 91' lang='lat' dir='ltr'>corpus</span> <span class='ocrx_word' id='word_1_1107' title='bbox 2035 3564 2190 3599; x_wconf 84' lang='lat' dir='ltr'>infinitum,</span> <span class='ocrx_word' id='word_1_1108' title='bbox 2206 3565 2287 3601; x_wconf 92' lang='lat' dir='ltr'>quod</span> <span class='ocrx_word' id='word_1_1109' title='bbox 2300 3573 2318 3592; x_wconf 90' lang='lat' dir='ltr'>a</span> <span class='ocrx_word' id='word_1_1110' title='bbox 2332 3565 2354 3591; x_wconf 92' lang='lat' dir='ltr'>B</span> <span class='ocrx_word' id='word_1_1111' title='bbox 2375 3563 2456 3591; x_wconf 87' lang='lat' dir='ltr'>finito</span> 
     </span>
    </p>
   </div>
   <div class='ocr_carea' id='block_1_14' title="bbox 1382 3603 2455 3642">
    <p class='ocr_par' dir='ltr' id='par_1_29' title="bbox 1382 3603 2455 3642">
     <span class='ocr_line' id='line_1_128' title="bbox 1382 3603 2455 3642; baseline -0.004 -7"><span class='ocrx_word' id='word_1_1112' title='bbox 1382 3612 1526 3635; x_wconf 68' lang='lat' dir='ltr'>⁴movetur</span> <span class='ocrx_word' id='word_1_1113' title='bbox 1539 3605 1570 3634; x_wconf 92' lang='lat' dir='ltr'>in</span> <span class='ocrx_word' id='word_1_1114' title='bbox 1583 3611 1713 3642; x_wconf 83' lang='lat' dir='ltr'>tempore</span> <span class='ocrx_word' id='word_1_1115' title='bbox 1728 3603 1918 3633; x_wconf 86' lang='lat' dir='ltr'>determinato</span> <span class='ocrx_word' id='word_1_1116' title='bbox 1934 3605 1968 3632; x_wconf 92' lang='lat' dir='ltr'>G.</span> <span class='ocrx_word' id='word_1_1117' title='bbox 1983 3604 2025 3632; x_wconf 92' lang='lat' dir='ltr'>Sit</span> <span class='ocrx_word' id='word_1_1118' title='bbox 2039 3604 2126 3632; x_wconf 89' lang='lat' dir='ltr'>etiam</span> <span class='ocrx_word' id='word_1_1119' title='bbox 2140 3605 2165 3632; x_wconf 96' lang='lat' dir='ltr'>D</span> <span class='ocrx_word' id='word_1_1120' title='bbox 2180 3604 2258 3632; x_wconf 91' lang='lat' dir='ltr'>aliud</span> <span class='ocrx_word' id='word_1_1121' title='bbox 2273 3613 2377 3640; x_wconf 87' lang='lat' dir='ltr'>corpus</span> <span class='ocrx_word' id='word_1_1122' title='bbox 2391 3612 2455 3631; x_wconf 89' lang='lat' dir='ltr'>mo-</span> 
     </span>
    </p>
   </div>
   <div class='ocr_carea' id='block_1_15' title="bbox 2498 820 2702 876">
    <p class='ocr_par' dir='ltr' id='par_1_30' title="bbox 2498 820 2702 876">
     <span class='ocr_line' id='line_1_129' title="bbox 2498 820 2702 876; baseline 0.015 -35"><span class='ocrx_word' id='word_1_1123' title='bbox 2498 820 2648 876; x_wconf 43' lang='lat' dir='ltr'>:I‘esxetff‘figap&#39;</span> <span class='ocrx_word' id='word_1_1124' title='bbox 2662 828 2702 844; x_wconf 85' lang='lat' dir='ltr'>vn.</span> 
     </span>
    </p>
   </div>
   <div class='ocr_carea' id='block_1_16' title="bbox 2497 1264 2644 1292">
    <p class='ocr_par' dir='ltr' id='par_1_31' title="bbox 2497 1264 2644 1292">
     <span class='ocr_line' id='line_1_130' title="bbox 2497 1264 2644 1292; baseline 0.007 -6"><span class='ocrx_word' id='word_1_1125' title='bbox 2497 1266 2506 1275; x_wconf 82' lang='lat'>&#39;¹</span> <span class='ocrx_word' id='word_1_1126' title='bbox 2521 1264 2590 1287; x_wconf 80' lang='lat' dir='ltr'>Text.</span> <span class='ocrx_word' id='word_1_1127' title='bbox 2605 1265 2644 1292; x_wconf 87' lang='lat'><strong>64.</strong></span> 
     </span>
    </p>
   </div>
   <div class='ocr_carea' id='block_1_17' title="bbox 2497 1659 2639 1688">
    <p class='ocr_par' dir='ltr' id='par_1_32' title="bbox 2497 1659 2639 1688">
     <span class='ocr_line' id='line_1_131' title="bbox 2497 1659 2639 1688; baseline 0.007 -7"><span class='ocrx_word' id='word_1_1128' title='bbox 2497 1660 2506 1670; x_wconf 78' lang='lat'>⁸</span> <span class='ocrx_word' id='word_1_1129' title='bbox 2521 1659 2588 1682; x_wconf 87' lang='lat' dir='ltr'>Text.</span> <span class='ocrx_word' id='word_1_1130' title='bbox 2604 1660 2639 1688; x_wconf 84' lang='lat'><strong>65.</strong></span> 
     </span>
    </p>
   </div>
   <div class='ocr_carea' id='block_1_18' title="bbox 2493 2286 2638 2309">
    <p class='ocr_par' dir='ltr' id='par_1_33' title="bbox 2493 2286 2638 2309">
     <span class='ocr_line' id='line_1_132' title="bbox 2493 2286 2638 2309; baseline 0 0"><span class='ocrx_word' id='word_1_1131' title='bbox 2493 2288 2503 2298; x_wconf 84' lang='grc'><strong>’</strong></span> <span class='ocrx_word' id='word_1_1132' title='bbox 2517 2287 2584 2309; x_wconf 87' lang='lat' dir='ltr'>Text.</span> <span class='ocrx_word' id='word_1_1133' title='bbox 2599 2286 2638 2309; x_wconf 88' lang='lat'>66.</span> 
     </span>
    </p>
   </div>
   <div class='ocr_carea' id='block_1_19' title="bbox 2492 2727 2636 2757">
    <p class='ocr_par' dir='ltr' id='par_1_34' title="bbox 2492 2727 2636 2757">
     <span class='ocr_line' id='line_1_133' title="bbox 2492 2727 2636 2757; baseline 0 -7"><span class='ocrx_word' id='word_1_1134' title='bbox 2492 2729 2502 2738; x_wconf 86' lang='grc'>·</span> <span class='ocrx_word' id='word_1_1135' title='bbox 2516 2727 2584 2751; x_wconf 85' lang='lat' dir='ltr'>Text.</span> <span class='ocrx_word' id='word_1_1136' title='bbox 2599 2728 2636 2757; x_wconf 89' lang='lat'>67.</span> 
     </span>
    </p>
   </div>
   <div class='ocr_carea' id='block_1_20' title="bbox 2490 2950 2636 2974">
    <p class='ocr_par' dir='ltr' id='par_1_35' title="bbox 2490 2950 2636 2974">
     <span class='ocr_line' id='line_1_134' title="bbox 2490 2950 2636 2974; baseline 0.007 -1"><span class='ocrx_word' id='word_1_1137' title='bbox 2490 2953 2500 2963; x_wconf 87' lang='grc'><em>·</em></span> <span class='ocrx_word' id='word_1_1138' title='bbox 2514 2950 2582 2973; x_wconf 85' lang='lat' dir='ltr'>Text.</span> <span class='ocrx_word' id='word_1_1139' title='bbox 2598 2951 2636 2974; x_wconf 83' lang='lat'><strong>68.</strong></span> 
     </span>
    </p>
   </div>
   <div class='ocr_carea' id='block_1_21' title="bbox 2488 3083 2636 3112">
    <p class='ocr_par' dir='ltr' id='par_1_36' title="bbox 2488 3083 2636 3112">
     <span class='ocr_line' id='line_1_135' title="bbox 2488 3083 2636 3112; baseline 0.007 -7"><span class='ocrx_word' id='word_1_1140' title='bbox 2488 3084 2499 3094; x_wconf 74' lang='lat'><em>*</em></span> <span class='ocrx_word' id='word_1_1141' title='bbox 2513 3083 2581 3106; x_wconf 86' lang='lat' dir='ltr'>Text.</span> <span class='ocrx_word' id='word_1_1142' title='bbox 2597 3084 2636 3112; x_wconf 88' lang='lat'><strong>69.</strong></span> 
     </span>
    </p>
   </div>
  </div>
 </body>
</html>
