2690 4062
71 1058 81 1068 ·
98 1057 208 1079 caliditas
221 1062 258 1078 ca.

307 243 438 269 XXXVIII

309 316 442 348 mento;
473 318 551 351 ergo
575 314 704 351 oportet
749 305 817 338 uod
841 306 882 337 sit
904 304 1011 347 aliqua
1038 302 1217 351 proprietas
1245 300 1359 350 unius-

310 353 487 396 cuiusque,
511 360 543 384 et
565 350 606 383 ali
631 362 672 383 ua
696 349 728 383 di
754 350 874 382 erentia
898 357 930 380 et
953 347 1160 380 contrarietas
1183 352 1266 376 mter
1290 355 1299 375 1
1325 354 1360 375 sa

310 395 528 439 distinguens,
552 395 612 427 eti
638 395 688 427 ius
713 392 944 426 contrarietatis
968 401 1072 423 unum
1091 388 1302 437 elementum.
1329 398 1360 419 a-

309 439 395 472 bebit
417 448 542 482 partem
565 449 664 471 unam
678 462 686 476 ,
717 446 749 470 et
777 435 863 469 aliud
887 435 1084 468 elementum
1114 440 1238 476 partem
1259 430 1359 481 aliam

309 483 459 516 habebit:
490 481 580 515 verbi
602 482 724 525 gratia,
755 481 781 513 si
805 480 888 523 ignis
912 486 943 511 et
965 489 1019 510 aer
1042 477 1106 509 sint
1129 483 1287 508 contraria
1310 485 1359 506 se-

309 526 453 560 cundum
477 525 616 559 calidum
645 533 676 558 et
698 523 866 567 frigidum,
890 522 973 565 ignis
1004 519 1133 553 habebit
1163 517 1358 568 caliditatem

309 579 341 603 et
364 582 417 603 aer
439 569 655 614 frigiditatem.
688 566 832 608 Quando
860 576 938 608 ergo
961 564 997 596 fit
1025 570 1252 596 transmutatio
1267 572 1358 612 ‘aeris

308 615 342 647 in
365 615 485 658 ignem,
509 614 536 646 si
559 612 691 657 quidem
713 618 821 643 manet
844 620 898 641 aer
920 609 953 640 in
977 616 1045 640 tota
1072 614 1358 644 transmutatione,

308 667 385 691 tunc
402 659 498 691 etiam
514 664 622 689 manet
634 656 714 688 aeris
730 653 902 697 frigiditas:
923 660 954 685 et
970 660 1079 684 tamen
1095 662 1134 683 ex
1150 651 1224 693 igne
1241 650 1274 699 in
1290 659 1357 693 quo

307 710 555 740 transmutatur,
578 700 672 732 inerit
694 699 724 731 ei
748 697 890 730 caliditas
903 708 913 736 ;
940 707 1018 738 ergo
1042 703 1120 728 tunc
1144 702 1193 727 est
1216 693 1358 726 calidum

307 754 339 778 et
361 744 523 788 frigidum.
553 744 593 776 Et
617 754 691 775 cum
714 742 755 773 sit
777 739 915 784 simplex
939 750 1057 783 corpus
1071 764 1080 779 ‚
1109 747 1158 771 est
1180 737 1301 782 ubique
1325 745 1358 769 et

306 788 485 822 secundum
500 787 586 820 idem
602 785 757 829 frigiditas
773 793 805 817 et
820 783 963 816 caliditas
969 795 979 824 ;
995 794 1074 826 ergo
1091 782 1251 815 contraria
1263 789 1358 814 erunt

306 834 340 866 in
363 832 493 871 eodem,
518 829 606 875 quod
629 837 677 862 est
699 827 910 872 impossibile.

361 886 390 909 2.
415 874 540 909 Deinde
564 885 638 906 cum
662 872 755 906 dicit:
781 871 836 905 Sed
858 877 957 904 tamen
982 882 1074 915 neque
1100 870 1176 913 ignis
1202 877 1281 909 etc.,
1305 879 1355 901 re-

305 928 416 953 movet
438 917 599 963 quandam
622 916 871 960 responsionem
895 926 978 959 quae
999 922 1111 958 posset
1127 913 1194 946 dari
1210 912 1250 945 ad
1266 923 1356 956 prae-

306 963 398 997 dicta.
429 963 543 995 Posset
573 962 660 994 enim
691 959 806 1004 aliquis
830 959 936 992 dicere
960 957 1050 1002 quod
1080 969 1134 991 aer
1164 956 1296 1008 quando
1320 955 1356 988 fit

304 1007 398 1050 ignis,
414 1017 482 1039 non
498 1005 614 1038 dicitur
635 1004 704 1037 fieri
727 1004 812 1047 ignis
835 1003 912 1054 quia
935 1003 1070 1035 assumit
1093 1012 1235 1045 speciem
1259 1001 1355 1044 ignis,

304 1050 360 1084 sed
383 1061 435 1083 aer
451 1058 499 1083 est
515 1048 636 1082 calidus
652 1049 685 1088 ἣ
702 1056 734 1080 et
757 1046 904 1080 similiter
923 1046 1054 1090 quando
1071 1057 1110 1078 ex
1132 1046 1207 1088 igne
1230 1043 1266 1077 fit
1290 1055 1355 1084 aer,

302 1102 446 1127 remanet
461 1104 514 1126 aer
530 1092 660 1125 calidus.
679 1091 743 1125 Sed
762 1091 825 1124 hoc
841 1099 998 1131 removet,
1015 1090 1125 1123 dicens
1142 1088 1231 1140 quod
1247 1089 1274 1121 si
1291 1087 1355 1121 hoc

303 1146 386 1171 esset
408 1148 539 1177 verum,
563 1144 751 1180 sequeretur
774 1135 861 1168 idem
885 1134 974 1179 quod
997 1135 1098 1178 prius,
1118 1133 1241 1166 scilicet
1264 1131 1354 1177 qu'od

325 1182 465 1215 eneratio
489 1180 640 1214 elementi
663 1191 702 1212 ex
720 1179 882 1212 elemento
906 1186 991 1212 esset
1014 1177 1176 1211 alteratio:
1201 1177 1278 1221 quia
1301 1187 1355 1209 aer

314 1225 435 1269 rigidus
451 1233 482 1258 et
498 1223 619 1257 calidus
642 1235 711 1257 non
734 1222 888 1256 differunt
909 1223 972 1255 nisi
992 1233 1050 1266 per
1065 1221 1226 1261 accidens,
1242 1230 1275 1254 et
1290 1220 1354 1254 hoc

300 1269 375 1302 facit
390 1269 620 1302 alterationem.
635 1268 803 1300 Praeterea
819 1278 895 1300 cum
911 1267 1037 1310 exigue
1054 1265 1090 1299 fit
1106 1277 1160 1299 aer
1174 1265 1226 1299 vel
1242 1277 1260 1298 e
1277 1276 1353 1298 con-

300 1324 405 1353 verso,
421 1313 447 1345 si
463 1321 599 1356 utraque
622 1311 726 1344 forma
745 1312 828 1344 inest
842 1311 994 1343 materiae
1010 1310 1095 1353 ignis
1111 1318 1144 1343 et
1159 1310 1252 1350 aeris,
1269 1310 1354 1342 sicut

301 1357 377 1391 dicit
392 1357 451 1389 ista
467 1356 591 1400 opinio,
615 1364 709 1389 erunt
724 1355 811 1389 idem
828 1354 968 1388 calidum
985 1363 1017 1387 et
1032 1353 1203 1398 frigidum:
1229 1362 1261 1387 et
1277 1354 1354 1398 quia

300 1401 525 1434 transmutatio
549 1400 656 1433 omnis
675 1400 689 1434 β
708 1407 757 1432 est
779 1400 863 1432 inter
886 1398 1057 1439 contraria,
1073 1409 1152 1442 ergo
1169 1399 1234 1431 aeri
1258 1398 1354 1431 inerit

300 1444 386 1478 calor
408 1445 504 1488 ignis,
520 1453 552 1477 et
574 1455 628 1478 aer
650 1443 690 1477 de
713 1455 748 1477 se
771 1452 820 1477 est
843 1442 964 1487 aliquid
987 1442 1157 1486 frigidum;
1181 1454 1260 1486 ergo
1277 1441 1353 1475 cali-

299 1489 378 1522 dum
401 1497 434 1521 et
455 1488 610 1531 frigidum
633 1496 710 1520 sunt
732 1489 766 1520 in
789 1487 906 1521 eodem
930 1486 1088 1531 simplici:
1113 1486 1203 1538 quod
1227 1495 1275 1520 est
1294 1487 1353 1519 im-

299 1532 460 1577 possibile.
485 1533 573 1576 Ergo
597 1531 797 1576 impossibile
821 1540 870 1565 est
885 1530 975 1576 quod
991 1543 1044 1564 aer
1063 1532 1104 1564 sit
1118 1531 1202 1574 ignis
1219 1530 1352 1571 calidus,

297 1577 349 1610 vel
372 1578 381 1609 i
429 1577 455 1609 is
479 1577 520 1609 sit
543 1587 597 1609 aer
619 1575 766 1620 frigidus.
792 1575 896 1616 Quod
919 1584 1029 1608 autern
1053 1574 1106 1608 hic
1122 1575 1240 1609 dicitur
1263 1574 1353 1619 quod

298 1632 351 1654 aer
395 1632 412 1654 e
435 1632 469 1653 se
493 1629 542 1653 est
563 1619 709 1663 frigidus,
734 1619 851 1653 dicitur
874 1620 975 1663 gratia
999 1619 1140 1663 exempli
1164 1628 1196 1653 et
1219 1630 1287 1652 non
1304 1630 1353 1652 se-

299 1664 442 1698 cundum
458 1665 503 1698 rei
518 1665 696 1697 veritatem.
722 1664 809 1698 Cum
833 1673 942 1697 autem
966 1664 1026 1697 ista
1045 1664 1110 1697 sint
1128 1663 1352 1708 impossibilia,

298 1721 318 1742 o
344 1717 427 1742 ortet
442 1707 531 1753 quod
547 1708 643 1741 ambo
659 1708 829 1748 elementa,
846 1707 968 1741 scilicet
983 1708 1068 1785 {fuis
1088 1717 1120 1741 et
1135 1719 1198 1748 aer,
1215 1707 1354 1741 habeant

298 1721 340 1786 aii,
363 1752 429 1786 uod
449 1752 538 1797 quod
556 1753 597 1785 sit
613 1753 659 1785 eis
676 1763 852 1785 commune
872 1761 899 1792 γ,
915 1763 982 1796 quo
1022 1751 1234 1785 essentialiter
1253 1761 1302 1785 est
1319 1753 1353 1785 in

298 1809 349 1830 am
373 1797 464 1830 obus.
490 1797 531 1830 Et
549 1796 628 1829 haec
651 1805 700 1829 est
723 1797 908 1829 communis
926 1797 1061 1829 materia
1078 1807 1161 1840 quae
1178 1797 1275 1829 estin
1291 1807 1352 1840 po-

298 1842 396 1874 tentia
412 1840 452 1874 ad
468 1849 661 1885 utrumque;
685 1849 717 1873 et
733 1839 846 1874 eadem
861 1841 944 1873 ratio
961 1849 1010 1873 est
1028 1839 1068 1874 de
1084 1840 1154 1873 aliis
1171 1840 1352 1874 elementis.

297 1885 435 1919 Nullum
458 1896 536 1928 ergo
560 1884 757 1918 elementum
781 1893 829 1918 est
852 1884 986 1918 materia
1017 1883 1058 1918 ad
1085 1884 1146 1918 alia
1169 1884 1330 1918 elementa
1344 1909 1353 1926 ‚

297 1929 354 1962 sed
367 1929 509 2006 cplateria
531 1940 646 1962 eorum
676 1937 724 1962 est
755 1940 842 1969 una,
875 1940 958 1973 quae
983 1937 1032 1962 est
1054 1929 1202 1973 potentia
1231 1940 1352 1962 unum-

321 1985 364 2006 uo
411 1984 462 2006 ue.

298 1985 319 2018 q
356 1985 535 2060 3.qDeinde
559 2028 634 2049 cum
657 2015 748 2050 dicit:
780 2015 894 2050 Tamen
914 2027 1006 2061 neque
1021 2016 1107 2050 aliud
1121 2025 1194 2058 etc.,
1211 2017 1355 2051 ostendit

298 2060 387 2105 quod
401 2060 546 2094 medium
563 2071 681 2104 corpus
693 2061 776 2094 inter
791 2061 901 2104 ignem
918 2070 950 2094 et
968 2072 1087 2102 aerem,
1101 2060 1191 2106 quod
1207 2061 1248 2094 sit
1263 2072 1354 2105 gros-

297 2106 363 2138 sius
380 2106 454 2148 igne
471 2113 503 2138 et
518 2104 666 2138 subtilius
687 2116 770 2145 aere,
786 2104 838 2138 vel
862 2105 960 2138 etiam
983 2104 1130 2138 medium
1146 2106 1230 2139 inter
1245 2117 1353 2139 aerem

296 2158 328 2182 et
351 2160 478 2193 aquam,
501 2148 590 2194 quod
613 2150 654 2182 sit
676 2148 825 2183 subtilius
841 2160 925 2194 aqua
949 2157 981 2182 et
1003 2150 1149 2193 grossius
1173 2161 1262 2190 aere,
1285 2161 1353 2183 non

296 2201 404 2237 potest
425 2204 495 2227 esse
522 2193 655 2226 materia
678 2192 928 2226 elementorum.
953 2193 1043 2234 Quia
1059 2194 1086 2226 si
1102 2193 1183 2227 illud
1207 2193 1354 2228 medium

296 2245 499 2281 supponatur
522 2236 611 2282 quod
627 2245 676 2270 est
690 2237 836 2271 medium
859 2238 940 2271 aeris
964 2245 997 2271 et
1019 2238 1116 2281 ignis,
1135 2246 1192 2271 aut
1207 2237 1288 2272 illud
1304 2247 1354 2272 est

297 2293 372 2314 cum
388 2282 609 2314 contrarietate
625 2281 777 2315 elementi
801 2282 922 2326 prima,
947 2290 1002 2315 aut
1025 2282 1095 2315 sine
1119 2293 1167 2316 ea.
1193 2282 1227 2316 Si
1243 2291 1354 2316 autem

296 2334 345 2358 est
374 2337 449 2358 curn
480 2326 702 2359 contrarietate
732 2326 836 2370 prima
868 2325 1004 2359 alicuius
1035 2326 1187 2360 elementi
1203 2351 1212 2368 ‚
1243 2327 1354 2371 ipsum

296 2378 344 2402 est
367 2368 446 2402 illud
469 2369 687 2403 elementum:
720 2370 796 2414 quia
824 2371 876 2403 cui
900 2371 1054 2404 convenit
1086 2371 1220 2415 propria
1242 2372 1353 2415 passio

296 2412 441 2454 alicuius,
454 2413 500 2446 illi
516 2415 668 2447 convenit
682 2414 865 2447 subiectum
881 2413 967 2447 illius
983 2415 1161 2459 passionis;
1175 2424 1207 2448 et
1222 2416 1269 2448 sic
1284 2426 1354 2449 non

296 2458 355 2490 erit
374 2457 519 2491 medium
534 2458 617 2491 inter
632 2457 806 2492 elementa:
823 2458 913 2504 quod
929 2467 978 2492 est
993 2467 1106 2492 contra
1121 2459 1155 2493 id
1170 2459 1261 2504 quod
1276 2471 1353 2504 sup-

296 2502 440 2550 positum
456 2510 513 2535 est.
538 2502 573 2535 Si
589 2510 698 2536 autern
721 2502 801 2536 illud
824 2514 944 2547 corpus
967 2514 1036 2536 non
1052 2502 1149 2537 habet
1164 2504 1353 2548 passionem

349 2645 375 2679 β)
394 2647 570 2672 haerena...
589 2646 778 2672 transmutatio
796 2647 890 2672 omnis.
909 2658 928 2668 -
945 2647 1072 2672 Notnmus
1087 2647 1215 2673 variantes
1234 2647 1274 2673 Ca
1291 2648 1356 2673 reci-

296 2682 373 2706 tando
390 2681 468 2706 verba
486 2682 516 2707 Β.
534 2681 643 2707 Alberti:
663 2690 678 2706 ‹
698 2682 833 2707 Praeterea
851 2682 895 2715 (p.
913 2682 954 2707 ed.
972 2689 1004 2711 a,
1019 2685 1090 2715 p'uta
1108 2682 1144 2715 C)
1164 2690 1224 2708 cum
1243 2690 1273 2708 ex
1292 2683 1351 2715 igne

296 2715 324 2741 fit
342 2724 385 2742 aet
402 2717 442 2742 vel
461 2724 476 2741 e
495 2724 627 2748 converso,
647 2717 668 2741 si
686 2721 795 2749 utraque
822 2717 905 2742 forma
924 2717 1047 2750 (utrique
1063 2719 1174 2752 sor-mae
1199 2717 1254 2751 Ca)
1274 2718 1355 2750 inest,

297 2751 392 2776 scilicet
410 2751 475 2784 ignis
494 2756 518 2776 et
537 2752 609 2782 aeris,
628 2752 692 2776 sicut
711 2752 769 2777 dicit
787 2752 834 2777 ista
853 2753 947 2785 opinio,
963 2753 1009 2778 erit
1027 2753 1065 2786 (et
1083 2753 1136 2786 Ca)
1156 2754 1224 2778 idem
1243 2754 1355 2779 calidum

297 2792 322 2812 et
340 2787 466 2819 frigidum,
485 2787 507 2811 si
526 2787 679 2812 concedatur
697 2788 783 2820 ignem
802 2793 827 2812 et
846 2795 932 2813 nerem
951 2788 1051 2813 differre
1070 2796 1116 2821 per
1134 2789 1245 2814 calidum
1268 2794 1294 2814 et
1312 2789 1355 2814 fri-

297 2822 384 2854 gidum
404 2822 438 2854 (si
456 2822 648 2848 concedatur...
661 2822 796 2856 frigidum
815 2831 868 2849 om.
883 2823 945 2856 Ca),
960 2824 1021 2856 quia
1039 2823 1124 2849 omnis
1145 2825 1324 2850 transmutatio
1340 2834 1353 2848 ι

297 2857 501 2888 (transmutatio
520 2857 605 2883 omnis
629 2857 693 2890 Ca).
710 2871 729 2877 -
746 2858 831 2883 verba
849 2862 875 2883 et
899 2866 947 2883 aer
965 2859 998 2884 de
1015 2866 1076 2885 se...
1097 2860 1171 2893 Ergo
1196 2859 1356 2892 impossibile

297 2892 323 2917 in
342 2893 382 2918 ed.
401 2900 417 2917 a
436 2893 499 2918 duas
518 2893 598 2918 lineas
616 2898 749 2926 occupant,
769 2901 879 2926 quarum
902 2894 1007 2919 alteram
1026 2894 1204 2928 typographus
1227 2899 1286 2920 ante
1303 2895 1354 2928 pri-

799 230 869 266 DE
899 225 1282 265 GENERATIONE
1310 224 1382 261 ET
1411 220 1794 259 CORRUPTIONE
1824 222 1919 258 LIB.
1949 222 1981 257 ΙΙ

1414 298 1466 331 vel
1488 299 1721 342 proprietatem
1749 297 1980 331 elementarem
1994 322 2003 338 ,
2027 297 2085 331 sed
2114 307 2163 331 est
2194 300 2359 343 privatum
2382 300 2398 318 *
2421 313 2479 335 ea:
2507 309 2518 321 ·
2537 308 2683 336 privatim-

1415 354 1491 375 cum
1511 343 1650 385 privatio
1675 353 1751 374 cum
1775 341 1876 374 altero
1902 353 2032 385 semper
2051 342 2094 374 sit
2117 344 2356 377 contrariorum
2372 344 2481 389 (aliter

1415 387 1503 419 enim
1526 386 1660 418 materia
1684 385 1924 418 elementorum
1948 394 2033 418 esset
2048 397 2067 418 a
2082 385 2188 420 forma
2211 396 2368 431 separata,
2389 389 2480 433 quod

1414 438 1463 463 est
1486 428 1728 473 impossibile),
1752 429 1900 473 sequitur
1924 429 2014 473 quod
2038 429 2072 463 id
2095 430 2243 464 medium
2267 443 2387 476 corpus
2410 444 2480 467 non

1414 474 1456 506 sit
1471 473 1540 506 sine
1558 473 1784 505 contrarietate
1790 485 1800 513 ;
1817 473 1902 505 sicut
1918 472 2052 517 quidam
2069 473 2182 507 dicunt
2200 475 2291 519 quod
2307 476 2418 520 ipsum
2431 486 2481 510 est

1414 516 1581 561 quoddam
1609 515 1790 556 infinitum,
1813 527 1882 550 non
1906 516 2028 550 habens
2060 517 2249 562 qualitatem
2277 519 2420 564 aliquam
2447 530 2480 554 et

1414 561 1525 594 omnia
1548 559 1841 604 comprehendens.
1877 560 2000 594 Similis
2029 570 2140 595 autem
2162 563 2246 596 ratio
2269 572 2340 604 est,
2371 564 2479 609 quod-

1414 616 1555 649 cumque
1567 604 1688 637 horum
1699 603 1886 637 mediorum
1905 605 1919 630 3
1933 616 2004 638 esse
2020 606 2154 639 materia
2167 606 2407 641 elementorum
2419 620 2479 652 po-

1413 658 1516 682 natur.
1531 649 1619 691 Ergo
1636 656 1692 681 aut
1706 647 1789 680 nihil
1803 648 1866 681 tale
1879 657 1928 681 est
1939 648 2098 690 medium,
2111 659 2167 683 aut
2182 650 2264 684 illud
2279 660 2329 685 est
2344 652 2479 697 aliquod

1413 701 1554 737 quatuor
1577 692 1833 725 elementorum:
1866 692 1956 737 quod
1985 702 2034 726 est
2062 703 2176 727 contra
2207 696 2418 738 positionem.
2443 697 2479 730 Si

1413 748 1491 780 ergo
1511 748 1579 770 non
1594 745 1705 813 potest
1728 747 1799 769 esse
1823 735 1958 781 aliquod
1981 749 2102 782 corpus
2126 738 2278 772 sensibile
2301 740 2392 784 prius
2408 740 2478 774 istis

1413 789 1554 825 quatuor
1575 792 1592 813 e
1607 780 1755 821 ementis,
1774 791 1907 814 necesse
1931 790 1981 814 est
2000 790 2037 815 ut
2059 783 2130 826 ipsa
2154 787 2295 827 quatuo‘r
2317 783 2479 819 elementa

1412 826 1478 857 sint
1493 825 1652 868 principia
1667 835 1846 868 corporum
1861 825 2075 859 sensibilium.

1469 869 1721 902 Commentator
1751 877 1862 902 autem
1892 869 1983 903 aliter
2015 870 2149 904 deducit
2178 871 2275 905 istam
2304 872 2477 906 rationem.

1411 913 1501 946 Dicit
1515 913 1615 951 enim,
1631 911 1722 957 quod
1738 913 1766 945 si
1782 921 1925 957 ponatur
1948 913 2083 958 aliquod
2100 926 2220 959 corpus
2241 915 2390 950 medium
2405 927 2478 950 esse

1411 957 1581 989 materiam
1597 956 1849 997 elementorum,
1865 958 2015 1002 sequitur
2030 958 2118 992 idem
2134 959 2371 994 inconveniens
2387 961 2478 1005 quod

1411 999 1622 1044 contingebat
1665 1000 1840 1034 onentibus
1865 1013 1971 1036 unum
1994 1001 2234 1037 elementorum
2258 1013 2391 1038 aereum
2406 1015 2478 1038 esse

1411 1044 1605 1096 subiectum.
1655 1046 1786 1090 equitur
1809 1046 1898 1079 enim
1921 1047 2083 1080 contraria
2105 1058 2176 1080 esse
2192 1048 2227 1080 in
2243 1047 2376 1082 eodem:
2400 1049 2479 1093 quia

1411 1100 1488 1122 cum
1511 1099 1620 1122 omms
1645 1090 1876 1123 transmutatio
1892 1090 1935 1123 sit
1957 1091 1992 1124 in
2016 1092 2176 1124 contraria
2191 1100 2225 1125 et
2239 1103 2279 1125 ex
2295 1093 2478 1133 contrariis,

1410 1142 1448 1166 ut
1469 1145 1568 1177 supra
1594 1133 1675 1179 dixit
1698 1133 1943 1178 Philosophus,
1973 1146 2050 1168 cum
2073 1146 2113 1168 ex
2135 1135 2193 1169 tali
2216 1147 2355 1180 corpore
2377 1147 2478 1188 gene-

1409 1186 1499 1211 ratur
1514 1189 1569 1211 aer
1583 1177 1636 1211 vel
1652 1177 1740 1211 aliud
1763 1178 1976 1220 elementum,
2000 1180 2034 1212 in
2053 1178 2172 1213 eodem
2190 1189 2287 1214 erunt
2305 1179 2478 1225 qualitates

1410 1223 1514 1266 ipsius
1546 1222 1692 1266 corporis
1725 1222 1848 1263 medii,
1880 1234 1956 1256 cum
1992 1223 2104 1267 ipsum
2133 1224 2168 1257 in
2203 1225 2478 1259 transmutatione

1409 1265 1592 1300 secundum
1616 1266 1830 1300 substantiam
1852 1276 2054 1318 permaneat,
2078 1276 2111 1301 et
2129 1267 2300 1312 qualitates
2324 1269 2408 1302 aeris
2422 1279 2478 1313 ge-

1409 1311 1511 1352 nerati
1524 1336 1534 1351 ‚
1562 1321 1643 1355 quas
1671 1310 1711 1344 de
1734 1320 1927 1344 necessnate
1950 1310 2014 1344 illis
2039 1320 2171 1356 oportet
2193 1323 2265 1346 esse
2288 1313 2478 1347 contrarias.

1410 1355 1566 1399 Sequitur
1582 1355 1681 1388 etiam
1697 1354 1879 1388 secundum
1902 1367 1980 1389 eum
2004 1355 2086 1389 illud
2101 1367 2173 1390 esse
2190 1367 2248 1390 ens
2264 1365 2298 1390 et
2312 1367 2383 1391 non
2397 1366 2476 1395 ens:

1409 1399 1486 1444 quia
1502 1410 1579 1432 cum
1595 1410 1700 1432 unum
1723 1407 1774 1432 est
1795 1400 1937 1443 privatio
1961 1399 2104 1441 alterius,
2128 1409 2161 1434 et
2184 1401 2325 1445 privatio
2343 1409 2478 1435 estnon

1409 1454 1478 1484 ens,
1494 1442 1679 1477 secundum
1702 1454 1808 1476 unum
1831 1445 2071 1478 contrariorum
2094 1453 2144 1478 est
2159 1456 2229 1486 ens,
2245 1453 2279 1479 et
2292 1445 2478 1481 secundum

1408 1487 1497 1521 aliud
1519 1495 1570 1520 est
1591 1498 1661 1521 non
1684 1499 1752 1521 ens.

1463 1542 1494 1574 4.
1519 1530 1648 1565 Ultimo
1665 1540 1776 1565 autem
1792 1543 1869 1567 cum
1886 1532 1981 1567 dicit:
2005 1532 2128 1567 Necesse
2150 1533 2244 1577 igitur
2266 1539 2308 1567 est
2327 1541 2401 1575 etc.,
2427 1544 2478 1567 re-

1409 1575 1618 1620 capitulando
1635 1575 1804 1609 concludit
1819 1576 1998 1621 principale
2014 1578 2236 1621 propositum,
2257 1577 2371 1612 dicens
2385 1576 2479 1629 quod

1408 1620 1469 1654 ista
1493 1631 1632 1697 corpora
1655 1628 1712 1653 aut
1734 1631 1865 1664 semper
1887 1621 2054 1654 manentia
2077 1630 2154 1655 sunt
2170 1622 2205 1655 in
2221 1621 2336 1655 formis
2359 1633 2429 1656 stus
2444 1630 2478 1656 et

1408 1665 1547 1698 immuta
1570 1664 1625 1697 ilia
1647 1665 1801 1705 invicem,
1820 1673 1878 1698 aut
1899 1673 2160 1699 transmutantur
2181 1665 2382 1708 adinvicem
2401 1666 2479 1705 etsi

1398 1717 1689 1749 transmutantur,
1712 1717 1770 1742 aut
1793 1709 1905 1742 omnia
1928 1717 2187 1743 transmutantur
2201 1734 2210 1751 ,
2234 1718 2291 1744 aut
2314 1709 2478 1755 quaedam

1408 1753 1455 1786 sic
1471 1761 1504 1786 et
1518 1752 1680 1798 quaedam
1697 1763 1780 1786 non:
1805 1753 1891 1786 sicut
1907 1752 2002 1788 Plato
2021 1754 2150 1798 scripsit
2164 1754 2199 1787 in
2215 1753 2371 1795 Timaeo,
2386 1753 2479 1800 quod

1408 1805 1492 1830 terra
1511 1800 1646 1842 propter
1662 1795 1868 1831 latitudinem
1881 1808 2020 1831 suorum
2035 1797 2279 1842 triangulorum
2291 1809 2363 1832 non
2377 1802 2480 1833 t'r'ans-

1407 1850 1564 1875 mutatur.
1590 1840 1656 1875 Sed
1679 1839 1892 1874 manifestum
1915 1850 1965 1875 est
1988 1841 2079 1886 quod
2102 1842 2216 1876 omnia
2239 1841 2403 1877 elementa
2425 1841 2478 1877 ad-

1408 1886 1551 1919 invicem
1574 1893 1854 1926 transmutantur;
1885 1897 1955 1919 non
1983 1895 2095 1920 tamen
2117 1886 2231 1920 omnia
2260 1897 2365 1931 aeque
2386 1886 2477 1921 cito:

1408 1930 1486 1974 quia
1508 1941 1546 1963 ea
1570 1941 1654 1975 quae
1678 1928 1799 1962 habent
1821 1928 2024 1974 symbolum,
2047 1930 2144 1964 citius
2166 1929 2478 1975 generanturadin-

1407 1975 1525 2015 vicem,
1549 1971 1633 2019 qua‘e
1657 1982 1768 2007 autem
1791 1985 1861 2008 non
1884 1973 2015 2015 habent,
2036 1974 2169 2008 tardius.
2187 1975 2223 2009 Si
2246 1975 2337 2008 enim
2358 1975 2395 2009 in
2414 1973 2479 2008 ele-

1407 2019 1527 2051 mentis
1543 2027 1592 2052 est
1608 2018 1818 2051 contrarietas
1842 2029 1908 2051 una
1931 2027 2072 2059 tantum,
2096 2030 2230 2053 necesse
2253 2027 2304 2053 est
2319 2030 2395 2053 esse
2409 2017 2479 2053 duo

1408 2061 1586 2103 elementa,
1611 2063 1688 2107 quia
1711 2073 1816 2096 unum
1840 2061 1951 2096 solum
1974 2073 2044 2099 non
2068 2071 2178 2108 potest
2201 2074 2273 2097 esse
2295 2061 2397 2098 simul
2415 2061 2481 2102 sub

1408 2105 1539 2140 duobus
1560 2107 1744 2141 contrariis:
1769 2115 1802 2140 et
1825 2107 1960 2140 materia
1983 2116 2062 2142 tunc
2086 2116 2135 2141 est
2157 2107 2307 2141 medium
2322 2106 2478 2142 duorum.

1409 2150 1474 2185 Sed
1498 2151 1574 2196 quia
1597 2162 1660 2185 nos
1683 2149 1835 2184 videmus
1858 2150 1950 2196 quod
1974 2151 2136 2186 elementa
2159 2160 2238 2185 sunt
2260 2151 2354 2196 plura
2399 2162 2478 2186 uam

1408 2194 1488 2236 duo,
1504 2206 1637 2229 necesse
1661 2204 1711 2228 est
1733 2194 1774 2228 ad
1789 2195 1900 2228 minus
1919 2196 1985 2229 sint
2007 2195 2092 2231 duae
2116 2196 2373 2239 contrarietates,
2422 2207 2479 2230 ua-

1407 2239 1468 2273 bus
1497 2248 1608 2273 autem
1638 2239 1852 2273 existentibus
1885 2239 2168 2274 contrarietatibus
2198 2239 2404 2284 impossibile
2429 2248 2480 2274 est

1408 2283 1499 2328 quod
1522 2283 1684 2318 elementa
1707 2284 1773 2317 sint
1796 2292 1925 2317 tantum
1948 2284 2020 2325 tria,
2036 2284 2095 2319 sed
2118 2293 2251 2329 oportet
2273 2283 2314 2319 de
2336 2284 2479 2318 necessi-

1408 2336 1473 2362 tate
1497 2327 1588 2373 quod
1611 2329 1677 2361 sint
1700 2337 1851 2373 quatuor.
1870 2327 1941 2362 Tot
1965 2329 2054 2363 enim
2075 2329 2237 2373 contingit
2258 2327 2330 2362 fieri
2353 2326 2449 2363 utiles
2462 2327 2479 2345 *
2507 2332 2518 2342 '

1409 2373 1659 2416 coniugationes
1683 2371 1891 2416 tangibilium
1915 2372 2122 2416 qualitatum,
2145 2384 2247 2417 penes
2272 2383 2354 2424 quas
2376 2371 2479 2406 sumi·

1407 2425 1461 2450 tur
1490 2427 1648 2450 numerus
1672 2415 1934 2458 elementorum;
1965 2425 2044 2451 sunt
2070 2417 2160 2451 enim
2183 2417 2218 2451 in
2241 2427 2400 2451 universo
2421 2426 2479 2450 sex

1408 2461 1659 2504 ‚coniugationes
1683 2459 1741 2494 sed
1766 2460 1849 2494 duae
1880 2469 1958 2494 sunt
1981 2460 2216 2506 impossibiles:
2241 2469 2279 2494 ut
2300 2470 2402 2506 supra
2423 2471 2479 2506 pa-

1409 2505 1490 2546 tuit,
1517 2505 1594 2550 quia
1619 2505 1780 2538 contraria
1805 2514 1914 2538 essent
1939 2505 1973 2538 in
1997 2504 2126 2539 eodem.

1408 2655 1479 2674 marn
1497 2649 1670 2682 musponui15
1689 2648 1710 2673 C
1729 2656 1782 2674 non
1801 2649 1980 2675 animadvertit
1997 2656 2115 2675 errorem
2121 2656 2129 2680 ;
2149 2657 2198 2682 pro
2215 2648 2320 2682 aliquid

1409 2684 1480 2716 quod
1498 2684 1610 2717 legimus
1628 2691 1690 2709 cum
1709 2684 1749 2709 Ca
1767 2688 1793 2709 et
1810 2685 1840 2709 B.
1859 2684 1976 2716 Alberto,
1995 2684 2102 2718 quidem
2114 2684 2238 2719 frigidus
2256 2684 2302 2711 Pb.

1461 2719 1488 2753 γ)
1507 2726 1654 2745 commune.
1667 2733 1685 2738 -
1698 2719 1856 2752 contingens
1870 2720 1908 2745 Ca
1915 2727 1924 2748 ,·
1942 2721 2003 2745 item
2019 2727 2068 2753 pro
2081 2719 2118 2745 Et
2130 2719 2195 2746 haec
2208 2723 2249 2745 est
2261 2719 2409 2746 communis
2422 2727 2479 2746 una·

1408 2754 1478 2780 teria
1502 2761 1582 2787 quae,
1604 2755 1640 2780 Et
1664 2754 1713 2780 hoc
1736 2755 1882 2780 contrariis
1908 2755 1934 2780 ίη
1959 2762 2039 2788 quin,-
2058 2755 2094 2780 1²1³
2120 2760 2232 2788 utroque
2257 2756 2315 2780 1000
2342 2755 2433 2788 legunt
2449 2760 2480 2781 ut

1407 2790 1437 2815 B.
1457 2790 1588 2815 Albertus.

1461 2823 1486 2858 ὃ)
1506 2825 1664 2851 mediorum.
1676 2838 1696 2845 -
1714 2825 1749 2850 ltu
1767 2825 1823 2851 &ab
1841 2831 1868 2851 et
1885 2826 1915 2851 B.
1934 2825 2072 2857 Albanum
2092 2825 2208 2852 medium
2223 2825 2283 2851 P.-
2301 2825 2479 2860 &gesat-

1407 2860 1596 2886 elementorum
1614 2868 1669 2887 om.
1685 2860 1740 2889 Ca‚·
1758 2861 1789 2887 Β.
1806 2861 1943 2886 Alba-tus:
1963 2870 1978 2886 ‹
1998 2869 2061 2894 ergo
2079 2866 2123 2887 aut
2141 2860 2204 2887 nihil
2222 2860 2275 2887 nie
2292 2865 2335 2898 qn
2349 2860 2478 2909 ψ

1408 2901 1451 2921 aut
1469 2896 1554 2928 ipsum
1574 2901 1614 2922 est
1632 2896 1738 2929 aliquod
1757 2896 1847 2922 talium
1865 2897 2065 2922 elementorum.
2086 2906 2099 2920 ι
2274 2921 2280 2926 ,
2319 2899 2322 2904 ’
