2782 4134
182 424 213 440 Χκ

337 282 406 328 196
1027 280 1098 317 DE
1128 280 1303 316 CAELO
1333 280 1404 316 ET
1433 279 1628 316 MUNDO
1659 280 1753 316 LIB.
1785 281 1816 316 II

330 359 510 396 scinditur
530 366 565 396 et
584 359 762 396 atteritur.
793 359 930 396 Adhuc
959 366 1107 405 autern,
1139 370 1227 395 cum
1258 358 1393 394 eadem
1449 358 1542 394 ratio
1571 370 1731 395 movere
1753 357 1795 404 λ),
1825 359 1876 396 ita
1904 366 2026 396 terrae
2056 358 2227 407 operatio
2249 366 2305 396 est
2333 367 2430 397 stare
2453 361 2516 398 vel

330 412 375 449 sit
403 420 536 449 natura
564 412 677 449 totius
707 420 743 448 et
769 412 896 460 partis,
918 412 1013 448 sicut
1032 419 1068 447 et
1086 411 1189 447 idem
1210 418 1338 447 motus
1352 417 1391 457 ¹¹,
1448 410 1654 458 quiescere.
1678 412 1755 449 Sed
1778 412 1817 449 in
1836 413 1911 449 hoc
1931 412 2082 449 fallitur:
2103 412 2193 460 quia
2212 419 2311 449 stare
2329 414 2391 450 vel
2411 413 2516 462 quie-

330 465 359 502 si
379 473 477 502 terra
496 472 574 502 tota
594 466 751 502 haberet
777 465 944 501 animam
971 464 1249 509 intellectivam,
1280 475 1392 511 opor·
1447 476 1551 500 scere
1584 477 1663 501 non
1693 473 1749 501 est
1774 466 1967 514 operatio,
1997 466 2063 503 sed
2092 465 2254 515 privatio
2284 466 2516 514 operationis

329 525 423 554 teret
442 518 546 567 quod
566 518 755 567 quaelibet
773 530 860 566 pars
881 518 959 553 eius
976 517 1097 553 divisa
1113 523 1211 552 esset
1226 515 1392 552 animata
1445 517 1508 553 vel
1532 524 1671 554 motus.
1698 518 1809 555 Unde
1836 531 1924 555 curn
1946 519 2145 555 cuiuslibet
2158 518 2324 556 viventis
2344 519 2515 568 corporis

330 579 366 608 et
399 565 626 619 intelligens;
664 578 699 607 et
733 570 838 619 quod
874 569 1028 606 ulterius
1064 568 1194 605 omnia
1230 581 1392 617 corpora
1447 577 1621 618 oporteat
1650 583 1731 608 esse
1764 571 1930 621 aliquam
1965 572 2230 621 operationem
2264 571 2386 619 vitae,
2417 584 2514 621 quae

329 623 455 671 mixta,
477 624 515 661 in
535 624 672 673 quibus
691 631 788 660 terra
808 622 1101 671 superabundat,
1132 629 1258 658 essent
1285 622 1389 668 talia3
1446 631 1627 671 appareat
1645 624 1683 660 in
1703 624 1786 673 ipso
1808 637 1981 674 corpore,
2003 633 2040 662 et
2063 638 2142 662 non
2171 626 2295 662 solum
2325 625 2363 662 in
2388 625 2516 662 anima

328 677 434 724 quod
455 685 510 713 est
529 677 725 714 derisibile.
747 697 770 703 —
791 675 907 712 Addit
927 675 1039 712 etiarn
1061 675 1164 731 quod
1189 675 1273 711 licet
1292 682 1391 712 terra
1445 676 1635 725 (alioquin
1670 678 1804 714 frustra
1840 678 1991 727 corpori
2026 679 2234 726 uniretur),
2269 678 2515 715 manifestum

328 737 409 775 stet,
430 730 544 766 habet
571 737 699 766 tamen
721 729 886 777 aliquam
907 728 1180 777 operationem,
1206 740 1305 776 quae
1335 735 1391 765 est
1445 737 1501 765 est
1520 730 1539 750 *
1568 731 1672 777 quod
1706 737 1826 778 terra,
1862 730 1901 768 in
1939 731 2046 768 cuius
2081 744 2242 781 corpore
2275 733 2378 769 nulla
2410 731 2514 769 vitae

327 782 452 831 ipsum
482 790 594 829 stare3
625 790 665 819 ut
693 782 787 818 sicut
816 781 985 818 caelestis
1015 781 1185 830 corporis
1215 788 1270 817 est
1299 793 1388 829 ope·
1444 783 1615 831 operatio
1645 791 1812 832 apparet,
1842 796 1921 822 non
1948 792 2074 833 potest
2102 798 2184 822 esse
2213 785 2391 822 animata.

379 948 419 982 κκ)
439 949 507 974 sicut
520 952 546 974 et
561 949 629 974 idem
650 952 743 973 motus.
757 962 778 967 -
791 948 859 973 sicut
873 951 899 973 et
914 948 982 973 idem
996 952 1036 974 est
1052 952 1139 974 morus
1158 950 1179 973 A
1187 956 1194 979 ;
1209 953 1256 973 cet.
1273 957 1391 974 con-um-
1498 947 1545 983 λλ)
1566 956 1677 974 movere.
1691 963 1709 968 —
1724 957 1831 975 manere
1845 951 1868 975 A
1886 956 2014 984 corrupte.
2026 965 2046 970 —
2059 953 2151 978 Statim
2165 953 2207 978 vel
2225 953 2358 986 quiescere
2369 961 2424 980 om.
2438 954 2513 979 codd.

324 990 389 1016 punt
407 985 475 1009 sicut
492 985 517 1008 in
536 985 580 1015 sic,
600 990 756 1016 et>sequens
777 987 834 1009 tota
853 985 878 1008 in
898 988 979 1009 mota.
1443 984 1511 1008 -Ibi
1530 985 1594 1017 quia
1612 988 1692 1014 stare,
1713 985 1732 1009 P
1752 993 1805 1010 om.
1820 986 1891 1018 quia.

2633 365 2670 392 λλ

2541 740 2552 751 ’
2567 741 2645 761 autem
2655 740 2709 762 add.
2719 746 2743 762 ι’.
