2782 4134
1080 248 1192 285 CAP.
1222 248 1326 296 VIII,
1357 249 1510 287 LECT.
1539 250 1628 287 XVI

2407 253 2456 290 63

878 453 1181 527 LECTIO
1219 455 1762 513 DECIMASEXT
1763 457 1824 512 A

658 602 831 634 DUABUS
859 602 1123 634 RATIONIBUS
1151 603 1333 634 SUMPTIS
1362 604 1420 634 EX
1450 604 1750 637 INFERIORIBUS
1779 605 2051 638 CORPORIBUS

799 655 1082 687 OSTENDITUR
1100 656 1200 687 ESSE
1223 657 1542 689 TANTUMMODO
1566 659 1692 690 UNUM
1716 659 1910 691 MUNDUM

255 777 349 810 Διότι
373 771 403 807 δ’
434 770 512 807 οὐδὲ
536 775 670 811 πλείους
705 771 807 806 οἶόντ’
838 773 995 827 οὐρανούς
1022 770 1130 814 εἶναι,
1155 772 1326 819 λέγωμεν·
1383 775 1400 794 *
1415 775 1500 813 Quia
1523 783 1630 807 autem
1654 787 1757 818 neque
1787 778 1893 818 plures
1916 778 2065 819 possibile
2089 778 2130 809 sit
2152 788 2218 809 esse
2242 778 2357 817 caelos,
2373 778 2456 809 dica-

321 822 429 854 τοῦτο
460 819 526 866 γοὶρ
560 818 685 862 ἔφαμεν
718 818 966 859 ἐπισκεπτεον,
994 819 1023 849 εἴ
1048 829 1098 855 τις
1130 818 1176 862 μή
1202 819 1329 862 νομίζει

319 863 469 898 καθόλου
493 859 669 908 δεδεῖχθαι
695 865 768 906 περὶ
795 863 862 895 τῶν
887 862 1056 907 σωμοίτων
1080 861 1135 895 ὅτι
1155 859 1328 895 ἀδύνατον

322 909 420 948 ἐκτὸς
444 905 532 940 εἶναι
557 909 620 940 τοῦ
649 905 777 951 κόσμου
804 902 906 941 τοῦδε
933 908 1050 940 ὁτιοῦν
1077 907 1210 949 αὐτῶν,
1240 907 1331 940 ἀλλοί

319 953 421 1000 μόνον
440 954 496 986 ἐπὶ
514 953 580 986 τῶν
601 953 765 997 ἀορίστως
786 951 946 997 κειμένων
963 951 1116 995 εἰρῆσθαι
1135 952 1194 985 τὸν
1209 952 1327 999 λόγον.

245 1043 412 1076 Ἀπαντα
434 1042 500 1089 γὰρ
525 1030 585 1074 καὶ
609 1041 700 1086 μένει
724 1043 783 1074 καὶ
807 1045 954 1074 κινεῖται
980 1041 1038 1083 βίᾳ
1062 1043 1122 1074 καὶ
1145 1042 1243 1074 κατοὶ
1270 1041 1328 1086 φύ-

319 1099 392 1130 σιν,
418 1088 477 1119 καὶ
500 1086 598 1120 κατοὶ
621 1085 718 1130 φύσιν
743 1086 824 1130 μέν,
853 1084 885 1119 ἐν
912 1086 935 1127 ᾦ
961 1085 1052 1131 μένει
1084 1086 1132 1131 μή
1164 1087 1243 1128 βίᾳ,
1269 1088 1328 1118 καὶ

319 1132 472 1178 φέρεται,
490 1133 548 1164 καὶ
574 1132 620 1170 εἰς
646 1131 681 1163 ὃν
706 1133 860 1176 φέρεται,
882 1133 940 1163 καὶ
965 1131 1071 1176 μένει,
1091 1132 1123 1163 ἐν
1151 1132 1174 1174 ᾦ
1199 1127 1237 1164 δὲ
1254 1131 1326 1172 βίᾳ,

319 1179 379 1210 καὶ
403 1176 544 1235 φέρεται
569 1176 649 1217 βία,
673 1177 733 1208 καὶ
766 1175 811 1214 εἰς
838 1176 872 1208 ὃν
901 1175 958 1216 βίᾳ
990 1175 1153 1221 φέρεται,
1180 1177 1238 1218 βία
1269 1177 1328 1208 καὶ

247 1219 434 1266 ἐ»>>μένε”ι“.’
465 1223 527 1254 Ετι
545 1221 572 1253 εἱ
590 1221 649 1262 βίᾳ
667 1215 728 1258 ἥδε
747 1221 767 1257 ἦ
785 1220 885 1266 φοραί,
905 1221 925 1258 ἡ
945 1221 1087 1253 ἐναντία
1103 1221 1201 1254 κατὰ
1217 1219 1325 1266 φύσιν.

248 1348 328 1384 Ἐπὶ
352 1344 390 1382 δὲ
415 1348 458 1382 τὸ
482 1347 584 1392 μέσον
618 1346 660 1379 τὸ
691 1345 843 1379 ἐνταῦθα
867 1347 897 1378 εἰ
917 1347 976 1388 βία
1008 1345 1210 1384 οἰσθήσεται
1235 1348 1256 1385 ἡ
1281 1349 1327 1394 γῆ

320 1393 459 1435 ἐκεῖθεν,
486 1390 640 1426 ἐντεῦθεν
668 1389 867 1428 οἰσθήσεται
892 1388 962 1423 ἐκεῖ
984 1391 1082 1424 κατὰ
1104 1391 1218 1437 φύσιν·

251 1441 312 1472 καὶ
336 1439 364 1472 εἰ
389 1438 486 1483 μένει
502 1435 654 1470 ἐνταῦθα
679 1436 700 1472 ή
728 1434 851 1467 ἐκεῖθεν
876 1435 924 1480 μή
949 1435 1022 1477 βίᾳ,
1048 1437 1107 1468 καὶ
1125 1436 1328 1474 οἰσθήσεται

251 1486 255 1490 “
318 1483 417 1516 κατα
439 1481 535 1527 φύσιν
560 1476 671 1523 δεῦρο.
707 1481 778 1512 Μία
802 1475 832 1511 δ’
861 1481 883 1516 ἡ
906 1480 1006 1513 κατα
1029 1479 1139 1525 φύσιν.

245 1529 323 1563 Ἔτι
349 1526 482 1573 ἀνάγκη
508 1527 646 1563 πάντας
671 1524 751 1562 τούς
776 1523 922 1569 κόσμους
948 1522 984 1556 ἐκ
1010 1526 1077 1556 τῶν
1104 1526 1220 1558 αὐτῶν
1242 1522 1327 1557 εἶναι

293 1601 298 1606 ,
319 1571 512 1618 σωμάτων,
539 1571 674 1613 ὁμοίους
698 1569 728 1615 γ’
759 1568 862 1607 ὄντας
895 1568 959 1604 τήν
985 1568 1094 1608 φύσιν.
1127 1570 1236 1603 ’Δλλσὶ
1261 1570 1326 1614 μην

317 1619 378 1650 καὶ
409 1617 478 1650 τῶν
511 1614 680 1659 σωμάτων
714 1612 860 1646 ἕκαστον
892 1613 1082 1661 ἀναγκαῖον
1116 1615 1180 1652 τήν
1215 1614 1327 1652 αὐτήν

318 1662 409 1708 ἔχειν
434 1656 600 1703 δύναμιν,
629 1659 698 1691 οἷον
722 1657 812 1705 λέγω
839 1656 904 1704 πῦρ
937 1661 996 1691 καὶ
1021 1660 1085 1706 γῆν
1115 1661 1175 1692 καὶ
1201 1660 1249 1693 τοὶ
1272 1672 1330 1704 με-

319 1706 410 1749 ταξῦ
435 1704 588 1740 τούτων·
615 1704 644 1735 εἱ
664 1702 730 1749 γοίρ
750 1702 912 1748 ὁμώνυμα
933 1704 1052 1736 ταῦτα
1075 1706 1135 1736 καὶ
1160 1704 1206 1747 μή
1231 1705 1330 1738 κατοὶ

319 1751 384 1789 τήν
411 1749 523 1787 αἰτήν
547 1744 644 1781 ἰδέαν
664 1747 830 1794 λέγονται
849 1747 951 1781 τάκεῖ·
966 1752 1038 1787 τοῖς
1056 1747 1136 1795 παρ’
1157 1750 1252 1794 ήμῖν,
1269 1751 1327 1782 καὶ

319 1797 362 1831 τὸ
387 1797 456 1828 πᾶν
483 1793 666 1838 ὁμωνύμως
693 1792 732 1825 ἂν
756 1792 898 1840 λέγοιτο
921 1792 1061 1838 κόσμος.
1088 1795 1196 1831 Δῆλον
1215 1796 1325 1827 τοίνυν

321 1840 375 1874 ὅτι
401 1839 442 1874 τὸ
468 1839 527 1885 μὲν
556 1838 626 1872 ἀπο
652 1838 714 1871 τοῦ
739 1837 843 1881 μέσου
869 1836 1028 1883 φέρεσθαι
1053 1838 1201 1882 πέφυκε,
1229 1839 1270 1872 τὸ
1294 1835 1325 1871 δ’

320 1886 378 1919 ἐπὶ
403 1885 445 1918 τό
469 1883 572 1930 μέσον
606 1883 742 1923 αὐτῶν,
769 1884 861 1927 εἴπερ
887 1883 955 1915 πᾶν
983 1879 1169 1928 ὀμοιοειδὲς
1194 1884 1237 1917 τὸ
1262 1885 1327 1929 πῦρ

320 1931 369 1972 τῷ
395 1931 472 1973 πυρὶ
497 1931 554 1961 καὶ
582 1928 648 1960 τῶν
675 1926 788 1960 ἄλλων
814 1926 975 1969 ἕκαστον,
1001 1927 1112 1973 ὥσπερ
1135 1930 1195 1961 καὶ
1221 1929 1268 1962 τοὶ
1294 1927 1326 1961 ὲν

321 1974 435 2016 τούτῳ
488 1972 563 2017 όρια
589 1972 652 2004 τοῦ
678 1971 792 2016 πυρός.

241 2019 323 2054 Ὅτι
345 2014 376 2051 δ’
407 2019 539 2065 ἀναγκη
567 2015 675 2054 οὕτως
702 2016 809 2061 ἔχειν,
837 2015 873 2048 ἐκ
898 2016 965 2049 τῶν
992 2018 1067 2060 περὶ
1093 2017 1156 2055 τοὶς
1181 2016 1328 2056 κινήσεις

319 2063 511 2097 ὑποθέσεων
536 2060 698 2107 φανερόν·
725 2060 761 2092 αἳ
787 2073 825 2094 τε
849 2061 915 2107 γαῖρ
939 2060 1087 2099 κινήσεις
1113 2062 1327 2107 πεπερασμέ-

318 2120 390 2151 ναι,
407 2105 556 2141 ἔκαστόν
574 2118 614 2139 τε
632 2106 699 2138 τῶν
719 2107 899 2150 στοιχείων
915 2104 1059 2152 λέγεται
1079 2105 1155 2139 καθ’
1178 2107 1327 2145 ἑκοίστην

320 2155 388 2188 τῶν
412 2151 588 2189 κινήσεων.
618 2147 715 2182 'fler'
736 2151 829 2192 εἴπερ
848 2151 908 2182 καὶ
930 2153 964 2182 αἱ
984 2149 1131 2189 κινήσεις
1149 2153 1185 2183 αἰ
1204 2152 1326 2193 αὐταί,

318 2200 377 2230 καὶ
403 2197 452 2230 τοὶ
475 2198 634 2240 στοιχεῖα
661 2191 794 2240 ἀνάγκη
821 2191 908 2227 εἶναι
934 2197 1120 2241 πανταχοῦ
1147 2197 1280 2230 ταύτά.

250 2242 396 2289 Πέφυκεν
416 2242 482 2287 ἄρα
502 2239 660 2286 φέρεσθαι
683 2241 743 2270 καὶ
761 2239 817 2271 ἐπὶ
838 2234 918 2272 τόδε
937 2239 978 2272 τό
993 2237 1097 2293 μέσον
1115 2240 1163 2273 τοὶ
1185 2238 1217 2272 ἐν
1237 2241 1328 2282 ἄλλῳ

318 2286 433 2332 κόσμῳ
459 2287 522 2323 τῆς
547 2285 611 2331 γῆς
637 2282 752 2328 μόρια,
770 2285 830 2316 καὶ
855 2284 936 2328 πρὸς
959 2278 1039 2317 τοδε
1058 2284 1100 2317 τὸ
1118 2284 1154 2317 ἔσ
1183 2296 1267 2318 ατον
1288 2286 1329 2317 το“

321 2333 391 2365 ἐκεῖ
410 2331 487 2376 πῦρ.
521 2328 615 2361 Ἀλλ’
638 2322 830 2362 ἀδύνατον·
853 2327 982 2361 τούτου
999 2328 1064 2375 γοὶρ
1082 2341 1147 2373 συμ
1174 2333 1329 2368 αίνοντος

287 2404 291 2405 ⁷
321 2375 454 2422 ἀνάγκη
481 2373 638 2419 φέρεσθαι
665 2372 733 2404 ἄνω
758 2373 818 2417 μέν
844 2373 908 2409 τήν
933 2374 998 2419 γῆν
1020 2373 1054 2405 ἐν
1073 2375 1123 2416 τῷ
1141 2376 1249 2416 οἰκείῳ
1272 2374 1329 2406 κό-

317 2433 411 2466 σμῳ,
439 2419 480 2452 τὸ
505 2414 543 2451 δὲ
568 2418 634 2462 πῦρ
660 2417 715 2449 ἐπὶ
741 2418 783 2450 τὸ
811 2416 934 2462 μέσον,
969 2419 1089 2462 ὁμοίως
1114 2414 1153 2451 δὲ
1179 2422 1237 2452 καὶ
1263 2419 1328 2456 τήν

320 2463 476 2499 ἐντεῦθεν
505 2463 570 2511 γῆν
597 2461 667 2495 ἀπὸ
693 2462 756 2494 τοῦ
780 2461 884 2506 μέσου
909 2462 1067 2507 φέρεσθαι
1097 2463 1194 2498 κατοὶ
1219 2463 1327 2508 φύσιν,

321 2510 403 2554 πρὸς
428 2509 470 2541 τὸ
496 2509 567 2541 ἐκεῖ
589 2505 772 2552 φερομένην
797 2506 899 2552 μέσον
924 2502 985 2540 διαὶ
1009 2506 1051 2539 τὸ
1078 2508 1158 2546 τούς
1183 2507 1328 2554 κόσμους

321 2554 413 2588 οὕτω
436 2551 569 2586 κεῖσθαι
594 2550 676 2597 πρὸς
703 2550 884 2590 ἀλλήλους.
913 2551 962 2583 ‘¹11
980 2550 1046 2597 γοὶρ
1064 2552 1103 2584 οὗ
1128 2552 1245 2586 Θετέον
1264 2553 1328 2591 τήν

282 2619 285 2620 ⁷
321 2595 536 2642 αὕτήνιεῖναι
552 2596 649 2641 φύσιν
667 2596 734 2628 τῶν
755 2597 871 2629 οἱπλῶν
888 2598 1057 2642 σωμάτων
1076 2598 1109 2630 ἒν
1127 2601 1199 2636 τοῖς
1217 2599 1332 2630 πλείο-

321 2656 373 2678 σιν
398 2644 566 2688 οὒρανοῐς,
592 2640 614 2678 ἦ
637 2639 806 2687 λέγοντας
833 2640 941 2680 οὕτως
967 2642 1008 2675 τὸ
1033 2642 1136 2684 μέσον
1163 2643 1196 2675 ἓν
1222 2647 1329 2675 ποιεῖν

323 2688 457 2735 ἀνάγκη
488 2689 547 2720 καὶ
582 2686 624 2720 τό
656 2684 825 2731 ἔσχατον·
852 2686 980 2719 τούτου
1008 2681 1038 2717 δ’
1067 2686 1165 2725 ὄντος
1193 2687 1329 2720 ἀτόπου

324 2728 498 2767 ἀδύνατον
523 2728 611 2765 εἶναι
634 2728 696 2762 κόσ
725 2742 779 2769 ους
805 2732 940 2769 πλείους
966 2731 1051 2771 ἑνός.

324 2773 354 2811 δ’
386 2776 502 2820 ἀξιοῦν
537 2775 643 2814 ἄλλην
669 2742 755 2807 εἶς-αι
780 2775 876 2820 φύσιν
903 2777 970 2808 τῶν
997 2777 1113 2810 ἁπλῶν
1142 2775 1328 2820 σωμάτων,

324 2822 364 2856 ἂν
398 2822 595 2868 ἀποσχῶσιν
629 2819 780 2852 ἔλαττον
810 2819 831 2858 ἦ
859 2821 976 2853 πλεῖον
1010 2822 1077 2854 τῶν
1110 2821 1239 2853 οἰκείων
1274 2821 1333 2854 τό-

322 2879 408 2909 πων,
434 2867 579 2913 ἄλογον·
607 2869 641 2898 τί
693 2864 732 2908 dp
755 2860 907 2910 διαφέρει
932 2861 1068 2898 τοσονδί
1093 2864 1198 2910 φάναι
1223 2867 1330 2911 μῆκος

325 2912 491 2957 ἀποσχεῐν
516 2909 538 2948 ἦ
563 2876 722 2948 τοσονδίς
748 2904 868 2942 διοίσει
898 2910 964 2968 γοὶρ
987 2910 1086 2943 κατοὶ
1115 2910 1238 2957 λόγον,
1266 2910 1330 2953 ὅσῳ

324 2958 440 2990 πλεῖον
465 2956 614 3000 μᾶλλον,
640 2957 684 2990 τὰ
708 2952 736 2989 δ’
759 2949 846 2993 εἶδος
873 2966 914 2988 το
940 2955 1043 2989 αὐτό.

309 3053 461 3081 ΕΥΝοΡεις.
478 3068 513 3072 —-
533 3061 559 3080 r.
574 3053 642 3087 Qua
661 3053 698 3081 de
718 3061 806 3081 causa
825 3058 894 3089 post
913 3052 1061 3089 praedicta
1074 3058 1163 3081 restat
1181 3052 1276 3082 adhuc
1290 3051 1333 3080 vi-

255 3093 387 3121 dendum
407 3101 446 3120 an
467 3091 503 3120 sit
516 3089 654 3128 possibile
667 3101 730 3120 esse
743 3093 841 3129 plures
862 3093 999 3121 mundos.
1015 3110 1034 3114 -
1049 3100 1075 3120 2.
1091 3093 1201 3121 Textus
1216 3092 1329 3120 divisio.

255 3133 330 3161 Esse
352 3131 552 3160 tantummodo
573 3141 662 3159 unum
683 3133 824 3160 mundum
852 3132 1015 3161 ostenditur
1039 3132 1137 3169 primo
1165 3141 1206 3161 ex
1226 3141 1331 3170 corpo-

250 3173 339 3202 ,ribus
360 3171 591 3210 inferioribus.-
606 3171 632 3199 3.
647 3170 719 3200 Tria
735 3172 965 3209 praesupposita.
979 3174 1008 3208 a)
1023 3173 1159 3209 Corpora
1177 3179 1332 3201 moventur

256 3219 285 3242 et
295 3212 448 3250 quiescunt
468 3218 529 3240 tam
550 3211 711 3239 secundum
727 3217 870 3249 suturam,
886 3221 975 3250 quam
989 3212 1078 3241 etiam
1092 3213 1253 3241 secundum
1268 3212 1331 3241 vio-

255 3252 384 3281 lentiam.
406 3252 472 3280 Hoc
492 3257 591 3279 tamen
612 3251 773 3279 secundum
794 3251 882 3280 habet
901 3251 1051 3280 veritatem
1069 3252 1166 3281 solum
1181 3252 1211 3280 in
1225 3262 1331 3290 corpo-

255 3292 337 3321 ribus
350 3291 544 3320 inferioribus.
567 3291 596 3327 b)
617 3291 649 3318 In
664 3300 852 3328 quocumque
872 3291 940 3320 loco
961 3292 1058 3329 aliqua
1073 3301 1199 3329 corpora
1212 3299 1332 3321 manent

256 3333 419 3361 secundum
433 3338 577 3366 naturam,
592 3330 623 3359 in
636 3331 719 3359 illurn
732 3340 785 3368 per
797 3337 932 3360 naturam
945 3330 1085 3368 feruntur,
1101 3339 1130 3360 et
1143 3341 1159 3361 e
1173 3341 1330 3369 converso3

257 3378 286 3401 et
312 3372 391 3400 idem
419 3372 577 3400 dicendum
603 3371 679 3400 circa
703 3370 882 3399 violentiam.
910 3371 995 3400 Ratio
1025 3378 1067 3400 est
1079 3394 1086 3407 ‚
1115 3372 1184 3410 quia
1215 3379 1331 3410 oportet

256 3418 372 3440 motum
386 3418 414 3440 et
427 3412 554 3449 quietem
574 3410 800 3448 proportionari.
816 3412 842 3446 c)
857 3410 887 3439 Si
909 3420 967 3448 qua
980 3411 1038 3439 loci
1053 3411 1176 3441 mutatio
1190 3418 1233 3441 est
1246 3412 1331 3441 alicui

257 3451 374 3489 corpori
394 3451 530 3487 violenta,
552 3451 698 3480 contraria
713 3457 755 3479 est
770 3450 795 3479 ei
810 3451 971 3479 secundum
992 3458 1135 3480 naturam.
1149 3467 1171 3472 —
1183 3461 1212 3487 4.
1228 3453 1331 3481 Prima

253 3492 350 3526 rati05
364 3497 392 3520 et
401 3492 503 3530 primo
517 3492 638 3529 quidem
651 3501 685 3520 ex
699 3497 780 3528 parte
794 3497 902 3519 motus.
925 3490 956 3519 Si
971 3497 1038 3519 sunt
1051 3492 1112 3520 duo
1128 3492 1240 3528 mundi,
1255 3498 1332 3521 terra

257 3541 333 3569 quae
347 3538 390 3560 est
403 3531 434 3559 in
448 3531 505 3560 alio
526 3532 648 3567 mundo,
671 3538 720 3560 aut
740 3531 830 3559 fertur
850 3531 888 3559 ad
910 3530 1039 3559 medium
1059 3531 1146 3559 huius
1163 3531 1265 3560 mundi
1279 3541 1331 3569 per

249 3578 401 3607 naturam,
422 3578 472 3600 aut
491 3580 544 3608 per
563 3571 742 3600 violentiam.
765 3571 796 3599 Si
816 3580 869 3608 per
889 3570 1077 3606 violentiam,
1106 3578 1223 3608 oportet
1249 3573 1331 3609 quod

257 3611 403 3640 contraria
422 3611 480 3640 loci
501 3611 633 3648 mutatio,
655 3621 673 3640 a
686 3611 784 3640 medio
799 3620 906 3648 nempe
926 3611 1012 3640 huius
1029 3611 1132 3640 mundi
1149 3612 1187 3640 a'd
1201 3612 1332 3641 medium

1451 828 1543 851 mus:
1573 820 1635 852 hoc
1654 821 1741 851 enim
1764 822 1946 853 dicebamus
1974 823 2226 862 intendendum,
2243 822 2269 853 si
2293 823 2365 864 quis
2388 832 2456 853 non

1451 871 1543 905 putat
1566 865 1782 896 universaliter
1806 873 1971 897 ostensum
1998 877 2066 899 esse
2089 867 2128 898 de
2152 866 2339 908 corporibus
2366 867 2457 908 quod

1451 909 1649 950 impossibile
1664 916 1710 940 est
1726 920 1793 940 esse
1817 918 1901 942 extra
1916 911 2087 950 mundum,
2107 911 2224 943 scilicet
2242 911 2282 942 de
2298 921 2456 952 quocum-

1451 963 1515 1004 que
1538 953 1695 994 ipsorum,
1720 955 1775 985 sed
1798 955 1905 985 solum
1923 955 1956 986 in
1979 955 2100 987 infinite
2123 955 2236 998 positis
2259 955 2377 986 dictam
2389 965 2457 986 esse

1451 1005 1618 1029 rationem.

1384 1041 1504 1073 Omnia
1527 1042 1613 1072 enim
1637 1048 1668 1073 et
1697 1049 1828 1073 manent
1850 1049 1881 1074 et
1903 1051 2073 1075 moventur
2101 1044 2280 1075 secundum
2309 1050 2457 1075 naturam

1451 1093 1483 1118 et
1504 1087 1700 1118 violentiam.
1732 1087 1774 1118 Et
1796 1088 1973 1118 secundum
1996 1095 2142 1119 naturam
2174 1088 2306 1129 quidem
2333 1089 2367 1119 in
2389 1098 2456 1129 quo

1452 1138 1582 1162 manent
1601 1141 1667 1161 non
1681 1131 1842 1169 violentia,
1860 1139 1889 1162 et
1914 1132 2076 1171 feruntur;
2092 1140 2123 1164 et
2138 1133 2170 1163 in
2186 1143 2285 1173 quem
2301 1132 2457 1172 feruntur,

1452 1182 1482 1206 et
1506 1182 1650 1206 manent:
1675 1175 1708 1206 in
1733 1186 1799 1216 quo
1824 1183 1931 1207 autern
1946 1177 2106 1216 violentia,
2131 1184 2168 1208 eti
2178 1177 2322 1208 feruntur
2334 1177 2458 1207 violen-

1451 1219 1511 1257 tia;
1536 1226 1567 1250 et
1584 1219 1617 1250 in
1641 1229 1739 1260 quem
1761 1220 1912 1251 violentia
1927 1220 2080 1260 feruntur,
2095 1221 2246 1252 violentia
2270 1228 2301 1252 et
2316 1228 2456 1252 manent.

1451 1263 1583 1302 Adhuc,
1607 1264 1633 1294 si
1656 1263 1807 1295 violentia
1829 1264 1888 1296 ista
1910 1265 1998 1304 latio,
2024 1266 2178 1297 contraria
2202 1266 2380 1297 secundum
2403 1275 2457 1296 na-

1450 1315 1567 1339 turam.

1383 1352 1401 1372 ’¹‘
1418 1353 1469 1383 Ad
1493 1353 1639 1383 medium
1661 1353 1768 1394 itaque
1791 1354 1880 1394 quod
1896 1354 1948 1385 hic
1963 1354 1989 1384 si
2004 1354 2036 1384 vi
2055 1353 2171 1386 feretur
2186 1361 2268 1386 terra
2282 1354 2367 1393 inde,
2383 1354 2458 1385 hinc

1450 1397 1566 1428 feretur
1589 1398 1665 1429 illuc
1687 1398 1866 1429 secundum
1888 1405 2044 1430 naturam.

1384 1442 1424 1473 Et
1448 1442 1473 1472 si
1497 1449 1604 1473 manet
1627 1442 1678 1473 hic
1699 1442 1773 1473 inde
1797 1453 1863 1473 non
1886 1442 2054 1481 violentia,
2079 1449 2109 1474 et
2137 1443 2253 1474 feretur
2280 1443 2458 1473 secundum

1451 1493 1597 1517 naturam
1620 1486 1700 1517 huc:
1724 1497 1789 1517 una
1813 1487 1899 1517 enim
1922 1497 2004 1528 quae
2028 1487 2205 1518 secundum
2229 1493 2384 1518 naturam.

1383 1528 1398 1545 ’¹‘
1415 1531 1542 1569 Adhuc,
1566 1541 1692 1562 necesse
1708 1538 1754 1562 est
1768 1541 1881 1562 ornnes
1904 1531 2044 1562 mundos
2061 1541 2098 1562 ex
2119 1530 2238 1562 eisdem
2259 1541 2326 1562 esse
2343 1540 2456 1571 corpo—

1450 1575 1555 1614 ribus,
1579 1575 1723 1606 similiter
1746 1575 1878 1616 quidem
1901 1575 2066 1606 existentes
2089 1576 2268 1606 secundum
2291 1582 2473 1614 naturam:-

1451 1619 1506 1650 sed
1530 1619 1634 1650 adhuc
1650 1629 1776 1650 necesse
1801 1626 1848 1650 est
1864 1626 1895 1651 et
1918 1630 2091 1660 corporum
2110 1619 2368 1660 unumquodque
2384 1629 2458 1650 ean-

1452 1664 1527 1695 dem
1549 1664 1664 1695 habere
1687 1664 1848 1703 virtutem,
1865 1671 1901 1696 ut
1923 1671 2002 1705 puta
2024 1664 2095 1695 dico
2119 1664 2228 1704 ignem
2251 1671 2281 1695 et
2296 1671 2412 1695 terram
2428 1670 2459 1694 et

1450 1708 1637 1740 intermedia
1660 1719 1783 1740 eorum.
1809 1709 1841 1740 Si
1865 1708 1951 1739 enim
1974 1708 2148 1750 aequivoca
2171 1708 2258 1747 haec,
2275 1715 2306 1739 et
2329 1718 2396 1738 non
2411 1718 2458 1739 se-

1452 1753 1596 1784 cundum
1612 1753 1746 1784 eandem
1760 1753 1865 1784 ideam
1881 1753 2030 1784 dicuntur
2046 1763 2127 1794 quae
2143 1752 2187 1783 ibi
2204 1752 2253 1783 his
2274 1762 2355 1794 quae
2372 1753 2459 1793 apud

2484 783 2558 837 {55:⁸⁹⁸
2568 789 2618 805 vm.
2627 784 2698 806 Text.

2483 1361 2494 1372 ⁸
2508 1358 2577 1381 Text.
2588 1365 2626 1387 77.

2484 1538 2493 1547 ·’
2508 1536 2577 1558 Text.
2591 1536 2629 1564 78.

1451 1807 1523 1836 nos,
1548 1804 1579 1828 et
1594 1804 1700 1829 totum
1723 1797 1897 1839 aequivoce
1914 1797 2024 1839 utique
2040 1797 2161 1828 dicetur
2174 1797 2325 1828 mundus.
2348 1797 2458 1827 Palam
2495 1803 2498 1806 ’

1449 1842 1545 1882 igitur
1567 1843 1658 1883 quod
1680 1843 1743 1873 hoc
1759 1842 1891 1883 quidem
1914 1852 1932 1872 a
1955 1842 2063 1872 medio
2083 1841 2155 1872 ferri
2177 1848 2290 1872 natum
2313 1848 2370 1880 est,
2394 1841 2457 1872 hoc

1451 1893 1561 1917 autem
1584 1887 1624 1917 ad
1639 1887 1784 1917 medium
1807 1887 1971 1928 ipsorum;
1995 1887 2021 1917 si
2045 1886 2176 1927 quidem
2192 1886 2298 1916 omnis
2315 1885 2458 1917 eiusdem

1450 1931 1566 1972 speciei
1589 1931 1671 1972 ignis
1693 1931 1770 1971 igni,
1795 1938 1825 1962 et
1848 1931 1986 1962 aliorum
2009 1931 2278 1972 unumquodque,
2303 1930 2458 1972 quemad-

1450 1975 1588 2006 modum
1612 1982 1643 2006 et
1665 1986 1747 2017 quae
1770 1975 1803 2006 in
1826 1975 1888 2006 hoc
1912 1982 2015 2016 partes
2038 1975 2130 2015 ignis.

1383 2020 1483 2058 Quod
1497 2027 1604 2051 autem
1620 2030 1745 2051 necesse
1762 2020 1800 2051 sit
1819 2019 1863 2051 sic
1878 2020 1956 2051 haec
1973 2030 2005 2050 se
2020 2020 2146 2059 habere,
2166 2029 2203 2050 ex
2218 2018 2266 2050 his
2282 2029 2364 2060 quae
2379 2018 2459 2049 circa

1450 2071 1559 2095 motus
1575 2064 1850 2106 suppositionibus
1874 2064 2091 2096 manifestum.
2118 2064 2226 2095 Motus
2251 2063 2337 2094 enim
2355 2062 2456 2102 finiti;

1451 2116 1482 2140 et
1496 2109 1756 2150 unumquodque
1772 2110 2005 2140 elementorum
2027 2108 2140 2140 dicitur
2158 2108 2335 2139 secundum
2353 2117 2457 2138 unum

1450 2155 1612 2195 quendam
1630 2154 1948 2192 motuum.*Quare‚
1973 2153 1999 2184 si
2021 2153 2153 2194 quidem
2177 2160 2207 2184 et
2222 2159 2331 2184 motus
2346 2152 2455 2191 iidem,

1451 2205 1482 2229 et
1505 2199 1661 2229 elementa
1684 2208 1811 2229 necesse
1835 2205 1881 2229 est
1905 2208 1971 2228 esse
1994 2198 2115 2238 ubique
2138 2197 2259 2228 eadem.

1382 2243 1482 2273 Natae
1506 2250 1580 2274 sunt
1598 2243 1694 2283 igitur
1717 2242 1789 2273 ferri
1812 2250 1842 2274 et
1865 2243 1905 2273 ad
1927 2242 1990 2273 hoc
2013 2242 2146 2283 quidem
2160 2241 2303 2272 medium
2326 2251 2408 2282 quae
2423 2241 2456 2272 in

1449 2287 1513 2317 alio
1533 2287 1657 2318 rnundo
1681 2294 1780 2318 terrae
1796 2293 1910 2327 partes,
1935 2293 1966 2317 et
1988 2287 2028 2316 ad
2051 2286 2113 2317 hoc
2129 2286 2261 2327 quidem
2280 2293 2457 2317 extremum

1450 2386 1577 2407 necesse
1594 2383 1641 2407 est
1654 2375 1727 2406 ferri
1743 2385 1872 2406 sursum
1887 2375 2019 2416 quidem
2037 2381 2152 2405 terram
2166 2375 2200 2405 in
2218 2374 2349 2415 proprio
2365 2384 2458 2405 mun-

1451 2421 1505 2459 do,
1529 2421 1637 2461 ignem
1659 2427 1767 2451 autem
1790 2420 1830 2450 ad
1853 2419 2016 2450 medium:
2041 2419 2182 2450 similiter
2204 2426 2311 2450 autem
2335 2426 2366 2450 et
2386 2429 2457 2449 eam

1451 2475 1533 2506 quae
1549 2465 1600 2495 hic
1616 2472 1732 2496 terram
1746 2474 1764 2495 a
1779 2464 1886 2495 medio
1903 2464 1975 2494 ferri
1988 2464 2168 2495 secundum
2186 2470 2343 2502 naturam,
2359 2463 2457 2494 latam

1452 2510 1492 2539 ad
1514 2509 1547 2540 id
1570 2510 1660 2550 quod
1682 2509 1726 2540 ibi
1749 2508 1904 2546 medium,
1928 2515 2059 2549 propter
2081 2508 2221 2539 mundos
2247 2507 2290 2538 sic
2314 2508 2392 2549 poni
2416 2507 2456 2538 ad

1450 2554 1596 2585 invicem.
1621 2554 1638 2573 *
1661 2555 1727 2584 Aut
1750 2553 1837 2584 enim
1855 2563 1923 2584 non
1946 2553 2135 2594 ponendum
2158 2553 2292 2583 eandem
2315 2562 2382 2583 esse
2401 2562 2455 2582 na-

1451 2605 1557 2630 turam
1580 2597 1775 2639 simplicium
1798 2607 1971 2638 corporum
1993 2597 2027 2627 in
2045 2597 2189 2638 pluribus
2213 2597 2323 2635 caelis-»3
2341 2604 2395 2628 aut
2411 2596 2455 2626 di-

1451 2650 1556 2674 centes
1579 2643 1624 2674 sic
1647 2642 1791 2673 medium
1813 2651 1918 2672 unum
1941 2651 2067 2672 necesse
2097 2648 2144 2672 est
2170 2641 2270 2672 facere
2294 2648 2325 2672 et
2354 2651 2457 2672 unum

1451 2694 1638 2719 extremum.
1670 2687 1743 2718 Hoc
1775 2693 1883 2718 autem
1912 2686 2062 2718 existente
2087 2685 2351 2726 [inconvenienti]
2364 2708 2373 2725 ‚
2396 2686 2457 2716 im-

1451 2732 1602 2773 possibile
1625 2738 1672 2763 est
1695 2741 1762 2763 esse
1781 2731 1921 2762 mundos
1945 2731 2052 2772 plures
2074 2741 2152 2762 uno.

1383 2775 1602 2817 *Dignificare
1621 2783 1730 2807 autem
1752 2776 1848 2807 aliam
1867 2786 1934 2806 esse
1957 2782 2103 2806 naturam
2127 2775 2321 2815 simplicium
2344 2783 2457 2815 corpo-

1452 2831 1536 2859 rum,
1560 2821 1586 2852 si
1605 2820 1721 2852 distent
1744 2821 1851 2851 minus
1866 2820 1918 2851 vel
1936 2820 2009 2860 plus
2032 2830 2050 2850 a
2073 2819 2209 2860 propriis
2225 2819 2314 2857 locis,
2337 2817 2457 2849 irratio-

1416 2889 1427 2900 .
1452 2866 1566 2897 nabile.
1592 2865 1680 2903 Quid
1703 2865 1790 2896 enim
1813 2865 1914 2896 differt
1936 2871 2023 2895 tanta
2046 2864 2177 2905 quidem
2201 2863 2302 2894 dicere
2319 2862 2457 2902 longitu-

1452 2910 1526 2941 dine
1545 2910 1658 2941 distare
1675 2917 1730 2941 aut
1751 2908 1858 2941 tanta?
1879 2909 1991 2940 Differt
2013 2909 2099 2939 enirn
2110 2908 2287 2939 secundum
2302 2907 2457 2938 rationem

1453 2962 1575 2996 quanto
1599 2955 1672 2996 plus
1696 2955 1813 2995 magis:
1839 2953 1958 2995 species
1982 2960 2090 2984 autem
2113 2953 2232 2983 eadem.

1387 3051 1522 3087 alterius,
1551 3051 1588 3080 sit
1607 3058 1700 3080 terrae
1721 3050 1878 3086 naturalis3
1905 3050 1985 3087 quod
2005 3055 2084 3086 patet
2104 3058 2166 3077 esse
2186 3048 2299 3076 falsum.
2313 3064 2334 3069 —
2356 3048 2382 3076 5.
2404 3048 2457 3076 Se-

1387 3093 1482 3121 cundo
1497 3101 1530 3120 ex
1544 3098 1626 3129 parte
1640 3091 1753 3129 quietis.
1775 3092 1865 3120 Terra
1885 3089 2051 3118 naturaliter
2072 3087 2192 3126 quiescit
2212 3088 2242 3116 in
2258 3088 2357 3116 medio
2371 3087 2457 3116 huius

1387 3132 1503 3168 mundi;
1525 3141 1593 3170 ergo
1609 3131 1776 3160 naturaliter
1789 3140 1807 3159 a
1822 3130 1919 3158 medio
1940 3129 2056 3158 alterius
2070 3128 2172 3156 mundi
2193 3128 2283 3156 fertur
2300 3129 2366 3158 huc.
2390 3129 2458 3156 Non

1386 3182 1456 3210 ergo
1477 3179 1574 3209 potest
1594 3181 1656 3200 esse
1676 3178 1768 3200 terrae
1789 3169 1926 3198 naturalis
1947 3175 2068 3206 uterque
2089 3175 2200 3204 motus,
2223 3169 2259 3196 ab
2280 3168 2330 3197 illo
2351 3177 2457 3204 nempe

1386 3212 1485 3241 medi0
1507 3213 1544 3240 ad
1564 3212 1641 3240 istud
1663 3218 1691 3240 et
1707 3211 1860 3239 viceversa.
1873 3226 1893 3230 —
1908 3210 1935 3238 6.
1958 3209 2093 3238 Secunda
2114 3209 2199 3243 ratio,
2221 3218 2279 3245 qua
2298 3207 2458 3237 excluditur

1386 3253 1513 3281 defectus
1535 3261 1622 3289 quem
1651 3251 1714 3288 quis
1735 3256 1834 3287 posset
1854 3249 2004 3286 imponere
2026 3248 2217 3285 praecedenti.
2239 3249 2323 3276 Unde
2350 3248 2458 3285 proba-

1385 3299 1434 3321 tur
1452 3292 1549 3329 primo
1578 3292 1659 3329 quod
1679 3297 1755 3319 terra
1782 3298 1858 3327 quae
1886 3295 1930 3317 est
1954 3289 1984 3317 in
2011 3288 2069 3317 alio
2098 3289 2227 3324 mundo,
2256 3294 2299 3316 est
2326 3288 2457 3316 eiusdem

1386 3339 1506 3361 naturae
1527 3338 1561 3360 ac
1581 3338 1657 3359 terra
1684 3339 1759 3367 quae
1780 3336 1823 3358 est
1843 3329 1874 3357 in
1894 3329 1950 3357 isto
1971 3330 2092 3357 mundo.
2114 3344 2135 3350 —-
2155 3338 2182 3365 7.
2201 3328 2300 3356 Prima
2320 3328 2403 3364 ratio,
2423 3337 2458 3356 ex

1386 3379 1467 3410 parte
1487 3372 1577 3409 ipsius
1592 3370 1703 3399 mundi.
1727 3369 1784 3405 Qui
1798 3375 1913 3406 ponunt
1926 3369 2022 3406 plures
2037 3369 2173 3404 mundOS‚
2194 3368 2318 3397 univoce
2335 3374 2458 3396 utuntur

1386 3412 1506 3441 nomine
1527 3411 1648 3439 mundi:
1676 3410 1755 3438 unde
1776 3415 1891 3446 ponunt
1916 3415 1944 3437 et
1964 3408 2018 3446 ipsi
2040 3409 2121 3446 quod
2149 3417 2251 3436 omnes
2279 3408 2337 3436 sint
2356 3407 2457 3436 similis

1386 3459 1514 3481 naturae.
1536 3453 1578 3478 Ex
1592 3452 1648 3479 hoe
1669 3456 1767 3478 autem
1789 3449 1918 3486 sequitur
1933 3450 2014 3486 quod
2028 3458 2131 3477 omnes
2146 3448 2203 3476 sint
2225 3458 2258 3476 ex
2272 3448 2376 3476 iisdem
2391 3457 2455 3476 cor-

1385 3493 1519 3530 poribus,
1542 3490 1714 3519 habentibus
1741 3490 1864 3518 eandem
1885 3489 2019 3518 virtutem
2040 3498 2074 3517 ac
2095 3497 2220 3525 corpora
2244 3497 2319 3526 quae
2339 3494 2407 3517 sunt
2427 3487 2457 3515 in

1385 3533 1443 3561 hoc
1463 3531 1590 3560 mundo:
1613 3539 1647 3558 ex
1673 3529 1802 3566 partibus
1829 3528 1908 3558 enim
1930 3529 2059 3558 diversae
2080 3528 2197 3565 speciei,
2219 3537 2336 3557 necesse
2365 3534 2408 3556 est
2428 3533 2456 3555 et

1384 3579 1479 3601 totum
1502 3571 1648 3599 diversum
1669 3570 1700 3598 in
1721 3569 1816 3606 specie
1838 3569 1987 3606 componi.
2004 3585 2024 3591 -
2037 3570 2066 3597 8.
2081 3568 2147 3596 Alia
2166 3568 2240 3597 ratio
2261 3569 2299 3597 ad
2320 3568 2406 3602 idem,
2422 3575 2455 3594 ex

1384 3619 1466 3650 parte
1480 3618 1586 3640 motus.
1602 3610 1718 3647 Species
1733 3616 1869 3638 motuum
1887 3615 1955 3638 sunt
1975 3608 2198 3637 determinatae:
2221 3614 2288 3636 sunt
2308 3607 2386 3636 enim
2407 3615 2455 3634 so-

2483 2163 2492 2172 '
2508 2161 2575 2183 Text.
2590 2167 2628 2189 79.

2483 2562 2493 2571 ·
2507 2560 2575 2582 Text.
2590 2560 2628 2582 80.

2484 2784 2493 2793 ²
2508 2782 2575 2804 Text.
2590 2782 2623 2804 81.
