2690 4062
602 256 2016 402 METEOROLOGICORUM

1097 486 1372 552 LIBER
1418 490 1513 554 IV

950 792 1309 849 LECTIO
1359 796 1666 853 PRIMA

631 933 894 965 PROOEMIUM
917 952 936 957 -
960 935 1261 968 RESUMUNTUR
1285 938 1500 976 QUAEDAM
1523 939 1635 970 ALIBI
1659 941 1974 974 DETERMINATA

197 1053 297 1086 Ἐπεὶ
322 1047 361 1084 δὲ
387 1051 548 1098 τέτταρα
572 1047 751 1098 διώρισται
777 1057 875 1087 αἴτια
900 1057 968 1088 τῶν
990 1059 1182 1102 στοιχείων,
1203 1057 1283 1090 τού·
1334 1062 1352 1081 *
1376 1062 1541 1100 Quoniam
1563 1070 1672 1095 autern
1694 1072 1832 1105 quatuor
1855 1076 1966 1097 causae
1990 1067 2212 1099 determinatae
2240 1075 2314 1100 sunt
2337 1069 2399 1100 ele—
2427 1079 2436 1087 ·
2452 1077 2540 1106 Cap.1‚

272 1108 340 1130 των
361 1092 400 1130 δὲ
423 1099 520 1131 κατα
539 1098 603 1136 τοὶς
621 1099 781 1146 συζυγίας
805 1102 863 1132 καὶ
882 1101 930 1133 τοὶ
946 1106 1106 1146 στοιχεῖα
1123 1101 1280 1146 τέτταρα

270 1142 483 1186 συμβέβηκεν
510 1140 610 1183 εἶναι,
631 1143 674 1175 ὦν
700 1144 749 1176 τοὶ
799 1144 832 1176 ἐν
857 1140 920 1177 δύο
945 1146 1125 1187 ποιητικαὶ,
1149 1147 1189 1179 ‘td
1210 1145 1280 1191 θερ-

211 1207 213 1209 ·
252 1186 427 1230 queunt
443 1187 486 1220 τὸ
511 1187 648 1234 ψυχρὸν,
676 1188 725 1221 τοὶ
747 1184 786 1221 δε
809 1184 872 1221 δύο
897 1189 1090 1231 παθητικοὶ,
1113 1191 1154 1223 τό
1180 1190 1279 1235 ξηρόν

265 1233 330 1264 ,καὶ
348 1231 390 1264 τὸ
409 1231 508 1278 ὑγρόν
520 1245 527 1252 ·
555 1236 576 1271 ἡ
594 1229 632 1265 δὲ
650 1235 764 1272 πίστις
783 1233 917 1267 τούτων
936 1233 972 1266 ἐκ.
994 1236 1056 1273 τῆς
1074 1236 1278 1282 ἐπαγωγῆς·

270 1279 432 1320 φαίνεται
450 1278 515 1324 γαρ
534 1278 566 1311 ἐν
585 1279 688 1310 πᾶσιν
710 1279 731 1315 ἡ
750 1278 810 1322 μὲν
835 1278 1001 1323 θερμότης
1025 1281 1085 1312 καὶ
1109 1278 1279 1325 ψυχρότης

271 1321 443 1367 ὁρίζουσαι
460 1323 519 1354 καὶ
533 1322 744 1368 συμφόουσαι
760 1326 818 1355 καὶ
837 1324 1122 1367 μεταβάλλουσαι
1136 1326 1185 1357 τοὶ
1202 1327 1279 1368 ὀμο-

269 1366 354 1413 γενῆ
386 1368 446 1399 καὶ
471 1367 519 1400 τοὶ
542 1368 590 1412 μή
617 1368 786 1414 ὁμογενῆ,
811 1370 870 1400 καὶ
897 1369 1117 1414 ὖγραίνουσαι
1142 1371 1200 1401 καὶ
1225 1370 1280 1411 ξη-

291 1412 448 1444 αίνουσαι
471 1413 530 1444 καὶ
547 1411 794 1456 σκληρῦνουσαι
818 1415 877 1445 καὶ
894 1412 1155 1454 μαλάττουσαι,
1175 1415 1223 1447 τοὶ
1239 1410 1278 1447 δέ

291 1456 359 1501 ηροὶ
387 1459 447 1510 κα).
480 1458 569 1503 ὑγραὶ
594 1457 772 1511 ὀριζόμενα
803 1459 865 1511 καὶζ
896 1456 1012 1491 τοῖλλα
1041 1458 1090 1491 τοὶ
1120 1458 1289 1504 εἰρημένα-

270 1499 365 1539 παίθη
391 1513 579 1548 πασχοντα
605 1513 701 1534 αυτα
726 1513 764 1534 τε
788 1501 854 1534 καθ
891 1502 987 1535 αὐτοὶ
1009 1505 1067 1535 καὶ
1093 1502 1158 1536 ὅσα
1181 1504 1281 1537 κοινοὶ

270 1545 306 1588 ἑξ
325 1546 448 1591 ἀμφοῖν
466 1546 616 1591 σώματα
636 1545 854 1584 συνέστηκεν.
880 1547 959 1581 Ἔτι
975 1543 1005 1579 δ’
1027 1548 1063 1580 ἐκ
1084 1549 1151 1580 τῶν
1167 1548 1278 1595 λόγων

269 1586 391 1632 δῆλον,
409 1591 458 1629 οἷς
476 1589 655 1636 ὀριζόμεθα
681 1591 745 1628 τοὶς
771 1590 883 1636 φύσεις
909 1593 1041 1625 αὐτῶν·
1069 1593 1111 1625 ‘td
1137 1593 1196 1638 μὲν
1213 1593 1279 1640 γὰρ

269 1634 389 1680 θερμὸν
421 1638 480 1668 καὶ
513 1635 637 1681 ψυχρὸν
669 1637 711 1674 ὠς
746 1637 913 1674 ποιητικαὶ
942 1637 1088 1684 λέγομεν
1122 1637 1185 1715 &vd
1213 1638 1278 1684 γάρ

269 1691 310 1712 συ
377 1681 485 1713 ιτικόν
510 1679 623 1726 ὥσπερ
649 1681 829 1718 ποιητικόν
855 1694 890 1715 τι
911 1682 1039 1727 ἐστίν),
1061 1682 1104 1715 τὸ
1149 1683 1157 1694 '
1179 1682 1279 1736 ὑγρὸν

268 1691 452 1770 '‘arg-aptis*
479 1724 671 1763 παθητικόν
696 1726 761 1780 (vd
786 1726 851 1773 γὰρ
872 1726 1047 1772 εὖόριστον
1072 1730 1130 1760 καὶ
1148 1723 1277 1772 ’δυσαρι-

267 1781 352 1803 στον
378 1771 426 1812 τῷ
453 1769 599 1816 πάσχειν
618 1777 653 1804 τι
668 1772 812 1818 λεγεται
830 1772 896 1808 τήν
911 1771 1008 1816 φύσιν
1027 1769 1174 1816 αὐτῶν).
1201 1771 1279 1804 Ὅτι

268 1815 329 1858 μὲν
357 1813 412 1847 οὖν
438 1815 487 1848 τοὶ
503 1817 562 1860 μὲν
581 1818 760 1858 ποιητικαὶ,
780 1818 829 1849 τοὶ
845 1811 883 1849 δὲ
904 1815 1096 1858 παθητικοὶ,
1115 1817 1275 1861 φανερόν·

225 1976 232 1984 .
256 1964 287 1983 a,
308 1969 348 1985 ,a
364 1971 397 1984 ν-
420 1967 491 1992 „mx-
508 1958 692 1994 postquam
725 1949 950 1994 Philosophus
984 1950 1018 1982 in
1050 1950 1275 1994 superioribus

260 2016 263 2017 ν
438 1991 461 2001 ”“”
481 1986 489 2007 ²
505 1990 510 1997 '¹
538 1993 768 2028 determinavit
783 1993 823 2028 de
841 1994 1090 2038 particularibus
1110 2003 1274 2028 transmu-

537 2038 717 2072 tationibus
741 2038 993 2079 elementorum,
1015 2038 1134 2084 quibus
1156 2050 1274 2072 secun-

262 2084 271 2087 *
286 2092 292 2109 :-
508 2103 515 2110 ·
538 2083 618 2117 dum
634 2095 669 2117 se
686 2092 946 2116 transmutantur
962 2092 1029 2116 tam
1046 2084 1080 2116 in
1096 2083 1162 2117 alto
1176 2095 1275 2128 quam

270 2137 278 2142 “
347 2114 620 2197 mminfra
643 2137 780 2169 terram,
804 2128 858 2161 hic
877 2127 1074 2161 determinat
1090 2128 1130 2162 de
1147 2129 1274 2172 passio-

372 2196 375 2206 ’
432 2148 523 2238 ⁸³3⁶
536 2172 1274 2262 ssssssssdffssuqff3<¹1¹⁵3¹effissss¹iss1b¹c¹ssmssffs¹ffi¹03

199 2274 279 2297 nem
294 2263 399 2296 mixti.
425 2262 467 2296 Et
483 2263 560 2308 quia
579 2262 742 2296 elementa
767 2271 870 2306 agunt
892 2261 1113 2295 mediantibus
1138 2262 1274 2307 qualita-

201 2307 290 2342 tibus
313 2307 439 2349 activis,
463 2316 496 2341 et
511 2307 683 2352 patiuntur
706 2306 926 2340 mediantibus
946 2307 1101 2351 passivis,
1121 2305 1273 2340 determi-

200 2361 258 2386 nat
286 2351 327 2386 de
355 2352 484 2386 actione
511 2353 691 2397 primarum
723 2351 920 2396 qualitatum
947 2352 1146 2393 activamm,
1175 2359 1209 2385 et
1232 2351 1272 2386 de

199 2397 356 2449 passione
371 2397 578 2442 passivarum
594 2397 629 2430 in
648 2397 768 2430 mixtis.
791 2396 1012 2430 Convenienti
1029 2405 1140 2430 autem
1157 2395 1272 2430 ordine

199 2450 262 2476 iste
278 2441 360 2475 liber
374 2442 523 2486 sequitur
537 2442 682 2482 tertium,
696 2442 772 2486 quia
788 2441 822 2474 in
837 2440 902 2474 fine
915 2441 1002 2474 tertii
1018 2440 1272 2474 determinatum

200 2495 251 2520 est
274 2485 314 2520 de
335 2486 564 2520 mineralibus:
585 2485 666 2520 haec
683 2495 794 2519 autem
811 2486 946 2518 scientia
967 2485 1111 2518 multum
1130 2485 1217 2519 valet
1233 2485 1274 2519 ad

198 2531 372 2565 scientiam
396 2530 437 2564 de
461 2530 685 2564 mineralibus.
711 2531 804 2564 Licet
828 2530 869 2563 ali
896 2530 929 2563 ui
950 2529 1071 2570 dicant,
1097 2530 1188 2574 quod
1211 2530 1272 2563 iste

198 2574 282 2609 liber
297 2584 347 2609 est
362 2576 467 2620 magis
484 2576 662 2609 continuus
680 2587 756 2608 cum
772 2574 856 2616 libro
872 2542 908 2608 {e
927 2574 1138 2616 Generatione,
1156 2587 1272 2619 quam-

198 2620 250 2653 vis
273 2619 469 2653 inscribatur
496 2620 638 2663 Quartus
662 2619 737 2654 liber
758 2620 974 2653 Meteororum.

255 2673 286 2698 2.
308 2663 596 2698 Considerandum
613 2673 662 2697 est
678 2673 789 2697 autem
813 2663 904 2708 quod
927 2664 1063 2697 scientia
1079 2665 1173 2697 istius
1190 2663 1274 2704 libri,

198 2717 232 2742 et
254 2708 404 2742 similiter
427 2709 538 2742 omnis
561 2709 698 2742 scientia
720 2708 887 2748 naturalis,
911 2719 982 2741 non
1005 2717 1055 2741 est
1078 2708 1117 2741 ab
1137 2708 1273 2742 homine

198 2753 256 2787 des
282 2753 428 2787 icienda:
458 2754 563 2786 immo
588 2754 645 2798 qui
669 2764 742 2785 eam
766 2752 922 2796 despicit,
953 2752 1092 2796 despicit
1114 2753 1272 2797 seipsum.

198 2798 242 2832 Et
279 2799 341 2831 'cet
363 2797 460 2831 multi
484 2797 593 2831 dicant
622 2796 713 2842 quod
744 2797 879 2830 scientia
903 2796 1059 2830 naturalis
1083 2808 1152 2830 non
1177 2796 1274 2830 debet

198 2843 386 2887 appretiari,
405 2854 446 2876 eo
472 2841 563 2887 quod
586 2853 655 2875 non
672 2842 714 2874 sit
729 2841 818 2874 utilis
843 2841 884 2875 ad
907 2841 1168 2885 speculationem
1193 2841 1273 2875 divi-

197 2899 335 2928 norum,
359 2888 394 2920 in
418 2899 483 2932 qua
506 2888 573 2920 vita
597 2886 785 2920 beatissima
808 2895 841 2919 et
864 2885 1000 2919 felicitas
1025 2885 1170 2919 hominis
1193 2897 1272 2920 con-

186 2932 295 2972 sistit,
319 2933 405 2965 sicut
429 2931 507 2965 dicit
530 2930 758 2975 Philosophus
782 2931 815 2963 in
840 2931 872 2964 X
889 2931 1075 2971 Ethicorum,
1094 2940 1204 2964 tamen
1220 2931 1274 2964 isti

198 2976 369 3021 decipiunt
391 2977 537 3021 seipsos,
567 2977 644 3021 quia
669 2987 737 3009 non
761 2975 871 3008 solum
900 2976 1035 3008 scientia
1063 2976 1157 3008 istius
1182 2975 1272 3016 libri,

196 3021 256 3054 sed
269 3022 368 3054 etiam
383 3030 452 3054 tota
469 3022 604 3054 scientia
620 3019 787 3061 naturalis,
801 3021 835 3052 in
848 3031 913 3064 qua
928 3032 998 3053 non
1014 3019 1124 3053 solum
1141 3029 1274 3064 oportet

199 3065 407 3099 considerare
438 3066 651 3106 communia,
683 3065 740 3099 sed
771 3066 870 3098 etiam
902 3064 1054 3109 specialia
1086 3073 1118 3098 et
1140 3065 1274 3109 propria

197 3111 389 3155 unicuique,
414 3109 556 3144 deservit
579 3110 620 3144 ad
643 3109 836 3143 huiusmodi
860 3109 1122 3153 speculationem
1146 3109 1273 3143 divino—

196 3166 287 3188 rum:
305 3156 382 3199 quia
398 3166 457 3199 per
473 3154 646 3188 manifesta
665 3164 697 3188 et
709 3154 870 3188 naturalia
890 3163 1047 3198 tanquam
1062 3165 1121 3198 per
1136 3153 1272 3187 effectus

197 3199 232 3232 in
249 3209 288 3232 co
338 3200 475 3233 'tionem
495 3211 668 3233 causarum
685 3200 906 3243 pervenimus.
933 3199 1073 3243 Propter
1089 3198 1179 3243 quod
1197 3198 1272 3231 Phi-

196 3211 360 3288 losopffis
376 3245 410 3277 in
426 3243 510 3277 libro
526 3244 749 3289 Metaphysicae
764 3244 879 3287 incipit
897 3256 915 3276 a
928 3243 1117 3276 substantiis
1137 3242 1272 3275 sensibi-

196 3287 295 3329 libus,
309 3289 388 3322 etin
401 3287 601 3322 duodecimo
614 3297 766 3322 naturam
779 3287 1035 3321 substantiarum
1048 3296 1271 3331 separatarum

196 3332 315 3376 probat
338 3345 397 3377 per
420 3333 658 3366 astronomicas
682 3334 835 3366 rationes.
862 3333 903 3366 Et
926 3332 1002 3366 ideo
1027 3343 1270 3376 quamcumque

197 3377 294 3410 aliam
319 3378 489 3410 scientiam
514 3376 724 3418 addiscimus,
749 3377 814 3410 hoc
837 3376 975 3410 facimus
992 3385 1029 3409 ut
1045 3376 1084 3409 ad
1110 3376 1270 3418 cognitio-

195 3432 275 3454 nem
299 3421 489 3455 divinorum
512 3422 695 3463 veniamus,
712 3430 744 3455 et
764 3422 820 3466 qui
841 3421 903 3454 alia
918 3422 1100 3454 intentione
1119 3420 1270 3453 scientias

196 3466 347 3510 acquirit,
371 3477 543 3510 perversus
569 3475 618 3500 est
641 3467 672 3499 in
698 3467 892 3506 intentione,
913 3465 976 3498 nisi
1000 3465 1190 3498 necessitate
1216 3463 1269 3496 de-

195 3511 350 3543 tineatur.
385 3510 504 3555 Neque
535 3510 599 3544 vile
631 3519 679 3544 est
715 3522 915 3554 cognoscere
951 3509 1031 3542 haec
1063 3507 1269 3552 particularia

195 3554 368 3595 naturalia,
394 3555 470 3599 quia
494 3555 579 3588 sicut
602 3556 762 3600 inspicere
787 3555 949 3598 picturam
974 3553 1122 3596 turpium
1146 3552 1268 3584 anima-

195 3598 290 3640 lium,
315 3607 351 3632 ut
373 3598 492 3632 melius
517 3598 921 3644 cognoscantur,pulchra
942 3609 1000 3642 per
1020 3597 1268 3640 oppositionem

1401 1115 1603 1139 mentorum:
1626 1108 1741 1139 harum
1764 1117 1870 1140 autem
1897 1112 2075 1142 secundum
2105 1112 2345 1153 coniugationes
2369 1121 2400 1144 et

1402 1152 1558 1183 elementa
1587 1160 1726 1193 quatuor
1749 1154 1860 1185 accidit
1883 1163 1970 1186 esse:
1994 1166 2132 1196 quarum
2162 1157 2243 1187 duae
2266 1157 2398 1198 quidem

1401 1195 1543 1235 factivae,
1561 1197 1699 1228 calidum
1715 1204 1746 1228 et
1761 1198 1928 1238 frigidum;
1945 1200 2027 1230 duae
2045 1207 2153 1231 autem
2166 1201 2319 1241 passivae,
2340 1202 2399 1232 sic-

1401 1250 1476 1271 cum
1489 1247 1519 1272 et
1530 1241 1711 1273 humidum.
1727 1242 1820 1273 Fides
1836 1250 1943 1274 autem
1956 1244 2074 1275 horum
2089 1251 2135 1275 est
2151 1255 2188 1275 ex
2202 1245 2396 1277 inductione.

1400 1285 1555 1316 Videntur
1578 1285 1663 1316 enim
1685 1286 1718 1316 in
1742 1287 1891 1318 omnibus
1908 1288 2047 1319 caliditas
2070 1288 2200 1329 quidem
2225 1296 2255 1320 et
2277 1289 2396 1330 frigidi-

1398 1335 1446 1359 tas
1461 1330 1664 1361 terminantes
1680 1337 1711 1361 et
1733 1331 1917 1371 copulantes
1941 1339 1971 1363 et
1986 1340 2211 1372 permutanteS,
2227 1340 2257 1364 et
2279 1334 2397 1365 homo-

1399 1383 1497 1413 genea
1513 1381 1543 1404 et
1557 1384 1624 1404 non
1639 1374 1850 1415 homogenea,
1870 1382 1900 1406 et
1915 1376 2131 1408 humectantes
2148 1384 2178 1408 et
2199 1378 2397 1417 exsiccantes,

1400 1424 1430 1448 et
1452 1418 1634 1449 indurantes
1659 1426 1689 1449 et
1711 1419 1947 1450 mollificantes:
1973 1421 2053 1452 sicca
2081 1428 2186 1452 autem
2210 1429 2240 1453 et
2265 1422 2398 1453 humida

1400 1462 1585 1501 terminata,
1610 1469 1640 1493 et
1663 1463 1738 1494 alias
1762 1463 1859 1494 dictas
1890 1464 2052 1504 passiones
2075 1465 2241 1506 patientia,
2265 1466 2397 1508 ipsaque

1401 1507 1578 1537 secundum
1601 1517 1634 1537 se
1658 1514 1688 1538 et
1711 1517 1933 1549 quaecumque
1965 1509 2149 1540 communia
2173 1520 2209 1540 ex
2240 1511 2396 1542 ambobus

1401 1561 1535 1591 corpora
1559 1558 1713 1582 constant.
1739 1552 1855 1583 Adhuc
1885 1560 1992 1583 autem
2016 1563 2052 1584 ex
2075 1554 2248 1585 rationibus
2271 1555 2396 1595 palam,

1399 1595 1517 1636 quibus
1540 1595 1787 1626 determinamus
1817 1603 1943 1627 naturas
1967 1597 2120 1638 ipsorum.
2148 1598 2296 1629 Calidum
2326 1599 2396 1640 qui-

1400 1640 1475 1670 dem
1494 1640 1579 1671 enim
1599 1647 1629 1671 et
1645 1640 1794 1680 frigidum
1818 1648 1854 1671 ut
1876 1641 1987 1672 factiva
2003 1642 2156 1673 dicimus:
2181 1643 2396 1674 concretivum

1402 1684 1488 1715 enim
1517 1684 1599 1715 sicut
1628 1684 1780 1715 factivum
1803 1685 1922 1726 aliquid
1949 1692 2004 1717 est.
2032 1686 2214 1717 Humidum
2236 1694 2343 1718 autem
2367 1695 2397 1719 et

1399 1729 1520 1759 siccum
1543 1729 1680 1769 passiva:
1701 1729 1790 1760 facile
1814 1730 1899 1760 enim
1922 1730 2116 1761 terminabile
2141 1738 2171 1762 et
2187 1731 2311 1762 difficile
2333 1739 2395 1762 ter-

1399 1773 1549 1804 minabile
1568 1773 1600 1804 in
1617 1773 1681 1814 pati
1697 1774 1817 1815 aliquid
1839 1782 1984 1805 naturam
1999 1775 2143 1815 ipsorum
2160 1775 2280 1807 dicitur.
2299 1776 2397 1814 Quod

1399 1818 1532 1858 quidem
1550 1818 1644 1858 igitur
1665 1818 1741 1849 haec
1753 1818 1885 1859 quidem
1901 1819 2023 1858 factiva,
2039 1819 2116 1850 haec
2134 1826 2241 1850 autem
2256 1820 2395 1861 passiva,

1399 1862 1605 1893 manifestum
1629 1869 1685 1894 est.

1331 1949 1490 1993 turpium,
1506 1961 1575 1983 non
1591 1959 1640 1983 est
1655 1949 1731 1991 vile,
1747 1951 1826 1983 item
1842 1962 1903 1983 nec
1920 1962 2032 1983 causas
2049 1950 2169 1984 horum
2186 1962 2395 1995 cognoscere,

1331 2002 1369 2026 ut
1384 1995 1555 2027 veniamus
1575 1995 1609 2027 in
1626 1995 1851 2038 cognitionem
1875 1995 2055 2039 primarum
2079 2007 2266 2028 causarum:
2291 1997 2394 2030 immo

1331 2038 1438 2072 multo
1461 2039 1572 2072 minus
1596 2038 1661 2072 hoc
1684 2048 1734 2072 est
1755 2039 1830 2080 vile,
1848 2040 1924 2084 quia
1946 2051 1998 2072 res
2021 2040 2128 2073 multo
2151 2040 2395 2074 immaterialius

1331 2092 1408 2116 sunt
1431 2083 1519 2127 apud
1542 2083 1746 2117 intellectum
1766 2095 1866 2135 quarn
1890 2083 1976 2128 apud
1999 2095 2143 2117 sensum.

1387 2128 1445 2161 Est
1472 2137 1583 2161 autern
1614 2128 1703 2161 utilis
1736 2128 1871 2161 scientia
1893 2129 1986 2161 istius
2009 2128 2100 2168 libri,
2123 2140 2192 2162 non
2218 2129 2327 2162 solum
2355 2129 2395 2163 ad

1331 2173 1557 2216 cognitionem
1586 2172 1774 2206 divinorum
1806 2173 1890 2205 sicut
1925 2172 2050 2206 dictum
2074 2182 2139 2213 est,
2170 2172 2227 2206 sed
2258 2172 2323 2207 fere
2352 2173 2392 2207 ad

1330 2226 1434 2250 totam
1457 2217 1627 2250 scientiam
1651 2216 1848 2258 naturalem,
1877 2225 1909 2250 et
1931 2218 2072 2250 maxime
2096 2217 2136 2251 ad
2160 2218 2329 2251 scientiam
2354 2217 2393 2251 de

1329 2261 1552 2302 mineralibus,
1572 2273 1656 2306 quae
1680 2261 1718 2294 ab
1743 2261 1919 2294 Aristotele
1944 2262 2127 2305 composita
2149 2261 2298 2295 nondum
2322 2273 2393 2306 per-

1328 2306 1419 2339 venit
1442 2305 1483 2339 ad
1502 2317 1574 2339 nos.
1592 2325 1610 2331 -
1626 2307 1684 2339 Est
1707 2306 1805 2339 etiam
1829 2305 1918 2338 utilis
1941 2306 1981 2339 ad
2005 2305 2215 2339 medicinam:
2241 2307 2317 2351 quia
2340 2306 2393 2339 hic

1329 2349 1448 2384 dicitur
1469 2357 1593 2396 propter
1608 2351 1682 2395 quid
1696 2349 1890 2391 multorum,
1909 2362 2051 2395 quorum
2074 2351 2147 2394 quia
2170 2359 2297 2384 tantum
2317 2362 2393 2384 con-

1328 2394 1488 2429 sideratur
1514 2396 1549 2428 in
1574 2394 1746 2429 medicina.
1773 2395 1814 2428 Et
1838 2404 1973 2439 propter
1999 2394 2063 2428 hoc
2091 2394 2191 2439 aliqui
2218 2394 2393 2428 voluerunt

1329 2451 1492 2484 exponere
1509 2439 1629 2473 librum
1645 2440 1746 2473 istum
1762 2438 1864 2472 modo
1883 2438 2069 2472 medicinali
2086 2440 2155 2472 sine
2171 2439 2292 2483 logica:
2310 2441 2394 2473 sicut

1330 2484 1476 2517 Galenus
1500 2485 1614 2517 recitat
1637 2483 1677 2518 de
1702 2483 1862 2528 quodam,
1887 2483 1977 2528 quod
2001 2495 2077 2516 curn
2101 2485 2285 2528 quaesitum
2309 2493 2394 2517 esset

1329 2529 1367 2562 ab
1388 2540 1428 2562 eo
1449 2528 1528 2573 quid
1552 2537 1637 2562 esset
1661 2528 1821 2569 calidum,
1845 2527 1927 2561 bene
1951 2527 2137 2572 respondit,
2161 2537 2193 2561 et
2217 2540 2292 2561 cum
2316 2540 2393 2561 con-

1329 2574 1464 2606 trarium
1489 2582 1696 2617 argueretur,
1725 2573 1834 2606 statim
1858 2572 1918 2606 sibi
1942 2572 2152 2613 contradixit,
2176 2584 2245 2605 non
2269 2584 2393 2617 cogno-

1330 2630 1424 2651 scens
1448 2629 1542 2651 suam
1567 2617 1878 2657 contradictionem,
1909 2628 1969 2661 pro
1996 2626 2043 2650 ter
2072 2616 2234 2650 defectum
2258 2617 2393 2661 logicae.

1329 2662 1438 2696 Debet
1460 2663 1560 2707 igitur
1584 2663 1644 2696 iste
1660 2661 1742 2695 liber
1765 2662 1885 2705 exponi
1909 2628 2012 2694 mogo
2035 2660 2184 2702 naturali,
2208 2673 2276 2694 non
2292 2661 2393 2695 medi-

1330 2707 1441 2740 cinali:
1467 2708 1543 2752 quia
1567 2706 1750 2740 secundum
1765 2707 1968 2739 Avicennam
1992 2705 2153 2739 medicina
2175 2715 2322 2739 versatur
2344 2717 2395 2739 so-

1329 2752 1400 2785 lum
1425 2753 1509 2785 circa
1538 2763 1658 2796 corpus
1682 2750 1866 2784 humanum
1903 2750 1943 2783 ad
1971 2750 2193 2783 infirmitatem
2223 2761 2394 2783 removen-

1330 2796 1405 2830 dam
1422 2805 1455 2829 et
1470 2797 1642 2830 sanitatem
1666 2794 1903 2835 inducendam,
1928 2794 1984 2827 sed
2008 2794 2062 2827 illa
2081 2806 2164 2838 quae
2180 2794 2214 2826 in
2230 2794 2294 2827 hoc
2309 2793 2392 2827 libro

1330 2841 1587 2875 determinantur
1603 2849 1680 2873 sunt
1696 2840 1885 2873 communia
1901 2838 2054 2871 omnibus
2070 2838 2190 2878 mixtis,
2205 2839 2289 2871 sicut
2305 2847 2395 2882 patet

1329 2897 1388 2930 per
1403 2897 1607 2930 processum.
1633 2886 1737 2928 Igitur
1759 2883 1840 2916 haec
1863 2883 1997 2916 scientia
2020 2883 2130 2927 potius
2154 2882 2334 2926 applicatur
2353 2882 2393 2916 ad

1305 2929 1307 2932 ⁴
1329 2930 1527 2963 medicinam
1551 2941 1650 2974 quam
1679 2939 1884 2968 econverso,
1914 2928 1989 2971 quia
2014 2938 2189 2959 commune
2213 2926 2393 3003 alpplicatur

2240 2983 2255 3003 c

1329 2975 1369 3008 ad
1393 2973 1543 3019 speciale.
1562 2994 1580 2999 —
1598 2974 1657 3007 Est
1679 2974 1814 3016 insuper
1837 2971 1924 3004 utilis
1949 2971 1989 3004 ad
2012 2971 2180 3004 scientiam
2208 2983 2225 3003 a
2281 2971 2391 3003 imiae:

1330 3020 1406 3064 quia
1430 3018 1662 3052 tantummodo
1687 3017 1943 3050 alchimistarum
1959 3024 2008 3048 est
2023 3023 2237 3048 transmutare
2261 3014 2392 3047 metalla

1329 3063 1511 3097 secundum
1535 3063 1716 3102 veritatem,
1732 3070 1764 3094 et
1780 3072 1848 3093 non
1865 3059 2046 3093 secundum
2070 3059 2390 3103 sophisticationem3

1329 3108 1419 3153 quod
1438 3108 1514 3140 licet
1530 3108 1572 3140 sit
1590 3105 1719 3140 difficile
1740 3114 1772 3138 et
1788 3103 2046 3148 dispendiosum,
2056 3105 2140 3136 sicut
2156 3115 2254 3147 supra
2267 3103 2391 3136 dictum

1329 3162 1387 3192 est,
1410 3164 1479 3185 non
1502 3160 1611 3184 tamen
1636 3159 1684 3183 est
1707 3148 1918 3193 impossibile.
1944 3149 1985 3181 Et
2007 3159 2068 3192 pro
2094 3156 2142 3180 ter
2164 3147 2229 3180 hoc
2251 3148 2390 3180 intentio

1328 3197 1515 3240 aliquorum
1544 3204 1613 3235 est,
1645 3193 1735 3238 quod
1764 3192 1894 3226 metalla
1925 3204 1993 3225 non
2024 3192 2056 3225 di
2083 3200 2178 3224 erunt
2208 3191 2390 3224 secundum

1328 3241 1490 3284 speciem,
1521 3239 1577 3272 sed
1608 3238 1790 3271 secundum
1813 3248 1931 3269 sanum
1959 3245 1991 3269 et
2019 3235 2203 3276 infirmum,
2234 3244 2389 3268 vocantes

1326 3284 1497 3317 metallum
1517 3295 1643 3323 sanum,
1661 3282 1791 3322 durum,
1810 3290 1841 3314 et
1857 3280 1929 3321 alia,
1946 3279 2073 3313 infirma
2089 3280 2115 3312 *z
2133 3280 2179 3312 sic
2194 3279 2287 3313 facile
2304 3288 2389 3313 esset

1326 3328 1455 3362 metalla
1475 3327 1657 3361 adinvicem
1682 3334 1907 3359 transmutare.
1933 3324 1997 3358 Sed
2014 3324 2111 3357 credo
2128 3323 2218 3368 quod
2235 3323 2390 3357 differunt

1326 3372 1507 3406 secundum
1532 3372 1693 3415 speciem,
1723 3379 1755 3403 er
1782 3369 1997 3402 nihilominus
2021 3369 2230 3401 transmutari
2254 3377 2390 3412 possent

1325 3417 1519 3457 adinvicem,
1536 3417 1612 3460 quia
1629 3424 1706 3447 sunt
1729 3413 1886 3447 naturalia
1910 3422 1941 3446 et
1957 3414 2091 3446 materia
2115 3424 2230 3445 eorum
2247 3422 2296 3446 est
2312 3424 2386 3445 una.

1326 3461 1431 3501 Quod
1455 3470 1565 3493 autern
1589 3459 1653 3492 hoc
1669 3459 1725 3492 fiat
1741 3470 1798 3502 per
1822 3466 1924 3490 artem
1941 3466 1989 3490 est
2005 3456 2145 3497 difficile,
2169 3468 2238 3490 non
2262 3457 2386 3501 impos-

1324 3505 1426 3538 sibile.
1450 3505 1530 3538 Non
1554 3513 1664 3537 tamen
1688 3502 1824 3546 intelligi
1848 3501 1943 3535 debet
1964 3500 2053 3545 quod
2070 3500 2206 3534 artifices
2227 3502 2386 3545 principa-

1324 3550 1396 3582 liter
1412 3557 1639 3588 transmutent,
1652 3547 1709 3580 sed
1726 3555 1827 3590 agunt
1845 3546 1937 3597 quasi
1953 3547 2179 3586 instrumenta,
2192 3545 2386 3589 applicando

1323 3594 1456 3638 propria
1473 3593 1601 3637 agentia
1623 3592 1764 3636 propriis
1784 3591 1935 3635 passwis:
1954 3590 2029 3635 quia
2045 3590 2179 3623 materia
2202 3590 2385 3634 propinqua

2416 3288 2427 3299 ⁴¹
2441 3290 2464 3309 et
2481 3287 2534 3310 add.
2550 3287 2584 3309 ed.
2599 3293 2624 3308 a.
