2782 4134
97 1217 106 1226 ·
131 1222 269 1239 communem

94 1249 141 1264 om.
156 1249 178 1265 ν.

338 238 361 273 8
1044 234 1115 270 DE
1146 233 1321 270 CAELO
1350 233 1422 270 ET
1450 231 1646 270 MUNDO
1676 231 1771 267 LIB.
1802 229 1815 264 Ι

337 324 398 354 tus
416 314 503 352 facit
521 314 671 361 lineam,
688 314 786 351 linea
803 326 898 351 vero
919 321 1023 350 mota
1038 313 1125 350 facit
1144 313 1397 362 superficiem,

339 367 557 418 superficies
578 375 705 405 autem
726 380 876 417 corpus.
897 369 932 404 A
948 378 1106 416 corpore
1122 374 1248 403 autem
1263 378 1342 402 non
1356 366 1399 402 fit

338 421 512 459 transitus
527 421 575 458 ad
589 420 702 458 aliam
721 420 1035 468 magnitudinem:
1057 419 1145 467 quia
1163 419 1245 455 talis
1264 419 1396 464 exitus,

338 475 419 512 sive
438 486 659 524 proceSSUS,
689 474 738 511 ad
765 474 866 511 aliud
894 485 1011 521 genus
1039 471 1318 519 magnitudinis,
1342 478 1397 507 est

340 527 551 565 secundum
584 526 772 564 defectum
807 527 885 563 eius
913 539 935 563 a
963 538 1039 574 quo
1068 524 1241 561 transitur
1274 524 1394 570 (unde

340 581 452 618 etiam
481 587 607 617 motus
636 579 812 616 naturalis
832 587 887 616 est
905 586 1008 615 actus
1031 577 1270 625 imperfecti).
1302 577 1394 614 Non

339 641 395 671 est
408 640 534 670 autem
554 633 731 682 possibile
750 632 853 680 quod
870 643 1016 679 corpus,
1034 630 1138 679 quod
1154 637 1209 667 est
1226 630 1394 679 perfecta

336 686 567 734 magnitudo,
584 685 732 723 deficiat
750 684 959 721 secundum
973 684 1072 720 hanc
1091 683 1289 730 rationem,
1306 683 1395 732 quia

338 747 393 776 est
413 739 632 776 continuum
653 737 860 775 secundum
880 749 1038 774 omnem
1058 736 1238 773 modum:
1255 744 1291 773 et
1304 736 1392 774 ideo

335 804 414 829 non
440 799 565 841 potest
582 791 663 828 fieri
681 790 854 828 transitus
874 802 896 826 a
916 802 1076 839 corpore
1095 789 1134 827 in
1153 790 1254 827 aliud
1273 802 1392 838 genus

333 844 608 893 magnitudinis.

392 910 449 934 10.
479 897 626 934 Deinde
655 908 741 932 cum
762 895 868 932 dicit:
893 895 1117 932 Partialium
1137 896 1285 944 quidem
1306 903 1388 944 etc.,

333 950 546 987 manifestat
576 949 768 999 propriam
801 949 1073 998 perfectionem
1104 948 1291 996 universi,
1319 962 1390 998 per

333 1003 579 1041 differentiam
612 1002 660 1039 ad
697 1014 857 1051 corpora
891 1001 1139 1051 particularia.
1178 1003 1228 1038 Et
1261 1002 1388 1051 primo

331 1056 438 1105 ponit
460 1056 614 1105 qualiter
639 1054 874 1104 particularia
906 1067 1067 1104 corpora
1086 1067 1126 1092 se
1145 1055 1312 1093 habeant
1339 1056 1388 1094 ad

329 1109 610 1158 perfectionem.
640 1109 688 1145 Et
707 1107 794 1144 dicit
812 1108 918 1157 quod
945 1109 1250 1158 unumquodque
1272 1110 1386 1159 parti-

331 1162 510 1199 cularium
531 1173 745 1210 corporum,
767 1161 976 1199 secundum
1000 1161 1189 1200 rationem
1213 1175 1388 1202 commu-

329 1227 418 1252 nem
430 1216 450 1236 *
460 1214 636 1263 corporis,
650 1222 704 1251 est
717 1214 800 1261 tale,
815 1214 912 1252 idest
925 1215 1150 1264 perfectum,
1164 1216 1387 1266 inquantum

327 1268 441 1305 habet
460 1280 592 1305 omnes
616 1267 887 1305 dimensiones:
917 1268 985 1306 sed
1008 1276 1138 1307 tamen
1165 1270 1388 1309 terminatur

1455 312 1503 348 ad
1521 311 1740 360 proximum
1767 321 1917 358 corpuS,
1939 308 2167 357 inquantum
2189 310 2371 359 contingit
2389 311 2529 361 ipsum.

1453 365 1503 401 Et
1526 364 1578 400 ita
1604 362 1911 411 unumquodque
1940 362 2072 399 talium
2103 374 2311 412 corporum
2339 366 2530 415 quodam-

1453 417 1571 453 modo
1590 424 1644 453 est
1663 416 1793 463 multa,
1814 415 1912 452 idest
1928 416 2152 465 perfectum,
2169 416 2398 466 inquantum
2413 420 2532 458 habet

1452 482 1588 506 omnes
1617 469 1895 516 dimensiones,
1926 476 1964 506 et
1990 469 2269 519 imperfectum,
2299 470 2529 521 inquantum

1450 523 1566 559 habet
1584 523 1685 559 aliud
1715 535 1854 572 corpus
1874 530 1979 560 extra
1998 535 2039 560 se
2059 529 2071 544 ⁰
2091 525 2140 562 ad
2161 525 2267 573 quod
2291 525 2526 565 terminatur.

1449 577 1520 613 Vel
1554 583 1609 613 est
1641 576 1759 613 multa
1794 576 2009 614 secundum
2039 585 2258 616 contactum
2292 579 2342 616 ad
2377 579 2529 618 diversa

1451 642 1628 679 corpora:
1652 630 1716 667 vel
1737 637 1794 667 est
1811 630 1942 677 multa,
1963 630 2054 680 quia
2073 639 2160 669 sunt
2177 632 2289 682 plura
2307 633 2422 670 unius
2442 646 2528 683 spe-

1450 683 1519 720 ciei
1545 690 1703 732 propter
1722 683 2069 733 imperfectionem3
2100 686 2206 734 quod
2235 698 2316 724 non
2345 687 2528 737 contingit

1449 737 1496 774 de
1524 736 1717 774 universo.

1508 802 1565 827 11.
1597 790 1776 827 Secundo
1804 790 1878 827 ibi:
1912 792 2048 829 Totum
2077 798 2204 831 autem
2235 801 2325 842 etc.,
2361 795 2527 833 ostendit

1448 843 1645 892 quomodo
1673 843 1900 882 universum
1930 858 1970 883 se
1989 846 2130 884 habeat
2158 848 2208 885 ad
2234 848 2524 897 perfectionem.

1446 897 1496 933 Et
1515 896 1604 934 dicit
1623 898 1728 946 quod
1748 904 1878 945 totum,
1894 899 1991 936 idest
2008 900 2247 949 universum,
2269 901 2377 939 cuius
2395 911 2524 952 partes

1445 957 1532 987 sunt
1567 950 1807 999 particularia
1845 965 2030 1002 corpora,
2066 967 2223 992 necesse
2253 963 2311 993 est
2344 956 2451 1005 quod
2478 956 2526 994 sit

1442 1004 1656 1052 perfectum
1685 1005 1867 1043 omnibus
1886 1007 2031 1054 modis;
2059 1015 2096 1045 et
2114 1008 2209 1046 sicut
2228 1009 2356 1058 ipsum
2377 1022 2524 1048 nornen

1444 1057 1612 1095 universi
1646 1058 1854 1108 significat,
1893 1061 2168 1111 omniquaque,
2205 1062 2303 1100 idest
2339 1063 2523 1102 omnibus

1443 1111 1580 1159 modis,
1609 1112 1840 1162 perfectum,
1871 1121 1908 1151 et
1935 1127 2015 1152 non
2043 1116 2258 1154 seeundum
2286 1129 2410 1155 unum
2438 1129 2523 1156 mo-

1431 1164 1538 1202 dum
1576 1165 1626 1202 ita
1658 1166 1763 1215 quod
1797 1180 1878 1205 non
1920 1169 2135 1207 secundum
2173 1170 2312 1208 alium:
2351 1171 2442 1221 quia
2485 1178 2523 1210 et

1441 1218 1558 1256 habet
1585 1231 1720 1258 omnes
1741 1220 2020 1270 dimensiones,
2051 1230 2088 1260 et
2108 1225 2401 1274 comprehendit
2420 1225 2460 1263 in
2479 1237 2522 1263 se

1442 1273 1572 1310 omnia
1593 1273 1612 1295 *
1632 1286 1806 1323 corpora.

378 1423 402 1456 o)
417 1422 494 1448 habet
505 1423 580 1449 aliud
593 1431 688 1457 corpus
702 1428 784 1450 extra
796 1432 831 1451 se.
841 1439 860 1445 -
874 1426 954 1452 habet
970 1427 1008 1452 ad
1026 1430 1109 1453 extra
1126 1435 1155 1454 se
1169 1436 1266 1462 corpus
1284 1430 1325 1456 ed.
1340 1430 1414 1462 1516,
1434 1432 1506 1465 quod
1525 1433 1545 1457 P
1564 1433 1667 1467 corrigit
1685 1434 1797 1468 legendo
1816 1434 1895 1460 habet
1913 1439 1996 1462 extra
2014 1443 2042 1462 se
2059 1444 2166 1469 corpus.
