2782 4134
412 260 490 306 418
1113 252 1701 292 METEOROLOGICORUM
1729 253 1824 290 LIB.
1856 254 1887 290 II

1169 512 1472 568 LECTIO
1509 511 1830 571 DECIMA

805 664 1083 698 OSTENDITUR
1106 664 1229 702 QUOD
1253 664 1426 696 AUSTER
1448 665 1541 697 NON
1563 666 1679 697 FLAT
1702 670 1732 698 A
1754 667 1871 699 POLO
1895 667 2194 707 ANTARCTICO,

993 721 1071 752 SED
1096 723 1125 752 A
1148 720 1268 752 LOCO
1293 721 1369 759 QUI
1393 722 1474 753 EST
1498 723 1577 754 SUB
1601 723 1794 756 TROPICO
1817 725 2006 757 AESTIVO

404 857 442 887 Ὀ
465 849 502 886 ’δὲ
526 853 621 890 νότος
649 852 717 883 ἀπὸ
742 850 804 887 τῆς
830 847 957 892 θερινῆς
983 847 1112 889 τροπῆς
1133 850 1222 888 πνεῖ,
1243 849 1301 879 καὶ
1321 848 1380 880 οὑκ
1400 848 1468 880 ἀπὸ

475 898 536 935 τῆς
561 896 678 939 ἑτέρας
705 894 845 938 ἄρκτου·

406 938 467 975 δύο
491 942 554 988 γάρ
573 941 677 973 ὄντων
696 936 885 982 τμημάτων
903 936 966 973 τῆς
985 933 1136 974 δυνατῆς
1155 934 1317 968 οἰκεῖσθαι
1340 935 1467 981 χώρας,

473 989 535 1025 τῆς
568 986 625 1030 μὲν
658 983 738 1027 πρός
763 981 822 1014 τόν
850 981 917 1013 ἄνω
944 978 1050 1012 πόλον
1076 981 1135 1013 τὸν
1167 979 1244 1012 καθ’
1271 981 1378 1024 ἡμᾶς,
1406 981 1467 1018 τῆς

471 1028 509 1064 δὲ
533 1030 612 1074 πρὸς
638 1027 697 1060 τόν
724 1026 835 1068 ἕτερον
860 1027 918 1056 καὶ
944 1024 1024 1070 πρὸς
1049 1026 1272 1069 μεσημβρίαν,
1290 1026 1349 1056 καὶ
1369 1024 1467 1062 οὔσης

472 1077 539 1109 οἷον
565 1072 759 1118 τυμπάνου·
786 1070 945 1102 τοιοῦτον
970 1072 1034 1116 γαρ
1060 1071 1180 1114 σχῆμα
1205 1070 1267 1107 τῆς
1293 1070 1355 1115 γῆς
1374 1069 1469 1104 ἐκτέ-

471 1129 603 1165 μνουσιν
630 1119 664 1148 αἰ
686 1114 721 1148 ἐκ
739 1115 801 1147 τοῦ
818 1113 958 1157 κέντρου
985 1114 1094 1151 αὐτῆς
1123 1113 1289 1160 ἀγόμεναι
1313 1116 1468 1159 γραμμαὶ

469 1166 528 1197 καὶ
553 1162 685 1195 ποιοῦσι
709 1155 769 1191 δύο
794 1157 931 1198 κώνους,
959 1159 1019 1192 τὸν
1044 1158 1103 1201 μέν
1130 1158 1259 1204 ἔχοντα
1284 1158 1382 1199 βάσιν
1408 1159 1469 1191 τόν

471 1206 651 1252 τροπικὸν,
679 1204 737 1236 τὸν
763 1198 801 1235 δὲ
826 1203 885 1234 τὸν
911 1199 970 1235 διαῖ
996 1202 1126 1241 παντὸς
1151 1203 1313 1247 φανερὸν,
1341 1203 1406 1240 τήν
1432 1199 1470 1236 δὲ

468 1251 611 1296 κορυφήν
636 1251 691 1282 ἐπὶ
710 1248 772 1280 τοῦ
797 1246 899 1291 μέσου
924 1248 988 1285 τῆς
1011 1247 1094 1295 γῆς·
1120 1248 1180 1280 τὸν
1207 1248 1315 1281 αὐτόν
1340 1243 1378 1281 δὲ
1396 1248 1471 1291 τρό-

470 1308 532 1329 πον
559 1294 638 1339 πρὸς
664 1293 723 1326 τὸν
747 1291 844 1324 κάτω
870 1291 974 1325 πόλον
996 1293 1052 1326 ἐ’τε
1076 1302 1106 1323 οι
1122 1287 1183 1324 δύο
1207 1294 1306 1326 κῶνοι
1323 1294 1386 1331 τῆς
1404 1295 1467 1338 γῆς

469 1340 679 1385 ἑκτμηματα
712 1337 886 1369 ποιοῦσιν·-
910 1337 1028 1370 ταῦτα
1052 1302 1080 1370 g’
1110 1336 1274 1369 οἰκεῖσθαι
1298 1338 1387 1382 μόνα
1417 1334 1471 1371 δυ-

468 1385 573 1426 νατοὶ,
591 1384 648 1417 καὶ
674 1382 745 1414 οὔτ’
768 1380 926 1413 ἐπέκεινα
950 1382 1018 1413 τῶν
1044 1381 1194 1426 τροπῶν·
1221 1382 1302 1414 σκιά
1324 1382 1388 1429 γαρ
1408 1383 1469 1416 οὐκ

471 1429 509 1462 ἂν
534 1429 573 1468 ἦν
599 1427 679 1472 πρὸς
702 1427 845 1470 ἄρκτον·
872 1425 927 1455 νῦν
954 1424 984 1457 δ’
1007 1424 1164 1464 ἄοίκητοι
1181 1426 1344 1480 πρότερον
1362 1429 1469 1474 γίνον-

469 1486 529 1506 ται
554 1477 584 1507 οἱ
609 1472 711 1506 τόποι
736 1472 810 1514 πρὶν
836 1467 857 1507 ἦ
884 1470 1093 1512 ὑπολείπειν,
1113 1470 1134 1506 ἦ
1152 1471 1384 1514 μεταβαλλειν
1403 1473 1468 1509 τήν

469 1519 565 1550 σκιάν
591 1517 671 1563 πρός
697 1515 926 1559 μεσημβρίαν·
953 1514 1001 1547 τά
1018 1514 1043 1545 θ’
1066 1514 1132 1548 ὐπὸ
1159 1514 1223 1551 τήν
1250 1515 1374 1559 ἄρκτον
1402 1517 1468 1549 ύπό

469 1562 592 1609 ψύχους
620 1562 779 1597 ἀοίκητα.
813 1558 960 1601 Φέρεται
986 1556 1022 1592 δέ
1051 1562 1108 1592 καὶ
1136 1559 1152 1590 ὁ
1177 1558 1342 1603 στέφανος
1372 1562 1469 1595 κατά

469 1609 595 1640 τοῦτον
621 1606 680 1638 τόν
706 1603 831 1636 τόπον·
857 1606 1017 1646 φαίνεται
1044 1604 1108 1651 γάρ
1136 1602 1217 1648 ύπέρ
1242 1605 1393 1648 κεφαλῆς
1418 1617 1467 1652 γι.-

468 1651 604 1696 νόμενος
630 1651 726 1692 ἡμῖν,
754 1647 838 1681 ὅταν
865 1645 888 1690 ᾗ
911 1649 1006 1680 κατά
1031 1649 1091 1681 τὸν
1116 1659 1200 1693 μεση
1232 1648 1359 1692 βρινόν·

401 1690 454 1727 διὸ
485 1699 542 1729 καὶ
567 1697 705 1742 γελοίως
729 1692 892 1739 γράφουσι
926 1694 981 1725 νῦν
1008 1693 1071 1731 τοὶς
1097 1692 1193 1736 περιό
1218 1705 1271 1731 ους
1296 1694 1360 1731 τῆς
1384 1695 1465 1741 γῆς.

463 1741 624 1786 γράφουσι
649 1739 713 1785 γάρ
746 1738 934 1782 κυκλοτερῆ
961 1737 1025 1774 τήν
1057 1737 1275 1781 οἰκουμένην,
1302 1739 1409 1771 τοῦτο
1435 1736 1464 1770 δ’

470 1786 560 1819 ἐστὶν
593 1781 764 1817 ἀδύνατον
798 1781 894 1814 κατά
923 1794 961 1814 τε
987 1782 1036 1816 τοὶ
1065 1782 1253 1827 φαινόμενα
1282 1785 1339 1814 καὶ
1372 1783 1470 1816 κατα

469 1832 528 1863 τόν
551 1829 673 1876 λόγον·
702 1827 717 1859 ὅ
743 1839 782 1859 τε
807 1826 873 1872 γάρ
902 1825 1004 1873 λόγος
1029 1826 1194 1859 δείκνυσιν
1221 1826 1274 1860 ὅτι
1300 1827 1355 1860 ἐπὶ
1383 1827 1469 1861 πλά-

469 1887 526 1913 τος
551 1874 609 1919 μὲν
634 1873 789 1917 ὥρισται,
814 1871 855 1904 τὸ
880 1865 918 1903 δὲ
941 1871 1051 1913 κύκλῳ
1075 1872 1261 1904 συνάπτειν
1288 1868 1468 1918 ἐνδέχεται

468 1919 527 1952 διά
544 1919 607 1955 τήν
631 1917 747 1963 κρᾶσιν
775 1916 832 1958 (οὗ
849 1915 913 1962 γάρ
933 1916 1139 1959 ὑπερβάλλει
1158 1917 1206 1949 τά
1221 1916 1389 1971 καύματα
1408 1919 1467 1949 καὶ

469 1964 510 1997 τὸ
534 1964 637 2009 ψῦχος
660 1960 756 1993 κατά
780 1961 899 2004 μῆκος,
928 1960 1001 1993 ἀλλ’
1024 1961 1080 1993 ἐπὶ
1106 1961 1252 2002 πλάτος,
1272 1959 1352 1994 ὡστ’
1373 1962 1402 1993 εἰ
1419 1963 1469 2006 μη’

470 2020 533 2041 που
557 2007 678 2040 κωλύει
702 2004 881 2043 θαλάττης
908 2004 1054 2047 πλῆθος,
1084 2004 1176 2038 ἅπαν
1202 2003 1288 2038 εἶναι
1314 2005 1467 2050 πορεύσι-

468 2055 570 2098 μον),
595 2054 652 2084 καὶ
685 2049 781 2082 κατοὶ
805 2050 854 2082 τοὶ
877 2049 1065 2094 φαινόμενα
1091 2053 1165 2094 περί
1191 2062 1229 2083 τε
1256 2050 1335 2088 τούς
1363 2052 1466 2089 πλοῦς

466 2101 524 2130 καὶ
550 2097 612 2135 τάς
637 2096 792 2139 πορείας·
820 2096 907 2127 πολύ
931 2095 994 2140 γάρ
1022 2095 1063 2127 τό
1093 2097 1198 2139 μῆκος
1228 2090 1378 2139 διαφέρει
1404 2097 1467 2129 τοῦ

469 2141 638 2180 πλάτους·
667 2140 707 2171 τό
731 2139 795 2184 γάρ
823 2139 892 2172 ἀπὸ
912 2139 1119 2183 Ἡρακλείων
1137 2140 1270 2177 στηλῶν
1287 2139 1386 2186 μέχρι
1403 2141 1467 2179 τῆς

461 2183 607 2224 Ἰνδικῆς
626 2185 688 2218 τοῦ
707 2183 741 2225 ἐξ
758 2182 933 2222 Αἰθιοπίας
953 2184 1033 2228 πρός
1050 2184 1115 2220 τήν
1133 2185 1286 2216 Μαιῶτιν
1310 2187 1368 2217 καὶ
1386 2185 1468 2224 τούς

467 2231 722 2276 ἐσχατεύοντας
757 2230 820 2266 τῆς
852 2228 992 2266 Σκυθίας
1025 2227 1151 2268 τόπους
1187 2227 1289 2262 πλέον
1316 2227 1338 2267 ἦ
1363 2228 1466 2263 πέντε

470 2277 549 2320 πρὸς
574 2278 651 2321 τρία
676 2273 716 2306 τὸ
742 2272 881 2320 μέγεθός
907 2273 1013 2315 ἐστιν,
1033 2273 1092 2306 ἐάν
1118 2286 1169 2312 τις
1195 2273 1275 2312 τούς
1301 2286 1339 2307 τε
1362 2275 1467 2313 πλοῦς

466 2322 648 2367 λογίζηται
680 2321 737 2350 καὶ
771 2318 834 2356 τοὶς
861 2315 977 2359 ὁδους,
1004 2318 1046 2356 ὠς
1071 2313 1254 2364 ἐνδέχεται
1277 2317 1466 2373 λαμβάνειν

468 2367 534 2397 τῶν
560 2363 726 2398 τοιούτων
747 2363 810 2401 τοὶς
829 2363 1012 2407 ἀκριβείας.
1039 2364 1165 2396 Καίτοι
1182 2362 1238 2396 ἐπὶ
1257 2363 1389 2401 πλατος
1406 2363 1466 2407 μὲν

468 2409 564 2456 μέχρι
589 2410 654 2442 τῶν
683 2407 852 2444 ἀοικήτων
871 2410 967 2451 ἴσμεν
986 2406 1050 2444 τῆν
1068 2407 1281 2452 οἰκουμένην·
1309 2407 1389 2440 ἔνθα
1406 2408 1466 2451 μὲν

467 2455 530 2500 γάρ
557 2450 615 2486 δια
638 2452 679 2497 ψῦ
708 2465 741 2491 ος
767 2452 883 2485 οὐκέτι
906 2453 1140 2492 κατοικοῦσιν,
1160 2451 1239 2485 ἔνθα
1263 2451 1300 2484 δέ
1325 2447 1386 2485 διαὶ
1401 2453 1466 2489 τήν

470 2499 592 2532 ἀλέαν·
620 2498 667 2530 τά
683 2464 727 2531 {a
752 2498 813 2535 τῆς
833 2491 980 2534 Ἰνδικῆς
1000 2495 1061 2537 ἔξω
1085 2499 1144 2529 καὶ
1163 2498 1229 2530 τῶν
1247 2498 1380 2535 στηλῶν
1400 2498 1466 2529 τῶν

464 2544 667 2588 Ἡρακλείων
693 2539 752 2575 διά
776 2542 840 2579 τὴν
865 2540 1047 2574 θάλατταν
1074 2541 1111 2573 οὗ
1129 2545 1289 2586 φαίνεται
1306 2543 1465 2586 συνείρειν

470 2590 517 2630 τῷ
542 2587 686 2631 συνεχῶς
711 2584 797 2619 εἶναι
822 2586 937 2618 πᾶσαν
964 2585 1173 2628 οἰκουμένην.

395 2633 493 2664 Ἐπεὶ
518 2630 545 2664 δ’
568 2633 685 2687 ὁμοίως
705 2632 792 2677 ἔχειν
819 2629 950 2687 ἀνάγκη
977 2630 1084 2663 τόπον
1111 2630 1191 2663 τινά
1215 2631 1295 2675 πρός
1317 2630 1377 2663 τόν
1396 2628 1467 2663 ’έτε-

469 2688 521 2722 ρον
549 2677 651 2708 πολον
677 2675 786 2721 ὥσπερ
813 2674 847 2708 ὅν
880 2678 976 2719 ημεῖς
1011 2675 1165 2718 οἰκοῦμεν
1193 2674 1273 2730 πρὸς
1299 2675 1358 2707 τόν
1385 2674 1467 2720 ὑπὲρ

469 2722 575 2765 ἡμῶν,
601 2716 704 2757 δῆλον
729 2722 771 2759 ὠς
798 2718 966 2777 ἀνάλογον
994 2718 1059 2760 ἕξει
1084 2718 1133 2752 τά
1157 2719 1187 2751 τ’
1211 2721 1300 2752 αλλα
1323 2721 1381 2751 καὶ
1400 2721 1467 2751 τῶν

469 2764 670 2810 πνευμάτων
689 2766 709 2801 η
728 2764 864 2803 στάσις·
892 2766 981 2797 ὡστε
1001 2762 1156 2809 καθάπερ
1175 2763 1326 2796 ἐνταῦθα
1348 2763 1466 2807 βορέας

469 2811 555 2852 ἐστὶ,
572 2807 737 2847 κάκείνοις
764 2810 833 2842 ἀπὸ
859 2811 921 2847 τῆς
947 2809 1017 2840 ἐκεῖ
1042 2807 1166 2853 ἄρκτου
1191 2820 1243 2846 τις
1270 2809 1391 2851 ἄνεμος
1413 2808 1467 2841 οὕ-

469 2867 534 2892 τως
558 2853 614 2895 ῶν,
643 2855 675 2886 ὃν
702 2853 795 2886 οὐθὲν
823 2849 971 2886 δυνατὸν
997 2851 1126 2889 διήκειν
1151 2848 1262 2897 δεῦρο,
1290 2853 1363 2885 ἐπεὶ
1390 2852 1462 2886 οὐδ’

470 2900 485 2931 ό
511 2898 629 2941 βορέας
656 2897 754 2936 οὖτος
781 2899 825 2936 εἰς
852 2899 915 2935 τήν
942 2895 1093 2930 ἐνταῦθα
1126 2897 1321 2942 οἰκουμένην
1350 2897 1465 2930 πᾶσάν

469 2941 576 2976 ἐστιν·
603 2943 677 2975 ἔστι
701 2943 765 2988 γάρ
791 2942 901 2987 ὥσπερ
930 2940 1092 2988 άπόγειον
1119 2942 1160 2974 τὸ
1186 2943 1321 2986 πνεῦμα
1347 2942 1388 2974 τό
1412 2942 1466 2983 βό-

467 2999 566 3031 ρειον,
586 2986 645 3025 ἕως
664 2988 679 3019 0'
706 2987 823 3030 βορέας
850 2987 949 3025 οὗτος
976 2987 1021 3024 εὶς
1048 2985 1111 3022 τήν
1138 2986 1290 3020 ἐνταῦθα
1316 2986 1466 3031 οἰκουμέ-

469 3043 525 3068 νην
552 3035 638 3063 πνεῖ.
666 3032 773 3064 ’Anae
795 3027 854 3064 διά
878 3032 918 3065 τό
946 3031 1009 3068 τήν
1032 3032 1158 3068 οἴκησιν
1182 3030 1314 3064 κεῖσθαι
1331 3031 1465 3069 ταύτην

468 3076 547 3120 πρὸς
583 3075 724 3119 ἄρκτον,
753 3077 908 3109 πλεῖστοι
939 3074 1055 3120 βορέαι
1089 3074 1256 3108 πνέουσιν.
1293 3075 1402 3120 Ὅμως
1428 3072 1466 3108 δὲ

467 3122 525 3151 καὶ
552 3117 701 3152 ἐνταῦθα
727 3121 873 3153 ἐλλείπει
897 3122 954 3152 καὶ
973 3120 1010 3152 οὗ
1028 3115 1177 3153 δυ’ναται
1194 3119 1303 3165 πόρρω
1320 3116 1463 3162 διήκειν,

469 3164 542 3196 ἐπεὶ
569 3166 643 3208 περὶ
676 3165 739 3200 τῆν
766 3164 827 3205 ἔξω
857 3163 980 3204 Λιβύης
1011 3163 1194 3198 θάλατταν
1226 3166 1290 3202 την
1324 3168 1463 3206 νοτίαν,

467 3207 576 3251 ὥσπερ
604 3207 755 3241 ἐνταῦθα
781 3211 810 3241 οἰ
835 3208 952 3251 βορέαι
975 3211 1032 3240 καὶ
1060 3211 1088 3240 οἱ
1110 3209 1205 3242 νότοι
1223 3209 1391 3251 πνέουσιν,
1412 3208 1466 3242 οὕ-

469 3265 532 3289 τως
559 3252 628 3284 ἑκεῖ
643 3251 732 3296 εὖροι
756 3255 813 3285 καὶ
838 3252 969 3309 ζέῇὶυροι
987 3247 1227 3308 διαδεχόμενοι
1245 3254 1465 3298 συνεχεῖςοὶεὶ

470 3295 634 3328 πνέουσιν.
666 3295 742 3329 ’Ότι
766 3298 825 3341 μέν
851 3309 907 3329 ουν
933 3296 1032 3335 νότος
1058 3309 1117 3330 ουκ
1143 3298 1234 3330 ἐ’στιν
1261 3300 1278 3330 ό
1306 3297 1375 3331 ἀπὸ
1402 3299 1464 3331 τοῦ

472 3339 528 3371 ἑτέ
550 3352 586 3372 ου
611 3340 717 3373 πόλου
743 3341 850 3373 πνέων
878 3341 1017 3385 ἄνεμος,
1043 3336 1168 3379 δῆλον·

405 3382 477 3415 ἐπεὶ
509 3379 527 3414 δ
567 3383 638 3416 οὔτ’
667 3386 811 3427 ἐκεῖνος,
847 3385 912 3417 οὗθ’
944 3387 959 3417 ό
990 3385 1058 3419 ἀπὸ
1091 3387 1280 3431 χειμερινῆς
1316 3386 1463 3431 τροπῆς·

470 3422 543 3459 δέοι
566 3428 628 3473 γοὶρ
657 3429 694 3461 ἄν
722 3429 822 3462 ἄλλον
851 3430 918 3462 ἀπὸ
945 3429 1071 3474 θερινῆς
1097 3428 1182 3462 εἶναι
1200 3431 1347 3474 τροπῆς·
1375 3430 1464 3463 οὕτω

470 3471 533 3517 γάρ
560 3472 600 3503 τό
628 3472 794 3518 ἀνάλογον
827 3469 1007 3506 ἀποδώσει.
1045 3475 1111 3506 Νῦν
1137 3470 1166 3506 δ’
1197 3475 1256 3506 οὐκ
1282 3474 1390 3508 ἔστιν·
1419 3475 1464 3513 εἷς

470 3515 533 3561 γάρ
568 3514 665 3559 μόνος
695 3520 852 3559 φαίνεται
885 3517 991 3549 πνέων
1018 3518 1054 3549 ἐκ
1084 3520 1150 3551 τῶν
1177 3518 1302 3551 ἐκεῖθεν
1328 3518 1462 3551 τόπων·

472 3557 546 3590 ὥσθ’
578 3559 706 3605 ἀνάγκη
734 3560 792 3592 τὸν
823 3561 891 3593 ἀπὸ
925 3562 986 3593 τοῦ
1017 3562 1321 3606 κατακεκαυμένου
1355 3563 1464 3596 τόπου

473 3602 623 3636 πνέοντα
649 3604 769 3648 ἄνεμον
794 3601 879 3636 εἶναι
907 3605 1018 3637 νότον.

1522 850 1540 870 *
1555 852 1672 882 Auster
1694 858 1802 883 autem
1825 854 1864 884 ab
1888 853 2003 884 aestiva
2028 854 2173 884 versione
2196 853 2268 894 flat,
2292 861 2323 885 et
2345 863 2412 898 non
2437 854 2476 885 ab
2499 854 2596 886 altera
2623 857 2634 869 ⁸

1592 895 1680 927 Ursa.

1523 939 1656 970 Duabus
1690 940 1776 971 enim
1807 941 2010 973 existentibus
2034 942 2248 973 decisionibus
2280 942 2440 983 possibilis
2463 942 2597 974 habitari

1590 984 1739 1024 regionis,
1762 985 1821 1016 hac
1844 986 1976 1027 quidem
1999 987 2040 1017 ad
2055 987 2253 1027 superiorem
2268 987 2383 1028 polum
2409 987 2466 1028 qui
2485 997 2596 1018 secun-

1591 1029 1671 1059 dum
1694 1039 1765 1068 nos,
1788 1030 1848 1060 hac
1875 1037 1985 1061 autem
2015 1031 2056 1061 ad
2079 1031 2214 1062 alterum
2243 1038 2274 1062 et
2296 1031 2337 1062 ad
2359 1031 2541 1071 meridiem,
2565 1038 2598 1063 et

1590 1079 1724 1115 utraque
1749 1074 1898 1105 existente
1914 1074 2002 1106 velut
2024 1081 2190 1116 tympano.
2215 1075 2330 1106 Talem
2351 1075 2438 1106 enim
2459 1075 2597 1116 figuram

1590 1124 1689 1149 terrae
1713 1118 1861 1150 excidunt
1879 1129 1962 1160 quae
1985 1129 2023 1150 ex
2046 1126 2154 1150 centro
2176 1118 2277 1160 ipsius
2301 1119 2413 1150 ductae
2435 1119 2549 1159 lineae,
2565 1126 2597 1152 et

1591 1161 1712 1194 faciunt
1730 1163 1812 1194 duos
1837 1173 1947 1202 conos,
1967 1163 2054 1194 hunc
2070 1163 2202 1205 quidem
2220 1163 2391 1194 habentem
2413 1163 2514 1195 basim
2530 1170 2595 1196 tro-

1590 1206 1718 1247 picum,
1738 1207 1824 1239 hunc
1855 1217 1980 1248 semper
2002 1208 2227 1246 manifestum,
2250 1207 2402 1239 verticem
2431 1215 2540 1240 autem
2561 1208 2596 1240 in

1591 1251 1699 1282 medio
1716 1258 1824 1283 terrae.
1843 1252 1970 1283 Eodem
1985 1259 2094 1283 autem
2109 1253 2209 1283 modo
2225 1252 2267 1283 ad
2284 1252 2469 1283 inferiorem
2479 1252 2596 1294 polum

1591 1296 1643 1326 alii
1663 1296 1728 1327 duo
1745 1297 1818 1327 coni
1837 1303 1935 1328 terrae
1961 1297 2135 1328 excisiones
2158 1297 2287 1328 faciunt.
2317 1297 2387 1328 Hae
2409 1303 2518 1328 autem
2539 1297 2595 1328 ha-

1590 1340 1681 1371 bitari
1704 1341 1790 1372 solae
1807 1341 1990 1382 possibiles:
2016 1348 2047 1372 et
2062 1351 2167 1382 neque
2183 1341 2266 1373 ultra
2281 1341 2457 1381 versiones3
2480 1342 2596 1373 umbra

1590 1385 1677 1415 enim
1693 1395 1758 1416 non
1774 1386 1885 1427 utique
1901 1393 1983 1417 esset
2005 1386 2045 1416 ad
2068 1393 2209 1425 arctum;
2233 1396 2319 1417 nunc
2342 1392 2451 1417 autem
2472 1385 2594 1417 inhabi-

1589 1429 1696 1460 tabilia
1711 1430 1799 1470 prius
1814 1430 1896 1462 fiunt
1911 1430 1993 1469 loca,
2011 1437 2182 1471 antequam
2197 1429 2383 1461 subdeficiat
2399 1436 2456 1461 aut
2468 1440 2596 1471 permu-

1590 1479 1673 1505 tetur
1696 1475 1809 1506 umbra
1832 1476 1872 1506 ad
1896 1475 2078 1506 meridiem:
2098 1485 2245 1516 quaeque
2269 1475 2328 1506 sub
2348 1475 2428 1506 Ursa
2443 1485 2463 1506 a
2477 1474 2593 1516 frigore

1590 1517 1816 1550 inhabitabilia.
1840 1520 1952 1550 Fertur
1967 1526 2075 1550 autem
2099 1526 2130 1550 et
2153 1519 2284 1551 Corona
2307 1519 2486 1550 secundum
2508 1519 2595 1551 hunc

1589 1563 1745 1594 modum:
1771 1563 1895 1595 videtur
1913 1564 1999 1594 enim
2022 1574 2117 1604 super
2149 1570 2245 1605 caput
2274 1564 2355 1595 facta
2383 1563 2495 1603 nobis,
2517 1573 2595 1596 cum

1590 1607 1684 1639 fuerit
1712 1608 1890 1639 secundum
1913 1608 2135 1639 meridianum.

1522 1696 1656 1737 Propter
1678 1698 1768 1738 quod
1798 1703 1829 1728 et
1852 1697 1983 1728 ridicule
2013 1697 2154 1728 scribunt
2176 1706 2262 1728 nunc
2289 1695 2440 1737 periodos
2471 1702 2592 1728 terrae:

1590 1741 1772 1773 describunt
1794 1741 1881 1772 enim
1904 1741 2088 1772 circularem
2111 1741 2294 1772 habitatam.
2317 1741 2391 1772 Hoc
2413 1746 2523 1772 autem
2545 1747 2594 1773 est

1588 1785 1785 1826 impossibile
1810 1793 1840 1817 et
1863 1786 2042 1817 secundum
2073 1785 2257 1826 apparentia
2285 1792 2316 1816 et
2339 1785 2517 1816 secundum
2546 1795 2594 1816 ra-

1589 1830 1721 1861 tionem.
1745 1830 1839 1861 Ratio
1864 1830 1950 1861 enim
1973 1830 2112 1861 ostendit
2130 1830 2220 1871 quod
2243 1829 2283 1860 ad
2303 1829 2505 1860 latitudinem
2522 1829 2594 1871 qui-

1589 1874 1663 1905 dem
1687 1875 1892 1906 determinata
1915 1881 1973 1914 est,
1998 1875 2115 1906 circulo
2139 1881 2248 1906 autem
2271 1872 2414 1914 copulari
2437 1873 2594 1915 contingit

1589 1926 1719 1960 propter
1742 1919 2004 1961 temperantiam:
2029 1929 2096 1950 non
2129 1918 2215 1950 enim
2238 1918 2394 1950 excedunt
2427 1925 2532 1949 aestus
2562 1924 2595 1950 et

1589 1963 1687 2004 frigus
1716 1965 1893 1995 secundum
1924 1963 2182 2005 longitudinem,
2217 1963 2273 1994 sed
2303 1962 2344 1994 ad
2374 1961 2594 2003 latitudinum

1589 2018 1697 2050 quare,
1714 2009 1739 2039 si
1758 2019 1825 2039 non
1849 2009 1964 2040 alicubi
1988 2008 2135 2050 prohibet
2157 2007 2252 2038 maris
2276 2006 2462 2046 multitudo,
2485 2013 2593 2038 totum

1588 2060 1636 2084 est
1662 2053 1920 2094 perambulabile.
1944 2053 1985 2084 Et
2016 2053 2194 2084 secundum
2217 2051 2402 2093 apparentia
2428 2050 2509 2083 circa
2538 2060 2593 2082 na-

1587 2097 1763 2138 vigationes
1787 2105 1818 2130 et
1840 2098 1962 2129 itinera.
1990 2098 2132 2129 Multum
2156 2097 2242 2128 enim
2264 2095 2434 2137 longitudo
2453 2095 2556 2127 differt
2572 2105 2592 2127 a

1587 2142 1770 2174 latitudine:
1795 2142 1885 2184 quod
1908 2142 1994 2173 enim
2009 2143 2048 2173 ab
2068 2141 2228 2173 Heracleis
2244 2140 2415 2173 Columnis
2433 2150 2537 2182 usque
2552 2139 2594 2172 ad

1589 2186 1752 2226 Indicum,
1776 2197 1815 2218 eo
1839 2187 1929 2228 quod
1952 2197 1989 2218 ex
2017 2186 2188 2227 Aethiopia
2216 2186 2256 2217 ad
2279 2185 2474 2217 Maeotidem
2498 2191 2530 2216 et
2552 2184 2594 2216 ad

1589 2238 1728 2262 extrema
1743 2231 1889 2273 Scythiae
1911 2231 1993 2270 loca,
2017 2231 2090 2272 plus
2112 2241 2211 2272 quam
2233 2230 2376 2272 quinque
2400 2229 2440 2261 ad
2462 2229 2522 2270 tria
2543 2239 2593 2261 se-

1589 2276 1733 2307 cundum
1755 2276 2010 2317 magnitudinem
2033 2282 2090 2314 est,
2113 2275 2140 2306 si
2163 2275 2235 2317 quis
2258 2274 2475 2316 navigationes
2497 2273 2593 2306 ratio-

1589 2320 1712 2352 cinetur
1730 2327 1761 2352 et
1776 2321 1841 2351 vias
1864 2327 1900 2352 ut
1920 2320 2075 2361 contingit
2095 2319 2235 2361 accipere
2251 2319 2365 2351 talium
2380 2318 2592 2350 certitudines.

1589 2365 1631 2396 Et
1645 2365 1776 2406 quidem
1792 2365 1832 2396 ad
1847 2365 2047 2396 latitudinem
2067 2374 2170 2406 usque
2186 2364 2226 2395 ad
2244 2363 2460 2395 inhabitabilia
2475 2362 2594 2395 scimus
2638 2366 2641 2369 “

1588 2409 1762 2441 habitatam
1785 2408 1860 2452 (hic
1882 2409 2014 2451 quidem
2037 2409 2123 2440 enim
2155 2415 2286 2450 propter
2315 2408 2414 2449 frigus
2437 2417 2505 2440 non
2526 2407 2592 2439 iam

1587 2454 1740 2493 habitant,
1756 2454 1807 2485 hic
1827 2461 1935 2485 autem
1959 2460 2088 2494 propter
2103 2451 2259 2495 aestum):
2283 2462 2366 2494 quae
2384 2458 2493 2484 autem
2507 2458 2593 2483 extra

1589 2498 1732 2530 indicum
1750 2505 1781 2530 et
1804 2498 1982 2530 Columnas
2005 2497 2184 2536 Heracleas,
2198 2503 2329 2538 propter
2350 2506 2437 2527 mare
2460 2506 2528 2527 non
2547 2495 2592 2527 vi-

1590 2543 1704 2574 dentur
1719 2543 1862 2584 copulari
1892 2549 2022 2583 propter
2045 2541 2232 2573 continuam
2255 2551 2322 2572 esse
2346 2550 2479 2572 omnem
2501 2540 2592 2572 habi-

1588 2587 1726 2619 tabilem.

1522 2632 1687 2670 Quoniam
1710 2638 1817 2663 autem
1840 2630 1982 2662 similiter
2005 2630 2119 2661 habere
2142 2639 2268 2661 necesse
2296 2629 2406 2661 locum
2429 2629 2593 2672 quendam

1589 2677 1629 2707 ad
1652 2677 1787 2707 alterum
1810 2676 1935 2716 polum,
1951 2675 2033 2706 sicut
2053 2685 2151 2716 quem
2170 2684 2230 2705 nos
2249 2674 2430 2705 habitamus
2453 2674 2494 2705 ad
2516 2671 2592 2706 eum'

1589 2721 1645 2762 qui
1668 2730 1764 2762 super
1787 2731 1862 2758 nos,
1886 2720 1992 2761 palam
2016 2719 2105 2761 quod
2127 2718 2408 2760 proportionaliter
2429 2718 2593 2751 habebunt

1589 2765 1713 2806 aliaque
1738 2772 1768 2796 et
1790 2771 1962 2796 ventorum
1978 2763 2149 2795 existentia.
2175 2763 2293 2802 Quare,
2314 2763 2593 2804 quemadmodum

1589 2809 1640 2841 hic
1664 2810 1775 2840 boreas
1799 2816 1855 2848 est,
1876 2816 1906 2840 et
1922 2809 1983 2839 illis
1999 2809 2037 2839 ab
2054 2808 2107 2839 illa
2126 2818 2208 2850 quae
2224 2807 2267 2838 ibi
2290 2808 2370 2839 Ursa
2385 2807 2500 2850 aliquis
2514 2817 2591 2839 ven-

1589 2862 1640 2886 tus
1665 2854 1707 2885 sic
1735 2853 1879 2892 existens,
1903 2863 2002 2895 quem
2025 2853 2104 2884 nihil
2129 2852 2280 2894 possibile
2304 2851 2480 2893 pertingere
2502 2851 2591 2883 huc:

1589 2899 1743 2940 quoniam
1777 2908 1881 2939 neque
1909 2899 2021 2929 boreas
2047 2897 2131 2928 idem
2163 2897 2195 2927 in
2225 2907 2296 2928 eam
2326 2906 2407 2938 quae
2430 2896 2482 2928 hic
2503 2895 2592 2928 habi-

1589 2944 1742 2975 tationem
1774 2953 1906 2974 omnem
1929 2950 1984 2973 est.
2020 2942 2077 2973 Est
2107 2941 2193 2972 enirn
2216 2941 2303 2972 velut
2326 2940 2478 2982 apogeios
2501 2939 2590 2982 spiri-

1588 2995 1640 3019 tus
1663 2987 1815 3025 borealis,
1840 2987 1942 3018 donec
1966 2987 2077 3018 boreas
2100 2986 2158 3017 iste
2188 2986 2221 3016 in
2253 2995 2324 3016 earn
2353 2995 2435 3026 quae
2462 2985 2514 3016 hic
2536 2985 2591 3016 ha-

1588 3032 1775 3063 bitationem
1799 3031 1861 3063 flet.
1887 3031 1947 3063 Sed
1979 3031 2054 3072 quia
2077 3030 2228 3061 habitatio
2258 3030 2318 3061 ista
2346 3029 2450 3071 posita
2477 3036 2524 3061 est
2551 3029 2592 3060 ad

1587 3084 1721 3115 arctum,
1745 3075 1875 3116 plurimi
1899 3076 2013 3106 boreae
2036 3075 2121 3106 flant.
2139 3075 2264 3106 Tamen
2288 3081 2319 3106 et
2341 3073 2410 3105 istic
2429 3073 2544 3113 deficit,
2560 3080 2592 3105 et

1588 3131 1654 3151 non
1668 3127 1773 3162 potest
1785 3121 1880 3160 longe
1896 3119 2073 3161 pervenire:
2091 3119 2246 3161 quoniam
2261 3119 2341 3150 circa
2356 3118 2389 3149 id
2405 3118 2494 3160 quod
2506 3124 2591 3150 extra

1588 3165 1723 3207 Libyam
1755 3175 1841 3195 mare
1870 3165 2024 3202 australe,
2048 3163 2326 3205 quemadmodum
2349 3162 2400 3194 hic
2423 3162 2536 3194 boreae
2560 3168 2592 3194 et

1588 3210 1684 3240 austri
1709 3210 1804 3247 flant,
1836 3209 1880 3240 sic
1913 3209 1955 3240 ibi
1987 3208 2054 3239 euri
2082 3215 2112 3239 et
2134 3207 2265 3249 zephyri
2289 3207 2492 3239 succedentes
2515 3217 2591 3239 con-

1587 3254 1666 3285 tinui
1691 3263 1815 3294 semper
1838 3253 1924 3284 flant.
1949 3253 2047 3291 Quod
2066 3252 2198 3294 quidem
2219 3252 2315 3292 igitur
2334 3258 2439 3283 auster
2461 3261 2529 3282 non
2545 3257 2592 3283 est

1587 3299 1626 3329 ab
1650 3298 1747 3329 altero
1771 3298 1848 3338 polo
1872 3297 1951 3328 flans
1974 3304 2099 3336 ventus,
2122 3297 2238 3338 palam.

1521 3387 1685 3424 Quoniam
1701 3393 1809 3417 autem
1829 3396 1932 3427 neque
1956 3386 2019 3424 ille,
2037 3395 2140 3427 neque
2159 3385 2214 3427 qui
2232 3386 2270 3416 ab
2292 3383 2420 3415 hiemali
2435 3383 2590 3415 versione.

1587 3431 1756 3471 Oportebit
1771 3430 1856 3461 enirn
1880 3430 1991 3471 utique
2011 3430 2110 3460 alium
2127 3430 2166 3460 ab
2182 3429 2321 3460 aestivali
2341 3438 2407 3459 esse
2430 3428 2590 3466 versione;

1587 3475 1631 3505 sic
1662 3475 1748 3505 enim
1782 3475 2020 3515 proportionale
2051 3474 2240 3514 assignabit:
2273 3483 2359 3504 nunc
2389 3479 2496 3504 autem
2524 3481 2590 3502 non

1588 3526 1652 3557 est;
1678 3529 1760 3550 unus
1780 3519 1866 3549 enim
1889 3519 1976 3549 solus
1997 3518 2121 3549 videtur
2136 3518 2214 3549 flans
2234 3528 2270 3548 ex
2286 3517 2359 3548 inde
2375 3517 2462 3548 locis.
2484 3517 2590 3554 Quare

1588 3573 1714 3594 necesse
1748 3570 1794 3594 est
1817 3573 1892 3594 eum
1915 3562 1971 3604 qui
1995 3563 2033 3593 ab
2064 3569 2174 3593 exusto
2207 3562 2279 3593 loco
2305 3561 2434 3592 flantem
2457 3567 2590 3591 ventum

1589 3617 1654 3638 esse
1678 3614 1832 3638 austrum.
