2690 4062
286 222 393 248 CXVIII

288 287 419 332 quando
444 296 553 320 autem
577 285 751 318 humidum
773 284 836 318 cibi
860 293 909 317 est
931 282 1103 317 reductum
1120 281 1160 315 ad
1177 281 1351 314 humorem

287 343 461 377 aquosum,
479 340 556 364 tunc
573 331 606 363 in
630 329 773 363 secunda
797 329 978 373 digestione
1000 335 1168 371 separatur
1184 326 1293 358 urina:
1318 325 1352 357 in

286 377 380 409 tertia
402 387 481 408 vero
506 384 538 408 et
561 383 674 419 quarta
697 373 734 407 fit
759 374 934 407 maturatio
958 371 1038 412 cibi,
1065 379 1098 403 et
1122 370 1294 403 conversio
1318 369 1352 402 in

287 432 409 454 semen.
435 420 509 453 Hoc
537 421 635 453 etiam
659 427 791 463 apparet
818 418 852 450 in
881 415 1034 450 omnibus
1058 415 1187 459 pomis,
1212 422 1244 447 et
1268 413 1351 446 clare

286 466 321 498 in
345 463 526 508 amygdala,
554 465 587 496 in
615 474 679 508 qua
702 463 793 507 prius
816 474 834 494 a
856 460 960 494 calido
985 468 1152 504 separatur
1175 457 1351 491 humidum

287 520 430 549 aereum,
455 517 487 541 et
511 508 711 542 convertitur
729 506 790 539 flos
815 507 848 538 in
867 505 1021 538 corticem
1045 503 1183 536 viridem
1201 511 1233 536 et
1249 513 1351 546 aquo-

287 565 372 594 sum,
389 562 503 597 postea
526 561 693 596 separatur
715 549 889 583 humidum
914 559 1076 593 aquosum
1098 556 1130 580 et
1150 547 1351 580 convertitur

286 598 321 631 in
346 598 500 630 corticem
530 608 672 636 osseum,
697 603 729 628 et
752 595 848 627 tertio
873 604 985 626 semen
1010 593 1093 625 intra
1115 591 1283 624 formatur.
1309 591 1351 624 Et

286 654 326 675 ex
341 641 405 674 hoc
430 642 521 686 quasi
545 642 578 674 in
602 639 755 673 omnibus
779 637 958 672 seminibus
982 637 1168 670 invenimus
1194 636 1350 669 corticem

286 686 499 719 extrinsecam
522 685 625 728 magis
649 694 794 724 aeream,
819 681 996 716 secundam
1019 681 1124 725 magis
1149 691 1297 725 aqueam,
1318 688 1351 713 et

285 732 368 764 intra
391 741 503 763 semen
527 729 608 762 bene
631 736 829 760 maturatum
854 735 885 759 et
910 725 1086 769 digestum.

341 784 372 807 2.
396 773 524 808 Deinde
548 784 623 806 cum
648 771 741 805 dicit:
777 770 897 805 Omotes
920 777 1019 803 autem
1043 779 1124 810 etc.,
1156 769 1350 803 determinat

286 819 326 853 de
353 825 445 852 omote
469 818 619 861 opposita
642 816 788 860 pepansi.
821 815 862 848 Et
886 814 964 848 dicit
987 813 1077 859 quod
1101 823 1150 847 est
1172 813 1348 857 indigestio

284 865 318 896 in
335 863 526 908 pericarpio,
542 862 627 894 sicut
641 872 683 905 pe
709 861 794 892 ansis
811 868 860 893 est
876 859 1016 903 digestio
1033 859 1067 891 in
1084 870 1142 892 eo:
1163 868 1200 891 ut
1216 857 1348 902 quando

284 909 409 941 semina
424 917 492 939 non
508 913 648 950 possunt
664 872 790 938 efiicere
807 903 870 937 tale
890 903 986 948 quale
1003 904 1074 947 ipsa
1090 912 1182 944 sunt,
1203 912 1235 936 et
1250 902 1348 935 habet

283 951 352 985 fieri
377 952 459 984 circa
490 949 664 983 humidum
696 949 964 982 interminatum:
996 949 1072 992 quia
1100 947 1155 981 illa
1185 958 1268 992 quae
1292 959 1347 991 pa-

283 997 409 1029 tiuntur
433 1003 579 1034 omoten,
595 1002 672 1027 sunt
695 1004 853 1037 spumosa
870 1001 926 1026 aut
942 1004 1077 1044 aquosa,
1099 993 1167 1025 sive
1184 992 1285 1024 mixta
1302 1004 1341 1025 ex

282 1040 342 1073 his.
367 1040 459 1073 Sicut
474 1047 583 1072 autem
606 1039 759 1082 pepansis
780 1046 829 1070 est
851 1036 1020 1081 perfectio,
1038 1038 1084 1070 sic
1103 1046 1136 1070 et
1151 1045 1281 1070 omotes
1298 1045 1347 1070 est

282 1083 505 1128 imperfectio,
560 1094 620 1116 uae
648 1082 765 1116 accidit
794 1091 929 1126 propter
957 1081 1171 1126 indigentiam
1195 1080 1289 1114 calidi
1314 1089 1347 1114 et

281 1127 511 1162 abundantiam
563 1126 652 1171 igidi.
686 1127 774 1161 Cum
805 1127 893 1159 enim
918 1125 1060 1159 calidum
1091 1137 1159 1159 non
1183 1134 1232 1159 est
1256 1137 1345 1158 com-

281 1181 504 1206 mensuratum
529 1180 560 1205 et
583 1172 871 1215 proportionatum
900 1170 1058 1212 humido,
1090 1179 1168 1204 tunc
1198 1171 1346 1215 sequitur

282 1226 426 1250 omotes:
452 1216 527 1260 quia
543 1227 713 1260 nunquam
737 1215 773 1248 fit
795 1216 950 1259 pepansis
974 1215 1008 1248 in
1027 1214 1166 1248 humido
1184 1214 1257 1248 solo
1274 1216 1344 1248 sine

230 1287 232 1289 .
280 1262 432 1300 siccitate,
457 1272 540 1305 quae
563 1259 600 1293 fit
618 1272 636 1293 a
656 1259 760 1293 calido
785 1260 1054 1304 proportionato;
1079 1268 1111 1293 et
1134 1272 1174 1293 ex
1192 1259 1257 1293 hoc
1273 1259 1344 1293 sola

280 1317 363 1349 aqua
386 1306 469 1338 inter
501 1306 612 1338 omnia
643 1304 778 1338 humida
801 1316 869 1338 non
893 1304 1118 1348 ingrossatur‚
1150 1305 1226 1349 quia
1258 1314 1344 1338 caret

278 1350 431 1383 siccitate.
456 1349 507 1383 Fit
523 1358 632 1382 autem
657 1358 786 1382 omotes
810 1358 946 1394 propter
962 1349 1042 1383 duas
1060 1360 1188 1382 causas:
1211 1358 1268 1383 aut
1282 1350 1342 1382 sci-

985 203 1575 243 METEOROLOGICORUM
1603 203 1698 239 LIB.
1730 202 1782 239 IV

1407 280 1482 313 licet
1506 288 1642 324 propter
1666 278 1830 312 defectum
1856 279 2046 320 caliditatis,
2076 280 2163 313 sicut
2186 280 2312 314 dictum
2336 290 2400 315 est:
2429 291 2487 317 aut

1407 333 1542 368 propter
1575 335 1746 357 excessum
1777 323 1907 357 humidi
1937 323 2129 368 digerendi3
2166 334 2245 358 tunc
2275 326 2364 360 enim
2396 326 2486 361 calor

1406 369 1560 413 proprius
1583 380 1653 401 non
1677 377 1787 412 potest
1811 368 1959 402 obtinere
1983 368 2177 410 humidum,
2207 378 2239 403 et
2263 371 2412 416 sequitur
2435 373 2484 405 in-

1407 413 1557 457 digestio.
1588 413 1729 456 Signum
1753 421 1865 446 autem
1889 412 1989 446 huius
2013 422 2074 455 est,
2101 414 2192 458 quod
2217 426 2334 449 omnes
2357 415 2484 451 fructus

1406 466 1438 490 et
1461 469 1561 501 poma
1585 468 1684 501 parva
1707 457 1743 490 in
1767 467 1830 490 suo
1853 469 1974 501 genere
1999 466 2032 491 et
2054 457 2202 500 humida,
2221 469 2298 494 sunt
2321 460 2391 494 indi
2416 470 2486 495 esta

1406 511 1438 535 et
1461 512 1531 535 non
1559 501 1643 534 bene
1672 510 1817 538 matura:
1843 501 1946 536 calida
1970 514 2050 536 vero
2082 512 2115 537 et
2145 515 2261 548 grossa
2291 514 2370 539 sunt
2423 517 2484 540 ene

1405 546 1437 579 di
1463 554 1542 586 esta,
1559 555 1592 579 et
1607 545 1683 579 talia
1707 556 1784 579 sunt
1808 555 1883 591 apta
1899 546 1941 581 ad
1957 559 2052 581 esum
2073 547 2270 583 humanum.
2295 550 2337 584 Et
2353 551 2484 585 univer-

1405 602 1439 623 sa
1454 591 1514 623 iter
1531 602 1760 635 quaecumque
1802 592 1948 625 atiuntur
1972 601 2122 634 omoten,
2139 602 2218 628 sunt
2239 595 2346 639 magis
2366 594 2484 640 frigida

1405 644 1437 668 et
1460 634 1592 668 subtilia
1615 643 1648 668 et
1671 603 1818 670 humid)a.

1461 680 1554 713 Sicut
1568 688 1679 713 autem
1695 681 1851 724 pepansis
1875 693 1945 715 non
1969 681 2089 716 dicitur
2111 694 2181 716 uno
2201 682 2304 717 modo
2324 683 2383 718 sed
2398 684 2484 718 mul-

1404 725 1463 766 tis,
1488 733 1520 758 et
1548 723 1667 757 dicitur
1700 725 1902 771 quandoque
1933 726 2157 771 metaphorice
2171 753 2180 769 ,
2213 728 2260 762 sic
2288 737 2320 762 et
2351 738 2483 763 omotes

1404 769 1523 803 dicitur
1553 769 1755 820 quandoque
1785 770 2030 815 metaphorice,
2059 781 2092 806 et
2116 781 2166 806 est
2195 772 2374 817 indigestio
2397 785 2483 819 quae

1403 822 1538 858 apparet
1561 825 1596 846 ln
1621 813 1776 847 catarrhis
1801 826 1938 857 senum,
1961 815 2173 851 infirmorum
2193 826 2226 852 et
2241 817 2433 860 mulierum,
2449 827 2483 853 et

1402 859 1437 891 in
1461 857 1603 902 pustulis
1627 867 1660 892 et
1683 858 1888 893 huiusmodi.
1919 859 2040 894 Adhuc
2070 862 2172 896 etiam
2199 862 2319 897 dicitur
2349 873 2482 898 omotes

1402 903 1507 946 magis
1531 902 1757 947 metaphorice
1785 904 1820 938 in
1849 903 2005 939 lateribus
2033 914 2067 939 et
2093 906 2199 941 lacte:
2232 908 2367 953 quando
2391 909 2482 943 enim
2524 935 2533 940 -

1403 946 1546 981 calidum
1576 959 1646 981 non
1671 947 1798 982 obtinet
1829 960 1930 994 super
1957 949 2136 985 humidum
2165 952 2201 985 in
2228 952 2370 995 talibus,
2396 962 2482 990 tunc

1402 992 1556 1026 dicuntur
1571 992 1744 1037 indigesta,
1761 994 1847 1027 sicut
1862 1004 1980 1028 sensus
1996 994 2193 1030 manifestat.
2211 997 2364 1041 Digestio
2380 998 2483 1043 igitur

1400 1036 1437 1070 fit
1453 1048 1471 1089 a
1487 1036 1595 1071 calido
1614 1037 1755 1071 naturali
1778 1039 1889 1083 primo
1913 1047 1946 1073 et
1967 1051 2028 1091 per
2044 1051 2091 1082 se,
2114 1052 2133 1075 a
2149 1039 2271 1086 frigido
2294 1050 2407 1077 autem
2421 1054 2483 1088 per

1401 1081 1569 1115 accidens:
1597 1081 1755 1126 frigidum
1778 1083 1870 1117 enim
1894 1092 2076 1119 extrinsece
2099 1085 2315 1120 circumstans
2336 1086 2483 1124 calidum

1401 1126 1571 1160 concludit
1592 1127 1705 1172 ipsum
1733 1128 1870 1162 interius
1894 1137 1928 1162 et
1949 1140 2020 1163 non
2040 1131 2201 1174 permittit
2224 1131 2337 1176 ipsum
2359 1143 2481 1178 evapo-

1399 1182 1485 1211 rare,
1510 1180 1543 1205 et
1566 1172 1613 1205 sic
1643 1172 1819 1207 retinendo
1842 1173 1987 1208 calidum
2010 1174 2159 1211 naturale
2182 1176 2338 1218 interius,
2367 1173 2484 1212 causae

1400 1215 1631 1293 digestionem.
1664 1217 1704 1251 In
1729 1218 1824 1251 cuius
1855 1219 1991 1262 signum
2021 1228 2153 1254 ventres
2177 1220 2372 1256 animalium
2391 1221 2482 1256 -sunt

1400 1272 1435 1293 ca
1450 1260 1572 1294 idiotes
1596 1270 1629 1295 et
1652 1262 1759 1306 magis
1784 1262 1939 1307 digerunt
1961 1264 1997 1297 in
2020 1264 2142 1307 hieme,
2162 1276 2264 1311 quam
2286 1267 2322 1301 in
2345 1275 2478 1302 aestate.

1399 1304 1472 1357 Indi
1497 1305 1582 1340 estio
1606 1315 1718 1340 autem
1741 1306 1779 1341 fit
1795 1319 1814 1342 a
1833 1306 1954 1352 frigido
1979 1320 2038 1354 per
2061 1321 2114 1351 se,
2134 1322 2153 1344 a
2169 1308 2276 1346 calido
2293 1319 2403 1350 autem
2419 1323 2482 1358 per

1398 1361 1466 1383 acci
1491 1362 1561 1392 ens,
1585 1351 1672 1385 sicut
1695 1363 1795 1397 supra
1819 1352 1946 1387 dictum
1969 1363 2028 1388 est.
2311 1366 2313 1368 ·
2393 1379 2395 1381 -
