2782 4134
1028 242 1139 278 CAP.
1169 243 1274 290 XIV,
1305 243 1456 279 LECT.
1486 243 1590 279 XVII

216 318 362 356 cessive
390 317 407 347 β
436 318 648 356 secundum
688 319 857 356 diversas
895 328 1040 368 partes,
1075 322 1142 358 sed
1171 322 1282 358 simul

216 371 429 408 secundum
457 379 596 408 totum:
626 372 695 409 sed
723 372 762 408 in
789 379 888 409 terra
906 373 1001 409 haec
1020 374 1282 411 transmutatio

216 432 273 461 est
300 424 514 461 secundum
541 432 689 473 partem
718 432 755 461 et
782 433 943 473 partem,
972 434 1129 474 propter
1158 427 1282 464 calidi-

214 484 331 514 tatem
361 484 398 514 et
424 477 551 524 frigus,
575 485 765 514 crescente
793 491 872 514 una
899 485 1006 526 parte
1030 479 1068 515 in
1098 480 1282 516 caliditate

214 531 276 567 vel
306 529 453 578 frigore,
475 537 511 566 et
530 530 601 566 alia
621 530 828 578 deminuta,
849 539 1005 579 propter
1024 540 1174 569 motum
1195 533 1283 569 solis

216 591 252 620 et
271 583 362 620 alias
382 582 643 619 circulationes
659 584 877 620 caelestium
893 596 1111 632 corporum.
1133 586 1182 621 Et
1196 585 1282 622 inde

215 644 271 673 est
299 636 404 685 quod
438 636 651 672 secundum
687 636 882 673 diversum
916 637 1030 673 situm
1062 638 1100 674 in
1129 645 1283 686 aspectu

163 714 169 720 -
214 689 304 726 solis
333 696 370 726 et
397 690 600 735 stellarum,
621 696 747 738 partes
770 698 891 726 terrae
921 690 1141 738 recipiunt*
1161 690 1283 727 diver-

214 754 297 779 sam
316 742 518 787 virtutem3
539 742 589 778 ita
608 742 714 790 quod
743 743 890 791 aliquae
910 751 1037 791 partes
1055 751 1176 780 terrae
1195 756 1283 792 pos-

214 803 302 832 sunt
330 795 394 832 diu
420 807 649 844 permanere
677 795 715 832 in
743 796 967 833 humiditate
997 804 1032 833 et
1060 797 1282 845 aquositate,

214 849 426 886 secundum
455 848 609 897 aliquod
628 854 643 875 ⁷
671 848 964 886 determinatum
992 858 1156 899 tempus,
1178 850 1283 899 quod

214 909 271 938 est
299 901 352 938 eis
381 902 488 951 quasi
515 902 693 938 iuventus
711 903 773 939 vel
802 911 937 949 status;
968 911 1004 940 et
1030 904 1282 952 postmodum

214 954 354 1002 siccari,
385 955 492 1003 quod
522 962 577 991 est
595 955 715 992 terrae
745 956 853 1003 quasi
883 964 1068 1003 senectus,
1099 969 1196 1004 quae
1217 969 1281 993 na-

212 1007 392 1045 turaliter
407 1015 563 1057 propter
583 1009 772 1046 defectum
792 1010 1002 1047 humorum
1030 1010 1146 1046 habet
1164 1010 1283 1047 desic-

214 1073 312 1098 care.
343 1061 393 1098 Et
421 1061 513 1098 dum
543 1062 616 1098 hae
644 1069 770 1110 partes
797 1070 919 1099 terrae
949 1063 1193 1109 exsiccantur,
1210 1064 1282 1100 alia

211 1115 297 1151 loca
314 1122 437 1151 terrae
460 1114 714 1162 vivificantur,
735 1123 772 1151 et
790 1116 887 1152 fiunt
905 1128 1050 1164 aquosa
1069 1116 1281 1153 secundum

212 1167 557 1216 aliquamspartem.
575 1168 693 1215 Quod
710 1175 814 1218 patet
831 1181 900 1218 per
918 1170 1004 1215 hoc,
1025 1169 1115 1217 quia
1133 1169 1172 1206 in
1190 1182 1281 1206 vere

213 1220 345 1257 omnia
373 1221 481 1270 quasi
509 1221 761 1259 iuvenescunt
778 1234 848 1271 per
870 1222 1152 1268 humiditatem;
1183 1235 1281 1271 quae

212 1272 252 1310 in
276 1273 403 1311 hieme
432 1281 566 1323 postea
594 1283 796 1312 senescunt
818 1282 974 1324 propter
993 1275 1152 1312 nimiam
1178 1275 1282 1312 sicci-

213 1333 341 1364 tatem.
363 1328 412 1364 Et
430 1327 469 1364 in
488 1340 579 1364 vere
600 1328 714 1365 etiam
734 1336 885 1365 nostrae
905 1335 1030 1376 partes
1053 1336 1175 1365 terrae
1195 1337 1281 1365 sunt

213 1379 253 1417 in
274 1379 418 1428 vigore,
436 1381 524 1418 alibi
546 1393 641 1418 vero
670 1389 756 1418 sunt
784 1381 860 1418 iam
890 1381 1076 1418 desiccata
1105 1381 1234 1419 omnia
1255 1380 1279 1419 δ.

210 1433 264 1470 Et
281 1433 335 1470 sic
353 1441 456 1482 patet
479 1434 585 1483 quod
613 1441 788 1471 senectus
816 1442 852 1471 et
876 1434 1054 1471 iuventus
1078 1447 1157 1472 non
1185 1435 1281 1472 acci-

215 1486 310 1524 dunt
328 1487 540 1524 secundum
565 1494 688 1524 totum
717 1487 755 1524 in
783 1495 880 1524 terra
895 1493 916 1534 ¹,
939 1487 1034 1525 sicut
1052 1487 1091 1524 in
1111 1488 1280 1525 animali-

213 1539 287 1577 bus
316 1547 352 1577 et
378 1540 532 1589 plantis;
562 1540 631 1577 sed
659 1541 872 1578 secundum
891 1548 1038 1589 partem
1065 1549 1101 1578 et
1119 1549 1278 1590 partem.

268 1592 332 1630 Sic
350 1592 462 1642 igitur
478 1593 517 1630 in
531 1593 720 1643 aliquibus
736 1593 905 1642 partibus
919 1601 1053 1642 terrae,
1070 1594 1281 1642 desiccatae

213 1645 334 1683 modo
353 1646 546 1695 praedicto
567 1647 691 1683 fontes
716 1647 978 1684 destruuntur:
1009 1656 1111 1691 et,ex
1130 1649 1204 1685 hoc
1224 1661 1281 1685 se-

213 1698 340 1748 quitur
358 1700 464 1748 quod
491 1700 600 1737 fluvii
627 1700 753 1749 primo
778 1700 932 1749 quidem
953 1713 998 1737 ex
1017 1701 1165 1749 magnis
1185 1701 1282 1739 redi-

213 1759 353 1801 guntur
380 1753 416 1790 in
442 1765 596 1802 parvos,
618 1761 654 1790 et
673 1754 828 1791 tandem
856 1754 1018 1790 totaliter
1037 1754 1281 1798 exsiccantur,

214 1813 370 1855 propter
389 1806 595 1843 siccitatem
618 1806 779 1844 fontium
800 1819 846 1843 ex
865 1807 1002 1856 quibus
1022 1807 1241 1844 oriebantur
1255 1808 1279 1844 ς.

214 1858 265 1896 Et
283 1858 337 1896 sic
355 1859 394 1897 in
412 1872 490 1897 una
509 1867 615 1909 parte
634 1867 768 1907 terrae,
790 1872 890 1908 quae
915 1860 992 1897 iam
1012 1860 1145 1907 senuit,
1167 1861 1284 1898 exsic-

215 1919 363 1959 cantur;
392 1913 431 1950 in
451 1913 523 1951 alia
541 1921 683 1961 autem,
704 1925 803 1963 quae
827 1913 925 1950 facta
945 1921 1000 1950 est
1019 1926 1175 1962 aquosa,
1195 1926 1283 1963 pro-

213 1965 473 2014 portionaliter
500 1968 548 2004 de
577 1979 682 2004 novo
711 1967 807 2003 fiunt
835 1967 958 2004 fontes
979 1975 1014 2003 et
1033 1967 1204 2004 flumina.
1235 1968 1284 2004 Et

213 2018 264 2056 ita
283 2018 380 2056 facta
402 2019 718 2057 transmutatione
747 2019 846 2056 circa
872 2020 1045 2066 fiumina,
1075 2028 1117 2057 ut
1145 2020 1285 2057 scilicet

214 2071 253 2109 in
280 2085 358 2110 una
384 2081 492 2122 parte
516 2081 638 2110 terrae
658 2073 837 2110 deficiant
857 2073 927 2110 et*
945 2073 984 2110 in
1012 2073 1084 2110 alia
1105 2073 1153 2110 de
1177 2086 1282 2110 novo

214 2134 298 2163 esse
316 2125 507 2175 incipiant,
522 2134 793 2164 transmutatur
810 2138 880 2175 per
899 2139 1139 2175 consequens
1158 2138 1283 2173 mare3

133 2201 140 2209 ·
180 2203 187 2209 -
214 2175 252 2215 et
263 2178 362 2216 ubi*
381 2180 644 2217 abundaverat
661 2179 788 2229 primo
807 2191 878 2228 per
898 2179 1193 2216 excrescentiam
1213 2180 1284 2216 flu-

213 2232 381 2279 viorum,
410 2233 556 2270 siccatis
585 2232 724 2273 fluviis,
747 2232 889 2269 recedit
912 2245 1018 2269 mare
1049 2239 1084 2269 et
1112 2240 1284 2269 remanet

213 2285 340 2332 arida3
368 2286 434 2323 ubi
462 2299 556 2323 vero
586 2298 694 2323 mare
713 2291 727 2309 ⁷¹
752 2285 1012 2323 exsiccabatur
1029 2297 1097 2334 per
1116 2285 1283 2334 aliquam

213 2339 496 2376 atterrationem
530 2347 724 2376 causatam
758 2351 804 2376 ex
824 2339 1011 2388 aliquibus
1038 2338 1204 2375 fluxibus
1224 2350 1284 2375 su-

211 2392 524 2441 pervenientibus
565 2400 713 2439 terrae,
756 2392 893 2429 iterum
935 2391 1079 2429 ibidem
1117 2399 1282 2439 stagnat,

215 2457 337 2494 aquae
365 2446 599 2483 abundantia
628 2453 866 2493 congregata.

216 2508 219 2511 ’
269 2499 304 2535 3.
322 2499 502 2537 Secundo
523 2499 592 2535 ibi:
610 2499 684 2535 Sed
695 2505 899 2548 propterea
915 2498 1016 2546 quod
1021 2499 1076 2545 fit
1093 2505 1175 2543 etc„
1192 2497 1282 2534 assi-

213 2559 303 2600 gnat
330 2552 516 2589 rationem
553 2564 671 2601 quare
699 2552 915 2601 praedictae
949 2550 1283 2588 transmutationes

212 2605 340 2642 latent.
371 2606 420 2642 Et
448 2605 536 2643 dicit
563 2606 670 2654 quod
698 2605 914 2654 praedictae
948 2604 1282 2641 transmutationes

201 2658 329 2695 maris
350 2665 386 2695 et
404 2658 532 2696 aridae
560 2659 688 2704 latent,
709 2658 798 2706 quia
818 2658 944 2695 omnis
966 2657 1144 2694 naturalis
1163 2665 1283 2693 trans-

212 2711 372 2748 mutatio
392 2724 471 2748 non
499 2712 542 2748 fit
570 2711 707 2758 subito,
730 2713 797 2749 sed
817 2711 1047 2756 successive3
1079 2718 1115 2747 et
1134 2709 1282 2758 praedi-

213 2771 295 2801 ctae
315 2765 660 2811 transmutationes,
681 2777 780 2813 quae
800 2764 977 2801 accidunt
1005 2763 1102 2800 circa
1124 2775 1281 2810 magnas

267 2884 293 2920 β)
314 2894 365 2911 non
380 2886 532 2911 successive.
541 2900 560 2904 -
570 2893 621 2911 non
637 2887 810 2912 successivum
821 2887 901 2911 AB.-
910 2886 990 2911 Iidem
1003 2893 1064 2910 mox
1078 2893 1126 2918 pro
1135 2884 1182 2910 sed
1196 2884 1282 2914 simul,

213 2922 261 2947 sed
278 2921 381 2947 similis.

267 2957 294 2990 γ)
314 2957 360 2982 diu
374 2964 573 2989 permanere...
586 2957 730 2982 secundum
755 2957 874 2990 aliquod.
891 2971 910 2976 —
923 2963 1084 2989 permanere
1135 2962 1216 2987 usque
1235 2954 1284 2979 ali-

213 2993 286 3026 quod
304 2993 359 3017 AB.
371 3006 391 3011 -
402 2993 483 3016 Iidem
495 3000 543 3025 pro
556 2993 627 3025 quod
645 2996 685 3018 est
703 2993 748 3022 eis,
764 2998 790 3018 et
808 2993 857 3018 hoc
875 2995 915 3018 est
933 2992 985 3020 e1's;
1004 2999 1052 3025 pro
1071 2994 1097 3016 et
1111 2990 1284 3023 postmodum

213 3027 323 3058 siccari,
342 3030 368 3053 et
382 3031 447 3060 post
465 3027 532 3052 illud
549 3031 668 3053 senectus
687 3031 776 3053 autem
793 3028 877 3058 sicca,·
895 3035 948 3052 om.
963 3027 1070 3060 insuper
1084 3026 1213 3059 quodest
1231 3028 1284 3050 ter-

215 3070 299 3089 rae...
313 3063 456 3093 desiccare,
475 3063 520 3088 ubi
539 3071 586 3096 pro
606 3063 741 3088 desiccare
759 3063 825 3088 forte
844 3063 983 3096 legendum
1004 3062 1141 3087 desiccari.

268 3097 297 3131 ὃ)
315 3098 395 3129 Quod
408 3102 487 3130 patet
500 3106 553 3130 per
571 3098 655 3124 hoc...
669 3099 803 3124 desiccata
822 3099 922 3124 omnia.
933 3112 953 3117 —
967 3098 1003 3123 Et
1022 3097 1087 3123 dicit
1106 3097 1154 3122 hoc
1174 3096 1236 3129 quia
1257 3096 1283 3120 in

214 3141 277 3159 uere
295 3137 335 3159 est
349 3134 540 3165 perhumidum
559 3134 611 3165 (vel
625 3141 678 3166 per
696 3134 844 3167 humidum)
864 3135 917 3158 AB.

269 3169 291 3202 ε)
311 3176 364 3194 non
382 3169 508 3194 accidunt
521 3169 665 3194 secundum
679 3172 763 3194 totum
779 3169 805 3194 in
821 3173 904 3194 terra.
918 3183 937 3188 -
951 3176 1003 3193 non
1018 3167 1055 3200 (et
1069 3175 1121 3192 non
1136 3167 1167 3200 B)
1187 3166 1285 3192 accidit

213 3204 359 3230 secundum
379 3207 464 3229 totum
484 3205 510 3229 in
530 3207 604 3229 terra
622 3205 677 3229 AB.
696 3205 746 3229 Pro
766 3205 792 3229 in
813 3208 895 3234 terra,
915 3208 1004 3229 terrae
1023 3203 1069 3228 Pa.

268 3238 294 3272 ζ)
310 3242 425 3271 propter
437 3239 610 3264 siccitatem...
626 3239 821 3268 oriebantur.,-
836 3240 892 3264 Hoc
906 3247 960 3263 om.
970 3239 1005 3269 A;
1021 3238 1065 3270 qui
1079 3238 1155 3262 etiam
1169 3238 1212 3262 lin.
1228 3244 1285 3269 seq.

216 3274 390 3300 exsiccantur
409 3280 468 3299 ante
487 3282 554 3306 quae
574 3275 627 3299 iam
647 3274 732 3306 ponit;
752 3274 800 3299 hac
813 3273 922 3298 lectione
934 3275 957 3298 A
972 3273 1114 3306 supposita,
1134 3273 1155 3296 B
1170 3280 1223 3296 om.
1238 3272 1283 3296 ho-

216 3310 376 3334 moteleuton
390 3313 506 3341 propter
523 3309 669 3334 siccitatem
718 3310 899 3334 exsiccantur.
913 3323 927 3327 -
943 3309 994 3333 Pro
1013 3308 1039 3332 in
1059 3308 1115 3332 alia
1129 3310 1226 3336 autem,
1247 3307 1285 3331 ita

217 3344 244 3369 in
263 3345 319 3369 alia
337 3345 374 3375 A,
395 3345 420 3369 in
440 3345 496 3369 alia
514 3345 544 3369 B.
749 3366 753 3370 .

271 3379 297 3412 η)
318 3387 400 3404 mare.
414 3394 432 3398 —
446 3380 487 3404 vel
506 3387 580 3404 mare
598 3379 652 3404 AB.
669 3394 689 3400 —
707 3379 798 3404 Statim
817 3387 865 3412 pro
882 3378 1097 3406 atteri-ationem,
1118 3377 1189 3409 quod
1207 3376 1285 3401 habet

217 3414 275 3439 cod.
294 3415 374 3439 Vatic.
396 3422 462 3447 2072
486 3422 565 3446 supra
587 3415 696 3439 verbum
716 3419 799 3439 textus
818 3417 994 3442 atterratum,
1019 3412 1205 3437 alterationem
1225 3412 1283 3442 AB,

216 3450 299 3474 aliam
318 3450 451 3474 rationem
471 3449 523 3478 Pa,·
542 3449 574 3474 cf.
588 3450 674 3481 ipsum
695 3454 803 3474 textum.
823 3458 836 3471 ε
848 3450 985 3478 Ater-rare,
1001 3453 1069 3472 terra
1083 3448 1184 3479 replere
1235 3446 1283 3471 Lit.

217 3485 342 3510 Ludovici
361 3490 458 3517 regent.
473 3492 544 3517 regn.
559 3485 650 3509 Franc.
665 3492 706 3509 an.
725 3483 798 3514 1380,
821 3484 886 3508 Cum
901 3491 954 3515 per
971 3491 1078 3508 cursum
1093 3490 1223 3515 aquarum
1232 3489 1285 3513 per

218 3520 283 3552 ipsa,
304 3524 422 3552 tempore
441 3520 565 3554 hyemali,
584 3520 736 3554 fluentium,
757 3519 829 3544 dicta
841 3520 950 3552 fossata
968 3518 1022 3543 sint
1041 3518 1067 3542 in
1083 3521 1165 3549 parte
1183 3518 1284 3548 repleta

217 3559 244 3580 et
262 3559 385 3581 aterrata
404 3559 476 3581 etc.»
496 3555 657 3587 Carpentier,
677 3555 839 3579 Glossarium
860 3554 964 3578 Novum
991 3554 1023 3578 ad
1043 3553 1181 3585 scriptores
1207 3552 1284 3576 medii

217 3591 287 3621 aevi,
308 3591 357 3615 sub
377 3591 425 3615 hac
443 3598 508 3615 voce
527 3590 641 3623 (Parisiis
666 3589 751 3623 1766).
765 3603 784 3609 -
798 3590 848 3614 Pro
867 3588 1111 3621 supervenientibus
1130 3591 1226 3616 terrae,
1241 3594 1284 3612 su-

2328 246 2402 283 383

1337 329 1462 369 partes
1481 329 1615 369 terrae,
1635 322 1732 358 fiunt
1759 322 1798 359 in
1825 323 2062 371 temporibus
2090 323 2337 371 longissimis;
2368 333 2404 361 et

1337 374 1442 422 prius
1462 375 1504 411 fit
1523 374 1692 411 interitus
1712 383 1749 412 et
1777 376 1968 424 corruptio
1988 374 2001 396 ⁰
2021 377 2194 413 omnium
2214 378 2400 424 gentium,

1338 439 1455 474 quam
1476 435 1629 464 maneat
1648 428 1834 465 memoria
1861 429 2158 466 trasmutationis
2187 430 2267 466 talis
2296 443 2318 466 a
2346 431 2401 466 sui

1337 480 1520 528 principio
1536 493 1658 528 usque
1679 481 1716 517 in
1736 481 1866 518 finem.
1890 482 1929 518 Si
1950 481 2051 518 enim
2071 494 2223 531 semper
2242 483 2401 520 eaedem

1338 540 1467 579 gentes
1483 541 1743 570 remanerent‘
1763 534 1800 570 in
1821 534 1964 571 eisdem
1979 535 2148 584 partibus
2163 543 2295 582 terrae,
2315 548 2402 584 pos-

1339 593 1394 621 set
1422 598 1619 623 remanere
1647 587 1772 635 aliqua
1791 587 1979 624 memoria
2007 600 2135 624 rerum
2169 588 2282 625 etiam
2311 589 2402 625 anti-

1340 637 1618 685 quissimarum,
1636 648 1672 676 et
1699 640 2047 677 trasmutationum:
2077 641 2144 678 sed
2164 642 2318 689 quando
2339 642 2402 677 ali-

1339 702 1415 737 qua
1429 703 1521 737 gens
1537 691 1691 738 deletur,
1709 700 1744 729 et
1758 694 1976 741 supervenit
1990 706 2093 731 nova
2107 693 2146 730 in
2160 694 2288 730 locum
2310 694 2400 739 eius,

1339 754 1417 778 non
1438 752 1609 780 remanet
1627 744 1665 781 in
1685 746 1851 782 secunda
1870 754 1979 794 gente
2000 747 2185 783 memoria
2205 746 2401 795 antiquita-

1339 802 1421 832 tum
1441 808 1539 843 quae
1560 797 1707 834 fuerunt
1725 798 1763 835 in
1781 799 1904 846 prima
1923 807 2049 847 gente;
2081 807 2117 836 et
2136 800 2255 836 multo
2275 800 2401 836 minus

1338 848 1376 884 in
1404 848 1511 885 tertia
1529 850 1591 886 vel
1612 859 1754 897 quarta.
1785 852 2056 900 Corruptiones
2083 860 2213 889 autem
2232 853 2401 900 gentium

1338 913 1436 950 quae
1465 902 1696 939 novissimae
1716 903 1735 924 '³‘
1764 912 1869 950 sunt,
1898 905 1995 942 fiunt
2021 917 2089 954 per
2115 905 2276 954 praelia,
2307 906 2401 942 aliae

1338 962 1467 991 autem
1495 955 1592 992 fiunt
1617 967 1686 1004 per
1714 956 1948 994 infirmitates
1984 965 2019 994 et
2047 958 2276 1006 epidemias,
2306 959 2401 995 aliae

1338 1015 1466 1044 autem
1494 1020 1564 1056 per
1591 1008 1819 1055 sterilitates;
1850 1018 1886 1046 et
1913 1011 2049 1047 harum
2067 1011 2088 1033 ’¹‘
2115 1012 2401 1060 corruptionum

1338 1062 1528 1108 quaedam
1549 1069 1635 1098 sunt
1654 1073 1813 1109 magnae
1838 1062 1960 1109 simul,
1982 1065 2172 1112 quaedam
2191 1077 2284 1101 vero
2305 1065 2402 1101 fiunt

1336 1114 1543 1161 paulatim;
1571 1122 1614 1151 ut
1642 1114 1755 1151 etiam
1793 1117 2121 1153 transmutationes
2158 1117 2324 1165 gentium
2354 1118 2400 1154 de

1337 1167 1423 1202 loco
1448 1168 1496 1204 ad
1515 1167 1643 1204 locum
1669 1168 1818 1214 lateant,
1840 1180 1886 1205 eo
1906 1169 2010 1216 quod
2029 1170 2143 1218 aliqui
2162 1182 2185 1206 a
2202 1170 2399 1219 principio,

1338 1231 1384 1255 ex
1413 1232 1459 1255 eo
1480 1220 1583 1268 quod
1604 1220 1732 1268 incipit
1755 1227 1768 1240 ¹
1787 1230 1885 1258 terra
1909 1222 1991 1258 fieri
2011 1223 2142 1259 sterilis
2160 1224 2222 1259 vel
2237 1223 2399 1270 infirma,

1336 1272 1399 1308 vel
1413 1280 1569 1321 propter
1583 1285 1745 1320 guerras,
1758 1274 1972 1322 relinquunt
1982 1275 2185 1323 regionem,
2198 1276 2258 1313 alii
2272 1284 2400 1313 autem

1335 1334 1560 1373 permanent
1587 1327 1756 1374 quandiu
1775 1336 1934 1375 possunt
1961 1328 2012 1365 ibi
2040 1329 2188 1374 nutriri;
2218 1329 2268 1365 ita
2295 1329 2401 1378 quod

1336 1390 1358 1414 a
1377 1378 1501 1427 primo
1531 1379 1698 1416 discessu
1725 1392 1846 1428 usque
1875 1380 1924 1417 ad
1946 1381 2139 1429 ultimum,
2170 1383 2400 1430 quandoque

1337 1439 1392 1468 est
1410 1431 1430 1453 ’¹‘
1453 1444 1636 1479 magnum
1661 1440 1824 1481 tempus,
1847 1441 1883 1470 et
1901 1446 1980 1470 non
2009 1442 2063 1471 est
2082 1435 2268 1471 memoria
2287 1435 2399 1483 primi

1337 1496 1519 1531 recessus,
1551 1485 1663 1522 etiam
1693 1485 1722 1522 si
1750 1486 1927 1523 homines
1955 1499 2033 1524 non
2061 1487 2271 1524 moriantur
2294 1486 2307 1508 ²
2334 1488 2402 1524 sed

1335 1538 1611 1586 transmigrant.
1633 1539 1682 1575 Et
1701 1539 1807 1575 sicuti
1827 1547 1882 1575 est
1902 1539 1948 1576 de
1969 1540 2180 1577 desertione
2203 1548 2400 1588 terrarum,

1336 1590 1386 1627 ita
1415 1591 1527 1627 etiam
1558 1598 1614 1628 est
1642 1591 1690 1628 de
1709 1592 1939 1628 habitatione
1961 1605 2112 1630 earum:
2143 1593 2230 1642 quia
2249 1606 2328 1630 non
2347 1602 2403 1630 est

1337 1644 1537 1692 memoria,
1558 1652 1714 1694 propter
1732 1645 2016 1693 longiquitatem
2036 1646 2230 1695 temporiS,
2247 1647 2401 1695 quando

1339 1705 1375 1733 et
1394 1709 1416 1733 a
1435 1697 1574 1746 quibus
1593 1697 1766 1745 gentibus
1785 1698 1911 1746 primo
1931 1699 2129 1735 inhabitari
2150 1707 2357 1748 coeperunt
2370 1706 2400 1745 μ,

1339 1758 1375 1786 et
1402 1751 1556 1798 quando
1586 1759 1672 1788 sunt
1699 1751 1898 1788 immutata
1927 1764 1972 1788 ex
1990 1752 2184 1800 paludosis
2203 1752 2241 1789 in
2262 1752 2401 1789 siccita-

1337 1810 1427 1850 tem,
1444 1811 1485 1840 ut
1502 1804 1661 1841 habitari
1680 1804 1843 1852 possint3
1865 1804 1953 1853 quia
1972 1805 2046 1841 hoc
2065 1805 2246 1853 paulatim
2261 1806 2401 1842 factum

1339 1863 1394 1893 est
1418 1864 1454 1893 et
1476 1856 1514 1893 in
1537 1858 1657 1894 multo
1686 1864 1871 1906 ternpore.
1901 1858 1950 1894 Et
1976 1857 2084 1906 ponit
2112 1859 2328 1907 exemplum
2357 1859 2402 1895 de

1337 1917 1435 1946 terra
1453 1910 1627 1959 Aegypti,
1649 1923 1746 1959 quae
1766 1910 1947 1959 paulatim
1977 1911 2161 1948 exsiccata
2181 1919 2236 1948 est
2255 1912 2362 1960 quasi
2382 1924 2403 1948 a

1338 1962 1457 2000 fluvio
1482 1969 1513 2008 ‘';
1540 1971 1576 2000 et
1603 1963 1650 2001 de
1679 1963 1907 2012 quibusdam
1936 1963 2016 2000 aliis
2045 1964 2161 2011 terris,
2191 1976 2290 2013 quae
2319 1973 2404 2001 sunt

1338 2024 1607 2053 transmutatae
1636 2023 1673 2053 et
1701 2016 1910 2053 desiccatae
1939 2017 1987 2053 ab
2011 2016 2031 2038 ’¹‘
2059 2017 2288 2064 aquositate,
2319 2025 2355 2054 et
2384 2030 2402 2054 e
2430 2029 2441 2039 ·

1339 2081 1547 2115 converso;
1579 2077 1615 2106 et
1644 2077 1700 2106 est
1726 2071 1882 2118 planum
1910 2069 1949 2106 in
1976 2070 2108 2107 littera.

1391 2134 1428 2169 4.
1458 2122 1608 2160 Deinde
1637 2135 1724 2159 cum
1746 2122 1848 2159 dicit:
1874 2123 1948 2164 Qui
1971 2123 2118 2170 quidem
2147 2123 2263 2172 igitur
2290 2124 2403 2171 respi-

1338 2176 1442 2212 ciunt
1460 2183 1542 2222 etc„
1559 2175 1722 2212 excludit
1742 2187 1898 2212 causam
1913 2188 1935 2212 a
1951 2175 2179 2223 quibusdam
2196 2175 2401 2225 opinatam.

1338 2229 1388 2264 Et
1407 2228 1504 2264 circa
1523 2229 1597 2265 hoc
1625 2228 1695 2265 tria
1714 2228 1811 2265 facit.
1832 2228 1961 2265 Primo
1983 2229 2145 2265 excludit
2164 2241 2318 2265 causam
2338 2229 2402 2265 fal-

1338 2293 1433 2318 sam.
1455 2282 1504 2318 Et
1524 2281 1612 2318 dicit
1626 2281 1731 2329 quod
1751 2281 1876 2330 aliqui,
1897 2281 2136 2330 respicientes
2155 2282 2204 2318 ad
2223 2281 2243 2303 ’¹‘
2262 2281 2402 2330 aliquid

1338 2334 1546 2380 modicum,
1575 2335 1711 2371 volunt
1739 2334 1903 2372 iudicare
1934 2335 1980 2371 de
2009 2342 2088 2371 toto
2118 2335 2241 2371 caelo:
2269 2342 2403 2383 putant

1339 2387 1440 2424 enim
1462 2400 1616 2424 causam
1635 2387 1767 2424 talium
1795 2388 2150 2424 transmutationum
2171 2400 2253 2424 esse
2279 2395 2400 2424 muta-

1338 2441 1482 2477 tionem
1502 2440 1615 2477 totius
1634 2440 1778 2487 mundi,
1796 2453 1839 2477 ac
1858 2440 1878 2462 '²‘
1893 2441 1922 2477 si
1944 2442 2090 2483 caelum
2110 2448 2146 2477 et
2166 2441 2332 2478 mundus
2353 2441 2400 2477 de
2426 2451 2438 2462 ⁸

1338 2506 1442 2531 novo
1463 2493 1509 2530 sit
1536 2501 1746 2541 generatus.
1777 2495 1827 2530 Et
1854 2506 1899 2530 ex
1918 2494 1991 2530 hac
2016 2506 2130 2530 causa
2150 2493 2278 2530 dicunt
2297 2495 2401 2542 quod

1337 2559 1442 2584 mare
1459 2554 1515 2583 est
1529 2547 1775 2593 minoratum,
1791 2547 1881 2596 quia
1901 2559 1924 2583 a
1942 2547 2126 2596 principio
2143 2547 2268 2595 coepit
2282 2547 2400 2584 desic-

1338 2601 1413 2637 cari
1428 2613 1451 2636 a
1470 2601 1568 2637 sole:
1588 2600 1691 2636 unde
1710 2601 1818 2649 plura
1838 2601 1922 2636 loca
1941 2607 2125 2648 apparent
2144 2600 2262 2636 modo
2283 2600 2401 2637 desic-

1339 2662 1432 2700 cata,
1459 2665 1558 2702 quae
1587 2653 1690 2702 prius
1709 2666 1788 2690 non
1809 2661 1924 2690 erant.
1944 2674 1968 2681 -
1990 2653 2067 2690 Sed
2090 2653 2165 2690 hoc
2187 2653 2324 2701 partim
2349 2660 2403 2689 est

1336 2719 1485 2753 verum,
1514 2706 1652 2755 partim
1681 2719 1770 2743 non.
1800 2707 1918 2753 Quod
1947 2704 2049 2743 enim
2077 2706 2202 2754 aliqua
2228 2707 2312 2742 loca
2332 2706 2403 2742 sint

1338 2760 1535 2806 desiccata,
1566 2771 1664 2807 quae
1695 2767 1800 2796 erant
1826 2759 1931 2808 prius
1959 2771 2115 2808 aquosa,
2145 2771 2278 2795 verum
2298 2766 2353 2795 est
2371 2755 2400 2795 f:

1334 2883 1583 2916 perabundantibus
1598 2886 1708 2911 terram,
1724 2888 1749 2907 et
1763 2890 1810 2915 pro
1822 2889 1914 2914 aquae,
1929 2888 2000 2913 aqua
2012 2881 2069 2910 ΑΒ;
2089 2887 2127 2904 ex·
2140 2879 2270 2913 aliquibus
2277 2879 2402 2913 fluxibus

1338 2919 1615 2951 superabundantibus
1626 2921 1701 2943 terra
1710 2918 1812 2942 videtur
1824 2924 1884 2941 esse
1896 2917 1964 2940 bona
1975 2916 2049 2940 lectio
2060 2915 2136 2940 etiam
2147 2915 2173 2939 in
2183 2919 2302 2939 contextu
2307 2921 2314 2944 ;
2325 2914 2403 2939 habet

1338 2955 1407 2979 enirn
1426 2954 1495 2979 hunc
1514 2962 1636 2982 sensum,
1657 2961 1710 2978 «ex
1729 2953 1797 2977 fluxu
1816 2959 1940 2984 aquarum
1960 2952 2067 2975 multam
2086 2955 2180 2974 terram
2200 2949 2399 2974 deferentium.»

1391 2988 1416 3022 θ)
1436 2989 1560 3014 interitus
1578 2992 1604 3014 et
1622 2988 1767 3020 corruptio.
1780 3001 1799 3006 —-
1813 2986 1924 3012 interius
1942 2989 1968 3011 et
1985 2993 2080 3017 corpus
2095 2986 2148 3015 AB,
2163 2985 2208 3009 sed
2223 2985 2244 3008 B
2259 2985 2400 3017 corrigitur.

1393 3025 1410 3057 ι)
1432 3025 1463 3049 Si
1480 3025 1549 3049 enim
1601 3027 1777 3049 remanerent.
1790 3038 1809 3041 —
1822 3023 1853 3046 Si
1866 3022 1935 3046 enim
1946 3028 2014 3053 pars
2028 3021 2119 3045 eadem
2136 3020 2252 3053 (eaedem
2266 3019 2298 3052 B)
2311 3020 2401 3052 gentis

1338 3063 1488 3086 remaneret
1498 3059 1667 3084 AB.—1idem
1682 3066 1730 3091 pro
1741 3061 1861 3090 posset...
1879 3056 2142 3083 transmutationum,
2153 3058 2245 3087 posset
2263 3062 2401 3079 remanere

1337 3096 1428 3128 aliqua
1439 3095 1595 3120 memoralia
1600 3093 1898 3126 perantiquissimarum
1910 3091 2001 3125 (etiam
2014 3090 2259 3123 antiquissimarum
2270 3091 2301 3123 B)
2313 3093 2402 3115 trans-

1338 3131 1524 3156 mutationum.

1392 3166 1417 3198 κ)
1437 3173 1474 3190 ex
1492 3172 1523 3190 eo
1541 3165 1613 3196 quod
1626 3164 1725 3195 incipit.
1737 3178 1756 3183 —
1767 3170 1805 3188 ex
1822 3170 1874 3195 quo
1893 3162 1986 3193 incipit
1999 3162 2034 3192 A;
2055 3162 2120 3185 inter
2137 3168 2174 3185 ex
2193 3165 2218 3185 et
2237 3160 2330 3192 incipit
2342 3168 2401 3192 spa-

1338 3201 1402 3226 tium
1417 3201 1505 3225 album
1517 3201 1547 3224 13.
1559 3213 1578 3218 -—
1591 3200 1641 3224 Pro
1649 3201 1764 3231 propter
1776 3205 1898 3231 guerraS,
1909 3197 2012 3229 partim
2027 3203 2140 3229 guerras
2155 3196 2207 3228 (vel
2221 3196 2327 3229 gerras)
2347 3196 2401 3220 AB.

1391 3235 1420 3267 λ)
1430 3235 1509 3260 etiam
1521 3235 1545 3259 si
1554 3234 1672 3259 homines
1682 3241 1733 3258 non
1745 3234 1928 3258 moriantur.-
1937 3232 1961 3257 si
1969 3231 2086 3257 homines
2095 3231 2176 3256 etiam
2187 3231 2338 3256 moriantur
2349 3234 2366 3255 Α
2372 3232 2401 3255 Β.

1393 3271 1420 3304 μ)
1440 3273 1466 3295 et
1483 3277 1500 3294 a
1519 3270 1643 3302 quibus...
1662 3271 1812 3300 coeperunt.
1825 3282 1845 3287 -
1862 3271 1888 3292 et
1906 3275 1923 3292 a
1941 3268 2034 3300 quibus
2053 3266 2170 3291 habitari
2188 3266 2305 3298 coeperit
2323 3266 2371 3291 Pa.
2383 3280 2402 3285 —

1339 3306 1429 3330 Statim
1448 3313 1496 3338 pro
1515 3305 1664 3333 immutata,
1684 3307 1788 3328 mutata
1806 3304 1859 3328 ΑΒ.

1392 3341 1415 3373 ν)
1435 3340 1512 3372 quasi
1529 3347 1547 3364 a
1558 3340 1654 3374 fluvio.
1671 3353 1690 3359 -
1708 3340 1775 3363 Inter
1799 3338 1876 3371 quasi
1894 3342 1919 3362 et
1937 3345 1967 3367 a,
1987 3338 2100 3370 spatium
2118 3345 2229 3362 vacuum
2249 3344 2293 3362 sex
2312 3337 2401 3361 litteris

1338 3376 1415 3400 habet
1433 3376 1468 3406 Α;
1488 3375 1554 3400 forte
1572 3375 1710 3406 legendum
1730 3374 1807 3406 quasi
1825 3376 1944 3398 atterata
1962 3380 1979 3397 a
1990 3372 2091 3407 fluvio,
2110 3373 2152 3397 vel
2172 3372 2234 3404 quid
2253 3371 2349 3403 simile3
2371 3372 2402 3396 cf.

1338 3416 1444 3441 textum,
1455 3415 1480 3434 et
1490 3410 1552 3434 illud
1567 3409 1692 3434 Herodoti
1706 3410 1748 3441 (Π,
1765 3409 1798 3441 5),
1816 3406 1855 3433 ὅτι
1868 3406 2034 3442 Α’ἶγυπτος...
2048 3405 2102 3433 ἔστι
2117 3405 2285 3441 Α’ἷγυπτίοισι
2300 3404 2402 3438 ἐπίκτη-

1339 3444 1382 3475 τός
1401 3454 1426 3470 τε
1445 3447 1479 3478 γῆ
1497 3443 1539 3470 καὶ
1553 3444 1634 3478 ’δῶρον
1648 3446 1696 3469 τοῦ·
1708 3446 1838 3478 ποταμοῦ,
1850 3445 2004 3477 Aegyptum
2055 3443 2229 3469 accessionem
2245 3449 2300 3467 esse
2310 3446 2403 3478 terrae

1338 3489 1370 3506 ac
1381 3481 1503 3515 fluminis
1523 3481 1630 3505 donum.

1392 3514 1415 3548 ξ)
1435 3523 1502 3548 quae
1515 3516 1595 3547 prius
1615 3523 1665 3540 non
1683 3518 1795 3540 erant...
1810 3522 1901 3539 verum
1916 3517 1963 3539 est.
1977 3528 1995 3533 —
2010 3521 2077 3546 quae
2092 3513 2170 3545 prius
2188 3516 2274 3538 essent
2292 3519 2401 3545 aquosa.

1338 3551 1375 3576 Et
1393 3551 1441 3576 hoc
1460 3558 1550 3576 verum
1569 3554 1609 3576 est
1628 3550 1674 3580 Pa,
1693 3559 1725 3575 an
1744 3550 1776 3574 ad
1795 3550 1974 3581 corrigendum
1993 3549 2164 3573 omissionem
2183 3549 2289 3573 alicuius
2309 3548 2399 3584 homo—

1337 3587 1439 3615 teleuti‚
1458 3591 1521 3619 puta
1539 3593 1591 3611 non
1610 3589 1723 3611 erant..
1737 3588 1815 3610 erant
1828 3585 1915 3617 prius,
1935 3584 1961 3609 in
1980 3585 2068 3609 codice
2087 3592 2140 3617 quo
2159 3584 2198 3609 ed.
2213 3591 2230 3608 a
2249 3583 2382 3608 utebatur:

2429 912 2438 920 ·
2446 910 2595 932 citissimae?
2605 911 2641 932 Cf.

2428 940 2483 959 text.

2428 1016 2439 1027 '⁴'
2453 1015 2603 1037 sterilitatum
2618 1017 2642 1037 et

2428 1041 2481 1063 add.
2497 1048 2536 1063 Pa.

2428 1444 2437 1452 ·
2445 1442 2480 1469 fit
2492 1449 2529 1465 Pa.

2455 2030 2479 2049 et
2490 2033 2529 2049 ΑΒ.

2430 2285 2438 2294 ·
2458 2283 2596 2311 recipientes
2617 2285 2642 2304 ut

2428 2316 2465 2331 ΑΒ.

2453 2452 2477 2472 el
2487 2456 2525 2472 AB.
