2782 4134
79 583 88 591 ‘¹
98 580 132 603 Cf.
144 580 194 600 lect.
206 584 287 605 1x‚n.1.

79 740 87 748 ·
102 738 164 759 Lect.
179 742 241 758 xxiv.

77 843 171 874 (Num.
186 843 208 864 6.

77 897 86 906 ²
101 895 170 917 Num.
186 900 208 922 9.

75 1740 83 1748 ”
99 1738 194 1765 Capax,
210 1742 262 1765 ιι).

71 1952 82 1963 ¹*
97 1952 166 1973 etiam
179 1951 232 1973 add.
242 1958 264 1973 Α.

90 2165 144 2185 sunt
152 2169 198 2185 om.
209 2163 276 2185 codd.

72 2427 81 2436 '
98 2426 158 2448 Lect.
173 2432 194 2453 ις
212 2427 264 2449 Did.

73 2452 112 2473 lib.
127 2453 154 2479 11,
171 2459 190 2474 c.
206 2459 221 2475 ι.

434 360 751 407 ‚3‘fflgostquam
789 348 1041 396 Philosophus
1071 344 1232 382 ostendit
1265 342 1368 401 quod

434 394 503 453 lffJJ
532 407 714 455 corpus
741 397 854 440 totius
882 400 1014 438 mundi
1051 411 1130 435 non
1159 403 1213 432 est
1245 395 1367 432 infini-

551 460 668 505 tum,
691 465 726 494 et
754 455 857 505 quod
886 466 963 491 non
993 459 1047 488 est
1079 449 1271 497 multiplex
1300 459 1367 483 nu-

535 496 559 537 (5,
576 523 695 557 mero,
716 509 775 546 hic
795 506 945 556 inquirit
963 512 1089 541 utrum
1113 502 1158 539 sit
1176 500 1367 559 infinitum

315 566 519 605 durationis
539 564 752 601 aeternitate
774 563 803 597 ⁹².
826 562 874 597 Et
891 559 1014 608 primo
1034 555 1141 614 ponit
1168 565 1367 602 opiniones

315 620 491 664 aliorum3
521 618 686 654 secundo
716 612 938 652 determinat
966 615 1205 658 proposltum
1235 618 1367 642 secun-

315 674 407 710 dum
441 670 633 720 propriam
670 667 908 716 opinionem,
938 663 1007 699 ibi:
1035 662 1207 698 Primum
1242 665 1367 718 autem

314 725 550 763 dividendum
569 724 588 744 ’¹‘
610 729 675 758 etc.
697 719 805 756 Circa
831 717 998 766 primum
1022 714 1091 751 tria
1119 713 1220 750 facit:
1240 723 1366 772 primo

315 778 402 816 dicit
429 777 474 814 de
503 788 579 824 quo
609 782 662 811 est
688 771 857 815 intenti03
891 768 1060 806 secundo
1087 766 1195 816 ponit
1223 777 1366 825 opimo-

315 844 394 877 nes,
414 830 481 866 ibi:
511 829 680 865 Genitum
702 825 847 873 quidem
876 823 992 872 igitur
1012 822 1031 841 ’³‘
1052 828 1138 865 etc.;
1167 827 1276 856 tertio
1296 831 1365 854 im-

313 884 449 933 probat
476 894 548 927 eas,
569 880 635 916 ibi:
663 879 820 915 Factum
848 887 926 912 esse
953 874 1100 923 quidem
1132 874 1151 894 ’¹‘
1180 880 1247 909 etc.
1268 878 1295 907 α.

368 948 401 972 2.
424 934 531 971 Circa
549 932 713 982 primurn
733 930 809 967 duo
838 928 939 965 facit:
959 927 1084 976 primo
1105 925 1193 963 dicit
1221 925 1269 962 de
1289 936 1365 972 quo

314 996 368 1025 est
394 986 559 1032 intentio,
581 993 615 1021 et
642 995 718 1032 quo
747 981 877 1019 ordine
899 981 944 1018 sit
971 979 1173 1028 agendum.
1202 978 1251 1014 Et
1279 976 1366 1014 dicit

313 1041 414 1090 quod
433 1047 518 1088 post
538 1036 889 1075 determinationem
909 1032 1217 1082 praemissorum,
1240 1030 1365 1067 dicen-

313 1096 404 1131 dum
434 1099 487 1129 est
516 1098 646 1139 postea
672 1096 799 1125 utrum
819 1087 985 1124 mundus
1014 1086 1059 1122 sit
1087 1084 1273 1134 ingenitus
1300 1089 1368 1120 aut

309 1147 454 1196 genitus
477 1143 512 1190 β,
538 1144 632 1180 idest
667 1149 792 1178 utrum
822 1153 891 1188 per
918 1138 1199 1187 generationem
1237 1136 1364 1173 incoe-

309 1198 404 1248 perit
431 1210 511 1234 esse
531 1209 552 1233 a
570 1195 738 1244 quodam
757 1193 941 1243 principio
961 1190 1154 1240 temporis,
1184 1197 1249 1226 aut
1267 1202 1363 1236 non;

309 1260 345 1289 et
362 1258 486 1288 utrum
511 1249 555 1286 sit
583 1246 868 1296 incorruptibilis
895 1251 962 1282 aut
986 1242 1245 1292 corruptibilis,
1265 1242 1362 1280 idest

307 1312 432 1341 utrum
450 1315 518 1352 per
538 1294 815 1349 corruptionem
835 1306 921 1348 post
941 1297 1095 1346 aliquod
1114 1304 1265 1345 tempus
1282 1308 1364 1333 esse

309 1357 462 1403 desinat,
482 1355 542 1391 vel
562 1367 650 1391 non.
683 1353 790 1390 Prius
820 1360 947 1389 tamen
971 1363 1088 1399 quam
1107 1350 1203 1386 haec
1222 1357 1364 1398 pertra-

309 1417 451 1446 ctemus
479 1407 686 1445 secundum
719 1412 887 1443 nostram
917 1403 1151 1453 opinionem,
1177 1403 1364 1440 debemus

302 1466 610 1512 pertranseuntes,
633 1456 727 1496 idest
754 1458 918 1495 breviter
935 1463 965 1503 ⁷,
993 1457 1117 1494 dicere
1137 1457 1365 1506 suspiciones

307 1516 479 1560 aliorum,
508 1514 602 1551 idest
630 1512 827 1562 opiniones
855 1511 1015 1548 aliorum
1043 1509 1363 1559 philosophorum

308 1569 404 1606 circa
422 1569 513 1614 hoc;
533 1579 627 1616 quas
649 1565 871 1614 suspiciones
890 1571 1015 1611 vocat,
1042 1562 1132 1612 quia
1151 1575 1198 1600 ex
1216 1563 1364 1601 levibus

308 1620 512 1659 rationibus
531 1621 579 1657 ad
598 1620 692 1656 haec
720 1618 878 1656 dicenda
906 1617 1172 1654 movebantur.
1200 1616 1364 1654 Difficile

308 1675 408 1711 enirn
428 1681 482 1710 est
500 1673 547 1710 ad
566 1673 640 1709 hoc
663 1672 840 1709 inducere
860 1671 1034 1707 efficaces
1054 1669 1236 1707 rationes:
1260 1670 1364 1707 unde

308 1735 343 1764 et
370 1727 448 1776 ipse
480 1726 696 1763 Aristoteles
726 1724 811 1762 dicit
837 1724 874 1761 in
895 1725 909 1760 Ι
934 1725 970 1761 T
965 1724 1059 1772 opic.
1082 1725 1102 1745 ³¹²
1123 1724 1229 1772 quod
1249 1736 1364 1772 quae-

308 1781 395 1818 dam
413 1780 648 1829 problemata
675 1786 761 1815 sunt
781 1777 826 1814 de
855 1777 991 1826 quibus
1015 1777 1180 1814 rationes
1199 1789 1279 1814 non
1298 1777 1364 1814 ha-

306 1835 451 1879 bemus,
471 1840 512 1869 ut
530 1839 655 1869 utrum
683 1831 848 1868 mundus
869 1830 914 1867 sit
942 1838 1117 1868 aeternus
1136 1831 1198 1867 vel
1218 1842 1308 1867 non.

360 1888 394 1924 3.
426 1885 601 1923 Secundo
630 1884 702 1921 ibi:
741 1884 1028 1921 Contrariorum
1057 1885 1156 1921 enim
1187 1891 1277 1930 etc.‚
1308 1896 1365 1920 as-

306 1940 425 1988 signat
452 1939 613 1976 rationes
639 1945 712 1974 tres
750 1949 867 1986 quare
895 1936 956 1973 hic
985 1944 1021 1973 et
1041 1938 1060 1958 ’¹‘
1085 1936 1173 1974 alibi
1202 1936 1364 1974 aliorum

306 1992 501 2042 opiniones
529 1998 734 2040 pertractet.
757 1991 931 2038 Quarum
949 1990 1075 2039 prima
1104 1997 1159 2027 est
1186 1990 1276 2039 quia
1305 1991 1365 2027 de-

305 2046 605 2091 monstrationes,
635 2044 730 2081 idest
765 2043 1032 2093 probationes,
1062 2044 1363 2090 contrariorum,

304 2099 399 2137 idest
432 2098 700 2135 contrariarum
730 2097 976 2146 opinionum,
1005 2102 1093 2134 sunt
1118 2097 1364 2134 dubitationes

304 2153 349 2190 de
362 2152 568 2198 contrariis,
589 2150 723 2188 scilicet
743 2150 998 2200 opinionibus,
1018 2150 1116 2188 idest
1134 2151 1250 2187 sunt*
1260 2150 1363 2188 obie—

306 2205 445 2242 ctiones
482 2205 530 2242 ad
559 2203 760 2242 contrarias
798 2203 1013 2253 opiniones:
1049 2203 1199 2252 expedit
1234 2211 1362 2241 autem

306 2259 339 2295 ei
357 2258 421 2307 qui
443 2259 523 2295 vult
544 2269 769 2306 cognoscere
789 2257 955 2306 aliquam
979 2256 1191 2304 veritatem,
1211 2264 1253 2294 ut
1272 2257 1364 2295 sciat

306 2311 553 2349 dubitationes
580 2323 677 2359 quae
706 2318 792 2347 sunt
820 2318 950 2348 contra
978 2310 1081 2347 illam
1108 2310 1308 2348 veritatem
1328 2308 1361 2357 ⁸;

305 2365 390 2414 quia
413 2364 545 2402 solutio
567 2364 822 2402 dubitatorum
852 2372 907 2401 est
934 2363 1103 2401 inventio
1123 2364 1302 2411 veritatis,
1322 2373 1364 2401 ut

305 2418 436 2455 dicitur
472 2418 509 2455 in
539 2419 587 2454 III
616 2418 831 2466 Metaphys.
855 2417 874 2438 ²¹⁸
904 2418 954 2454 Et
989 2417 1040 2454 ita
1077 2418 1126 2455 ad
1163 2417 1363 2455 sciendum

304 2471 499 2508 veritatem
533 2471 694 2508 multum
721 2472 826 2521 valet⁴
854 2470 985 2507 videre
1015 2470 1180 2507 rationes
1217 2478 1363 2508 contra-

305 2524 442 2561 riarum
471 2524 704 2573 opinionum.

357 2589 393 2624 4.
424 2577 637 2614 Secundam
675 2577 859 2615 rationem
897 2575 1005 2625 ponit
1037 2575 1103 2612 ibi:
1140 2576 1261 2613 Simul
1296 2588 1363 2613 au-

306 2636 377 2667 tem
407 2638 473 2667 etc.
502 2631 551 2667 Et
578 2630 664 2667 dicit
691 2630 796 2679 quod
824 2630 936 2667 simul
970 2642 1058 2666 cum
1085 2629 1279 2678 praedicta
1307 2642 1364 2667 ra-

306 2683 405 2719 tione
436 2691 490 2720 est
525 2683 594 2720 alia
622 2684 734 2721 ratio:
774 2683 862 2732 quia
891 2695 936 2720 ea
965 2695 1064 2731 quae
1093 2682 1253 2720 dicenda
1276 2690 1364 2720 sunt

307 2736 423 2783 magis
451 2735 655 2773 redduntur
681 2736 871 2774 credibilia
899 2736 1003 2785 apud
1035 2735 1118 2772 illos
1147 2736 1212 2785 qui
1235 2736 1361 2785 primo

307 2788 461 2826 audiunt
488 2789 776 2838 iustificationes,
814 2789 910 2827 idest
943 2788 1252 2837 rectificationes,
1286 2801 1362 2826 ser-

360 2971 386 3004 α)
406 2972 483 2997 tertio
533 2972 636 3004 quidem
650 2976 697 2998 etc.
711 2986 730 2991 -
743 2973 799 2998 Hoc
813 2980 866 2998 om.
879 2973 1060 3006 BCDFGlpE;
1080 2981 1132 2998 non
1145 2979 1232 2999 tamen
1245 2974 1367 2999 ominen-

310 3007 370 3031 dum
389 3014 454 3038 esse,
473 3012 540 3040 patet
558 3013 583 3032 et
601 3015 631 3032 ex
646 3008 805 3040 praecedenti
825 3009 879 3033 tria
887 3009 967 3042 jacit,
982 3014 1007 3033 et
1026 3016 1056 3034 ex
1075 3017 1148 3034 num.
1161 3017 1187 3043 9.

362 3040 386 3074 β)
406 3042 537 3075 ingenitus
555 3046 602 3067 aut
620 3043 734 3076 genitus.
747 3058 764 3062 -
779 3044 829 3068 Pro
847 3047 902 3073 aut,
922 3051 956 3069 an
974 3043 1012 3075 E}
1031 3047 1079 3069 aut
1093 3045 1200 3077 genitus
1213 3053 1267 3070 om.
1282 3045 1315 3077 1³3
1335 3045 1367 3070 cf.

310 3082 447 3110 utrumque
465 3082 567 3102 textum.
581 3092 599 3096 -
613 3079 701 3103 Statim
720 3087 768 3111 pro
788 3079 944 3111 incoeperit,
964 3079 1079 3112 incoepit
1098 3080 1127 3104 Ρ.

362 3112 387 3145 γ)
403 3115 625 3143 pertranseuntes,
641 3113 708 3138 idest
723 3114 916 3139 &evitem-Ita
926 3115 948 3139 Α
954 3122 961 3146 ;
974 3118 1197 3147 per-transeunter
1213 3115 1368 3150 (pertrans-

311 3147 382 3171 eunti
396 3146 433 3180 Β)
449 3150 474 3172 et
487 3147 599 3173 breviter
613 3153 672 3178 cet.‚
683 3150 849 3180 pertransire
865 3153 891 3175 et
903 3150 1018 3176 breviter
1032 3151 1060 3175 Ρ.
1069 3163 1087 3169 ·-
1097 3151 1159 3176 Post
1174 3151 1218 3176 lin.
1232 3151 1305 3177 circa
1318 3151 1368 3177 hoc

313 3189 364 3206 om.
374 3182 401 3212 P,
417 3187 441 3206 et
454 3184 547 3215 pergit:
566 3190 631 3215 quas
649 3184 806 3216 suspiciones
825 3185 867 3210 hic
886 3189 975 3216 vocat,
995 3186 1059 3219 quia
1073 3193 1109 3210 ex
1124 3186 1223 3212 levibus
1241 3187 1279 3212 ad
1294 3187 1366 3216 haec,

314 3216 423 3241 dicenda
441 3218 619 3243 movebantur.

319 3262 324 3266 ·
365 3250 390 3285 ὃ)
410 3255 438 3276 ut
461 3253 561 3278 sciat...
576 3253 721 3278 veritatem.
735 3255 802 3279 —-1ta
820 3255 917 3287 AsEG;
943 3261 991 3281 cet.
1005 3264 1059 3281 om.
1078 3256 1128 3282 hoc
1152 3257 1367 3289 homoteleuton;

315 3285 334 3309 P
354 3287 464 3319 complet
481 3287 597 3312 lacunam
616 3289 723 3321 legendo
741 3290 840 3315 solvere
865 3291 1050 3317 dubitationes.
1063 3306 1082 3312 -
1094 3293 1157 3317 Post
1171 3293 1236 3318 duas
1255 3293 1299 3318 lin.
1319 3300 1368 3326 pro

316 3321 384 3360 valet
402 3322 490 3346 videre
507 3323 635 3352 rationes,
651 3324 737 3348 valent
749 3325 864 3350 rationes
883 3326 912 3351 P.
924 3341 943 3345 -
956 3336 968 3351 α
984 3327 1139 3353 Volentibus
1154 3328 1309 3361 investigare
1323 3336 1369 3353 ve-

316 3360 415 3395 ritatem
434 3357 552 3389 contingit
565 3365 633 3389 prae
651 3365 736 3390 opere,
751 3359 815 3384 idest
831 3366 889 3385 ante
907 3370 983 3394 opus,
998 3363 1062 3388 bene
1074 3363 1205 3394 dubitare,
1221 3363 1287 3389 idest
1301 3363 1368 3389 bene

317 3394 438 3430 attingere
457 3392 487 3415 ad
506 3399 535 3416 ea
553 3400 619 3424 quae
637 3398 697 3418 sunt
711 3393 864 3420 dubitabilia.
880 3397 911 3421 Et
923 3397 971 3422 hoc
991 3398 1056 3429 ideo,
1071 3399 1131 3431 quia
1150 3399 1278 3431 posterior
1297 3399 1368 3424 inve-

318 3429 418 3456 stigatio
435 3426 545 3451 veritatis
564 3426 624 3451 nihil
643 3428 709 3452 aliud
728 3433 766 3453 est
784 3437 861 3461 quam
880 3432 973 3456 solutio
992 3433 1064 3465 prius
1084 3434 1267 3460 dubitatorum.
1288 3434 1367 3460 Mani-

318 3459 413 3484 festum
431 3465 470 3484 est
492 3465 575 3486 autem
600 3463 625 3486 in
644 3463 769 3487 solutione
794 3467 963 3497 corporalium
983 3468 1146 3501 ligaminum,
1166 3470 1237 3502 quod
1256 3470 1298 3495 ille
1324 3469 1368 3503 qui

318 3495 416 3527 ignorat
434 3495 569 3525 vinculum.
584 3504 635 3521 non
654 3502 738 3529 potest
756 3499 855 3524 solvere
868 3501 966 3532 ipsum:
987 3503 1108 3529 dubitatio
1127 3510 1213 3530 autem
1233 3506 1264 3530 de
1284 3505 1368 3538 aliqua

319 3537 347 3554 re
365 3528 414 3554 hoc
432 3530 509 3554 modo
528 3538 556 3555 se
570 3530 646 3556 habet
664 3533 695 3556 ad
708 3538 828 3564 mentem,
842 3535 905 3560 sicut
921 3538 1053 3562 vinculum
1069 3541 1201 3572 corporale
1215 3541 1246 3565 ad
1263 3548 1369 3574 corpus,

319 3569 345 3588 et
363 3565 473 3589 eundem
492 3565 610 3590 effectum
635 3567 816 3592 demonstrat...
835 3569 866 3594 Et
885 3570 954 3600 ideo,
974 3573 1038 3597 sicut
1056 3573 1098 3598 ille
1123 3575 1166 3607 qui
1192 3577 1247 3600 vult
1266 3577 1369 3601 solvere

319 3599 451 3624 vinculum
469 3601 607 3632 corporale.
628 3607 728 3634 oportet
746 3603 815 3635 quod
838 3605 907 3636 prius
926 3606 1041 3639 inspiciat
1066 3609 1196 3635 vinculum
1216 3616 1241 3636 et
1260 3612 1367 3636 modum

1015 269 1085 305 DE
1116 265 1290 303 CAELO
1320 263 1390 300 ET
1420 259 1614 298 MUNDO
1646 259 1740 294 LIB.
1772 258 1785 294 I

1425 351 1580 377 monum
1604 338 1871 383 dubitatorum,
1892 336 1990 374 idest
2009 336 2219 373 solutiones
2240 336 2431 374 rationum
2453 348 2498 374 ex

1425 393 1563 441 quibus
1593 390 1775 427 dubitatio
1806 391 1965 439 emergit
1996 396 2022 427 ²:
2054 389 2142 439 quia
2177 389 2348 438 quandiu
2374 391 2495 428 homo

1425 445 1580 491 dubitat,
1597 451 1804 492 antequam
1821 443 1902 481 eius
1918 443 2101 481 dubitatio
2118 443 2298 491 solvatur,
2317 451 2372 480 est
2385 456 2496 481 mens

1424 499 1504 535 eius
1534 496 1665 534 similis
1693 497 1828 544 ligato,
1858 497 1924 546 qui
1952 510 2031 534 non
2059 504 2185 546 potest
2212 496 2277 533 ire.

1480 552 1511 588 5.
1530 550 1700 587 Tertiam
1721 550 1909 587 rationem
1927 551 2035 599 ponit
2053 550 2120 587 ibi:
2146 550 2273 587 Gratis
2287 550 2388 587 enim
2407 561 2495 587 con-

1422 605 1603 641 demnare
1631 611 1700 640 etc.
1731 603 1780 640 Et
1808 603 1896 640 dicit
1923 604 2031 652 quod
2067 603 2223 653 quando
2257 616 2328 640 nos
2354 615 2495 652 posue-

1422 658 1541 695 rimus
1570 656 1771 706 opiniones
1800 656 1980 705 aliorum,
2003 665 2039 694 et
2067 657 2330 694 induxerimus
2359 669 2495 694 eorum

1422 711 1598 758 rationes,
1620 717 1655 746 et
1683 709 1912 747 solverimus
1941 722 2017 758 eas,
2048 718 2085 748 et
2111 710 2356 759 posuerimus
2384 710 2495 747 ratio-

1421 777 1489 801 nes
1509 764 1547 800 in
1563 763 1808 811 contrarium,
1830 763 1957 801 minus
1976 763 2087 801 inerit
2106 764 2218 802 nobis
2239 763 2346 813 quod
2363 763 2495 801 videa-

1421 829 1508 854 mur
1527 817 1541 843 ζ
1561 816 1820 853 condemnare
1840 816 1940 854 dicta
1963 817 2126 854 aliorum
2145 818 2279 868 gratis,
2298 817 2396 855 idest
2414 817 2494 854 sine

1422 870 1548 907 debita
1576 869 1733 917 ratione,
1755 869 1852 906 sicut
1880 869 1945 920 qui
1968 871 2175 919 reprobant
2203 871 2302 908 dicta
2330 870 2495 908 aliorum

1422 936 1467 960 ex
1486 924 1569 960 solo
1590 922 1681 960 odio
1696 929 1721 969 '¹‚
1743 923 1849 972 quod
1868 935 1947 960 non
1967 924 2147 961 convenit
2163 924 2413 974 philosophis,
2430 924 2495 973 qui

1420 977 1648 1026 profitentur
1676 989 1716 1013 se
1746 976 1986 1026 inquisitores
2011 989 2093 1014 esse
2121 978 2300 1015 veritatis.
2332 978 2495 1026 Oportet

1422 1030 1524 1067 enirn
1554 1042 1620 1067 eos
1649 1029 1714 1078 qui
1741 1031 1878 1066 volunt
1905 1029 2136 1067 sufficienter
2158 1030 2326 1068 iudicare
2356 1032 2404 1068 de
2427 1043 2493 1068 ve-

1421 1083 1539 1130 ritate,
1561 1083 1667 1132 quod
1686 1095 1767 1120 non
1796 1082 1998 1120 exhibeant
2017 1083 2165 1132 seipsos
2192 1084 2291 1121 sicut
2317 1084 2494 1121 inimicos

1421 1149 1557 1174 eorum
1587 1137 1634 1174 de
1664 1149 1831 1186 quorum
1856 1136 1963 1174 dictis
1992 1144 2048 1173 est
2067 1137 2338 1185 iudicandum3
2359 1137 2428 1175 sed
2447 1137 2494 1174 si-

1421 1198 1484 1227 cut
1510 1189 1683 1238 arbitros,
1705 1197 1742 1227 et
1770 1189 2030 1238 disquisitores
2056 1202 2128 1239 pro
2157 1197 2319 1240 utraque
2345 1198 2465 1240 parte.

1474 1244 1510 1281 6.
1527 1243 1678 1281 Deinde
1694 1256 1783 1280 cum
1799 1243 1904 1280 dicit:
1925 1243 2101 1280 Genitum
2116 1244 2266 1293 quidem
2281 1244 2399 1294 igitur
2409 1252 2492 1292 etc.‚

1419 1296 1528 1346 ponit
1556 1296 1758 1346 opiniones
1787 1296 1962 1334 aliorum.
1983 1298 2033 1334 Et
2059 1297 2186 1346 primo
2211 1297 2321 1346 ponit
2347 1297 2387 1335 in
2415 1310 2494 1347 quo

1421 1362 1557 1387 omnes
1587 1350 1838 1387 conveniunt:
1861 1358 1896 1387 et
1925 1349 2013 1388 dicit
2040 1351 2147 1399 quod
2167 1362 2305 1388 omnes
2330 1350 2396 1400 qui
2415 1351 2494 1388 sue-

1420 1412 1507 1441 runt
1535 1411 1621 1440 ante
1650 1416 1752 1451 eum,
1781 1403 1955 1440 dixerunt
1982 1405 2088 1452 quod
2117 1403 2287 1441 mundus
2315 1403 2362 1441 sit
2387 1403 2494 1454 geni-

1419 1463 1489 1503 tus,
1509 1456 1607 1494 idest
1634 1469 1656 1494 a
1684 1456 1854 1506 quodam
1887 1457 2075 1507 principio
2112 1456 2297 1506 temporis
2327 1469 2410 1494 esse
2438 1456 2495 1495 in-

1421 1510 1563 1559 cipiens
1590 1522 1660 1559 per
1686 1509 1986 1559 generationem.

1474 1576 1510 1612 7.
1532 1563 1712 1601 Secundo
1741 1563 1810 1601 ibi:
1832 1564 1907 1601 Sed
1930 1564 2101 1614 genitum
2122 1570 2205 1611 etc.‚
2225 1563 2334 1613 ponit
2357 1563 2396 1601 in
2415 1575 2493 1613 quo

1421 1616 1600 1654 differunt
1615 1617 1647 1653 *.
1670 1618 1719 1654 Et
1737 1617 1854 1665 tangit
1872 1624 1946 1654 tres
1966 1617 2180 1666 opiniones.
2202 1617 2373 1664 Quidam
2389 1616 2494 1654 enirn
2521 1628 2533 1640 ·

1420 1670 1597 1707 dicebant
1615 1670 1733 1719 quod,
1754 1670 1933 1719 quamvis
1961 1670 2170 1720 incoeperit
2189 1682 2272 1708 esse
2296 1670 2344 1707 ab
2365 1670 2494 1720 aliquo

1418 1723 1606 1772 principio
1635 1723 1830 1772 temporis,
1851 1731 1981 1761 tamen
2009 1724 2048 1761 in
2077 1723 2353 1773 sempiternum
2383 1724 2495 1762 dura-

1420 1776 1490 1823 bit;
1520 1776 1616 1814 sicut
1643 1776 1768 1826 primo
1798 1777 1973 1814 dixerunt
1996 1777 2153 1826 quidam
2180 1785 2331 1826 poetae,
2350 1783 2393 1813 ut
2421 1777 2494 1815 Or-

1419 1830 1542 1879 pheus
1558 1838 1595 1867 et
1615 1829 1808 1868 Hesiodus
1827 1827 1851 1877 ⁰,
1873 1830 1939 1878 qui
1960 1830 2049 1868 dicti
2072 1837 2160 1867 sunt
2179 1829 2382 1878 Theologi,
2403 1830 2496 1879 quia

1421 1896 1481 1920 res
1501 1883 1649 1921 divinas
1667 1883 1818 1932 poetice
1834 1890 1870 1920 et
1885 1883 2103 1921 fabulariter
2121 1883 2374 1930 tradiderunt3
2396 1895 2495 1933 quos

1420 1937 1459 1974 in
1495 1938 1568 1974 hac
1604 1936 1794 1986 positione
1832 1944 1985 1974 secutus
2024 1944 2079 1974 est
2113 1937 2242 1984 Plato,
2271 1937 2335 1986 qui
2366 1936 2496 1986 posuit

1421 1989 1612 2027 mundum
1627 1998 1862 2038 generatum,
1874 1990 1943 2028 sed
1957 1990 2272 2028 indissolubilem.
2280 2011 2304 2019 -
2314 1990 2496 2028 Secunda

1420 2043 1549 2093 opinio
1588 2043 1656 2080 fuit
1693 2044 1937 2093 quorundam
1966 2043 2150 2092 aliorum,
2180 2044 2246 2093 qui
2282 2051 2496 2094 posuerunt

1420 2097 1610 2134 mundum
1631 2097 1916 2146 corruptibilem
1945 2110 2028 2135 esse
2050 2109 2097 2135 eo
2121 2097 2242 2135 modo
2263 2110 2341 2147 quo
2371 2097 2494 2148 quod·

1419 2150 1510 2188 libet
1537 2150 1640 2188 aliud
1677 2158 1967 2199 generatorum,
1997 2163 2096 2200 quae
2134 2150 2415 2189 constituuntur
2447 2163 2495 2189 ex

1419 2203 1562 2250 multis;
1593 2204 1644 2241 ita
1672 2203 1812 2242 scilicet
1839 2204 1946 2254 quod
1971 2204 2140 2242 mundus
2167 2211 2256 2254 post
2284 2204 2494 2254 corruptio-

1419 2269 1510 2294 nem
1544 2269 1744 2307 nunquam
1782 2257 2036 2307 reparabitur,
2067 2257 2164 2296 sicut
2193 2258 2369 2296 Socrates
2405 2265 2495 2307 post

1419 2311 1706 2361 corruptionem
1734 2323 1935 2360 nunquam
1967 2319 2164 2360 reparatur
2199 2323 2270 2361 per
2302 2318 2492 2349 naturam.

1419 2365 1468 2401 Et
1486 2364 1582 2401 haee
1597 2364 1665 2401 fuit
1677 2364 1816 2414 positio
1837 2364 2058 2412 Democriti,
2075 2364 2139 2414 qui
2153 2364 2282 2414 posuit
2300 2365 2493 2403 mundum

1418 2417 1591 2465 generari
1620 2429 1711 2454 casu
1729 2429 1799 2466 per
1826 2429 2058 2454 concursum
2085 2425 2306 2455 atomorum
2339 2428 2494 2466 semper

1419 2470 1642 2518 mobilium,
1678 2477 1714 2507 et
1742 2470 1792 2507 ita
1821 2470 1934 2507 etiam
1963 2477 1971 2491 ⁸
1998 2483 2068 2520 per
2096 2482 2232 2508 eorum
2265 2469 2492 2520 segregatio-

1418 2535 1510 2560 nem
1529 2523 1763 2572 quandoque
1793 2535 1876 2560 esse
1906 2523 2244 2561 dissolvendum.-
2261 2524 2391 2562 Tertia
2410 2523 2492 2573 opi-

1419 2576 1483 2614 nio
1513 2584 1569 2614 est
1597 2576 1803 2614 dicentium
1833 2577 1939 2626 quod
1968 2577 2136 2615 mundus
2173 2578 2408 2626 quandoque
2436 2577 2492 2615 vi-

1420 2629 1544 2667 cissim
1573 2638 1775 2678 generatur
1811 2638 1849 2667 et
1881 2630 2115 2680 quandoque
2150 2631 2426 2680 corrumpitur,
2457 2637 2494 2668 et

1418 2683 1487 2720 ista
1504 2684 1523 2704 *
1538 2683 1758 2720 vicissitudo
1779 2695 1932 2733 semper
1950 2683 2101 2721 duravit
2115 2691 2151 2721 et
2166 2684 2326 2722 durabit.
2350 2685 2400 2722 Et
2417 2684 2494 2722 hoc

1419 2736 1509 2774 dixit
1518 2738 1538 2758 *
1548 2737 1805 2786 Empedocles
1814 2736 2097 2785 Agrigentinus:
2111 2737 2241 2787 posuit
2255 2737 2357 2775 enim
2373 2737 2491 2787 quod,

1420 2789 1583 2827 amicitia
1608 2797 1861 2839 congregante
1891 2791 2080 2828 elementa
2109 2798 2145 2828 et
2167 2790 2230 2828 lite
2260 2791 2493 2830 dissolvente

1420 2974 1556 3007 ligationis,
1571 2975 1605 2999 ita
1619 2975 1663 3000 ille
1682 2975 1726 3007 qui
1744 2975 1799 3000 vult
1814 2976 1915 3000 solvere
1935 2975 2130 3005 dubitationem.
2143 2981 2247 3009 oportet
2260 2977 2331 3009 quod
2347 2977 2420 3010 prius
2432 2984 2494 3011 spo-

1421 3010 1520 3035 culetur
1529 3017 1622 3035 ornnes
1633 3009 1796 3035 difficultates
1810 3015 1836 3036 et
1846 3018 1935 3036 earum
1946 3018 2064 3036 causas.»
2079 3011 2157 3037 S.Th.
2168 3011 2194 3036 in
2205 3011 2368 3046 Metaphys„
2380 3013 2428 3039 loc.
2437 3014 2493 3045 cim

1421 3045 1453 3070 cf.
1467 3045 1594 3078 integram
1613 3046 1761 3071 lectionem.

1474 3081 1496 3113 ε)
1511 3081 1599 3114 magis
1613 3081 1766 3106 redduntur
1777 3081 1915 3107 credibilia
1964 3083 2113 3116 emergit.—
2122 3083 2142 3108 P
2156 3083 2232 3115 legit:
2246 3083 2334 3116 magis
2345 3084 2494 3110 creduntur

1420 3116 1558 3141 credibilia
1574 3117 1649 3149 apud
1667 3117 1726 3142 illos
1740 3117 1786 3150 qui
1803 3117 1919 3142 audiunt
1931 3118 2136 3151 certificationes
2149 3118 2185 3151 (in
2204 3118 2326 3144 versione
2340 3119 2418 3145 etiam
2435 3127 2493 3146 oer-

1420 3151 1578 3184 tificationes
1597 3151 1674 3177 habet
1694 3153 1751 3177 loco
1771 3152 1988 3188 iustificationes)
2010 3161 2160 3179 sermonum
2186 3161 2224 3179 ex
2245 3154 2339 3186 quibus
2359 3155 2491 3181 dubitatio

1420 3187 1547 3220 ωηεν-εἰη
1566 3187 1612 3219 qui
1635 3187 1751 3213 audium·
1774 3188 1978 3222 certfflcariones
1997 3197 2049 3214 non
2068 3189 2143 3222 plene
2169 3190 2357 3223 correspondet
2377 3198 2493 3225 προακη-

1420 3220 1526 3247 κοόσι...
1541 3221 1711 3256 δικαιώματα.

1474 3257 1500 3292 ζ)
1520 3258 1607 3283 minus
1626 3258 1708 3283 inerit
1726 3259 1800 3284 nobis
1819 3259 1890 3291 quod
1908 3260 2056 3285 videamur.
2070 3274 2089 3280 -
2103 3260 2183 3286 inerit
2202 3260 2277 3286 nobis
2294 3260 2367 3294 quod
2385 3268 2438 3286 non
2453 3261 2493 3287 νὶ-

1421 3293 1534 3318 deamur
1552 3293 1607 3324 PC,
1627 3294 1779 3326 corrigendo
1798 3295 1969 3323 omissionem
1987 3295 2059 3321 verbi
2079 3296 2167 3321 minus
2186 3295 2212 3320 in
2227 3295 2386 3329 BpDEFG13
2405 3304 2492 3322 corre-

1421 3333 1505 3353 ctores
1520 3329 1639 3354 codicum
1659 3329 1713 3354 DFI
1733 3335 1832 3362 ponunt
1851 3338 1902 3355 non
1923 3336 1981 3356 ante
2001 3331 2095 3361 inerim
2114 3331 2186 3365 quod
2205 3339 2253 3357 nos
2268 3331 2379 3364 legimus
2394 3340 2455 3358 cum
2469 3333 2492 3358 Α

1421 3364 1490 3393 sEG.
1510 3365 1630 3389 convenit
1648 3365 1751 3398 utrique
1769 3366 1856 3390 textui.

1474 3400 1502 3431 η)
1521 3407 1558 3424 ex
1576 3400 1632 3425 solo
1651 3400 1721 3426 odio.
1733 3414 1752 3420 -
1766 3408 1803 3426 ex
1821 3401 1877 3426 solo
1891 3408 1938 3427 ore
1951 3402 1989 3433 G;
2008 3409 2046 3428 ex
2064 3410 2118 3428 om.
2133 3402 2161 3427 P.
2172 3416 2191 3421 -
2205 3402 2262 3428 Lin.
2276 3410 2333 3436 seq.
2347 3410 2396 3436 pro
2407 3403 2492 3438 prost-

1422 3437 1511 3459 tentur
1530 3442 1557 3460 se
1576 3435 1746 3468 inquisitores
1764 3443 1826 3466 esse,
1842 3437 2004 3470 profitentur
2023 3437 2219 3471 inquisitionem
2239 3438 2315 3463 codd.

1475 3468 1499 3505 θ)
1514 3471 1681 3496 Hesiodus.-
1690 3471 1809 3497 Isidorus
1823 3472 1852 3497 Ρ.
1865 3473 1921 3497 Hoc
1936 3480 2031 3498 nomen
2045 3473 2070 3498 in
2084 3473 2159 3499 codd.
2173 3474 2210 3498 sic
2225 3473 2326 3506 legitur.
2343 3472 2489 3508 Exyodus,

1423 3506 1555 3536 Ext'odus,
1571 3507 1703 3540 Esyodus,
1725 3507 1836 3532 isiodus
1853 3507 1986 3534 Oxiodus.
1995 3523 2014 3527 -
2028 3508 2085 3534 Lin.
2100 3515 2157 3541 seq.
2170 3516 2217 3541 pro
2232 3509 2419 3539 tradiderunt,
2433 3509 2489 3534 edi—

1423 3541 1518 3566 derunt
1538 3542 1556 3566 Ρ
1577 3547 1601 3567 et
1621 3543 1696 3568 codd.
1712 3551 1765 3568 exc.
1780 3543 1812 3568 Α.
2060 3541 2063 3546 ”

1476 3577 1494 3609 ι)
1513 3580 1539 3602 et
1559 3578 1597 3602 ita
1616 3578 1704 3603 etiam.
1718 3592 1736 3597 -
1750 3582 1776 3604 et
1794 3579 1833 3603 ita
1857 3585 1962 3611 semper·
1986 3579 2061 3604 codd.
2076 3586 2130 3605 exc.
2145 3580 2181 3610 Α;
2202 3580 2270 3605 istud
2293 3586 2410 3613 semper,
2430 3579 2491 3613 quia

1423 3619 1529 3637 sensum
1550 3613 1649 3638 nullum
1670 3614 1788 3647 praebet,
1807 3619 1957 3647 expungunt
1975 3614 2040 3640 PsE.

2591 1628 2694 1651 erebant
2704 1635 2720 1651 Α
2728 1645 2735 1656 ,

2593 1657 2734 1678 mittete-st.

2522 1687 2573 1704 exc.
2587 1687 2626 1704 sc.

2521 2692 2530 2700 ·
2544 2691 2593 2713 ista
2602 2696 2653 2714 om.
2662 2697 2692 2719 n,
2699 2692 2736 2714 m

2520 2749 2530 2759 ·
2545 2748 2604 2771 dieu
2615 2754 2661 2772 ηι.
