<?xml version="1.0" encoding="UTF-8"?>
<!DOCTYPE html PUBLIC "-//W3C//DTD XHTML 1.0 Transitional//EN"
    "http://www.w3.org/TR/xhtml1/DTD/xhtml1-transitional.dtd">
<html xmlns="http://www.w3.org/1999/xhtml" xml:lang="en" lang="en">
 <head>
  <title>
</title>
<meta http-equiv="Content-Type" content="text/html;charset=utf-8" />
  <meta name='ocr-system' content='tesseract 3.04.00' />
  <meta name='ocr-capabilities' content='ocr_page ocr_carea ocr_par ocr_line ocrx_word'/>
</head>
<body>
  <div class='ocr_page' id='page_1' title='image "./operaomniaiussui03thom/operaomniaiussui03thom_0380.png"; bbox 0 0 2782 4134; ppageno 0'>
   <div class='ocr_carea' id='block_1_1' title="bbox 99 489 312 511">
    <p class='ocr_par' dir='ltr' id='par_1_1' title="bbox 99 489 312 511">
     <span class='ocr_line' id='line_1_1' title="bbox 99 489 312 511; baseline -0.014 0"><span class='ocrx_word' id='word_1_1' title='bbox 99 489 270 511; x_wconf 69' lang='lat' dir='ltr'><strong>&#39;condensatur</strong></span> <span class='ocrx_word' id='word_1_2' title='bbox 276 494 312 509; x_wconf 73' lang='lat' dir='ltr'><strong>pn.</strong></span> 
     </span>
    </p>
   </div>
   <div class='ocr_carea' id='block_1_2' title="bbox 102 856 240 876">
    <p class='ocr_par' dir='ltr' id='par_1_2' title="bbox 102 856 240 876">
     <span class='ocr_line' id='line_1_2' title="bbox 102 856 240 876; baseline 0 0"><span class='ocrx_word' id='word_1_3' title='bbox 102 856 110 864; x_wconf 89' lang='grc'>·</span> <span class='ocrx_word' id='word_1_4' title='bbox 127 857 204 876; x_wconf 84' lang='lat' dir='ltr'><strong>tamen</strong></span> <span class='ocrx_word' id='word_1_5' title='bbox 218 862 240 876; x_wconf 75' lang='lat' dir='ltr'><strong>A.</strong></span> 
     </span>
    </p>
   </div>
   <div class='ocr_carea' id='block_1_3' title="bbox 107 914 251 934">
    <p class='ocr_par' dir='ltr' id='par_1_3' title="bbox 107 914 251 934">
     <span class='ocr_line' id='line_1_3' title="bbox 107 914 251 934; baseline -0.007 0"><span class='ocrx_word' id='word_1_6' title='bbox 107 914 115 922; x_wconf 88' lang='grc'>·</span> <span class='ocrx_word' id='word_1_7' title='bbox 131 914 153 934; x_wconf 81' lang='lat' dir='ltr'><strong>si</strong></span> <span class='ocrx_word' id='word_1_8' title='bbox 167 918 214 934; x_wconf 88' lang='lat' dir='ltr'><strong>om.</strong></span> <span class='ocrx_word' id='word_1_9' title='bbox 230 919 251 934; x_wconf 79' lang='grc' dir='ltr'><strong>Β.</strong></span> 
     </span>
    </p>
   </div>
   <div class='ocr_carea' id='block_1_4' title="bbox 105 1018 313 1047">
    <p class='ocr_par' dir='ltr' id='par_1_4' title="bbox 105 1018 313 1047">
     <span class='ocr_line' id='line_1_4' title="bbox 105 1018 313 1047; baseline 0 -7"><span class='ocrx_word' id='word_1_10' title='bbox 105 1022 114 1030; x_wconf 82' lang='grc'><strong>”</strong></span> <span class='ocrx_word' id='word_1_11' title='bbox 129 1018 192 1047; x_wconf 85' lang='lat' dir='ltr'><strong>quod</strong></span> <span class='ocrx_word' id='word_1_12' title='bbox 201 1025 223 1045; x_wconf 75' lang='lat' dir='ltr'><strong>a,</strong></span> <span class='ocrx_word' id='word_1_13' title='bbox 235 1024 281 1040; x_wconf 89' lang='lat' dir='ltr'><strong>om.</strong></span> <span class='ocrx_word' id='word_1_14' title='bbox 293 1025 313 1040; x_wconf 77' lang='grc' dir='ltr'><strong>Α.</strong></span> 
     </span>
    </p>
   </div>
   <div class='ocr_carea' id='block_1_5' title="bbox 105 1335 278 1356">
    <p class='ocr_par' dir='ltr' id='par_1_5' title="bbox 105 1335 278 1356">
     <span class='ocr_line' id='line_1_5' title="bbox 105 1335 278 1356; baseline -0.012 0"><span class='ocrx_word' id='word_1_15' title='bbox 105 1335 115 1345; x_wconf 78' lang='lat'>⁸</span> <span class='ocrx_word' id='word_1_16' title='bbox 131 1336 166 1356; x_wconf 79' lang='lat' dir='ltr'><strong>est</strong></span> <span class='ocrx_word' id='word_1_17' title='bbox 180 1340 226 1356; x_wconf 87' lang='lat' dir='ltr'><strong>orn.</strong></span> <span class='ocrx_word' id='word_1_18' title='bbox 241 1340 278 1354; x_wconf 73' lang='lat' dir='ltr'><strong>m.</strong></span> 
     </span>
    </p>
   </div>
   <div class='ocr_carea' id='block_1_6' title="bbox 104 1542 316 1696">
    <p class='ocr_par' dir='ltr' id='par_1_6' title="bbox 104 1542 315 1623">
     <span class='ocr_line' id='line_1_6' title="bbox 104 1542 315 1568; baseline -0.009 -4"><span class='ocrx_word' id='word_1_19' title='bbox 104 1544 113 1553; x_wconf 84' lang='grc'><em>·</em></span> <span class='ocrx_word' id='word_1_20' title='bbox 135 1542 166 1564; x_wconf 83' lang='lat' dir='ltr'><strong>Ca</strong></span> <span class='ocrx_word' id='word_1_21' title='bbox 186 1557 191 1562; x_wconf 95' lang='lat'><strong>.</strong></span> <span class='ocrx_word' id='word_1_22' title='bbox 214 1547 254 1562; x_wconf 84' lang='lat' dir='ltr'><strong>vm</strong></span> <span class='ocrx_word' id='word_1_23' title='bbox 275 1547 315 1568; x_wconf 74' lang='lat' dir='ltr'><strong>sq:</strong></span> 
     </span>
     <span class='ocr_line' id='line_1_7' title="bbox 105 1547 315 1591; baseline -0.01 0"><span class='ocrx_word' id='word_1_24' title='bbox 105 1569 130 1591; x_wconf 92' lang='lat' dir='ltr'><strong>S.</strong></span> <span class='ocrx_word' id='word_1_25' title='bbox 153 1547 199 1590; x_wconf 58' lang='lat' dir='ltr'><strong>Tpin</strong></span> <span class='ocrx_word' id='word_1_26' title='bbox 218 1569 269 1589; x_wconf 84' lang='lat' dir='ltr'><strong>lect.</strong></span> <span class='ocrx_word' id='word_1_27' title='bbox 293 1574 315 1589; x_wconf 81' lang='lat' dir='ltr'><strong>xi</strong></span> 
     </span>
     <span class='ocr_line' id='line_1_8' title="bbox 104 1602 156 1623; baseline -0.019 -6"><span class='ocrx_word' id='word_1_28' title='bbox 104 1602 156 1623; x_wconf 86' lang='lat' dir='ltr'><strong>sqq.</strong></span> 
     </span>
    </p>

    <p class='ocr_par' dir='ltr' id='par_1_7' title="bbox 107 1647 316 1696">
     <span class='ocr_line' id='line_1_9' title="bbox 107 1647 316 1696; baseline 0 -27"><span class='ocrx_word' id='word_1_29' title='bbox 107 1649 118 1659; x_wconf 73' lang='lat'>⁸</span> <span class='ocrx_word' id='word_1_30' title='bbox 132 1648 195 1696; x_wconf 64' lang='grc' dir='ltr'>[ξεῖ.</span> <span class='ocrx_word' id='word_1_31' title='bbox 211 1647 316 1675; x_wconf 82' lang='lat' dir='ltr'>praeced.</span> 
     </span>
     <span class='ocr_line' id='line_1_10' title="bbox 109 1681 170 1696; baseline 0 0"><span class='ocrx_word' id='word_1_32' title='bbox 109 1681 131 1696; x_wconf 86' lang='lat' dir='ltr'><strong>n.</strong></span> <span class='ocrx_word' id='word_1_33' title='bbox 165 1691 170 1696; x_wconf 95' lang='lat'><strong>.</strong></span> 
     </span>
    </p>
   </div>
   <div class='ocr_carea' id='block_1_7' title="bbox 202 1701 215 1726">
    <p class='ocr_par' dir='ltr' id='par_1_8' title="bbox 202 1701 215 1726">
     <span class='ocr_line' id='line_1_11' title="bbox 202 1701 215 1726; baseline 0 0"><span class='ocrx_word' id='word_1_34' title='bbox 202 1701 215 1726; x_wconf 86' lang='grc' dir='ltr'>θ</span> 
     </span>
    </p>
   </div>
   <div class='ocr_carea' id='block_1_8' title="bbox 105 2131 280 2152">
    <p class='ocr_par' dir='ltr' id='par_1_9' title="bbox 105 2131 280 2152">
     <span class='ocr_line' id='line_1_12' title="bbox 105 2131 280 2152; baseline -0.006 0"><span class='ocrx_word' id='word_1_35' title='bbox 105 2131 116 2142; x_wconf 73' lang='grc'><em>’</em></span> <span class='ocrx_word' id='word_1_36' title='bbox 131 2132 167 2152; x_wconf 78' lang='lat' dir='ltr'><strong>est</strong></span> <span class='ocrx_word' id='word_1_37' title='bbox 181 2136 228 2152; x_wconf 89' lang='lat' dir='ltr'><strong>om.</strong></span> <span class='ocrx_word' id='word_1_38' title='bbox 243 2136 280 2151; x_wconf 75' lang='lat' dir='ltr'><strong>pa.</strong></span> 
     </span>
    </p>
   </div>
   <div class='ocr_carea' id='block_1_9' title="bbox 106 2239 258 2266">
    <p class='ocr_par' dir='ltr' id='par_1_10' title="bbox 106 2239 258 2266">
     <span class='ocr_line' id='line_1_13' title="bbox 106 2239 258 2266; baseline -0.007 -5"><span class='ocrx_word' id='word_1_39' title='bbox 106 2240 114 2249; x_wconf 87' lang='grc'>·</span> <span class='ocrx_word' id='word_1_40' title='bbox 130 2239 193 2261; x_wconf 84' lang='lat' dir='ltr'><strong>Lect.</strong></span> <span class='ocrx_word' id='word_1_41' title='bbox 208 2245 258 2266; x_wconf 86' lang='lat' dir='ltr'><strong>seq.</strong></span> 
     </span>
    </p>
   </div>
   <div class='ocr_carea' id='block_1_10' title="bbox 106 2345 264 2372">
    <p class='ocr_par' dir='ltr' id='par_1_11' title="bbox 106 2345 264 2372">
     <span class='ocr_line' id='line_1_14' title="bbox 106 2345 264 2372; baseline 0 -5"><span class='ocrx_word' id='word_1_42' title='bbox 106 2346 115 2356; x_wconf 85' lang='lat'>&#39;</span> <span class='ocrx_word' id='word_1_43' title='bbox 130 2345 189 2368; x_wconf 84' lang='lat' dir='ltr'><strong>Ibid.</strong></span> <span class='ocrx_word' id='word_1_44' title='bbox 204 2351 227 2367; x_wconf 89' lang='lat' dir='ltr'><strong>n.</strong></span> <span class='ocrx_word' id='word_1_45' title='bbox 241 2352 264 2372; x_wconf 89' lang='lat'><strong>4.</strong></span> 
     </span>
    </p>
   </div>
   <div class='ocr_carea' id='block_1_11' title="bbox 107 2719 320 2799">
    <p class='ocr_par' dir='ltr' id='par_1_12' title="bbox 107 2719 320 2799">
     <span class='ocr_line' id='line_1_15' title="bbox 110 2719 320 2748; baseline -0.005 -7"><span class='ocrx_word' id='word_1_46' title='bbox 110 2722 120 2731; x_wconf 75' lang='lat'>&#39;</span> <span class='ocrx_word' id='word_1_47' title='bbox 135 2719 199 2741; x_wconf 77' lang='lat' dir='ltr'><strong>Lect-</strong></span> <span class='ocrx_word' id='word_1_48' title='bbox 214 2719 320 2748; x_wconf 79' lang='lat' dir='ltr'>praeced.</span> 
     </span>
     <span class='ocr_line' id='line_1_16' title="bbox 107 2747 228 2774; baseline 0 -6"><span class='ocrx_word' id='word_1_49' title='bbox 107 2753 130 2769; x_wconf 91' lang='lat' dir='ltr'><strong>n.</strong></span> <span class='ocrx_word' id='word_1_50' title='bbox 146 2747 160 2768; x_wconf 77' lang='grc' dir='ltr'><strong>ὁ</strong></span> <span class='ocrx_word' id='word_1_51' title='bbox 175 2752 228 2774; x_wconf 75' lang='lat' dir='ltr'><strong>sqq.</strong></span> 
     </span>
     <span class='ocr_line' id='line_1_17' title="bbox 210 2783 218 2799; baseline 0 0"><span class='ocrx_word' id='word_1_52' title='bbox 210 2783 218 2799; x_wconf 83' lang='grc' dir='ltr'>ι</span> 
     </span>
    </p>
   </div>
   <div class='ocr_carea' id='block_1_12' title="bbox 339 290 413 327">
    <p class='ocr_par' dir='ltr' id='par_1_13' title="bbox 339 290 413 327">
     <span class='ocr_line' id='line_1_18' title="bbox 339 290 413 327; baseline 0 0"><span class='ocrx_word' id='word_1_53' title='bbox 339 290 413 327; x_wconf 84' lang='grc'><strong>336</strong></span> 
     </span>
    </p>
   </div>
   <div class='ocr_carea' id='block_1_13' title="bbox 338 363 1415 3242">
    <p class='ocr_par' dir='ltr' id='par_1_14' title="bbox 338 363 1407 684">
     <span class='ocr_line' id='line_1_19' title="bbox 339 363 1403 416; baseline -0.008 -10"><span class='ocrx_word' id='word_1_54' title='bbox 339 371 451 406; x_wconf 90' lang='lat' dir='ltr'><strong>calor.</strong></span> <span class='ocrx_word' id='word_1_55' title='bbox 483 369 532 405; x_wconf 91' lang='lat' dir='ltr'><strong>Et</strong></span> <span class='ocrx_word' id='word_1_56' title='bbox 560 368 647 405; x_wconf 92' lang='lat' dir='ltr'><strong>ideo</strong></span> <span class='ocrx_word' id='word_1_57' title='bbox 675 374 831 416; x_wconf 88' lang='lat' dir='ltr'><strong>propter</strong></span> <span class='ocrx_word' id='word_1_58' title='bbox 868 366 1097 403; x_wconf 87' lang='lat' dir='ltr'><strong>immensam</strong></span> <span class='ocrx_word' id='word_1_59' title='bbox 1124 363 1403 413; x_wconf 84' lang='lat' dir='ltr'><strong>separationem</strong></span> 
     </span>
     <span class='ocr_line' id='line_1_20' title="bbox 338 418 1404 472; baseline -0.008 -13"><span class='ocrx_word' id='word_1_60' title='bbox 338 422 620 472; x_wconf 89' lang='lat' dir='ltr'><strong>praedictorum</strong></span> <span class='ocrx_word' id='word_1_61' title='bbox 654 421 848 458; x_wconf 89' lang='lat' dir='ltr'><strong>radiorum</strong></span> <span class='ocrx_word' id='word_1_62' title='bbox 875 419 1090 456; x_wconf 86' lang='lat' dir='ltr'><strong>abinvicem</strong></span> <span class='ocrx_word' id='word_1_63' title='bbox 1121 418 1158 454; x_wconf 92' lang='lat' dir='ltr'><strong>in</strong></span> <span class='ocrx_word' id='word_1_64' title='bbox 1178 418 1263 453; x_wconf 91' lang='lat' dir='ltr'><strong>loco</strong></span> <span class='ocrx_word' id='word_1_65' title='bbox 1293 427 1404 464; x_wconf 89' lang='lat' dir='ltr'><strong>supe-</strong></span> 
     </span>
     <span class='ocr_line' id='line_1_21' title="bbox 340 468 1405 523; baseline -0.008 -10"><span class='ocrx_word' id='word_1_66' title='bbox 340 475 440 523; x_wconf 83' lang='lat' dir='ltr'><strong>riori,</strong></span> <span class='ocrx_word' id='word_1_67' title='bbox 471 474 606 513; x_wconf 89' lang='lat' dir='ltr'><strong>desinit</strong></span> <span class='ocrx_word' id='word_1_68' title='bbox 635 475 752 520; x_wconf 89' lang='lat' dir='ltr'><strong>calor,</strong></span> <span class='ocrx_word' id='word_1_69' title='bbox 783 481 819 510; x_wconf 89' lang='lat' dir='ltr'><strong>et</strong></span> <span class='ocrx_word' id='word_1_70' title='bbox 848 472 1130 509; x_wconf 87' lang='lat' dir='ltr'><strong>condensantur</strong></span> <span class='ocrx_word' id='word_1_71' title='bbox 1156 469 1176 491; x_wconf 71' lang='lat'><strong>&#39;¹‘</strong></span> <span class='ocrx_word' id='word_1_72' title='bbox 1203 468 1255 505; x_wconf 90' lang='lat' dir='ltr'><strong>ibi</strong></span> <span class='ocrx_word' id='word_1_73' title='bbox 1283 470 1405 505; x_wconf 92' lang='lat' dir='ltr'><strong>nubes</strong></span> 
     </span>
     <span class='ocr_line' id='line_1_22' title="bbox 339 524 1405 579; baseline -0.008 -13"><span class='ocrx_word' id='word_1_74' title='bbox 339 536 495 579; x_wconf 90' lang='lat' dir='ltr'><strong>propter</strong></span> <span class='ocrx_word' id='word_1_75' title='bbox 514 528 639 576; x_wconf 89' lang='lat' dir='ltr'><strong>frigus.</strong></span> <span class='ocrx_word' id='word_1_76' title='bbox 657 528 705 564; x_wconf 91' lang='lat' dir='ltr'><strong>Et</strong></span> <span class='ocrx_word' id='word_1_77' title='bbox 723 528 798 563; x_wconf 91' lang='lat' dir='ltr'><strong>hoc</strong></span> <span class='ocrx_word' id='word_1_78' title='bbox 818 533 873 562; x_wconf 92' lang='lat' dir='ltr'><strong>est</strong></span> <span class='ocrx_word' id='word_1_79' title='bbox 896 524 1002 573; x_wconf 91' lang='lat' dir='ltr'><strong>quod</strong></span> <span class='ocrx_word' id='word_1_80' title='bbox 1017 524 1121 561; x_wconf 88' lang='lat' dir='ltr'><strong>dicit:</strong></span> <span class='ocrx_word' id='word_1_81' title='bbox 1143 524 1298 560; x_wconf 80' lang='lat' dir='ltr'><strong>nubium</strong></span> <span class='ocrx_word' id='word_1_82' title='bbox 1318 534 1405 559; x_wconf 91' lang='lat' dir='ltr'><strong>con-</strong></span> 
     </span>
     <span class='ocr_line' id='line_1_23' title="bbox 339 577 1407 633; baseline -0.007 -14"><span class='ocrx_word' id='word_1_83' title='bbox 339 583 582 633; x_wconf 78' lang='lat' dir='ltr'><strong>gregationes</strong></span> <span class='ocrx_word' id='word_1_84' title='bbox 602 582 708 629; x_wconf 88' lang='lat' dir='ltr'><strong>fiunt</strong></span> <span class='ocrx_word' id='word_1_85' title='bbox 735 580 800 616; x_wconf 84' lang='lat' dir='ltr'><strong>ubi</strong></span> <span class='ocrx_word' id='word_1_86' title='bbox 824 579 996 616; x_wconf 79' lang='lat' dir='ltr'><strong>desinunt</strong></span> <span class='ocrx_word' id='word_1_87' title='bbox 1022 578 1098 614; x_wconf 87' lang='lat' dir='ltr'><strong>iam</strong></span> <span class='ocrx_word' id='word_1_88' title='bbox 1132 577 1232 614; x_wconf 85' lang='lat' dir='ltr'><strong>radii</strong></span> <span class='ocrx_word' id='word_1_89' title='bbox 1249 582 1407 628; x_wconf 81' lang='lat' dir='ltr'><strong>propter</strong></span> 
     </span>
     <span class='ocr_line' id='line_1_24' title="bbox 340 634 800 684; baseline -0.009 -12"><span class='ocrx_word' id='word_1_90' title='bbox 340 635 474 684; x_wconf 82' lang='lat' dir='ltr'><strong>spargi</strong></span> <span class='ocrx_word' id='word_1_91' title='bbox 500 635 537 671; x_wconf 89' lang='lat' dir='ltr'><strong>in</strong></span> <span class='ocrx_word' id='word_1_92' title='bbox 567 634 800 671; x_wconf 81' lang='lat' dir='ltr'><strong>immensum.</strong></span> 
     </span>
    </p>

    <p class='ocr_par' dir='ltr' id='par_1_15' title="bbox 340 684 1412 2001">
     <span class='ocr_line' id='line_1_25' title="bbox 396 684 1405 736; baseline -0.005 -11"><span class='ocrx_word' id='word_1_93' title='bbox 396 688 457 725; x_wconf 91' lang='lat' dir='ltr'><strong>Sic</strong></span> <span class='ocrx_word' id='word_1_94' title='bbox 485 688 593 736; x_wconf 88' lang='lat' dir='ltr'><strong>igitur</strong></span> <span class='ocrx_word' id='word_1_95' title='bbox 620 694 778 734; x_wconf 90' lang='lat' dir='ltr'><strong>utraque</strong></span> <span class='ocrx_word' id='word_1_96' title='bbox 809 696 922 720; x_wconf 89' lang='lat' dir='ltr'><strong>causa</strong></span> <span class='ocrx_word' id='word_1_97' title='bbox 946 695 1044 732; x_wconf 90' lang='lat' dir='ltr'><strong>quae</strong></span> <span class='ocrx_word' id='word_1_98' title='bbox 1071 692 1202 732; x_wconf 90' lang='lat' dir='ltr'><strong>posset</strong></span> <span class='ocrx_word' id='word_1_99' title='bbox 1221 684 1405 734; x_wconf 89' lang='lat' dir='ltr'><strong>impedire</strong></span> 
     </span>
     <span class='ocr_line' id='line_1_26' title="bbox 342 737 1405 789; baseline -0.004 -11"><span class='ocrx_word' id='word_1_100' title='bbox 342 740 672 789; x_wconf 86' lang='lat' dir='ltr'><strong>congregationem</strong></span> <span class='ocrx_word' id='word_1_101' title='bbox 701 737 861 775; x_wconf 89' lang='lat' dir='ltr'><strong>nubium</strong></span> <span class='ocrx_word' id='word_1_102' title='bbox 895 737 932 773; x_wconf 90' lang='lat' dir='ltr'><strong>in</strong></span> <span class='ocrx_word' id='word_1_103' title='bbox 956 737 1142 786; x_wconf 86' lang='lat' dir='ltr'><strong>superiori</strong></span> <span class='ocrx_word' id='word_1_104' title='bbox 1159 745 1267 786; x_wconf 90' lang='lat' dir='ltr'><strong>parte</strong></span> <span class='ocrx_word' id='word_1_105' title='bbox 1296 737 1405 786; x_wconf 87' lang='lat' dir='ltr'><strong>aeris,</strong></span> 
     </span>
     <span class='ocr_line' id='line_1_27' title="bbox 343 790 1406 841; baseline -0.003 -10"><span class='ocrx_word' id='word_1_106' title='bbox 343 801 482 841; x_wconf 80' lang='lat' dir='ltr'><strong>cessat,</strong></span> <span class='ocrx_word' id='word_1_107' title='bbox 511 801 553 830; x_wconf 93' lang='lat' dir='ltr'><strong>ut</strong></span> <span class='ocrx_word' id='word_1_108' title='bbox 582 793 723 830; x_wconf 89' lang='lat' dir='ltr'><strong>dictum</strong></span> <span class='ocrx_word' id='word_1_109' title='bbox 754 799 818 827; x_wconf 90' lang='lat' dir='ltr'><strong>est.</strong></span> <span class='ocrx_word' id='word_1_110' title='bbox 850 791 898 826; x_wconf 92' lang='lat' dir='ltr'><strong>Et</strong></span> <span class='ocrx_word' id='word_1_111' title='bbox 927 803 1015 826; x_wconf 91' lang='lat' dir='ltr'><strong>curn</strong></span> <span class='ocrx_word' id='word_1_112' title='bbox 1044 790 1096 827; x_wconf 91' lang='lat' dir='ltr'><strong>ibi</strong></span> <span class='ocrx_word' id='word_1_113' title='bbox 1131 803 1210 829; x_wconf 92' lang='lat' dir='ltr'><strong>non</strong></span> <span class='ocrx_word' id='word_1_114' title='bbox 1239 791 1406 829; x_wconf 90' lang='lat' dir='ltr'><strong>conden-</strong></span> 
     </span>
     <span class='ocr_line' id='line_1_28' title="bbox 343 843 1406 894; baseline -0.002 -10"><span class='ocrx_word' id='word_1_115' title='bbox 343 855 472 884; x_wconf 90' lang='lat' dir='ltr'><strong>sentur</strong></span> <span class='ocrx_word' id='word_1_116' title='bbox 504 847 644 892; x_wconf 87' lang='lat' dir='ltr'><strong>nubes,</strong></span> <span class='ocrx_word' id='word_1_117' title='bbox 680 851 830 893; x_wconf 89' lang='lat' dir='ltr'><strong>oportet</strong></span> <span class='ocrx_word' id='word_1_118' title='bbox 863 843 988 880; x_wconf 90' lang='lat' dir='ltr'><strong>dicere</strong></span> <span class='ocrx_word' id='word_1_119' title='bbox 1022 845 1127 892; x_wconf 93' lang='lat' dir='ltr'><strong>quod</strong></span> <span class='ocrx_word' id='word_1_120' title='bbox 1161 858 1260 894; x_wconf 91' lang='lat' dir='ltr'><strong>aqua</strong></span> <span class='ocrx_word' id='word_1_121' title='bbox 1288 857 1367 882; x_wconf 93' lang='lat' dir='ltr'><strong>non</strong></span> <span class='ocrx_word' id='word_1_122' title='bbox 1387 844 1406 866; x_wconf 73' lang='lat'><strong>’¹‘</strong></span> 
     </span>
     <span class='ocr_line' id='line_1_29' title="bbox 343 897 1406 937; baseline -0.002 0"><span class='ocrx_word' id='word_1_123' title='bbox 343 901 389 937; x_wconf 92' lang='lat' dir='ltr'><strong>sit</strong></span> <span class='ocrx_word' id='word_1_124' title='bbox 416 907 503 937; x_wconf 92' lang='lat' dir='ltr'><strong>nata</strong></span> <span class='ocrx_word' id='word_1_125' title='bbox 530 898 611 936; x_wconf 89' lang='lat' dir='ltr'><strong>fieri</strong></span> <span class='ocrx_word' id='word_1_126' title='bbox 641 909 684 934; x_wconf 92' lang='lat' dir='ltr'><strong>ex</strong></span> <span class='ocrx_word' id='word_1_127' title='bbox 710 897 816 934; x_wconf 91' lang='lat' dir='ltr'><strong>omni</strong></span> <span class='ocrx_word' id='word_1_128' title='bbox 845 909 951 934; x_wconf 90' lang='lat' dir='ltr'><strong>aere:</strong></span> <span class='ocrx_word' id='word_1_129' title='bbox 979 905 1044 934; x_wconf 93' lang='lat' dir='ltr'><strong>aut</strong></span> <span class='ocrx_word' id='word_1_130' title='bbox 1071 897 1101 934; x_wconf 91' lang='lat' dir='ltr'><strong>si</strong></span> <span class='ocrx_word' id='word_1_131' title='bbox 1120 897 1140 919; x_wconf 76' lang='lat'><strong>’¹‘</strong></span> <span class='ocrx_word' id='word_1_132' title='bbox 1169 898 1338 935; x_wconf 89' lang='lat' dir='ltr'><strong>similiter</strong></span> <span class='ocrx_word' id='word_1_133' title='bbox 1366 910 1406 934; x_wconf 91' lang='lat' dir='ltr'><strong>se</strong></span> 
     </span>
     <span class='ocr_line' id='line_1_30' title="bbox 341 950 1406 999; baseline -0.002 -9"><span class='ocrx_word' id='word_1_134' title='bbox 341 954 455 990; x_wconf 90' lang='lat' dir='ltr'><strong>habet</strong></span> <span class='ocrx_word' id='word_1_135' title='bbox 482 951 607 989; x_wconf 90' lang='lat' dir='ltr'><strong>omnis</strong></span> <span class='ocrx_word' id='word_1_136' title='bbox 635 963 701 987; x_wconf 92' lang='lat' dir='ltr'><strong>aer</strong></span> <span class='ocrx_word' id='word_1_137' title='bbox 728 950 777 987; x_wconf 92' lang='lat' dir='ltr'><strong>ad</strong></span> <span class='ocrx_word' id='word_1_138' title='bbox 805 950 881 987; x_wconf 93' lang='lat' dir='ltr'><strong>hoc</strong></span> <span class='ocrx_word' id='word_1_139' title='bbox 917 951 1023 999; x_wconf 93' lang='lat' dir='ltr'><strong>quod</strong></span> <span class='ocrx_word' id='word_1_140' title='bbox 1051 959 1251 999; x_wconf 86' lang='lat' dir='ltr'><strong>generetur</strong></span> <span class='ocrx_word' id='word_1_141' title='bbox 1284 964 1330 988; x_wconf 91' lang='lat' dir='ltr'><strong>ex</strong></span> <span class='ocrx_word' id='word_1_142' title='bbox 1359 963 1406 988; x_wconf 88' lang='lat' dir='ltr'><strong>eo</strong></span> 
     </span>
     <span class='ocr_line' id='line_1_31' title="bbox 342 1003 1405 1054; baseline -0.002 -11"><span class='ocrx_word' id='word_1_143' title='bbox 342 1018 442 1054; x_wconf 91' lang='lat' dir='ltr'><strong>aqua</strong></span> <span class='ocrx_word' id='word_1_144' title='bbox 460 1004 490 1052; x_wconf 72' lang='lat'><strong>²¹⁶,</strong></span> <span class='ocrx_word' id='word_1_145' title='bbox 513 1011 662 1053; x_wconf 89' lang='lat' dir='ltr'><strong>oportet</strong></span> <span class='ocrx_word' id='word_1_146' title='bbox 681 1003 786 1052; x_wconf 92' lang='lat' dir='ltr'><strong>quod</strong></span> <span class='ocrx_word' id='word_1_147' title='bbox 805 1003 873 1040; x_wconf 90' lang='lat' dir='ltr'><strong>iste</strong></span> <span class='ocrx_word' id='word_1_148' title='bbox 893 1015 959 1041; x_wconf 90' lang='lat' dir='ltr'><strong>aer</strong></span> <span class='ocrx_word' id='word_1_149' title='bbox 977 1003 1042 1053; x_wconf 92' lang='lat' dir='ltr'><strong>qui</strong></span> <span class='ocrx_word' id='word_1_150' title='bbox 1062 1012 1118 1041; x_wconf 87' lang='lat' dir='ltr'><strong>est</strong></span> <span class='ocrx_word' id='word_1_151' title='bbox 1137 1005 1235 1041; x_wconf 90' lang='lat' dir='ltr'><strong>circa</strong></span> <span class='ocrx_word' id='word_1_152' title='bbox 1253 1012 1405 1052; x_wconf 89' lang='lat' dir='ltr'><strong>terram,</strong></span> 
     </span>
     <span class='ocr_line' id='line_1_32' title="bbox 342 1056 1407 1107; baseline -0.001 -11"><span class='ocrx_word' id='word_1_153' title='bbox 342 1071 420 1096; x_wconf 93' lang='lat' dir='ltr'><strong>non</strong></span> <span class='ocrx_word' id='word_1_154' title='bbox 435 1059 558 1095; x_wconf 91' lang='lat' dir='ltr'><strong>solum</strong></span> <span class='ocrx_word' id='word_1_155' title='bbox 579 1057 625 1094; x_wconf 92' lang='lat' dir='ltr'><strong>sit</strong></span> <span class='ocrx_word' id='word_1_156' title='bbox 644 1069 718 1104; x_wconf 90' lang='lat' dir='ltr'><strong>aer,</strong></span> <span class='ocrx_word' id='word_1_157' title='bbox 735 1056 803 1094; x_wconf 92' lang='lat' dir='ltr'><strong>sed</strong></span> <span class='ocrx_word' id='word_1_158' title='bbox 819 1056 915 1093; x_wconf 88' lang='lat' dir='ltr'><strong>sieut</strong></span> <span class='ocrx_word' id='word_1_159' title='bbox 932 1069 1067 1107; x_wconf 89' lang='lat' dir='ltr'><strong>vapor,</strong></span> <span class='ocrx_word' id='word_1_160' title='bbox 1085 1065 1120 1094; x_wconf 84' lang='lat' dir='ltr'><strong>et</strong></span> <span class='ocrx_word' id='word_1_161' title='bbox 1140 1071 1185 1095; x_wconf 89' lang='lat' dir='ltr'><strong>ex</strong></span> <span class='ocrx_word' id='word_1_162' title='bbox 1200 1059 1272 1095; x_wconf 93' lang='lat' dir='ltr'><strong>hac</strong></span> <span class='ocrx_word' id='word_1_163' title='bbox 1293 1070 1407 1095; x_wconf 91' lang='lat' dir='ltr'><strong>causa</strong></span> 
     </span>
     <span class='ocr_line' id='line_1_33' title="bbox 343 1109 1407 1160; baseline 0 -12"><span class='ocrx_word' id='word_1_164' title='bbox 343 1118 588 1159; x_wconf 84' lang='lat' dir='ltr'><strong>congregetur</strong></span> <span class='ocrx_word' id='word_1_165' title='bbox 607 1110 655 1147; x_wconf 89' lang='lat' dir='ltr'><strong>ad</strong></span> <span class='ocrx_word' id='word_1_166' title='bbox 674 1109 960 1158; x_wconf 88' lang='lat' dir='ltr'><strong>generationem</strong></span> <span class='ocrx_word' id='word_1_167' title='bbox 981 1123 1120 1160; x_wconf 89' lang='lat' dir='ltr'><strong>aquae;</strong></span> <span class='ocrx_word' id='word_1_168' title='bbox 1149 1111 1322 1160; x_wconf 90' lang='lat' dir='ltr'><strong>superior</strong></span> <span class='ocrx_word' id='word_1_169' title='bbox 1342 1123 1407 1148; x_wconf 93' lang='lat' dir='ltr'><strong>au-</strong></span> 
     </span>
     <span class='ocr_line' id='line_1_34' title="bbox 343 1164 1408 1213; baseline 0 -11"><span class='ocrx_word' id='word_1_170' title='bbox 343 1173 431 1211; x_wconf 87' lang='lat' dir='ltr'><strong>tem,</strong></span> <span class='ocrx_word' id='word_1_171' title='bbox 453 1164 516 1213; x_wconf 92' lang='lat' dir='ltr'><strong>qui</strong></span> <span class='ocrx_word' id='word_1_172' title='bbox 546 1171 601 1200; x_wconf 89' lang='lat' dir='ltr'><strong>est</strong></span> <span class='ocrx_word' id='word_1_173' title='bbox 618 1176 737 1212; x_wconf 91' lang='lat' dir='ltr'><strong>purus</strong></span> <span class='ocrx_word' id='word_1_174' title='bbox 766 1176 842 1211; x_wconf 89' lang='lat' dir='ltr'><strong>aer,</strong></span> <span class='ocrx_word' id='word_1_175' title='bbox 863 1176 942 1200; x_wconf 93' lang='lat' dir='ltr'><strong>non</strong></span> <span class='ocrx_word' id='word_1_176' title='bbox 966 1172 1097 1213; x_wconf 91' lang='lat' dir='ltr'><strong>posset</strong></span> <span class='ocrx_word' id='word_1_177' title='bbox 1125 1165 1351 1202; x_wconf 88' lang='lat' dir='ltr'><strong>condensari</strong></span> <span class='ocrx_word' id='word_1_178' title='bbox 1370 1165 1408 1202; x_wconf 88' lang='lat' dir='ltr'><strong>in</strong></span> 
     </span>
     <span class='ocr_line' id='line_1_35' title="bbox 341 1217 1409 1266; baseline 0.001 -11"><span class='ocrx_word' id='word_1_179' title='bbox 341 1230 492 1266; x_wconf 90' lang='lat' dir='ltr'><strong>aquam.</strong></span> <span class='ocrx_word' id='word_1_180' title='bbox 524 1217 600 1254; x_wconf 90' lang='lat' dir='ltr'><strong>Sed</strong></span> <span class='ocrx_word' id='word_1_181' title='bbox 629 1217 704 1253; x_wconf 91' lang='lat' dir='ltr'><strong>hoc</strong></span> <span class='ocrx_word' id='word_1_182' title='bbox 732 1229 810 1254; x_wconf 91' lang='lat' dir='ltr'><strong>non</strong></span> <span class='ocrx_word' id='word_1_183' title='bbox 837 1224 963 1265; x_wconf 89' lang='lat' dir='ltr'><strong>potest</strong></span> <span class='ocrx_word' id='word_1_184' title='bbox 991 1229 1095 1254; x_wconf 87' lang='lat' dir='ltr'><strong>esse:</strong></span> <span class='ocrx_word' id='word_1_185' title='bbox 1123 1218 1212 1266; x_wconf 92' lang='lat' dir='ltr'><strong>quia</strong></span> <span class='ocrx_word' id='word_1_186' title='bbox 1240 1219 1270 1255; x_wconf 89' lang='lat' dir='ltr'><strong>si</strong></span> <span class='ocrx_word' id='word_1_187' title='bbox 1308 1226 1409 1256; x_wconf 84' lang='lat' dir='ltr'><strong>totus</strong></span> 
     </span>
     <span class='ocr_line' id='line_1_36' title="bbox 341 1270 1408 1320; baseline 0.001 -12"><span class='ocrx_word' id='word_1_188' title='bbox 341 1271 408 1308; x_wconf 91' lang='lat' dir='ltr'><strong>iste</strong></span> <span class='ocrx_word' id='word_1_189' title='bbox 429 1283 493 1307; x_wconf 91' lang='lat' dir='ltr'><strong>aer</strong></span> <span class='ocrx_word' id='word_1_190' title='bbox 513 1270 577 1319; x_wconf 92' lang='lat' dir='ltr'><strong>qui</strong></span> <span class='ocrx_word' id='word_1_191' title='bbox 597 1278 653 1307; x_wconf 89' lang='lat' dir='ltr'><strong>est</strong></span> <span class='ocrx_word' id='word_1_192' title='bbox 672 1270 770 1307; x_wconf 89' lang='lat' dir='ltr'><strong>circa</strong></span> <span class='ocrx_word' id='word_1_193' title='bbox 793 1277 946 1319; x_wconf 89' lang='lat' dir='ltr'><strong>terram,</strong></span> <span class='ocrx_word' id='word_1_194' title='bbox 964 1283 1052 1307; x_wconf 92' lang='lat' dir='ltr'><strong>curn</strong></span> <span class='ocrx_word' id='word_1_195' title='bbox 1071 1271 1118 1308; x_wconf 92' lang='lat' dir='ltr'><strong>sit</strong></span> <span class='ocrx_word' id='word_1_196' title='bbox 1135 1279 1214 1309; x_wconf 91' lang='lat' dir='ltr'><strong>tam</strong></span> <span class='ocrx_word' id='word_1_197' title='bbox 1234 1285 1408 1320; x_wconf 90' lang='lat' dir='ltr'><strong>magnus,</strong></span> 
     </span>
     <span class='ocr_line' id='line_1_37' title="bbox 340 1323 1411 1373; baseline 0.002 -12"><span class='ocrx_word' id='word_1_198' title='bbox 340 1336 464 1373; x_wconf 90' lang='lat' dir='ltr'><strong>vapor</strong></span> <span class='ocrx_word' id='word_1_199' title='bbox 493 1330 547 1360; x_wconf 90' lang='lat' dir='ltr'><strong>est</strong></span> <span class='ocrx_word' id='word_1_200' title='bbox 573 1323 605 1371; x_wconf 71' lang='lat'><strong>²¹⁵,</strong></span> <span class='ocrx_word' id='word_1_201' title='bbox 629 1323 781 1361; x_wconf 91' lang='lat' dir='ltr'><strong>videtur</strong></span> <span class='ocrx_word' id='word_1_202' title='bbox 809 1323 918 1371; x_wconf 90' lang='lat' dir='ltr'><strong>sequi</strong></span> <span class='ocrx_word' id='word_1_203' title='bbox 947 1324 1053 1372; x_wconf 95' lang='lat' dir='ltr'><strong>quod</strong></span> <span class='ocrx_word' id='word_1_204' title='bbox 1090 1332 1225 1362; x_wconf 86' lang='lat' dir='ltr'><strong>natura</strong></span> <span class='ocrx_word' id='word_1_205' title='bbox 1248 1326 1345 1363; x_wconf 89' lang='lat' dir='ltr'><strong>aeris</strong></span> <span class='ocrx_word' id='word_1_206' title='bbox 1375 1333 1411 1363; x_wconf 89' lang='lat' dir='ltr'><strong>et</strong></span> 
     </span>
     <span class='ocr_line' id='line_1_38' title="bbox 342 1376 1409 1428; baseline 0.003 -14"><span class='ocrx_word' id='word_1_207' title='bbox 342 1389 463 1427; x_wconf 87' lang='lat' dir='ltr'><strong>aquae</strong></span> <span class='ocrx_word' id='word_1_208' title='bbox 489 1377 652 1414; x_wconf 91' lang='lat' dir='ltr'><strong>multum</strong></span> <span class='ocrx_word' id='word_1_209' title='bbox 682 1376 839 1414; x_wconf 90' lang='lat' dir='ltr'><strong>excedat</strong></span> <span class='ocrx_word' id='word_1_210' title='bbox 858 1377 930 1414; x_wconf 92' lang='lat' dir='ltr'><strong>alia</strong></span> <span class='ocrx_word' id='word_1_211' title='bbox 950 1378 1150 1415; x_wconf 89' lang='lat' dir='ltr'><strong>elementa.</strong></span> <span class='ocrx_word' id='word_1_212' title='bbox 1172 1379 1273 1427; x_wconf 88' lang='lat' dir='ltr'><strong>Quia</strong></span> <span class='ocrx_word' id='word_1_213' title='bbox 1299 1391 1409 1428; x_wconf 87' lang='lat' dir='ltr'><strong>supe-</strong></span> 
     </span>
     <span class='ocr_line' id='line_1_39' title="bbox 342 1430 1408 1480; baseline 0.003 -13"><span class='ocrx_word' id='word_1_214' title='bbox 342 1431 460 1467; x_wconf 89' lang='lat' dir='ltr'><strong>riores</strong></span> <span class='ocrx_word' id='word_1_215' title='bbox 494 1430 707 1477; x_wconf 86' lang='lat' dir='ltr'><strong>distantiae,</strong></span> <span class='ocrx_word' id='word_1_216' title='bbox 738 1442 837 1479; x_wconf 90' lang='lat' dir='ltr'><strong>quae</strong></span> <span class='ocrx_word' id='word_1_217' title='bbox 871 1430 1011 1467; x_wconf 91' lang='lat' dir='ltr'><strong>scilicet</strong></span> <span class='ocrx_word' id='word_1_218' title='bbox 1038 1439 1126 1468; x_wconf 90' lang='lat' dir='ltr'><strong>sunt</strong></span> <span class='ocrx_word' id='word_1_219' title='bbox 1148 1432 1245 1469; x_wconf 89' lang='lat' dir='ltr'><strong>inter</strong></span> <span class='ocrx_word' id='word_1_220' title='bbox 1272 1433 1408 1480; x_wconf 78' lang='lat' dir='ltr'><strong>stellas,</strong></span> 
     </span>
     <span class='ocr_line' id='line_1_40' title="bbox 342 1483 1408 1534; baseline 0.004 -14"><span class='ocrx_word' id='word_1_221' title='bbox 342 1491 429 1521; x_wconf 93' lang='lat' dir='ltr'><strong>sunt</strong></span> <span class='ocrx_word' id='word_1_222' title='bbox 452 1484 588 1532; x_wconf 91' lang='lat' dir='ltr'><strong>plenae</strong></span> <span class='ocrx_word' id='word_1_223' title='bbox 603 1483 731 1532; x_wconf 93' lang='lat' dir='ltr'><strong>aliquo</strong></span> <span class='ocrx_word' id='word_1_224' title='bbox 749 1496 921 1532; x_wconf 92' lang='lat' dir='ltr'><strong>corpore,</strong></span> <span class='ocrx_word' id='word_1_225' title='bbox 943 1496 1032 1520; x_wconf 91' lang='lat' dir='ltr'><strong>cum</strong></span> <span class='ocrx_word' id='word_1_226' title='bbox 1053 1484 1144 1522; x_wconf 89' lang='lat' dir='ltr'><strong>nihil</strong></span> <span class='ocrx_word' id='word_1_227' title='bbox 1163 1485 1210 1522; x_wconf 92' lang='lat' dir='ltr'><strong>sit</strong></span> <span class='ocrx_word' id='word_1_228' title='bbox 1227 1498 1408 1534; x_wconf 89' lang='lat' dir='ltr'><strong>vacuum,</strong></span> 
     </span>
     <span class='ocr_line' id='line_1_41' title="bbox 342 1536 1412 1588; baseline 0.004 -15"><span class='ocrx_word' id='word_1_229' title='bbox 342 1544 383 1574; x_wconf 92' lang='lat' dir='ltr'><strong>ut</strong></span> <span class='ocrx_word' id='word_1_230' title='bbox 400 1537 439 1574; x_wconf 92' lang='lat' dir='ltr'><strong>in</strong></span> <span class='ocrx_word' id='word_1_231' title='bbox 468 1538 520 1574; x_wconf 94' lang='lat' dir='ltr'><strong>IV</strong></span> <span class='ocrx_word' id='word_1_232' title='bbox 538 1538 686 1586; x_wconf 85' lang='lat' dir='ltr'><strong>Physic.</strong></span> <span class='ocrx_word' id='word_1_233' title='bbox 707 1536 727 1558; x_wconf 73' lang='lat'><strong>&#39;¹‘</strong></span> <span class='ocrx_word' id='word_1_234' title='bbox 754 1537 960 1586; x_wconf 88' lang='lat' dir='ltr'><strong>probatum</strong></span> <span class='ocrx_word' id='word_1_235' title='bbox 989 1545 1061 1575; x_wconf 89' lang='lat' dir='ltr'><strong>est:</strong></span> <span class='ocrx_word' id='word_1_236' title='bbox 1091 1538 1326 1588; x_wconf 90' lang='lat' dir='ltr'><strong>impossibile</strong></span> <span class='ocrx_word' id='word_1_237' title='bbox 1355 1547 1412 1577; x_wconf 90' lang='lat' dir='ltr'><strong>est</strong></span> 
     </span>
     <span class='ocr_line' id='line_1_42' title="bbox 342 1590 1411 1639; baseline 0.003 -12"><span class='ocrx_word' id='word_1_238' title='bbox 342 1597 471 1627; x_wconf 90' lang='lat' dir='ltr'><strong>autem</strong></span> <span class='ocrx_word' id='word_1_239' title='bbox 490 1591 597 1639; x_wconf 91' lang='lat' dir='ltr'><strong>quod</strong></span> <span class='ocrx_word' id='word_1_240' title='bbox 616 1590 689 1627; x_wconf 91' lang='lat' dir='ltr'><strong>sint</strong></span> <span class='ocrx_word' id='word_1_241' title='bbox 716 1591 851 1639; x_wconf 90' lang='lat' dir='ltr'><strong>plenae</strong></span> <span class='ocrx_word' id='word_1_242' title='bbox 873 1590 970 1638; x_wconf 90' lang='lat' dir='ltr'><strong>igne,</strong></span> <span class='ocrx_word' id='word_1_243' title='bbox 992 1591 1082 1639; x_wconf 90' lang='lat' dir='ltr'><strong>quia</strong></span> <span class='ocrx_word' id='word_1_244' title='bbox 1110 1592 1163 1629; x_wconf 92' lang='lat' dir='ltr'><strong>sic</strong></span> <span class='ocrx_word' id='word_1_245' title='bbox 1183 1593 1314 1630; x_wconf 91' lang='lat' dir='ltr'><strong>omnia</strong></span> <span class='ocrx_word' id='word_1_246' title='bbox 1338 1593 1411 1631; x_wconf 90' lang='lat' dir='ltr'><strong>alia</strong></span> 
     </span>
     <span class='ocr_line' id='line_1_43' title="bbox 344 1643 1411 1696; baseline 0.004 -16"><span class='ocrx_word' id='word_1_247' title='bbox 344 1643 631 1691; x_wconf 82' lang='lat' dir='ltr'><strong>exsiccarentur,</strong></span> <span class='ocrx_word' id='word_1_248' title='bbox 651 1651 693 1680; x_wconf 91' lang='lat' dir='ltr'><strong>ut</strong></span> <span class='ocrx_word' id='word_1_249' title='bbox 707 1656 822 1692; x_wconf 89' lang='lat' dir='ltr'><strong>supra</strong></span> <span class='ocrx_word' id='word_1_250' title='bbox 837 1643 856 1665; x_wconf 73' lang='lat'><strong>&#39;¹‘</strong></span> <span class='ocrx_word' id='word_1_251' title='bbox 870 1644 1077 1693; x_wconf 91' lang='lat' dir='ltr'><strong>probatum</strong></span> <span class='ocrx_word' id='word_1_252' title='bbox 1098 1653 1169 1683; x_wconf 89' lang='lat' dir='ltr'><strong>est:</strong></span> <span class='ocrx_word' id='word_1_253' title='bbox 1191 1646 1411 1696; x_wconf 88' lang='lat' dir='ltr'><strong>relinquitur</strong></span> 
     </span>
     <span class='ocr_line' id='line_1_44' title="bbox 343 1695 1412 1749; baseline 0.005 -16"><span class='ocrx_word' id='word_1_254' title='bbox 343 1709 432 1745; x_wconf 91' lang='lat' dir='ltr'><strong>ergo</strong></span> <span class='ocrx_word' id='word_1_255' title='bbox 461 1695 474 1717; x_wconf 84' lang='lat'><strong><em>⁰</em></strong></span> <span class='ocrx_word' id='word_1_256' title='bbox 502 1697 608 1745; x_wconf 91' lang='lat' dir='ltr'><strong>quod</strong></span> <span class='ocrx_word' id='word_1_257' title='bbox 637 1696 708 1734; x_wconf 91' lang='lat' dir='ltr'><strong>sint</strong></span> <span class='ocrx_word' id='word_1_258' title='bbox 735 1697 870 1746; x_wconf 89' lang='lat' dir='ltr'><strong>plenae</strong></span> <span class='ocrx_word' id='word_1_259' title='bbox 900 1709 1007 1746; x_wconf 92' lang='lat' dir='ltr'><strong>aere,</strong></span> <span class='ocrx_word' id='word_1_260' title='bbox 1038 1705 1074 1735; x_wconf 91' lang='lat' dir='ltr'><strong>et</strong></span> <span class='ocrx_word' id='word_1_261' title='bbox 1101 1698 1194 1736; x_wconf 92' lang='lat' dir='ltr'><strong>illud</strong></span> <span class='ocrx_word' id='word_1_262' title='bbox 1221 1700 1328 1749; x_wconf 93' lang='lat' dir='ltr'><strong>quod</strong></span> <span class='ocrx_word' id='word_1_263' title='bbox 1357 1707 1412 1738; x_wconf 91' lang='lat' dir='ltr'><strong>est</strong></span> 
     </span>
     <span class='ocr_line' id='line_1_45' title="bbox 343 1750 1412 1800; baseline 0.004 -13"><span class='ocrx_word' id='word_1_264' title='bbox 343 1750 440 1787; x_wconf 89' lang='lat' dir='ltr'><strong>circa</strong></span> <span class='ocrx_word' id='word_1_265' title='bbox 478 1758 618 1787; x_wconf 90' lang='lat' dir='ltr'><strong>terram</strong></span> <span class='ocrx_word' id='word_1_266' title='bbox 652 1750 697 1787; x_wconf 89' lang='lat' dir='ltr'><strong>sit</strong></span> <span class='ocrx_word' id='word_1_267' title='bbox 728 1751 887 1799; x_wconf 89' lang='lat' dir='ltr'><strong>plenum</strong></span> <span class='ocrx_word' id='word_1_268' title='bbox 916 1763 1027 1800; x_wconf 87' lang='lat' dir='ltr'><strong>aqua.</strong></span> <span class='ocrx_word' id='word_1_269' title='bbox 1063 1752 1139 1790; x_wconf 91' lang='lat' dir='ltr'><strong>Sed</strong></span> <span class='ocrx_word' id='word_1_270' title='bbox 1172 1753 1235 1790; x_wconf 93' lang='lat' dir='ltr'><strong>hic</strong></span> <span class='ocrx_word' id='word_1_271' title='bbox 1263 1766 1328 1790; x_wconf 90' lang='lat' dir='ltr'><strong>aer</strong></span> <span class='ocrx_word' id='word_1_272' title='bbox 1356 1761 1412 1791; x_wconf 90' lang='lat' dir='ltr'><strong>est</strong></span> 
     </span>
     <span class='ocr_line' id='line_1_46' title="bbox 342 1803 1410 1856; baseline 0.005 -16"><span class='ocrx_word' id='word_1_273' title='bbox 342 1816 480 1852; x_wconf 91' lang='lat' dir='ltr'><strong>vapor:</strong></span> <span class='ocrx_word' id='word_1_274' title='bbox 497 1803 587 1852; x_wconf 90' lang='lat' dir='ltr'><strong>quia</strong></span> <span class='ocrx_word' id='word_1_275' title='bbox 605 1815 729 1852; x_wconf 92' lang='lat' dir='ltr'><strong>vapor</strong></span> <span class='ocrx_word' id='word_1_276' title='bbox 744 1811 799 1840; x_wconf 90' lang='lat' dir='ltr'><strong>est</strong></span> <span class='ocrx_word' id='word_1_277' title='bbox 818 1804 1010 1852; x_wconf 89' lang='lat' dir='ltr'><strong>quaedam</strong></span> <span class='ocrx_word' id='word_1_278' title='bbox 1023 1804 1255 1856; x_wconf 83' lang='lat' dir='ltr'><strong>disgregatio</strong></span> <span class='ocrx_word' id='word_1_279' title='bbox 1275 1819 1410 1856; x_wconf 85' lang='lat' dir='ltr'><strong>aquae,</strong></span> 
     </span>
     <span class='ocr_line' id='line_1_47' title="bbox 344 1857 1411 1910; baseline 0.005 -17"><span class='ocrx_word' id='word_1_280' title='bbox 344 1857 441 1894; x_wconf 89' lang='lat' dir='ltr'><strong>idest</strong></span> <span class='ocrx_word' id='word_1_281' title='bbox 464 1869 564 1906; x_wconf 92' lang='lat' dir='ltr'><strong>aqua</strong></span> <span class='ocrx_word' id='word_1_282' title='bbox 593 1857 787 1894; x_wconf 88' lang='lat' dir='ltr'><strong>rarefacta.</strong></span> <span class='ocrx_word' id='word_1_283' title='bbox 809 1877 833 1884; x_wconf 96' lang='lat'>-</span> <span class='ocrx_word' id='word_1_284' title='bbox 853 1858 903 1894; x_wconf 90' lang='lat' dir='ltr'><strong>Et</strong></span> <span class='ocrx_word' id='word_1_285' title='bbox 926 1857 980 1894; x_wconf 93' lang='lat' dir='ltr'><strong>sic</strong></span> <span class='ocrx_word' id='word_1_286' title='bbox 997 1858 1130 1906; x_wconf 92' lang='lat' dir='ltr'><strong>positis</strong></span> <span class='ocrx_word' id='word_1_287' title='bbox 1158 1860 1276 1898; x_wconf 89' lang='lat' dir='ltr'><strong>tribus</strong></span> <span class='ocrx_word' id='word_1_288' title='bbox 1296 1873 1411 1910; x_wconf 90' lang='lat' dir='ltr'><strong>quae-</strong></span> 
     </span>
     <span class='ocr_line' id='line_1_48' title="bbox 343 1909 1411 1963; baseline 0.005 -16"><span class='ocrx_word' id='word_1_289' title='bbox 343 1909 538 1957; x_wconf 90' lang='lat' dir='ltr'><strong>stionibus,</strong></span> <span class='ocrx_word' id='word_1_290' title='bbox 561 1909 668 1959; x_wconf 90' lang='lat' dir='ltr'><strong>quasi</strong></span> <span class='ocrx_word' id='word_1_291' title='bbox 697 1910 876 1958; x_wconf 88' lang='lat' dir='ltr'><strong>colligens</strong></span> <span class='ocrx_word' id='word_1_292' title='bbox 905 1910 1032 1948; x_wconf 91' lang='lat' dir='ltr'><strong>subdit</strong></span> <span class='ocrx_word' id='word_1_293' title='bbox 1059 1913 1166 1961; x_wconf 93' lang='lat' dir='ltr'><strong>quod</strong></span> <span class='ocrx_word' id='word_1_294' title='bbox 1186 1913 1234 1951; x_wconf 92' lang='lat' dir='ltr'><strong>de</strong></span> <span class='ocrx_word' id='word_1_295' title='bbox 1262 1914 1411 1963; x_wconf 91' lang='lat' dir='ltr'><strong>praedi-</strong></span> 
     </span>
     <span class='ocr_line' id='line_1_49' title="bbox 345 1963 964 2001; baseline 0.002 -1"><span class='ocrx_word' id='word_1_296' title='bbox 345 1963 411 2000; x_wconf 88' lang='lat' dir='ltr'><strong>ctis</strong></span> <span class='ocrx_word' id='word_1_297' title='bbox 432 1963 643 2001; x_wconf 89' lang='lat' dir='ltr'><strong>dubitatum</strong></span> <span class='ocrx_word' id='word_1_298' title='bbox 665 1963 711 2000; x_wconf 93' lang='lat' dir='ltr'><strong>sit</strong></span> <span class='ocrx_word' id='word_1_299' title='bbox 728 1964 804 2000; x_wconf 92' lang='lat' dir='ltr'><strong>hoc</strong></span> <span class='ocrx_word' id='word_1_300' title='bbox 831 1963 964 2001; x_wconf 91' lang='lat' dir='ltr'><strong>modo.</strong></span> 
     </span>
    </p>

    <p class='ocr_par' dir='ltr' id='par_1_16' title="bbox 345 2017 1413 2375">
     <span class='ocr_line' id='line_1_50' title="bbox 396 2017 1411 2068; baseline 0.005 -15"><span class='ocrx_word' id='word_1_301' title='bbox 396 2029 434 2064; x_wconf 95' lang='lat'><strong>4.</strong></span> <span class='ocrx_word' id='word_1_302' title='bbox 455 2017 605 2054; x_wconf 89' lang='lat' dir='ltr'><strong>Deinde</strong></span> <span class='ocrx_word' id='word_1_303' title='bbox 634 2029 722 2053; x_wconf 91' lang='lat' dir='ltr'><strong>cum</strong></span> <span class='ocrx_word' id='word_1_304' title='bbox 752 2017 858 2054; x_wconf 90' lang='lat' dir='ltr'><strong>dicit:</strong></span> <span class='ocrx_word' id='word_1_305' title='bbox 878 2018 963 2055; x_wconf 85' lang='lat' dir='ltr'><strong>Nos</strong></span> <span class='ocrx_word' id='word_1_306' title='bbox 982 2025 1109 2056; x_wconf 86' lang='lat' dir='ltr'><strong>autem</strong></span> <span class='ocrx_word' id='word_1_307' title='bbox 1137 2019 1307 2057; x_wconf 86' lang='lat' dir='ltr'><strong>dicamus</strong></span> <span class='ocrx_word' id='word_1_308' title='bbox 1327 2027 1411 2068; x_wconf 91' lang='lat' dir='ltr'><strong>etc.,</strong></span> 
     </span>
     <span class='ocr_line' id='line_1_51' title="bbox 345 2070 1413 2123; baseline 0.004 -16"><span class='ocrx_word' id='word_1_309' title='bbox 345 2070 457 2108; x_wconf 89' lang='lat' dir='ltr'><strong>solvit</strong></span> <span class='ocrx_word' id='word_1_310' title='bbox 482 2070 697 2119; x_wconf 89' lang='lat' dir='ltr'><strong>propositas</strong></span> <span class='ocrx_word' id='word_1_311' title='bbox 716 2070 975 2119; x_wconf 89' lang='lat' dir='ltr'><strong>quaestiones:</strong></span> <span class='ocrx_word' id='word_1_312' title='bbox 997 2080 1034 2110; x_wconf 90' lang='lat' dir='ltr'><strong>et</strong></span> <span class='ocrx_word' id='word_1_313' title='bbox 1050 2071 1177 2121; x_wconf 90' lang='lat' dir='ltr'><strong>primo</strong></span> <span class='ocrx_word' id='word_1_314' title='bbox 1207 2085 1293 2111; x_wconf 89' lang='lat' dir='ltr'><strong>eam</strong></span> <span class='ocrx_word' id='word_1_315' title='bbox 1314 2086 1413 2123; x_wconf 89' lang='lat' dir='ltr'><strong>quae</strong></span> 
     </span>
     <span class='ocr_line' id='line_1_52' title="bbox 345 2123 1413 2173; baseline 0.005 -13"><span class='ocrx_word' id='word_1_316' title='bbox 345 2131 400 2161; x_wconf 91' lang='lat' dir='ltr'><strong>est</strong></span> <span class='ocrx_word' id='word_1_317' title='bbox 418 2123 438 2145; x_wconf 72' lang='lat'><strong>&#39;¹‘</strong></span> <span class='ocrx_word' id='word_1_318' title='bbox 457 2125 503 2161; x_wconf 91' lang='lat' dir='ltr'><strong>de</strong></span> <span class='ocrx_word' id='word_1_319' title='bbox 533 2123 770 2162; x_wconf 87' lang='lat' dir='ltr'><strong>ordinatione</strong></span> <span class='ocrx_word' id='word_1_320' title='bbox 800 2124 1095 2173; x_wconf 83' lang='lat' dir='ltr'><strong>elementorum3</strong></span> <span class='ocrx_word' id='word_1_321' title='bbox 1125 2127 1294 2164; x_wconf 92' lang='lat' dir='ltr'><strong>secundo</strong></span> <span class='ocrx_word' id='word_1_322' title='bbox 1326 2140 1413 2165; x_wconf 88' lang='lat' dir='ltr'><strong>earn</strong></span> 
     </span>
     <span class='ocr_line' id='line_1_53' title="bbox 345 2177 1413 2229; baseline 0.004 -15"><span class='ocrx_word' id='word_1_323' title='bbox 345 2189 442 2226; x_wconf 91' lang='lat' dir='ltr'><strong>quae</strong></span> <span class='ocrx_word' id='word_1_324' title='bbox 463 2185 519 2214; x_wconf 91' lang='lat' dir='ltr'><strong>est</strong></span> <span class='ocrx_word' id='word_1_325' title='bbox 538 2177 585 2215; x_wconf 91' lang='lat' dir='ltr'><strong>de</strong></span> <span class='ocrx_word' id='word_1_326' title='bbox 605 2177 849 2226; x_wconf 89' lang='lat' dir='ltr'><strong>generatione</strong></span> <span class='ocrx_word' id='word_1_327' title='bbox 868 2178 1042 2227; x_wconf 87' lang='lat' dir='ltr'><strong>nubium,</strong></span> <span class='ocrx_word' id='word_1_328' title='bbox 1063 2179 1131 2217; x_wconf 93' lang='lat' dir='ltr'><strong>ibi:</strong></span> <span class='ocrx_word' id='word_1_329' title='bbox 1151 2180 1245 2217; x_wconf 81' lang='lat' dir='ltr'><strong>Eius</strong></span> <span class='ocrx_word' id='word_1_330' title='bbox 1264 2181 1413 2229; x_wconf 86' lang='lat' dir='ltr'><strong>quidem</strong></span> 
     </span>
     <span class='ocr_line' id='line_1_54' title="bbox 345 2230 1413 2281; baseline 0.004 -14"><span class='ocrx_word' id='word_1_331' title='bbox 345 2231 462 2281; x_wconf 81' lang='lat' dir='ltr'><strong>igitur</strong></span> <span class='ocrx_word' id='word_1_332' title='bbox 487 2230 508 2252; x_wconf 66' lang='lat'><strong>‘¹‘</strong></span> <span class='ocrx_word' id='word_1_333' title='bbox 536 2238 623 2278; x_wconf 91' lang='lat' dir='ltr'><strong>etc.;</strong></span> <span class='ocrx_word' id='word_1_334' title='bbox 653 2231 763 2268; x_wconf 90' lang='lat' dir='ltr'><strong>tertio</strong></span> <span class='ocrx_word' id='word_1_335' title='bbox 792 2243 879 2268; x_wconf 89' lang='lat' dir='ltr'><strong>eam</strong></span> <span class='ocrx_word' id='word_1_336' title='bbox 899 2244 998 2281; x_wconf 90' lang='lat' dir='ltr'><strong>quae</strong></span> <span class='ocrx_word' id='word_1_337' title='bbox 1027 2240 1084 2270; x_wconf 90' lang='lat' dir='ltr'><strong>est</strong></span> <span class='ocrx_word' id='word_1_338' title='bbox 1103 2233 1151 2270; x_wconf 93' lang='lat' dir='ltr'><strong>de</strong></span> <span class='ocrx_word' id='word_1_339' title='bbox 1181 2233 1366 2271; x_wconf 91' lang='lat' dir='ltr'><strong>caliditate</strong></span> <span class='ocrx_word' id='word_1_340' title='bbox 1391 2247 1413 2272; x_wconf 92' lang='lat' dir='ltr'><strong>a</strong></span> 
     </span>
     <span class='ocr_line' id='line_1_55' title="bbox 345 2284 1413 2336; baseline 0.005 -16"><span class='ocrx_word' id='word_1_341' title='bbox 345 2284 458 2321; x_wconf 91' lang='lat' dir='ltr'><strong>stellis</strong></span> <span class='ocrx_word' id='word_1_342' title='bbox 486 2284 525 2322; x_wconf 93' lang='lat' dir='ltr'><strong>in</strong></span> <span class='ocrx_word' id='word_1_343' title='bbox 544 2284 784 2322; x_wconf 87' lang='lat' dir='ltr'><strong>inferioribus</strong></span> <span class='ocrx_word' id='word_1_344' title='bbox 804 2293 969 2335; x_wconf 91' lang='lat' dir='ltr'><strong>causata,</strong></span> <span class='ocrx_word' id='word_1_345' title='bbox 990 2285 1058 2323; x_wconf 92' lang='lat' dir='ltr'><strong>ibi:</strong></span> <span class='ocrx_word' id='word_1_346' title='bbox 1087 2287 1148 2323; x_wconf 89' lang='lat' dir='ltr'><strong>De</strong></span> <span class='ocrx_word' id='word_1_347' title='bbox 1153 2287 1268 2336; x_wconf 84' lang='lat' dir='ltr'><strong>sacta</strong></span> <span class='ocrx_word' id='word_1_348' title='bbox 1287 2294 1413 2325; x_wconf 88' lang='lat' dir='ltr'><strong>autem</strong></span> 
     </span>
     <span class='ocr_line' id='line_1_56' title="bbox 346 2337 675 2375; baseline 0.003 -1"><span class='ocrx_word' id='word_1_349' title='bbox 346 2337 531 2375; x_wconf 88' lang='lat' dir='ltr'><strong>caliditate</strong></span> <span class='ocrx_word' id='word_1_350' title='bbox 557 2337 577 2359; x_wconf 74' lang='lat'><strong>²¹⁴</strong></span> <span class='ocrx_word' id='word_1_351' title='bbox 606 2345 675 2375; x_wconf 92' lang='lat' dir='ltr'><strong>etc.</strong></span> 
     </span>
    </p>

    <p class='ocr_par' dir='ltr' id='par_1_17' title="bbox 346 2390 1415 3242">
     <span class='ocr_line' id='line_1_57' title="bbox 401 2390 1415 2443; baseline 0.005 -16"><span class='ocrx_word' id='word_1_352' title='bbox 401 2390 510 2428; x_wconf 89' lang='lat' dir='ltr'><strong>Circa</strong></span> <span class='ocrx_word' id='word_1_353' title='bbox 536 2391 705 2440; x_wconf 88' lang='lat' dir='ltr'><strong>primurn</strong></span> <span class='ocrx_word' id='word_1_354' title='bbox 733 2391 803 2429; x_wconf 90' lang='lat' dir='ltr'><strong>tria</strong></span> <span class='ocrx_word' id='word_1_355' title='bbox 831 2392 928 2430; x_wconf 80' lang='lat' dir='ltr'><strong>facit.</strong></span> <span class='ocrx_word' id='word_1_356' title='bbox 958 2391 1090 2430; x_wconf 89' lang='lat' dir='ltr'><strong>Primo</strong></span> <span class='ocrx_word' id='word_1_357' title='bbox 1123 2394 1281 2431; x_wconf 87' lang='lat' dir='ltr'><strong>resumit</strong></span> <span class='ocrx_word' id='word_1_358' title='bbox 1308 2395 1415 2443; x_wconf 92' lang='lat' dir='ltr'><strong>quod</strong></span> 
     </span>
     <span class='ocr_line' id='line_1_58' title="bbox 346 2443 1414 2497; baseline 0.004 -16"><span class='ocrx_word' id='word_1_359' title='bbox 346 2443 489 2481; x_wconf 90' lang='lat' dir='ltr'><strong>dictum</strong></span> <span class='ocrx_word' id='word_1_360' title='bbox 509 2452 565 2482; x_wconf 92' lang='lat' dir='ltr'><strong>est</strong></span> <span class='ocrx_word' id='word_1_361' title='bbox 584 2444 631 2482; x_wconf 94' lang='lat' dir='ltr'><strong>de</strong></span> <span class='ocrx_word' id='word_1_362' title='bbox 647 2452 781 2482; x_wconf 90' lang='lat' dir='ltr'><strong>natura</strong></span> <span class='ocrx_word' id='word_1_363' title='bbox 799 2445 912 2495; x_wconf 91' lang='lat' dir='ltr'><strong>primi</strong></span> <span class='ocrx_word' id='word_1_364' title='bbox 931 2446 1119 2495; x_wconf 89' lang='lat' dir='ltr'><strong>corporis:</strong></span> <span class='ocrx_word' id='word_1_365' title='bbox 1147 2446 1276 2485; x_wconf 91' lang='lat' dir='ltr'><strong>dicens</strong></span> <span class='ocrx_word' id='word_1_366' title='bbox 1295 2448 1414 2497; x_wconf 92' lang='lat' dir='ltr'><strong>quod,</strong></span> 
     </span>
     <span class='ocr_line' id='line_1_59' title="bbox 346 2497 1414 2549; baseline 0.003 -14"><span class='ocrx_word' id='word_1_367' title='bbox 346 2497 396 2535; x_wconf 92' lang='lat' dir='ltr'><strong>ad</strong></span> <span class='ocrx_word' id='word_1_368' title='bbox 423 2497 655 2535; x_wconf 90' lang='lat' dir='ltr'><strong>intellectum</strong></span> <span class='ocrx_word' id='word_1_369' title='bbox 676 2506 712 2535; x_wconf 88' lang='lat' dir='ltr'><strong>et</strong></span> <span class='ocrx_word' id='word_1_370' title='bbox 731 2510 866 2536; x_wconf 91' lang='lat' dir='ltr'><strong>eorum</strong></span> <span class='ocrx_word' id='word_1_371' title='bbox 885 2511 985 2547; x_wconf 91' lang='lat' dir='ltr'><strong>quae</strong></span> <span class='ocrx_word' id='word_1_372' title='bbox 1005 2511 1107 2537; x_wconf 92' lang='lat' dir='ltr'><strong>nunc</strong></span> <span class='ocrx_word' id='word_1_373' title='bbox 1126 2501 1297 2549; x_wconf 91' lang='lat' dir='ltr'><strong>quaesita</strong></span> <span class='ocrx_word' id='word_1_374' title='bbox 1315 2509 1414 2549; x_wconf 91' lang='lat' dir='ltr'><strong>sunt,</strong></span> 
     </span>
     <span class='ocr_line' id='line_1_60' title="bbox 348 2552 1415 2603; baseline 0.003 -15"><span class='ocrx_word' id='word_1_375' title='bbox 348 2558 383 2588; x_wconf 94' lang='lat' dir='ltr'><strong>et</strong></span> <span class='ocrx_word' id='word_1_376' title='bbox 412 2563 547 2588; x_wconf 89' lang='lat' dir='ltr'><strong>eorum</strong></span> <span class='ocrx_word' id='word_1_377' title='bbox 567 2563 665 2600; x_wconf 91' lang='lat' dir='ltr'><strong>quae</strong></span> <span class='ocrx_word' id='word_1_378' title='bbox 684 2552 936 2600; x_wconf 90' lang='lat' dir='ltr'><strong>postmodum</strong></span> <span class='ocrx_word' id='word_1_379' title='bbox 962 2560 1050 2590; x_wconf 92' lang='lat' dir='ltr'><strong>sunt</strong></span> <span class='ocrx_word' id='word_1_380' title='bbox 1069 2552 1242 2601; x_wconf 91' lang='lat' dir='ltr'><strong>dicenda,</strong></span> <span class='ocrx_word' id='word_1_381' title='bbox 1264 2561 1415 2603; x_wconf 84' lang='lat' dir='ltr'><strong>oportet</strong></span> 
     </span>
     <span class='ocr_line' id='line_1_61' title="bbox 348 2604 1415 2656; baseline 0.003 -15"><span class='ocrx_word' id='word_1_382' title='bbox 348 2604 637 2642; x_wconf 90' lang='lat' dir='ltr'><strong>determinando</strong></span> <span class='ocrx_word' id='word_1_383' title='bbox 681 2604 804 2642; x_wconf 91' lang='lat' dir='ltr'><strong>dicere</strong></span> <span class='ocrx_word' id='word_1_384' title='bbox 852 2606 957 2654; x_wconf 92' lang='lat' dir='ltr'><strong>quod</strong></span> <span class='ocrx_word' id='word_1_385' title='bbox 1003 2618 1229 2655; x_wconf 90' lang='lat' dir='ltr'><strong>supremum</strong></span> <span class='ocrx_word' id='word_1_386' title='bbox 1276 2619 1415 2656; x_wconf 90' lang='lat' dir='ltr'><strong>corpus</strong></span> 
     </span>
     <span class='ocr_line' id='line_1_62' title="bbox 346 2657 1412 2709; baseline 0.003 -15"><span class='ocrx_word' id='word_1_387' title='bbox 346 2669 467 2706; x_wconf 91' lang='lat' dir='ltr'><strong>usque</strong></span> <span class='ocrx_word' id='word_1_388' title='bbox 505 2657 555 2695; x_wconf 91' lang='lat' dir='ltr'><strong>ad</strong></span> <span class='ocrx_word' id='word_1_389' title='bbox 582 2658 713 2695; x_wconf 90' lang='lat' dir='ltr'><strong>lunam</strong></span> <span class='ocrx_word' id='word_1_390' title='bbox 747 2665 803 2695; x_wconf 92' lang='lat' dir='ltr'><strong>est</strong></span> <span class='ocrx_word' id='word_1_391' title='bbox 830 2659 992 2696; x_wconf 90' lang='lat' dir='ltr'><strong>alterum</strong></span> <span class='ocrx_word' id='word_1_392' title='bbox 1030 2659 1078 2696; x_wconf 89' lang='lat' dir='ltr'><strong>ab</strong></span> <span class='ocrx_word' id='word_1_393' title='bbox 1107 2659 1194 2707; x_wconf 89' lang='lat' dir='ltr'><strong>igne</strong></span> <span class='ocrx_word' id='word_1_394' title='bbox 1232 2667 1268 2696; x_wconf 93' lang='lat' dir='ltr'><strong>et</strong></span> <span class='ocrx_word' id='word_1_395' title='bbox 1300 2672 1412 2709; x_wconf 91' lang='lat' dir='ltr'><strong>aere,</strong></span> 
     </span>
     <span class='ocr_line' id='line_1_63' title="bbox 348 2710 1413 2762; baseline 0.004 -15"><span class='ocrx_word' id='word_1_396' title='bbox 348 2710 443 2748; x_wconf 91' lang='lat' dir='ltr'><strong>sicut</strong></span> <span class='ocrx_word' id='word_1_397' title='bbox 470 2710 546 2748; x_wconf 90' lang='lat' dir='ltr'><strong>iam</strong></span> <span class='ocrx_word' id='word_1_398' title='bbox 575 2718 772 2748; x_wconf 90' lang='lat' dir='ltr'><strong>ostensum</strong></span> <span class='ocrx_word' id='word_1_399' title='bbox 803 2718 858 2748; x_wconf 91' lang='lat' dir='ltr'><strong>est</strong></span> <span class='ocrx_word' id='word_1_400' title='bbox 875 2711 916 2757; x_wconf 79' lang='lat'><strong>*3</strong></span> <span class='ocrx_word' id='word_1_401' title='bbox 943 2719 979 2749; x_wconf 93' lang='lat' dir='ltr'><strong>et</strong></span> <span class='ocrx_word' id='word_1_402' title='bbox 1006 2712 1111 2762; x_wconf 92' lang='lat' dir='ltr'><strong>quod</strong></span> <span class='ocrx_word' id='word_1_403' title='bbox 1138 2719 1146 2733; x_wconf 84' lang='lat'><em>‘</em></span> <span class='ocrx_word' id='word_1_404' title='bbox 1174 2712 1213 2750; x_wconf 94' lang='lat' dir='ltr'><strong>in</strong></span> <span class='ocrx_word' id='word_1_405' title='bbox 1241 2713 1324 2762; x_wconf 91' lang='lat' dir='ltr'><strong>ipso</strong></span> <span class='ocrx_word' id='word_1_406' title='bbox 1353 2726 1413 2751; x_wconf 89' lang='lat' dir='ltr'><strong>su-</strong></span> 
     </span>
     <span class='ocr_line' id='line_1_64' title="bbox 347 2764 1414 2816; baseline 0.003 -15"><span class='ocrx_word' id='word_1_407' title='bbox 347 2775 483 2813; x_wconf 91' lang='lat' dir='ltr'><strong>premo</strong></span> <span class='ocrx_word' id='word_1_408' title='bbox 513 2776 673 2813; x_wconf 89' lang='lat' dir='ltr'><strong>corpore</strong></span> <span class='ocrx_word' id='word_1_409' title='bbox 699 2772 754 2802; x_wconf 91' lang='lat' dir='ltr'><strong>est</strong></span> <span class='ocrx_word' id='word_1_410' title='bbox 772 2764 913 2814; x_wconf 91' lang='lat' dir='ltr'><strong>aliquid</strong></span> <span class='ocrx_word' id='word_1_411' title='bbox 940 2765 1084 2814; x_wconf 90' lang='lat' dir='ltr'><strong>purius,</strong></span> <span class='ocrx_word' id='word_1_412' title='bbox 1116 2773 1152 2803; x_wconf 93' lang='lat' dir='ltr'><strong>et</strong></span> <span class='ocrx_word' id='word_1_413' title='bbox 1175 2766 1316 2816; x_wconf 91' lang='lat' dir='ltr'><strong>aliquid</strong></span> <span class='ocrx_word' id='word_1_414' title='bbox 1345 2767 1414 2804; x_wconf 92' lang='lat' dir='ltr'><strong>mi-</strong></span> 
     </span>
     <span class='ocr_line' id='line_1_65' title="bbox 347 2817 1413 2868; baseline 0.003 -14"><span class='ocrx_word' id='word_1_415' title='bbox 347 2829 418 2855; x_wconf 92' lang='lat' dir='ltr'><strong>nus</strong></span> <span class='ocrx_word' id='word_1_416' title='bbox 454 2829 595 2867; x_wconf 89' lang='lat' dir='ltr'><strong>purum</strong></span> <span class='ocrx_word' id='word_1_417' title='bbox 621 2819 684 2855; x_wconf 84' lang='lat' dir='ltr'><strong>vel</strong></span> <span class='ocrx_word' id='word_1_418' title='bbox 721 2817 929 2855; x_wconf 90' lang='lat' dir='ltr'><strong>sincerum:</strong></span> <span class='ocrx_word' id='word_1_419' title='bbox 960 2831 1039 2856; x_wconf 92' lang='lat' dir='ltr'><strong>non</strong></span> <span class='ocrx_word' id='word_1_420' title='bbox 1072 2820 1176 2868; x_wconf 92' lang='lat' dir='ltr'><strong>quod</strong></span> <span class='ocrx_word' id='word_1_421' title='bbox 1205 2820 1256 2857; x_wconf 93' lang='lat' dir='ltr'><strong>ibi</strong></span> <span class='ocrx_word' id='word_1_422' title='bbox 1285 2819 1331 2857; x_wconf 90' lang='lat' dir='ltr'><strong>sit</strong></span> <span class='ocrx_word' id='word_1_423' title='bbox 1349 2820 1413 2857; x_wconf 88' lang='lat' dir='ltr'><strong>ali-</strong></span> 
     </span>
     <span class='ocr_line' id='line_1_66' title="bbox 347 2870 1412 2921; baseline 0.004 -14"><span class='ocrx_word' id='word_1_424' title='bbox 347 2883 423 2920; x_wconf 91' lang='lat' dir='ltr'><strong>qua</strong></span> <span class='ocrx_word' id='word_1_425' title='bbox 457 2870 685 2920; x_wconf 91' lang='lat' dir='ltr'><strong>compositio</strong></span> <span class='ocrx_word' id='word_1_426' title='bbox 722 2872 784 2908; x_wconf 87' lang='lat' dir='ltr'><strong>vel</strong></span> <span class='ocrx_word' id='word_1_427' title='bbox 822 2871 953 2909; x_wconf 88' lang='lat' dir='ltr'><strong>mixtio</strong></span> <span class='ocrx_word' id='word_1_428' title='bbox 992 2879 1192 2910; x_wconf 86' lang='lat' dir='ltr'><strong>extraneae</strong></span> <span class='ocrx_word' id='word_1_429' title='bbox 1229 2881 1412 2921; x_wconf 90' lang='lat' dir='ltr'><strong>naturae;</strong></span> 
     </span>
     <span class='ocr_line' id='line_1_67' title="bbox 346 2924 1410 2975; baseline 0.004 -14"><span class='ocrx_word' id='word_1_430' title='bbox 346 2924 415 2962; x_wconf 90' lang='lat' dir='ltr'><strong>sed</strong></span> <span class='ocrx_word' id='word_1_431' title='bbox 442 2924 563 2973; x_wconf 89' lang='lat' dir='ltr'><strong>magis</strong></span> <span class='ocrx_word' id='word_1_432' title='bbox 590 2937 731 2973; x_wconf 90' lang='lat' dir='ltr'><strong>purum</strong></span> <span class='ocrx_word' id='word_1_433' title='bbox 761 2924 896 2962; x_wconf 92' lang='lat' dir='ltr'><strong>dicitur</strong></span> <span class='ocrx_word' id='word_1_434' title='bbox 914 2925 1021 2975; x_wconf 94' lang='lat' dir='ltr'><strong>quod</strong></span> <span class='ocrx_word' id='word_1_435' title='bbox 1050 2933 1104 2963; x_wconf 92' lang='lat' dir='ltr'><strong>est</strong></span> <span class='ocrx_word' id='word_1_436' title='bbox 1123 2926 1243 2975; x_wconf 89' lang='lat' dir='ltr'><strong>magis</strong></span> <span class='ocrx_word' id='word_1_437' title='bbox 1272 2927 1410 2975; x_wconf 88' lang='lat' dir='ltr'><strong>nobile,</strong></span> 
     </span>
     <span class='ocr_line' id='line_1_68' title="bbox 346 2977 1414 3027; baseline 0.004 -13"><span class='ocrx_word' id='word_1_438' title='bbox 346 2977 463 3026; x_wconf 89' lang='lat' dir='ltr'><strong>magis</strong></span> <span class='ocrx_word' id='word_1_439' title='bbox 491 2978 719 3026; x_wconf 86' lang='lat' dir='ltr'><strong>virtuosum,</strong></span> <span class='ocrx_word' id='word_1_440' title='bbox 747 2978 868 3027; x_wconf 86' lang='lat' dir='ltr'><strong>magis</strong></span> <span class='ocrx_word' id='word_1_441' title='bbox 896 2979 1068 3016; x_wconf 90' lang='lat' dir='ltr'><strong>formale.</strong></span> <span class='ocrx_word' id='word_1_442' title='bbox 1094 2979 1205 3017; x_wconf 90' lang='lat' dir='ltr'><strong>Unde</strong></span> <span class='ocrx_word' id='word_1_443' title='bbox 1236 2987 1271 3017; x_wconf 92' lang='lat' dir='ltr'><strong>et</strong></span> <span class='ocrx_word' id='word_1_444' title='bbox 1298 2981 1414 3018; x_wconf 90' lang='lat' dir='ltr'><strong>habet</strong></span> 
     </span>
     <span class='ocr_line' id='line_1_69' title="bbox 346 3031 1413 3071; baseline 0.003 -3"><span class='ocrx_word' id='word_1_445' title='bbox 346 3031 575 3069; x_wconf 88' lang='lat' dir='ltr'><strong>differentias</strong></span> <span class='ocrx_word' id='word_1_446' title='bbox 612 3031 650 3069; x_wconf 91' lang='lat' dir='ltr'><strong>in</strong></span> <span class='ocrx_word' id='word_1_447' title='bbox 686 3031 823 3069; x_wconf 86' lang='lat' dir='ltr'><strong>virtute</strong></span> <span class='ocrx_word' id='word_1_448' title='bbox 853 3039 890 3069; x_wconf 93' lang='lat' dir='ltr'><strong>et</strong></span> <span class='ocrx_word' id='word_1_449' title='bbox 927 3032 1143 3070; x_wconf 89' lang='lat' dir='ltr'><strong>nobilitate:</strong></span> <span class='ocrx_word' id='word_1_450' title='bbox 1175 3040 1210 3070; x_wconf 91' lang='lat' dir='ltr'><strong>et</strong></span> <span class='ocrx_word' id='word_1_451' title='bbox 1246 3034 1413 3071; x_wconf 87' lang='lat' dir='ltr'><strong>maxime</strong></span> 
     </span>
     <span class='ocr_line' id='line_1_70' title="bbox 346 3084 1413 3136; baseline 0.002 -14"><span class='ocrx_word' id='word_1_452' title='bbox 346 3084 415 3122; x_wconf 92' lang='lat' dir='ltr'><strong>ista</strong></span> <span class='ocrx_word' id='word_1_453' title='bbox 439 3084 649 3122; x_wconf 87' lang='lat' dir='ltr'><strong>differentia</strong></span> <span class='ocrx_word' id='word_1_454' title='bbox 678 3085 878 3123; x_wconf 84' lang='lat' dir='ltr'><strong>manifesta</strong></span> <span class='ocrx_word' id='word_1_455' title='bbox 907 3093 962 3122; x_wconf 89' lang='lat' dir='ltr'><strong>est</strong></span> <span class='ocrx_word' id='word_1_456' title='bbox 991 3092 1005 3106; x_wconf 76' lang='lat'>¹</span> <span class='ocrx_word' id='word_1_457' title='bbox 1039 3098 1084 3123; x_wconf 85' lang='lat' dir='ltr'><strong>ex</strong></span> <span class='ocrx_word' id='word_1_458' title='bbox 1112 3086 1174 3123; x_wconf 91' lang='lat' dir='ltr'><strong>illa</strong></span> <span class='ocrx_word' id='word_1_459' title='bbox 1201 3095 1307 3136; x_wconf 87' lang='lat' dir='ltr'><strong>parte</strong></span> <span class='ocrx_word' id='word_1_460' title='bbox 1336 3099 1413 3136; x_wconf 91' lang='lat' dir='ltr'><strong>qua</strong></span> 
     </span>
     <span class='ocr_line' id='line_1_71' title="bbox 346 3137 1414 3190; baseline 0.003 -15"><span class='ocrx_word' id='word_1_461' title='bbox 346 3137 481 3175; x_wconf 89' lang='lat' dir='ltr'><strong>desinit</strong></span> <span class='ocrx_word' id='word_1_462' title='bbox 509 3138 558 3176; x_wconf 91' lang='lat' dir='ltr'><strong>ad</strong></span> <span class='ocrx_word' id='word_1_463' title='bbox 586 3150 715 3175; x_wconf 89' lang='lat' dir='ltr'><strong>aerem</strong></span> <span class='ocrx_word' id='word_1_464' title='bbox 745 3146 781 3176; x_wconf 93' lang='lat' dir='ltr'><strong>et</strong></span> <span class='ocrx_word' id='word_1_465' title='bbox 808 3139 858 3176; x_wconf 91' lang='lat' dir='ltr'><strong>ad</strong></span> <span class='ocrx_word' id='word_1_466' title='bbox 883 3139 1073 3177; x_wconf 90' lang='lat' dir='ltr'><strong>mundum</strong></span> <span class='ocrx_word' id='word_1_467' title='bbox 1101 3139 1319 3178; x_wconf 87' lang='lat' dir='ltr'><strong>inferiorern</strong></span> <span class='ocrx_word' id='word_1_468' title='bbox 1349 3140 1414 3190; x_wconf 92' lang='lat' dir='ltr'><strong>qui</strong></span> 
     </span>
     <span class='ocr_line' id='line_1_72' title="bbox 347 3191 1412 3242; baseline 0.003 -14"><span class='ocrx_word' id='word_1_469' title='bbox 347 3199 402 3228; x_wconf 91' lang='lat' dir='ltr'><strong>est</strong></span> <span class='ocrx_word' id='word_1_470' title='bbox 430 3191 527 3229; x_wconf 89' lang='lat' dir='ltr'><strong>circa</strong></span> <span class='ocrx_word' id='word_1_471' title='bbox 554 3199 712 3238; x_wconf 90' lang='lat' dir='ltr'><strong>terram;</strong></span> <span class='ocrx_word' id='word_1_472' title='bbox 739 3192 778 3230; x_wconf 90' lang='lat' dir='ltr'><strong>in</strong></span> <span class='ocrx_word' id='word_1_473' title='bbox 807 3192 895 3229; x_wconf 92' lang='lat' dir='ltr'><strong>luna</strong></span> <span class='ocrx_word' id='word_1_474' title='bbox 925 3192 1025 3230; x_wconf 87' lang='lat' dir='ltr'><strong>enirn</strong></span> <span class='ocrx_word' id='word_1_475' title='bbox 1054 3201 1211 3242; x_wconf 91' lang='lat' dir='ltr'><strong>apparet</strong></span> <span class='ocrx_word' id='word_1_476' title='bbox 1244 3194 1412 3231; x_wconf 90' lang='lat' dir='ltr'><strong>defectus</strong></span> 
     </span>
    </p>
   </div>
   <div class='ocr_carea' id='block_1_14' title="bbox 345 3331 1413 3682">
    <p class='ocr_par' dir='ltr' id='par_1_18' title="bbox 345 3331 1412 3437">
     <span class='ocr_line' id='line_1_73' title="bbox 399 3331 1411 3367; baseline 0.004 -11"><span class='ocrx_word' id='word_1_477' title='bbox 399 3331 424 3366; x_wconf 85' lang='grc' dir='ltr'><strong>Θ)</strong></span> <span class='ocrx_word' id='word_1_478' title='bbox 444 3332 603 3364; x_wconf 81' lang='lat' dir='ltr'><strong>relinquitur</strong></span> <span class='ocrx_word' id='word_1_479' title='bbox 625 3340 698 3366; x_wconf 79' lang='lat' dir='ltr'><strong>ergo.</strong></span> <span class='ocrx_word' id='word_1_480' title='bbox 717 3347 735 3352; x_wconf 99' lang='lat'>-</span> <span class='ocrx_word' id='word_1_481' title='bbox 754 3334 949 3367; x_wconf 77' lang='lat' dir='ltr'><strong>relinqueretur</strong></span> <span class='ocrx_word' id='word_1_482' title='bbox 973 3335 1027 3359; x_wconf 87' lang='lat' dir='ltr'><strong>AB.</strong></span> <span class='ocrx_word' id='word_1_483' title='bbox 1045 3348 1063 3354; x_wconf 89' lang='lat'>—</span> <span class='ocrx_word' id='word_1_484' title='bbox 1082 3334 1134 3359; x_wconf 86' lang='lat' dir='ltr'><strong>Pro</strong></span> <span class='ocrx_word' id='word_1_485' title='bbox 1160 3334 1215 3360; x_wconf 81' lang='lat' dir='ltr'><strong>Sed</strong></span> <span class='ocrx_word' id='word_1_486' title='bbox 1233 3335 1275 3360; x_wconf 83' lang='lat' dir='ltr'><strong>hic</strong></span> <span class='ocrx_word' id='word_1_487' title='bbox 1292 3341 1355 3366; x_wconf 81' lang='lat' dir='ltr'><strong>aer,</strong></span> <span class='ocrx_word' id='word_1_488' title='bbox 1376 3335 1411 3360; x_wconf 83' lang='lat' dir='ltr'><strong>Et</strong></span> 
     </span>
     <span class='ocr_line' id='line_1_74' title="bbox 347 3367 1412 3404; baseline 0.005 -13"><span class='ocrx_word' id='word_1_489' title='bbox 347 3367 371 3392; x_wconf 83' lang='lat' dir='ltr'><strong>si</strong></span> <span class='ocrx_word' id='word_1_490' title='bbox 389 3367 431 3392; x_wconf 88' lang='lat' dir='ltr'><strong>hic</strong></span> <span class='ocrx_word' id='word_1_491' title='bbox 449 3375 496 3392; x_wconf 82' lang='lat' dir='ltr'><strong>aer</strong></span> <span class='ocrx_word' id='word_1_492' title='bbox 514 3368 544 3396; x_wconf 86' lang='lat' dir='ltr'><strong>B,</strong></span> <span class='ocrx_word' id='word_1_493' title='bbox 563 3369 610 3393; x_wconf 82' lang='lat' dir='ltr'><strong>sed</strong></span> <span class='ocrx_word' id='word_1_494' title='bbox 628 3368 651 3393; x_wconf 87' lang='lat' dir='ltr'><strong>si</strong></span> <span class='ocrx_word' id='word_1_495' title='bbox 670 3369 805 3401; x_wconf 86' lang='lat' dir='ltr'><strong>corrigitur</strong></span> <span class='ocrx_word' id='word_1_496' title='bbox 823 3370 849 3394; x_wconf 92' lang='lat' dir='ltr'><strong>in</strong></span> <span class='ocrx_word' id='word_1_497' title='bbox 868 3370 914 3395; x_wconf 84' lang='lat' dir='ltr'><strong>sic.</strong></span> <span class='ocrx_word' id='word_1_498' title='bbox 940 3370 1065 3395; x_wconf 75' lang='lat' dir='ltr'><strong>Putamus</strong></span> <span class='ocrx_word' id='word_1_499' title='bbox 1084 3370 1134 3395; x_wconf 88' lang='lat' dir='ltr'><strong>hoc</strong></span> <span class='ocrx_word' id='word_1_500' title='bbox 1153 3370 1233 3395; x_wconf 90' lang='lat' dir='ltr'><strong>modo</strong></span> <span class='ocrx_word' id='word_1_501' title='bbox 1256 3371 1412 3404; x_wconf 81' lang='lat' dir='ltr'><strong>legendum:</strong></span> 
     </span>
     <span class='ocr_line' id='line_1_75' title="bbox 345 3403 1071 3437; baseline 0.004 -10"><span class='ocrx_word' id='word_1_502' title='bbox 345 3403 454 3435; x_wconf 82' lang='lat' dir='ltr'><strong>plenum</strong></span> <span class='ocrx_word' id='word_1_503' title='bbox 473 3410 551 3435; x_wconf 80' lang='lat' dir='ltr'><strong>aqua,</strong></span> <span class='ocrx_word' id='word_1_504' title='bbox 571 3403 595 3428; x_wconf 82' lang='lat' dir='ltr'><strong>si</strong></span> <span class='ocrx_word' id='word_1_505' title='bbox 612 3403 654 3429; x_wconf 86' lang='lat' dir='ltr'><strong>hic</strong></span> <span class='ocrx_word' id='word_1_506' title='bbox 672 3411 720 3429; x_wconf 87' lang='lat' dir='ltr'><strong>aer</strong></span> <span class='ocrx_word' id='word_1_507' title='bbox 738 3408 777 3430; x_wconf 83' lang='lat' dir='ltr'><strong>est</strong></span> <span class='ocrx_word' id='word_1_508' title='bbox 796 3412 880 3437; x_wconf 77' lang='lat' dir='ltr'><strong>vapor</strong></span> <span class='ocrx_word' id='word_1_509' title='bbox 887 3413 895 3435; x_wconf 89' lang='lat'><em>;</em></span> <span class='ocrx_word' id='word_1_510' title='bbox 915 3405 946 3430; x_wconf 80' lang='lat' dir='ltr'><strong>cf.</strong></span> <span class='ocrx_word' id='word_1_511' title='bbox 965 3410 1071 3430; x_wconf 88' lang='lat' dir='ltr'><strong>textum.</strong></span> 
     </span>
    </p>

    <p class='ocr_par' dir='ltr' id='par_1_19' title="bbox 349 3437 1413 3545">
     <span class='ocr_line' id='line_1_76' title="bbox 403 3437 1413 3475; baseline 0.005 -13"><span class='ocrx_word' id='word_1_512' title='bbox 403 3437 422 3471; x_wconf 86' lang='grc' dir='ltr'><strong>ι)</strong></span> <span class='ocrx_word' id='word_1_513' title='bbox 442 3441 468 3463; x_wconf 89' lang='lat' dir='ltr'><strong>et</strong></span> <span class='ocrx_word' id='word_1_514' title='bbox 486 3439 566 3470; x_wconf 81' lang='lat' dir='ltr'><strong>quod.</strong></span> <span class='ocrx_word' id='word_1_515' title='bbox 578 3452 597 3457; x_wconf 96' lang='lat'>-</span> <span class='ocrx_word' id='word_1_516' title='bbox 615 3439 662 3464; x_wconf 82' lang='lat' dir='ltr'><strong>sed</strong></span> <span class='ocrx_word' id='word_1_517' title='bbox 680 3442 767 3464; x_wconf 85' lang='lat' dir='ltr'><strong>tamen</strong></span> <span class='ocrx_word' id='word_1_518' title='bbox 782 3440 813 3470; x_wconf 89' lang='grc' dir='ltr'><strong>Α,</strong></span> <span class='ocrx_word' id='word_1_519' title='bbox 826 3441 873 3465; x_wconf 83' lang='lat' dir='ltr'><strong>sed</strong></span> <span class='ocrx_word' id='word_1_520' title='bbox 888 3441 916 3466; x_wconf 85' lang='grc' dir='ltr'><strong>Β.</strong></span> <span class='ocrx_word' id='word_1_521' title='bbox 930 3455 949 3460; x_wconf 93' lang='grc'>-</span> <span class='ocrx_word' id='word_1_522' title='bbox 962 3442 1030 3466; x_wconf 86' lang='lat' dir='ltr'><strong>Ante</strong></span> <span class='ocrx_word' id='word_1_523' title='bbox 1045 3441 1132 3466; x_wconf 87' lang='lat' dir='ltr'><strong>minus</strong></span> <span class='ocrx_word' id='word_1_524' title='bbox 1145 3441 1190 3466; x_wconf 82' lang='lat' dir='ltr'><strong>AB</strong></span> <span class='ocrx_word' id='word_1_525' title='bbox 1204 3449 1259 3467; x_wconf 91' lang='lat' dir='ltr'><strong>om.</strong></span> <span class='ocrx_word' id='word_1_526' title='bbox 1270 3441 1382 3475; x_wconf 82' lang='lat' dir='ltr'><strong>aliquid.</strong></span> <span class='ocrx_word' id='word_1_527' title='bbox 1393 3455 1413 3461; x_wconf 95' lang='lat'>-</span> 
     </span>
     <span class='ocr_line' id='line_1_77' title="bbox 349 3473 1411 3511; baseline 0.006 -14"><span class='ocrx_word' id='word_1_528' title='bbox 349 3473 428 3498; x_wconf 83' lang='lat' dir='ltr'><strong>Iidem</strong></span> <span class='ocrx_word' id='word_1_529' title='bbox 447 3480 494 3505; x_wconf 88' lang='lat' dir='ltr'><strong>pro</strong></span> <span class='ocrx_word' id='word_1_530' title='bbox 513 3474 584 3506; x_wconf 83' lang='lat' dir='ltr'><strong>quod</strong></span> <span class='ocrx_word' id='word_1_531' title='bbox 603 3474 638 3499; x_wconf 82' lang='lat' dir='ltr'><strong>ibi</strong></span> <span class='ocrx_word' id='word_1_532' title='bbox 655 3474 691 3499; x_wconf 89' lang='lat' dir='ltr'><strong>sit</strong></span> <span class='ocrx_word' id='word_1_533' title='bbox 708 3475 799 3507; x_wconf 80' lang='lat' dir='ltr'><strong>aliqua</strong></span> <span class='ocrx_word' id='word_1_534' title='bbox 817 3476 974 3508; x_wconf 76' lang='lat' dir='ltr'><strong>compositio</strong></span> <span class='ocrx_word' id='word_1_535' title='bbox 993 3477 1034 3502; x_wconf 83' lang='lat' dir='ltr'><strong>vel</strong></span> <span class='ocrx_word' id='word_1_536' title='bbox 1054 3477 1160 3507; x_wconf 80' lang='lat' dir='ltr'><strong>mixtio,</strong></span> <span class='ocrx_word' id='word_1_537' title='bbox 1182 3477 1254 3510; x_wconf 81' lang='lat' dir='ltr'><strong>quod</strong></span> <span class='ocrx_word' id='word_1_538' title='bbox 1266 3477 1302 3511; x_wconf 79' lang='lat' dir='ltr'><strong>fit</strong></span> <span class='ocrx_word' id='word_1_539' title='bbox 1319 3477 1411 3510; x_wconf 81' lang='lat' dir='ltr'><strong>aliqua</strong></span> 
     </span>
     <span class='ocr_line' id='line_1_78' title="bbox 349 3508 909 3545; baseline 0.007 -13"><span class='ocrx_word' id='word_1_540' title='bbox 349 3508 486 3540; x_wconf 78' lang='lat' dir='ltr'><strong>corruptio</strong></span> <span class='ocrx_word' id='word_1_541' title='bbox 505 3510 545 3533; x_wconf 86' lang='lat' dir='ltr'><strong>vel</strong></span> <span class='ocrx_word' id='word_1_542' title='bbox 563 3509 720 3534; x_wconf 79' lang='lat' dir='ltr'><strong>commixtio</strong></span> <span class='ocrx_word' id='word_1_543' title='bbox 740 3509 848 3543; x_wconf 82' lang='lat' dir='ltr'><strong>(mixtio</strong></span> <span class='ocrx_word' id='word_1_544' title='bbox 867 3510 909 3545; x_wconf 82' lang='lat' dir='ltr'><strong>B).</strong></span> 
     </span>
    </p>

    <p class='ocr_par' dir='ltr' id='par_1_20' title="bbox 349 3542 1413 3612">
     <span class='ocr_line' id='line_1_79' title="bbox 403 3542 1413 3581; baseline 0.007 -14"><span class='ocrx_word' id='word_1_545' title='bbox 403 3542 429 3577; x_wconf 80' lang='grc' dir='ltr'><strong>κ)</strong></span> <span class='ocrx_word' id='word_1_546' title='bbox 449 3543 591 3577; x_wconf 76' lang='lat' dir='ltr'><strong>manifesta</strong></span> <span class='ocrx_word' id='word_1_547' title='bbox 609 3547 656 3569; x_wconf 76' lang='lat' dir='ltr'><strong>est.</strong></span> <span class='ocrx_word' id='word_1_548' title='bbox 675 3559 694 3563; x_wconf 98' lang='lat'><em>-</em></span> <span class='ocrx_word' id='word_1_549' title='bbox 712 3546 901 3579; x_wconf 73' lang='lat' dir='ltr'><strong>manifestatur</strong></span> <span class='ocrx_word' id='word_1_550' title='bbox 918 3547 972 3572; x_wconf 87' lang='grc' dir='ltr'><strong>ΑΒ.</strong></span> <span class='ocrx_word' id='word_1_551' title='bbox 989 3561 1008 3566; x_wconf 98' lang='grc'>-</span> <span class='ocrx_word' id='word_1_552' title='bbox 1027 3547 1078 3572; x_wconf 85' lang='lat' dir='ltr'><strong>Pro</strong></span> <span class='ocrx_word' id='word_1_553' title='bbox 1096 3555 1149 3580; x_wconf 82' lang='lat' dir='ltr'><strong>qua</strong></span> <span class='ocrx_word' id='word_1_554' title='bbox 1169 3547 1273 3578; x_wconf 75' lang='lat' dir='ltr'><strong>desinit,</strong></span> <span class='ocrx_word' id='word_1_555' title='bbox 1287 3555 1355 3581; x_wconf 80' lang='lat' dir='ltr'><strong>quae</strong></span> <span class='ocrx_word' id='word_1_556' title='bbox 1368 3548 1413 3574; x_wconf 79' lang='lat' dir='ltr'><strong>de-</strong></span> 
     </span>
     <span class='ocr_line' id='line_1_80' title="bbox 349 3577 1156 3612; baseline 0.006 -9"><span class='ocrx_word' id='word_1_557' title='bbox 349 3578 422 3604; x_wconf 82' lang='lat' dir='ltr'><strong>sinit.</strong></span> <span class='ocrx_word' id='word_1_558' title='bbox 443 3578 469 3603; x_wconf 88' lang='lat' dir='ltr'><strong>ln</strong></span> <span class='ocrx_word' id='word_1_559' title='bbox 488 3577 532 3604; x_wconf 82' lang='lat' dir='ltr'><strong>fin.</strong></span> <span class='ocrx_word' id='word_1_560' title='bbox 547 3587 618 3604; x_wconf 88' lang='lat' dir='ltr'><strong>num.</strong></span> <span class='ocrx_word' id='word_1_561' title='bbox 638 3587 685 3612; x_wconf 87' lang='lat' dir='ltr'><strong>pro</strong></span> <span class='ocrx_word' id='word_1_562' title='bbox 705 3581 898 3611; x_wconf 77' lang='lat' dir='ltr'><strong>umbrositates,</strong></span> <span class='ocrx_word' id='word_1_563' title='bbox 918 3582 1091 3608; x_wconf 81' lang='lat' dir='ltr'><strong>robustitates</strong></span> <span class='ocrx_word' id='word_1_564' title='bbox 1110 3583 1156 3608; x_wconf 81' lang='lat' dir='ltr'><strong>Pa.</strong></span> 
     </span>
    </p>

    <p class='ocr_par' dir='ltr' id='par_1_21' title="bbox 349 3612 1413 3682">
     <span class='ocr_line' id='line_1_81' title="bbox 402 3612 1413 3651; baseline 0.007 -13"><span class='ocrx_word' id='word_1_565' title='bbox 402 3612 431 3648; x_wconf 87' lang='grc' dir='ltr'><strong>λ)</strong></span> <span class='ocrx_word' id='word_1_566' title='bbox 451 3614 488 3639; x_wconf 84' lang='lat' dir='ltr'><strong>ad</strong></span> <span class='ocrx_word' id='word_1_567' title='bbox 501 3614 698 3640; x_wconf 84' lang='lat' dir='ltr'><strong>caliditatem...</strong></span> <span class='ocrx_word' id='word_1_568' title='bbox 713 3616 860 3647; x_wconf 74' lang='lat' dir='ltr'><strong>passiones.</strong></span> <span class='ocrx_word' id='word_1_569' title='bbox 873 3630 892 3636; x_wconf 96' lang='lat'>-</span> <span class='ocrx_word' id='word_1_570' title='bbox 905 3617 942 3642; x_wconf 83' lang='lat' dir='ltr'><strong>ad</strong></span> <span class='ocrx_word' id='word_1_571' title='bbox 959 3618 1090 3648; x_wconf 80' lang='lat' dir='ltr'><strong>calidum,</strong></span> <span class='ocrx_word' id='word_1_572' title='bbox 1102 3618 1255 3651; x_wconf 76' lang='lat' dir='ltr'><strong>frigidum,</strong></span> <span class='ocrx_word' id='word_1_573' title='bbox 1275 3619 1413 3645; x_wconf 80' lang='lat' dir='ltr'><strong>humidum</strong></span> 
     </span>
     <span class='ocr_line' id='line_1_82' title="bbox 349 3649 856 3682; baseline 0.004 -8"><span class='ocrx_word' id='word_1_574' title='bbox 349 3653 376 3675; x_wconf 89' lang='lat' dir='ltr'><strong>et</strong></span> <span class='ocrx_word' id='word_1_575' title='bbox 393 3649 491 3675; x_wconf 76' lang='lat' dir='ltr'><strong>siccum</strong></span> <span class='ocrx_word' id='word_1_576' title='bbox 510 3649 547 3675; x_wconf 79' lang='lat' dir='ltr'><strong>ad</strong></span> <span class='ocrx_word' id='word_1_577' title='bbox 564 3650 632 3675; x_wconf 85' lang='lat' dir='ltr'><strong>alias</strong></span> <span class='ocrx_word' id='word_1_578' title='bbox 647 3650 785 3682; x_wconf 81' lang='lat' dir='ltr'><strong>passiones</strong></span> <span class='ocrx_word' id='word_1_579' title='bbox 804 3651 856 3676; x_wconf 84' lang='lat' dir='ltr'><strong>AB.</strong></span> 
     </span>
    </p>
   </div>
   <div class='ocr_carea' id='block_1_15' title="bbox 1057 281 1814 323">
    <p class='ocr_par' dir='ltr' id='par_1_22' title="bbox 1057 281 1814 323">
     <span class='ocr_line' id='line_1_83' title="bbox 1057 281 1814 323; baseline -0.008 0"><span class='ocrx_word' id='word_1_580' title='bbox 1057 281 1646 323; x_wconf 88' lang='lat' dir='ltr'><strong>METEOROLOGICORUM</strong></span> <span class='ocrx_word' id='word_1_581' title='bbox 1675 281 1769 317; x_wconf 88' lang='lat' dir='ltr'><strong>LlB.</strong></span> <span class='ocrx_word' id='word_1_582' title='bbox 1800 282 1814 317; x_wconf 92' lang='grc' dir='ltr'>Ι</span> 
     </span>
    </p>
   </div>
   <div class='ocr_carea' id='block_1_16' title="bbox 1458 357 2532 941">
    <p class='ocr_par' dir='ltr' id='par_1_23' title="bbox 1458 357 2529 464">
     <span class='ocr_line' id='line_1_84' title="bbox 1458 357 2529 407; baseline -0.002 -11"><span class='ocrx_word' id='word_1_583' title='bbox 1458 359 1633 406; x_wconf 88' lang='lat' dir='ltr'><strong>luminis,</strong></span> <span class='ocrx_word' id='word_1_584' title='bbox 1665 366 1700 395; x_wconf 90' lang='lat' dir='ltr'><strong>et</strong></span> <span class='ocrx_word' id='word_1_585' title='bbox 1735 358 1891 407; x_wconf 92' lang='lat' dir='ltr'><strong>quando</strong></span> <span class='ocrx_word' id='word_1_586' title='bbox 1930 366 1985 394; x_wconf 90' lang='lat' dir='ltr'><strong>est</strong></span> <span class='ocrx_word' id='word_1_587' title='bbox 2021 358 2155 406; x_wconf 88' lang='lat' dir='ltr'><strong>plena,</strong></span> <span class='ocrx_word' id='word_1_588' title='bbox 2186 364 2371 406; x_wconf 86' lang='lat' dir='ltr'><strong>apparent</strong></span> <span class='ocrx_word' id='word_1_589' title='bbox 2407 357 2446 394; x_wconf 92' lang='lat' dir='ltr'><strong>in</strong></span> <span class='ocrx_word' id='word_1_590' title='bbox 2484 370 2529 395; x_wconf 92' lang='lat' dir='ltr'><strong>ea</strong></span> 
     </span>
     <span class='ocr_line' id='line_1_85' title="bbox 1460 411 2224 464; baseline -0.003 -15"><span class='ocrx_word' id='word_1_591' title='bbox 1460 411 1651 461; x_wconf 90' lang='lat' dir='ltr'><strong>quaedam</strong></span> <span class='ocrx_word' id='word_1_592' title='bbox 1678 412 1959 448; x_wconf 89' lang='lat' dir='ltr'><strong>umbrositates.</strong></span> <span class='ocrx_word' id='word_1_593' title='bbox 2214 454 2224 464; x_wconf 84' lang='lat'><strong>.</strong></span> 
     </span>
    </p>

    <p class='ocr_par' dir='ltr' id='par_1_24' title="bbox 1460 463 2532 941">
     <span class='ocr_line' id='line_1_86' title="bbox 1518 463 2528 512; baseline -0.002 -9"><span class='ocrx_word' id='word_1_594' title='bbox 1518 466 1550 503; x_wconf 88' lang='lat'><strong>5.</strong></span> <span class='ocrx_word' id='word_1_595' title='bbox 1568 465 1748 503; x_wconf 89' lang='lat' dir='ltr'><strong>Secundo</strong></span> <span class='ocrx_word' id='word_1_596' title='bbox 1764 465 1835 502; x_wconf 83' lang='lat' dir='ltr'><strong>ibi:</strong></span> <span class='ocrx_word' id='word_1_597' title='bbox 1853 466 1949 502; x_wconf 88' lang='lat' dir='ltr'><strong>Lato</strong></span> <span class='ocrx_word' id='word_1_598' title='bbox 1964 470 2090 501; x_wconf 88' lang='lat' dir='ltr'><strong>autem</strong></span> <span class='ocrx_word' id='word_1_599' title='bbox 2099 463 2228 512; x_wconf 86' lang='lat' dir='ltr'><strong>primo</strong></span> <span class='ocrx_word' id='word_1_600' title='bbox 2244 464 2423 501; x_wconf 88' lang='lat' dir='ltr'><strong>elemento</strong></span> <span class='ocrx_word' id='word_1_601' title='bbox 2445 471 2528 512; x_wconf 91' lang='lat' dir='ltr'><strong>etc.,</strong></span> 
     </span>
     <span class='ocr_line' id='line_1_87' title="bbox 1460 517 2530 566; baseline -0.002 -10"><span class='ocrx_word' id='word_1_602' title='bbox 1460 518 1626 556; x_wconf 91' lang='lat' dir='ltr'><strong>ostendit</strong></span> <span class='ocrx_word' id='word_1_603' title='bbox 1663 519 1842 555; x_wconf 87' lang='lat' dir='ltr'><strong>effectum</strong></span> <span class='ocrx_word' id='word_1_604' title='bbox 1871 530 1989 566; x_wconf 90' lang='lat' dir='ltr'><strong>quem</strong></span> <span class='ocrx_word' id='word_1_605' title='bbox 2026 518 2142 554; x_wconf 91' lang='lat' dir='ltr'><strong>habet</strong></span> <span class='ocrx_word' id='word_1_606' title='bbox 2180 529 2318 566; x_wconf 90' lang='lat' dir='ltr'><strong>corpus</strong></span> <span class='ocrx_word' id='word_1_607' title='bbox 2355 517 2530 566; x_wconf 90' lang='lat' dir='ltr'><strong>superius</strong></span> 
     </span>
     <span class='ocr_line' id='line_1_88' title="bbox 1460 570 2530 621; baseline -0.002 -12"><span class='ocrx_word' id='word_1_608' title='bbox 1460 573 1499 609; x_wconf 89' lang='lat' dir='ltr'><strong>in</strong></span> <span class='ocrx_word' id='word_1_609' title='bbox 1518 572 1706 609; x_wconf 89' lang='lat' dir='ltr'><strong>inferiora.</strong></span> <span class='ocrx_word' id='word_1_610' title='bbox 1728 573 1778 608; x_wconf 91' lang='lat' dir='ltr'><strong>Et</strong></span> <span class='ocrx_word' id='word_1_611' title='bbox 1797 571 1885 609; x_wconf 91' lang='lat' dir='ltr'><strong>dicit</strong></span> <span class='ocrx_word' id='word_1_612' title='bbox 1903 571 1923 593; x_wconf 76' lang='lat'><strong>’¹‘</strong></span> <span class='ocrx_word' id='word_1_613' title='bbox 1942 571 2047 621; x_wconf 92' lang='lat' dir='ltr'><strong>quod</strong></span> <span class='ocrx_word' id='word_1_614' title='bbox 2061 572 2189 619; x_wconf 81' lang='lat' dir='ltr'><strong>primo</strong></span> <span class='ocrx_word' id='word_1_615' title='bbox 2218 571 2411 617; x_wconf 84' lang='lat' dir='ltr'><strong>elemento,</strong></span> <span class='ocrx_word' id='word_1_616' title='bbox 2433 570 2530 607; x_wconf 91' lang='lat' dir='ltr'><strong>idest</strong></span> 
     </span>
     <span class='ocr_line' id='line_1_89' title="bbox 1462 623 2529 673; baseline -0.002 -11"><span class='ocrx_word' id='word_1_617' title='bbox 1462 626 1580 673; x_wconf 87' lang='lat' dir='ltr'><strong>caelo,</strong></span> <span class='ocrx_word' id='word_1_618' title='bbox 1602 625 1831 662; x_wconf 87' lang='lat' dir='ltr'><strong>circulariter</strong></span> <span class='ocrx_word' id='word_1_619' title='bbox 1849 633 1970 672; x_wconf 90' lang='lat' dir='ltr'><strong>moto,</strong></span> <span class='ocrx_word' id='word_1_620' title='bbox 1991 632 2028 661; x_wconf 90' lang='lat' dir='ltr'><strong>et</strong></span> <span class='ocrx_word' id='word_1_621' title='bbox 2051 623 2164 661; x_wconf 87' lang='lat' dir='ltr'><strong>motis</strong></span> <span class='ocrx_word' id='word_1_622' title='bbox 2185 623 2410 673; x_wconf 90' lang='lat' dir='ltr'><strong>corporibus</strong></span> <span class='ocrx_word' id='word_1_623' title='bbox 2430 636 2529 673; x_wconf 91' lang='lat' dir='ltr'><strong>quae</strong></span> 
     </span>
     <span class='ocr_line' id='line_1_90' title="bbox 1461 677 2529 728; baseline -0.003 -12"><span class='ocrx_word' id='word_1_624' title='bbox 1461 687 1548 716; x_wconf 87' lang='lat' dir='ltr'><strong>sunt</strong></span> <span class='ocrx_word' id='word_1_625' title='bbox 1567 679 1605 716; x_wconf 92' lang='lat' dir='ltr'><strong>in</strong></span> <span class='ocrx_word' id='word_1_626' title='bbox 1625 679 1721 728; x_wconf 90' lang='lat' dir='ltr'><strong>ipso,</strong></span> <span class='ocrx_word' id='word_1_627' title='bbox 1738 678 1834 716; x_wconf 85' lang='lat' dir='ltr'><strong>idest</strong></span> <span class='ocrx_word' id='word_1_628' title='bbox 1848 678 1868 700; x_wconf 76' lang='lat'><strong>&#39;¹‘</strong></span> <span class='ocrx_word' id='word_1_629' title='bbox 1882 679 1962 715; x_wconf 94' lang='lat' dir='ltr'><strong>sole</strong></span> <span class='ocrx_word' id='word_1_630' title='bbox 1984 686 2019 714; x_wconf 88' lang='lat' dir='ltr'><strong>et</strong></span> <span class='ocrx_word' id='word_1_631' title='bbox 2039 677 2165 725; x_wconf 88' lang='lat' dir='ltr'><strong>stellis,</strong></span> <span class='ocrx_word' id='word_1_632' title='bbox 2186 677 2248 714; x_wconf 93' lang='lat' dir='ltr'><strong>illa</strong></span> <span class='ocrx_word' id='word_1_633' title='bbox 2266 689 2355 726; x_wconf 91' lang='lat' dir='ltr'><strong>pars</strong></span> <span class='ocrx_word' id='word_1_634' title='bbox 2379 677 2529 714; x_wconf 88' lang='lat' dir='ltr'><strong>inferio-</strong></span> 
     </span>
     <span class='ocr_line' id='line_1_91' title="bbox 1461 730 2529 781; baseline -0.003 -11"><span class='ocrx_word' id='word_1_635' title='bbox 1461 733 1510 770; x_wconf 93' lang='lat' dir='ltr'><strong>ris</strong></span> <span class='ocrx_word' id='word_1_636' title='bbox 1539 732 1674 770; x_wconf 89' lang='lat' dir='ltr'><strong>mundi</strong></span> <span class='ocrx_word' id='word_1_637' title='bbox 1703 744 1802 781; x_wconf 92' lang='lat' dir='ltr'><strong>quae</strong></span> <span class='ocrx_word' id='word_1_638' title='bbox 1831 740 1887 769; x_wconf 91' lang='lat' dir='ltr'><strong>est</strong></span> <span class='ocrx_word' id='word_1_639' title='bbox 1911 731 1944 768; x_wconf 89' lang='lat' dir='ltr'><strong>ei</strong></span> <span class='ocrx_word' id='word_1_640' title='bbox 1967 731 2231 781; x_wconf 91' lang='lat' dir='ltr'><strong>propinquior,</strong></span> <span class='ocrx_word' id='word_1_641' title='bbox 2252 730 2362 780; x_wconf 90' lang='lat' dir='ltr'><strong>quasi</strong></span> <span class='ocrx_word' id='word_1_642' title='bbox 2390 730 2529 779; x_wconf 89' lang='lat' dir='ltr'><strong>disgre-</strong></span> 
     </span>
     <span class='ocr_line' id='line_1_92' title="bbox 1461 784 2530 834; baseline -0.003 -11"><span class='ocrx_word' id='word_1_643' title='bbox 1461 794 1545 834; x_wconf 89' lang='lat' dir='ltr'><strong>gata</strong></span> <span class='ocrx_word' id='word_1_644' title='bbox 1574 798 1642 823; x_wconf 91' lang='lat' dir='ltr'><strong>seu</strong></span> <span class='ocrx_word' id='word_1_645' title='bbox 1676 786 1858 822; x_wconf 88' lang='lat' dir='ltr'><strong>rarefacta</strong></span> <span class='ocrx_word' id='word_1_646' title='bbox 1884 797 1955 834; x_wconf 91' lang='lat' dir='ltr'><strong>per</strong></span> <span class='ocrx_word' id='word_1_647' title='bbox 1982 792 2133 822; x_wconf 90' lang='lat' dir='ltr'><strong>motum</strong></span> <span class='ocrx_word' id='word_1_648' title='bbox 2163 784 2368 834; x_wconf 90' lang='lat' dir='ltr'><strong>superioris</strong></span> <span class='ocrx_word' id='word_1_649' title='bbox 2396 796 2530 833; x_wconf 90' lang='lat' dir='ltr'><strong>corpo-</strong></span> 
     </span>
     <span class='ocr_line' id='line_1_93' title="bbox 1462 837 2532 887; baseline -0.002 -11"><span class='ocrx_word' id='word_1_650' title='bbox 1462 840 1523 887; x_wconf 91' lang='lat' dir='ltr'><strong>ris,</strong></span> <span class='ocrx_word' id='word_1_651' title='bbox 1558 839 1796 876; x_wconf 87' lang='lat' dir='ltr'><strong>accenditur:</strong></span> <span class='ocrx_word' id='word_1_652' title='bbox 1827 846 1862 875; x_wconf 92' lang='lat' dir='ltr'><strong>et</strong></span> <span class='ocrx_word' id='word_1_653' title='bbox 1894 838 1947 875; x_wconf 90' lang='lat' dir='ltr'><strong>sic</strong></span> <span class='ocrx_word' id='word_1_654' title='bbox 1975 839 2018 875; x_wconf 90' lang='lat' dir='ltr'><strong>fit</strong></span> <span class='ocrx_word' id='word_1_655' title='bbox 2046 838 2224 875; x_wconf 90' lang='lat' dir='ltr'><strong>caliditas.</strong></span> <span class='ocrx_word' id='word_1_656' title='bbox 2256 838 2305 875; x_wconf 89' lang='lat' dir='ltr'><strong>Et</strong></span> <span class='ocrx_word' id='word_1_657' title='bbox 2341 837 2532 886; x_wconf 89' lang='lat' dir='ltr'><strong>subiungit</strong></span> 
     </span>
     <span class='ocr_line' id='line_1_94' title="bbox 1462 891 2530 941; baseline -0.002 -11"><span class='ocrx_word' id='word_1_658' title='bbox 1462 893 1662 938; x_wconf 88' lang='lat' dir='ltr'><strong>rationem,</strong></span> <span class='ocrx_word' id='word_1_659' title='bbox 1684 892 1815 929; x_wconf 91' lang='lat' dir='ltr'><strong>dicens</strong></span> <span class='ocrx_word' id='word_1_660' title='bbox 1843 893 1950 940; x_wconf 90' lang='lat' dir='ltr'><strong>quod</strong></span> <span class='ocrx_word' id='word_1_661' title='bbox 1968 892 2044 928; x_wconf 92' lang='lat' dir='ltr'><strong>hoc</strong></span> <span class='ocrx_word' id='word_1_662' title='bbox 2072 899 2224 941; x_wconf 89' lang='lat' dir='ltr'><strong>oportet</strong></span> <span class='ocrx_word' id='word_1_663' title='bbox 2250 891 2456 939; x_wconf 88' lang='lat' dir='ltr'><strong>intelligere</strong></span> <span class='ocrx_word' id='word_1_664' title='bbox 2477 891 2530 928; x_wconf 88' lang='lat' dir='ltr'><strong>in-</strong></span> 
     </span>
    </p>
   </div>
   <div class='ocr_carea' id='block_1_17' title="bbox 1463 945 2568 995">
    <p class='ocr_par' dir='ltr' id='par_1_25' title="bbox 1463 945 2568 995">
     <span class='ocr_line' id='line_1_95' title="bbox 1463 945 2568 995; baseline 0 -13"><span class='ocrx_word' id='word_1_665' title='bbox 1463 945 1650 995; x_wconf 92' lang='lat' dir='ltr'><strong>cipiendo.</strong></span> <span class='ocrx_word' id='word_1_666' title='bbox 1677 946 1778 982; x_wconf 91' lang='lat' dir='ltr'><strong>Tota</strong></span> <span class='ocrx_word' id='word_1_667' title='bbox 1800 946 1901 982; x_wconf 86' lang='lat' dir='ltr'><strong>enim</strong></span> <span class='ocrx_word' id='word_1_668' title='bbox 1926 953 2060 982; x_wconf 90' lang='lat' dir='ltr'><strong>natura</strong></span> <span class='ocrx_word' id='word_1_669' title='bbox 2078 945 2098 967; x_wconf 86' lang='lat'><strong>*</strong></span> <span class='ocrx_word' id='word_1_670' title='bbox 2118 945 2325 994; x_wconf 92' lang='lat' dir='ltr'><strong>corporalis</strong></span> <span class='ocrx_word' id='word_1_671' title='bbox 2351 956 2450 994; x_wconf 91' lang='lat' dir='ltr'><strong>quae</strong></span> <span class='ocrx_word' id='word_1_672' title='bbox 2477 953 2532 982; x_wconf 90' lang='lat' dir='ltr'><strong>est</strong></span> <span class='ocrx_word' id='word_1_673' title='bbox 2558 955 2568 967; x_wconf 83' lang='lat'><strong>·</strong></span> 
     </span>
    </p>
   </div>
   <div class='ocr_carea' id='block_1_18' title="bbox 1462 998 2542 2922">
    <p class='ocr_par' dir='ltr' id='par_1_26' title="bbox 1462 998 2538 1958">
     <span class='ocr_line' id='line_1_96' title="bbox 1462 998 2532 1047; baseline -0.001 -11"><span class='ocrx_word' id='word_1_674' title='bbox 1462 1000 1533 1036; x_wconf 92' lang='lat' dir='ltr'><strong>sub</strong></span> <span class='ocrx_word' id='word_1_675' title='bbox 1563 1010 1724 1047; x_wconf 92' lang='lat' dir='ltr'><strong>corpore</strong></span> <span class='ocrx_word' id='word_1_676' title='bbox 1745 998 1974 1035; x_wconf 89' lang='lat' dir='ltr'><strong>circulariter</strong></span> <span class='ocrx_word' id='word_1_677' title='bbox 2001 1006 2121 1047; x_wconf 90' lang='lat' dir='ltr'><strong>moto,</strong></span> <span class='ocrx_word' id='word_1_678' title='bbox 2143 1006 2198 1036; x_wconf 91' lang='lat' dir='ltr'><strong>est</strong></span> <span class='ocrx_word' id='word_1_679' title='bbox 2217 998 2314 1036; x_wconf 90' lang='lat' dir='ltr'><strong>sicut</strong></span> <span class='ocrx_word' id='word_1_680' title='bbox 2340 998 2532 1047; x_wconf 89' lang='lat' dir='ltr'><strong>quaedam</strong></span> 
     </span>
     <span class='ocr_line' id='line_1_97' title="bbox 1462 1051 2531 1100; baseline -0.002 -10"><span class='ocrx_word' id='word_1_681' title='bbox 1462 1052 1622 1090; x_wconf 87' lang='lat' dir='ltr'><strong>materia</strong></span> <span class='ocrx_word' id='word_1_682' title='bbox 1642 1051 1803 1088; x_wconf 88' lang='lat' dir='ltr'><strong>existens</strong></span> <span class='ocrx_word' id='word_1_683' title='bbox 1822 1051 1860 1088; x_wconf 90' lang='lat' dir='ltr'><strong>in</strong></span> <span class='ocrx_word' id='word_1_684' title='bbox 1890 1051 2059 1100; x_wconf 91' lang='lat' dir='ltr'><strong>potentia</strong></span> <span class='ocrx_word' id='word_1_685' title='bbox 2087 1052 2137 1089; x_wconf 90' lang='lat' dir='ltr'><strong>ad</strong></span> <span class='ocrx_word' id='word_1_686' title='bbox 2166 1051 2410 1099; x_wconf 88' lang='lat' dir='ltr'><strong>caliditatem,</strong></span> <span class='ocrx_word' id='word_1_687' title='bbox 2432 1051 2531 1100; x_wconf 88' lang='lat' dir='ltr'><strong>frigi-</strong></span> 
     </span>
     <span class='ocr_line' id='line_1_98' title="bbox 1464 1105 2532 1153; baseline 0 -11"><span class='ocrx_word' id='word_1_688' title='bbox 1464 1106 1620 1143; x_wconf 90' lang='lat' dir='ltr'><strong>ditatem</strong></span> <span class='ocrx_word' id='word_1_689' title='bbox 1637 1134 1646 1152; x_wconf 95' lang='lat'><strong>,</strong></span> <span class='ocrx_word' id='word_1_690' title='bbox 1676 1105 1883 1142; x_wconf 88' lang='lat' dir='ltr'><strong>siccitatem</strong></span> <span class='ocrx_word' id='word_1_691' title='bbox 1913 1112 1949 1141; x_wconf 90' lang='lat' dir='ltr'><strong>et</strong></span> <span class='ocrx_word' id='word_1_692' title='bbox 1976 1105 2268 1153; x_wconf 86' lang='lat' dir='ltr'><strong>humiditatem,</strong></span> <span class='ocrx_word' id='word_1_693' title='bbox 2299 1113 2335 1142; x_wconf 89' lang='lat' dir='ltr'><strong>et</strong></span> <span class='ocrx_word' id='word_1_694' title='bbox 2363 1105 2412 1142; x_wconf 90' lang='lat' dir='ltr'><strong>ad</strong></span> <span class='ocrx_word' id='word_1_695' title='bbox 2440 1105 2532 1142; x_wconf 89' lang='lat' dir='ltr'><strong>alias</strong></span> 
     </span>
     <span class='ocr_line' id='line_1_99' title="bbox 1462 1157 2531 1208; baseline -0.001 -12"><span class='ocrx_word' id='word_1_696' title='bbox 1462 1159 1660 1208; x_wconf 88' lang='lat' dir='ltr'><strong>passiones</strong></span> <span class='ocrx_word' id='word_1_697' title='bbox 1681 1157 1694 1179; x_wconf 64' lang='grc' dir='ltr'><strong>λ</strong></span> <span class='ocrx_word' id='word_1_698' title='bbox 1713 1166 1750 1195; x_wconf 92' lang='lat' dir='ltr'><strong>et</strong></span> <span class='ocrx_word' id='word_1_699' title='bbox 1768 1158 1912 1195; x_wconf 87' lang='lat' dir='ltr'><strong>formas</strong></span> <span class='ocrx_word' id='word_1_700' title='bbox 1931 1170 2029 1207; x_wconf 90' lang='lat' dir='ltr'><strong>quae</strong></span> <span class='ocrx_word' id='word_1_701' title='bbox 2050 1165 2336 1207; x_wconf 89' lang='lat' dir='ltr'><strong>consequuntur</strong></span> <span class='ocrx_word' id='word_1_702' title='bbox 2354 1158 2405 1196; x_wconf 91' lang='lat' dir='ltr'><strong>ad</strong></span> <span class='ocrx_word' id='word_1_703' title='bbox 2418 1159 2531 1195; x_wconf 91' lang='lat' dir='ltr'><strong>haec:</strong></span> 
     </span>
     <span class='ocr_line' id='line_1_100' title="bbox 1465 1211 2532 1261; baseline -0.002 -11"><span class='ocrx_word' id='word_1_704' title='bbox 1465 1221 1501 1250; x_wconf 92' lang='lat' dir='ltr'><strong>et</strong></span> <span class='ocrx_word' id='word_1_705' title='bbox 1515 1213 1606 1261; x_wconf 91' lang='lat' dir='ltr'><strong>quia</strong></span> <span class='ocrx_word' id='word_1_706' title='bbox 1620 1212 1779 1250; x_wconf 90' lang='lat' dir='ltr'><strong>materia</strong></span> <span class='ocrx_word' id='word_1_707' title='bbox 1795 1212 1986 1249; x_wconf 90' lang='lat' dir='ltr'><strong>reducitur</strong></span> <span class='ocrx_word' id='word_1_708' title='bbox 2004 1212 2043 1249; x_wconf 91' lang='lat' dir='ltr'><strong>in</strong></span> <span class='ocrx_word' id='word_1_709' title='bbox 2058 1219 2185 1249; x_wconf 86' lang='lat' dir='ltr'><strong>actum</strong></span> <span class='ocrx_word' id='word_1_710' title='bbox 2200 1225 2223 1249; x_wconf 92' lang='lat' dir='ltr'><strong>a</strong></span> <span class='ocrx_word' id='word_1_711' title='bbox 2237 1211 2364 1261; x_wconf 89' lang='lat' dir='ltr'><strong>primo</strong></span> <span class='ocrx_word' id='word_1_712' title='bbox 2384 1219 2532 1261; x_wconf 91' lang='lat' dir='ltr'><strong>agente,</strong></span> 
     </span>
     <span class='ocr_line' id='line_1_101' title="bbox 1465 1266 2534 1316; baseline -0.001 -12"><span class='ocrx_word' id='word_1_713' title='bbox 1465 1274 1599 1304; x_wconf 88' lang='lat' dir='ltr'><strong>natura</strong></span> <span class='ocrx_word' id='word_1_714' title='bbox 1628 1266 1743 1304; x_wconf 89' lang='lat' dir='ltr'><strong>etiarn</strong></span> <span class='ocrx_word' id='word_1_715' title='bbox 1770 1266 1790 1288; x_wconf 79' lang='lat'><strong>’¹‘</strong></span> <span class='ocrx_word' id='word_1_716' title='bbox 1819 1267 2027 1316; x_wconf 89' lang='lat' dir='ltr'><strong>corporalis</strong></span> <span class='ocrx_word' id='word_1_717' title='bbox 2060 1266 2104 1303; x_wconf 92' lang='lat' dir='ltr'><strong>fit</strong></span> <span class='ocrx_word' id='word_1_718' title='bbox 2131 1266 2214 1303; x_wconf 90' lang='lat' dir='ltr'><strong>talis</strong></span> <span class='ocrx_word' id='word_1_719' title='bbox 2247 1273 2334 1303; x_wconf 89' lang='lat' dir='ltr'><strong>actu</strong></span> <span class='ocrx_word' id='word_1_720' title='bbox 2361 1278 2432 1316; x_wconf 89' lang='lat' dir='ltr'><strong>per</strong></span> <span class='ocrx_word' id='word_1_721' title='bbox 2457 1266 2534 1303; x_wconf 89' lang='lat' dir='ltr'><strong>hoc</strong></span> 
     </span>
     <span class='ocr_line' id='line_1_102' title="bbox 1465 1319 2534 1369; baseline -0.001 -12"><span class='ocrx_word' id='word_1_722' title='bbox 1465 1321 1570 1369; x_wconf 93' lang='lat' dir='ltr'><strong>quod</strong></span> <span class='ocrx_word' id='word_1_723' title='bbox 1598 1320 1796 1369; x_wconf 90' lang='lat' dir='ltr'><strong>participat</strong></span> <span class='ocrx_word' id='word_1_724' title='bbox 1821 1320 1868 1357; x_wconf 91' lang='lat' dir='ltr'><strong>de</strong></span> <span class='ocrx_word' id='word_1_725' title='bbox 1897 1327 2007 1357; x_wconf 88' lang='lat' dir='ltr'><strong>motu</strong></span> <span class='ocrx_word' id='word_1_726' title='bbox 2034 1321 2095 1357; x_wconf 92' lang='lat' dir='ltr'><strong>vel</strong></span> <span class='ocrx_word' id='word_1_727' title='bbox 2119 1332 2199 1357; x_wconf 91' lang='lat' dir='ltr'><strong>non</strong></span> <span class='ocrx_word' id='word_1_728' title='bbox 2226 1319 2436 1369; x_wconf 84' lang='lat' dir='ltr'><strong>participat,</strong></span> <span class='ocrx_word' id='word_1_729' title='bbox 2465 1319 2534 1357; x_wconf 89' lang='lat' dir='ltr'><strong>sed</strong></span> 
     </span>
     <span class='ocr_line' id='line_1_103' title="bbox 1465 1373 2535 1423; baseline -0.001 -12"><span class='ocrx_word' id='word_1_730' title='bbox 1465 1374 1672 1411; x_wconf 88' lang='lat' dir='ltr'><strong>immobilis</strong></span> <span class='ocrx_word' id='word_1_731' title='bbox 1700 1381 1900 1423; x_wconf 88' lang='lat' dir='ltr'><strong>permanet</strong></span> <span class='ocrx_word' id='word_1_732' title='bbox 1926 1373 1958 1421; x_wconf 66' lang='lat'><strong>²⁸,</strong></span> <span class='ocrx_word' id='word_1_733' title='bbox 1986 1386 2011 1419; x_wconf 53' lang='lat' dir='ltr'><strong>‚a</strong></span> <span class='ocrx_word' id='word_1_734' title='bbox 2040 1386 2202 1423; x_wconf 90' lang='lat' dir='ltr'><strong>corpore</strong></span> <span class='ocrx_word' id='word_1_735' title='bbox 2231 1373 2399 1421; x_wconf 89' lang='lat' dir='ltr'><strong>caelesti,</strong></span> <span class='ocrx_word' id='word_1_736' title='bbox 2429 1373 2535 1423; x_wconf 91' lang='lat' dir='ltr'><strong>quod</strong></span> 
     </span>
     <span class='ocr_line' id='line_1_104' title="bbox 1465 1427 2534 1477; baseline 0 -13"><span class='ocrx_word' id='word_1_737' title='bbox 1465 1440 1581 1477; x_wconf 90' lang='lat' dir='ltr'><strong>supra</strong></span> <span class='ocrx_word' id='word_1_738' title='bbox 1598 1427 1618 1450; x_wconf 77' lang='lat'><strong>&#39;¹‘</strong></span> <span class='ocrx_word' id='word_1_739' title='bbox 1638 1427 1802 1465; x_wconf 89' lang='lat' dir='ltr'><strong>diximus</strong></span> <span class='ocrx_word' id='word_1_740' title='bbox 1823 1439 1905 1464; x_wconf 88' lang='lat' dir='ltr'><strong>esse</strong></span> <span class='ocrx_word' id='word_1_741' title='bbox 1925 1439 2082 1464; x_wconf 90' lang='lat' dir='ltr'><strong>causam</strong></span> <span class='ocrx_word' id='word_1_742' title='bbox 2112 1435 2148 1464; x_wconf 92' lang='lat' dir='ltr'><strong>et</strong></span> <span class='ocrx_word' id='word_1_743' title='bbox 2174 1427 2404 1476; x_wconf 86' lang='lat' dir='ltr'><strong>principium</strong></span> <span class='ocrx_word' id='word_1_744' title='bbox 2430 1427 2534 1464; x_wconf 91' lang='lat' dir='ltr'><strong>unde</strong></span> 
     </span>
     <span class='ocr_line' id='line_1_105' title="bbox 1466 1481 2536 1518; baseline 0 0"><span class='ocrx_word' id='word_1_745' title='bbox 1466 1489 1522 1518; x_wconf 90' lang='lat' dir='ltr'><strong>est</strong></span> <span class='ocrx_word' id='word_1_746' title='bbox 1550 1489 1678 1518; x_wconf 89' lang='lat' dir='ltr'><strong>motus</strong></span> <span class='ocrx_word' id='word_1_747' title='bbox 1713 1481 1751 1518; x_wconf 91' lang='lat' dir='ltr'><strong>in</strong></span> <span class='ocrx_word' id='word_1_748' title='bbox 1779 1481 1858 1518; x_wconf 90' lang='lat' dir='ltr'><strong>istis</strong></span> <span class='ocrx_word' id='word_1_749' title='bbox 1895 1481 2148 1518; x_wconf 87' lang='lat' dir='ltr'><strong>inferioribus.</strong></span> <span class='ocrx_word' id='word_1_750' title='bbox 2179 1482 2271 1518; x_wconf 93' lang='lat' dir='ltr'><strong>Non</strong></span> <span class='ocrx_word' id='word_1_751' title='bbox 2315 1488 2371 1518; x_wconf 93' lang='lat' dir='ltr'><strong>est</strong></span> <span class='ocrx_word' id='word_1_752' title='bbox 2407 1488 2536 1518; x_wconf 86' lang='lat' dir='ltr'><strong>autern</strong></span> 
     </span>
     <span class='ocr_line' id='line_1_106' title="bbox 1465 1533 2536 1584; baseline 0 -13"><span class='ocrx_word' id='word_1_753' title='bbox 1465 1534 1751 1583; x_wconf 88' lang='lat' dir='ltr'><strong>intelligendum</strong></span> <span class='ocrx_word' id='word_1_754' title='bbox 1789 1534 1895 1582; x_wconf 93' lang='lat' dir='ltr'><strong>quod</strong></span> <span class='ocrx_word' id='word_1_755' title='bbox 1934 1547 2095 1584; x_wconf 89' lang='lat' dir='ltr'><strong>corpora</strong></span> <span class='ocrx_word' id='word_1_756' title='bbox 2137 1534 2316 1572; x_wconf 88' lang='lat' dir='ltr'><strong>inferiora</strong></span> <span class='ocrx_word' id='word_1_757' title='bbox 2353 1533 2536 1584; x_wconf 84' lang='lat' dir='ltr'><strong>recipiant</strong></span> 
     </span>
     <span class='ocr_line' id='line_1_107' title="bbox 1465 1587 2534 1638; baseline 0 -13"><span class='ocrx_word' id='word_1_758' title='bbox 1465 1588 1686 1626; x_wconf 87' lang='lat' dir='ltr'><strong>huiusmodi</strong></span> <span class='ocrx_word' id='word_1_759' title='bbox 1704 1588 1903 1637; x_wconf 89' lang='lat' dir='ltr'><strong>passiones</strong></span> <span class='ocrx_word' id='word_1_760' title='bbox 1918 1600 1941 1625; x_wconf 90' lang='lat' dir='ltr'><strong>a</strong></span> <span class='ocrx_word' id='word_1_761' title='bbox 1955 1587 1975 1610; x_wconf 76' lang='lat'><strong>’¹‘</strong></span> <span class='ocrx_word' id='word_1_762' title='bbox 1994 1588 2252 1638; x_wconf 90' lang='lat' dir='ltr'><strong>superioribus</strong></span> <span class='ocrx_word' id='word_1_763' title='bbox 2271 1595 2454 1638; x_wconf 88' lang='lat' dir='ltr'><strong>tanquam</strong></span> <span class='ocrx_word' id='word_1_764' title='bbox 2474 1599 2534 1625; x_wconf 92' lang='lat' dir='ltr'><strong>ac-</strong></span> 
     </span>
     <span class='ocr_line' id='line_1_108' title="bbox 1467 1642 2536 1692; baseline 0.001 -14"><span class='ocrx_word' id='word_1_765' title='bbox 1467 1642 1707 1688; x_wconf 89' lang='lat' dir='ltr'><strong>cidentaliter,</strong></span> <span class='ocrx_word' id='word_1_766' title='bbox 1725 1649 1762 1678; x_wconf 92' lang='lat' dir='ltr'><strong>et</strong></span> <span class='ocrx_word' id='word_1_767' title='bbox 1775 1654 1855 1678; x_wconf 94' lang='lat' dir='ltr'><strong>non</strong></span> <span class='ocrx_word' id='word_1_768' title='bbox 1874 1642 2088 1680; x_wconf 90' lang='lat' dir='ltr'><strong>secundum</strong></span> <span class='ocrx_word' id='word_1_769' title='bbox 2112 1649 2299 1690; x_wconf 89' lang='lat' dir='ltr'><strong>naturam,</strong></span> <span class='ocrx_word' id='word_1_770' title='bbox 2320 1642 2417 1679; x_wconf 90' lang='lat' dir='ltr'><strong>sicut</strong></span> <span class='ocrx_word' id='word_1_771' title='bbox 2435 1654 2536 1692; x_wconf 92' lang='lat' dir='ltr'><strong>aqua</strong></span> 
     </span>
     <span class='ocr_line' id='line_1_109' title="bbox 1466 1695 2537 1745; baseline 0.001 -13"><span class='ocrx_word' id='word_1_772' title='bbox 1466 1708 1555 1732; x_wconf 91' lang='lat' dir='ltr'><strong>cum</strong></span> <span class='ocrx_word' id='word_1_773' title='bbox 1576 1695 1699 1732; x_wconf 90' lang='lat' dir='ltr'><strong>calefit</strong></span> <span class='ocrx_word' id='word_1_774' title='bbox 1713 1701 1732 1722; x_wconf 61' lang='grc' dir='ltr'><em>μ</em></span> <span class='ocrx_word' id='word_1_775' title='bbox 1751 1695 1799 1732; x_wconf 90' lang='lat' dir='ltr'><strong>ab</strong></span> <span class='ocrx_word' id='word_1_776' title='bbox 1821 1695 1929 1743; x_wconf 90' lang='lat' dir='ltr'><strong>igne:</strong></span> <span class='ocrx_word' id='word_1_777' title='bbox 1954 1695 2024 1733; x_wconf 91' lang='lat' dir='ltr'><strong>sed</strong></span> <span class='ocrx_word' id='word_1_778' title='bbox 2042 1695 2165 1745; x_wconf 89' lang='lat' dir='ltr'><strong>ipsam</strong></span> <span class='ocrx_word' id='word_1_779' title='bbox 2185 1702 2361 1733; x_wconf 87' lang='lat' dir='ltr'><strong>naturam</strong></span> <span class='ocrx_word' id='word_1_780' title='bbox 2379 1696 2443 1733; x_wconf 89' lang='lat' dir='ltr'><strong>vel</strong></span> <span class='ocrx_word' id='word_1_781' title='bbox 2462 1695 2537 1734; x_wconf 87' lang='lat' dir='ltr'><strong>for-</strong></span> 
     </span>
     <span class='ocr_line' id='line_1_110' title="bbox 1466 1747 2537 1797; baseline 0.001 -12"><span class='ocrx_word' id='word_1_782' title='bbox 1466 1761 1584 1796; x_wconf 88' lang='lat' dir='ltr'><strong>mam,</strong></span> <span class='ocrx_word' id='word_1_783' title='bbox 1605 1747 1817 1785; x_wconf 89' lang='lat' dir='ltr'><strong>secundum</strong></span> <span class='ocrx_word' id='word_1_784' title='bbox 1837 1761 1955 1797; x_wconf 87' lang='lat' dir='ltr'><strong>quarn</strong></span> <span class='ocrx_word' id='word_1_785' title='bbox 1974 1749 2192 1786; x_wconf 88' lang='lat' dir='ltr'><strong>naturaliter</strong></span> <span class='ocrx_word' id='word_1_786' title='bbox 2219 1757 2307 1787; x_wconf 88' lang='lat' dir='ltr'><strong>sunt</strong></span> <span class='ocrx_word' id='word_1_787' title='bbox 2334 1748 2456 1787; x_wconf 87' lang='lat' dir='ltr'><strong>calida</strong></span> <span class='ocrx_word' id='word_1_788' title='bbox 2473 1749 2537 1787; x_wconf 86' lang='lat' dir='ltr'><strong>vel</strong></span> 
     </span>
     <span class='ocr_line' id='line_1_111' title="bbox 1466 1801 2538 1852; baseline 0.001 -13"><span class='ocrx_word' id='word_1_789' title='bbox 1466 1802 1609 1851; x_wconf 86' lang='lat' dir='ltr'><strong>frigida,</strong></span> <span class='ocrx_word' id='word_1_790' title='bbox 1640 1814 1662 1838; x_wconf 90' lang='lat' dir='ltr'><strong>a</strong></span> <span class='ocrx_word' id='word_1_791' title='bbox 1690 1801 1875 1851; x_wconf 92' lang='lat' dir='ltr'><strong>superiori</strong></span> <span class='ocrx_word' id='word_1_792' title='bbox 1905 1814 2067 1851; x_wconf 90' lang='lat' dir='ltr'><strong>corpore</strong></span> <span class='ocrx_word' id='word_1_793' title='bbox 2091 1802 2277 1852; x_wconf 90' lang='lat' dir='ltr'><strong>recipiunt</strong></span> <span class='ocrx_word' id='word_1_794' title='bbox 2296 1803 2417 1840; x_wconf 89' lang='lat' dir='ltr'><strong>multo</strong></span> <span class='ocrx_word' id='word_1_795' title='bbox 2435 1802 2538 1852; x_wconf 88' lang='lat' dir='ltr'><strong>prin-</strong></span> 
     </span>
     <span class='ocr_line' id='line_1_112' title="bbox 1466 1855 2538 1905; baseline 0.002 -13"><span class='ocrx_word' id='word_1_796' title='bbox 1466 1855 1621 1905; x_wconf 89' lang='lat' dir='ltr'><strong>cipalius</strong></span> <span class='ocrx_word' id='word_1_797' title='bbox 1650 1867 1766 1904; x_wconf 90' lang='lat' dir='ltr'><strong>quarn</strong></span> <span class='ocrx_word' id='word_1_798' title='bbox 1794 1868 1816 1892; x_wconf 91' lang='lat' dir='ltr'><strong>a</strong></span> <span class='ocrx_word' id='word_1_799' title='bbox 1845 1863 2066 1904; x_wconf 89' lang='lat' dir='ltr'><strong>generante;</strong></span> <span class='ocrx_word' id='word_1_800' title='bbox 2087 1867 2178 1893; x_wconf 90' lang='lat' dir='ltr'><strong>nam</strong></span> <span class='ocrx_word' id='word_1_801' title='bbox 2196 1855 2367 1905; x_wconf 88' lang='lat' dir='ltr'><strong>primum</strong></span> <span class='ocrx_word' id='word_1_802' title='bbox 2382 1868 2538 1905; x_wconf 84' lang='lat' dir='ltr'><strong>genera·</strong></span> 
     </span>
     <span class='ocr_line' id='line_1_113' title="bbox 1465 1908 2289 1958; baseline 0 -12"><span class='ocrx_word' id='word_1_803' title='bbox 1465 1909 1576 1946; x_wconf 92' lang='lat' dir='ltr'><strong>tionis</strong></span> <span class='ocrx_word' id='word_1_804' title='bbox 1604 1908 1832 1958; x_wconf 88' lang='lat' dir='ltr'><strong>principium</strong></span> <span class='ocrx_word' id='word_1_805' title='bbox 1863 1915 1918 1946; x_wconf 91' lang='lat' dir='ltr'><strong>est</strong></span> <span class='ocrx_word' id='word_1_806' title='bbox 1946 1921 2086 1958; x_wconf 91' lang='lat' dir='ltr'><strong>corpus</strong></span> <span class='ocrx_word' id='word_1_807' title='bbox 2116 1910 2289 1947; x_wconf 90' lang='lat' dir='ltr'><strong>caeleste.</strong></span> 
     </span>
    </p>

    <p class='ocr_par' dir='ltr' id='par_1_27' title="bbox 1466 1962 2542 2815">
     <span class='ocr_line' id='line_1_114' title="bbox 1521 1962 2538 2014; baseline 0.001 -15"><span class='ocrx_word' id='word_1_808' title='bbox 1521 1964 1556 2000; x_wconf 88' lang='lat'><strong>6.</strong></span> <span class='ocrx_word' id='word_1_809' title='bbox 1574 1962 1705 2000; x_wconf 86' lang='lat' dir='ltr'><strong>Tertio</strong></span> <span class='ocrx_word' id='word_1_810' title='bbox 1722 1962 1789 1999; x_wconf 89' lang='lat' dir='ltr'><strong>ibi:</strong></span> <span class='ocrx_word' id='word_1_811' title='bbox 1810 1963 1856 1999; x_wconf 92' lang='lat' dir='ltr'><strong>In</strong></span> <span class='ocrx_word' id='word_1_812' title='bbox 1872 1963 1994 2000; x_wconf 90' lang='lat' dir='ltr'><strong>medio</strong></span> <span class='ocrx_word' id='word_1_813' title='bbox 2015 1963 2164 2012; x_wconf 87' lang='lat' dir='ltr'><strong>quidem</strong></span> <span class='ocrx_word' id='word_1_814' title='bbox 2185 1963 2303 2014; x_wconf 83' lang='lat' dir='ltr'><strong>igitur</strong></span> <span class='ocrx_word' id='word_1_815' title='bbox 2317 1970 2538 2012; x_wconf 90' lang='lat' dir='ltr'><strong>etc.‚osten·</strong></span> 
     </span>
     <span class='ocr_line' id='line_1_115' title="bbox 1467 2015 2538 2066; baseline 0 -12"><span class='ocrx_word' id='word_1_816' title='bbox 1467 2016 1521 2054; x_wconf 89' lang='lat' dir='ltr'><strong>dit</strong></span> <span class='ocrx_word' id='word_1_817' title='bbox 1548 2016 1724 2054; x_wconf 91' lang='lat' dir='ltr'><strong>ordinem</strong></span> <span class='ocrx_word' id='word_1_818' title='bbox 1745 2016 2038 2053; x_wconf 89' lang='lat' dir='ltr'><strong>elementorum.</strong></span> <span class='ocrx_word' id='word_1_819' title='bbox 2061 2016 2101 2054; x_wconf 89' lang='lat' dir='ltr'><strong>Si</strong></span> <span class='ocrx_word' id='word_1_820' title='bbox 2122 2016 2225 2054; x_wconf 90' lang='lat' dir='ltr'><strong>enim</strong></span> <span class='ocrx_word' id='word_1_821' title='bbox 2249 2029 2319 2066; x_wconf 91' lang='lat' dir='ltr'><strong>per</strong></span> <span class='ocrx_word' id='word_1_822' title='bbox 2337 2015 2538 2066; x_wconf 83' lang='lat' dir='ltr'><strong>participa-</strong></span> 
     </span>
     <span class='ocr_line' id='line_1_116' title="bbox 1466 2069 2540 2120; baseline 0 -12"><span class='ocrx_word' id='word_1_823' title='bbox 1466 2070 1611 2108; x_wconf 89' lang='lat' dir='ltr'><strong>tionem</strong></span> <span class='ocrx_word' id='word_1_824' title='bbox 1639 2077 1768 2107; x_wconf 89' lang='lat' dir='ltr'><strong>motus</strong></span> <span class='ocrx_word' id='word_1_825' title='bbox 1786 2069 1830 2107; x_wconf 91' lang='lat' dir='ltr'><strong>fit</strong></span> <span class='ocrx_word' id='word_1_826' title='bbox 1857 2070 1961 2107; x_wconf 91' lang='lat' dir='ltr'><strong>calor</strong></span> <span class='ocrx_word' id='word_1_827' title='bbox 1979 2069 2018 2107; x_wconf 91' lang='lat' dir='ltr'><strong>in</strong></span> <span class='ocrx_word' id='word_1_828' title='bbox 2037 2069 2116 2107; x_wconf 90' lang='lat' dir='ltr'><strong>istis</strong></span> <span class='ocrx_word' id='word_1_829' title='bbox 2144 2069 2396 2119; x_wconf 88' lang='lat' dir='ltr'><strong>inferioribus,</strong></span> <span class='ocrx_word' id='word_1_830' title='bbox 2417 2077 2454 2108; x_wconf 92' lang='lat' dir='ltr'><strong>et</strong></span> <span class='ocrx_word' id='word_1_831' title='bbox 2469 2081 2540 2120; x_wconf 89' lang='lat' dir='ltr'><strong>per</strong></span> 
     </span>
     <span class='ocr_line' id='line_1_117' title="bbox 1468 2123 2540 2172; baseline 0 -11"><span class='ocrx_word' id='word_1_832' title='bbox 1468 2123 1749 2172; x_wconf 88' lang='lat' dir='ltr'><strong>elongationem</strong></span> <span class='ocrx_word' id='word_1_833' title='bbox 1779 2135 1802 2160; x_wconf 90' lang='lat' dir='ltr'><strong>a</strong></span> <span class='ocrx_word' id='word_1_834' title='bbox 1829 2131 1939 2161; x_wconf 89' lang='lat' dir='ltr'><strong>motu</strong></span> <span class='ocrx_word' id='word_1_835' title='bbox 1968 2123 2119 2161; x_wconf 90' lang='lat' dir='ltr'><strong>caelesti</strong></span> <span class='ocrx_word' id='word_1_836' title='bbox 2148 2136 2168 2161; x_wconf 93' lang='lat' dir='ltr'><strong>e</strong></span> <span class='ocrx_word' id='word_1_837' title='bbox 2198 2135 2388 2161; x_wconf 88' lang='lat' dir='ltr'><strong>converso</strong></span> <span class='ocrx_word' id='word_1_838' title='bbox 2416 2123 2461 2160; x_wconf 91' lang='lat' dir='ltr'><strong>fit</strong></span> <span class='ocrx_word' id='word_1_839' title='bbox 2478 2123 2540 2161; x_wconf 79' lang='lat' dir='ltr'><strong>fri-</strong></span> 
     </span>
     <span class='ocr_line' id='line_1_118' title="bbox 1468 2176 2539 2227; baseline 0.001 -13"><span class='ocrx_word' id='word_1_840' title='bbox 1468 2190 1558 2226; x_wconf 88' lang='lat' dir='ltr'><strong>gus,</strong></span> <span class='ocrx_word' id='word_1_841' title='bbox 1588 2189 1743 2214; x_wconf 90' lang='lat' dir='ltr'><strong>necesse</strong></span> <span class='ocrx_word' id='word_1_842' title='bbox 1783 2183 1838 2214; x_wconf 91' lang='lat' dir='ltr'><strong>est</strong></span> <span class='ocrx_word' id='word_1_843' title='bbox 1866 2177 1973 2225; x_wconf 90' lang='lat' dir='ltr'><strong>quod</strong></span> <span class='ocrx_word' id='word_1_844' title='bbox 2006 2177 2099 2215; x_wconf 90' lang='lat' dir='ltr'><strong>illud</strong></span> <span class='ocrx_word' id='word_1_845' title='bbox 2127 2178 2233 2227; x_wconf 90' lang='lat' dir='ltr'><strong>quod</strong></span> <span class='ocrx_word' id='word_1_846' title='bbox 2266 2185 2321 2215; x_wconf 91' lang='lat' dir='ltr'><strong>est</strong></span> <span class='ocrx_word' id='word_1_847' title='bbox 2349 2176 2539 2226; x_wconf 86' lang='lat' dir='ltr'><strong>frigidissi-</strong></span> 
     </span>
     <span class='ocr_line' id='line_1_119' title="bbox 1468 2230 2541 2281; baseline 0 -13"><span class='ocrx_word' id='word_1_848' title='bbox 1468 2243 1577 2268; x_wconf 91' lang='lat' dir='ltr'><strong>mum</strong></span> <span class='ocrx_word' id='word_1_849' title='bbox 1593 2236 1605 2251; x_wconf 74' lang='lat'><strong>⁹</strong></span> <span class='ocrx_word' id='word_1_850' title='bbox 1621 2238 1657 2268; x_wconf 92' lang='lat' dir='ltr'><strong>et</strong></span> <span class='ocrx_word' id='word_1_851' title='bbox 1671 2230 1949 2279; x_wconf 86' lang='lat' dir='ltr'><strong>gravissimum,</strong></span> <span class='ocrx_word' id='word_1_852' title='bbox 1960 2230 2057 2269; x_wconf 85' lang='lat' dir='ltr'><strong>idest</strong></span> <span class='ocrx_word' id='word_1_853' title='bbox 2072 2242 2171 2281; x_wconf 91' lang='lat' dir='ltr'><strong>aqua</strong></span> <span class='ocrx_word' id='word_1_854' title='bbox 2187 2239 2224 2268; x_wconf 89' lang='lat' dir='ltr'><strong>et</strong></span> <span class='ocrx_word' id='word_1_855' title='bbox 2237 2238 2348 2279; x_wconf 85' lang='lat' dir='ltr'><strong>terra,</strong></span> <span class='ocrx_word' id='word_1_856' title='bbox 2360 2230 2407 2268; x_wconf 92' lang='lat' dir='ltr'><strong>sit</strong></span> <span class='ocrx_word' id='word_1_857' title='bbox 2419 2230 2541 2279; x_wconf 80' lang='lat' dir='ltr'><strong>magis</strong></span> 
     </span>
     <span class='ocr_line' id='line_1_120' title="bbox 1469 2284 2540 2335; baseline 0 -13"><span class='ocrx_word' id='word_1_858' title='bbox 1469 2292 1661 2322; x_wconf 90' lang='lat' dir='ltr'><strong>remotum</strong></span> <span class='ocrx_word' id='word_1_859' title='bbox 1681 2296 1703 2321; x_wconf 90' lang='lat' dir='ltr'><strong>a</strong></span> <span class='ocrx_word' id='word_1_860' title='bbox 1722 2291 1832 2321; x_wconf 91' lang='lat' dir='ltr'><strong>motu</strong></span> <span class='ocrx_word' id='word_1_861' title='bbox 1848 2284 2010 2332; x_wconf 90' lang='lat' dir='ltr'><strong>caelesti,</strong></span> <span class='ocrx_word' id='word_1_862' title='bbox 2028 2285 2192 2323; x_wconf 91' lang='lat' dir='ltr'><strong>existens</strong></span> <span class='ocrx_word' id='word_1_863' title='bbox 2211 2285 2251 2323; x_wconf 91' lang='lat' dir='ltr'><strong>in</strong></span> <span class='ocrx_word' id='word_1_864' title='bbox 2270 2284 2400 2323; x_wconf 90' lang='lat' dir='ltr'><strong>medio</strong></span> <span class='ocrx_word' id='word_1_865' title='bbox 2420 2297 2540 2335; x_wconf 87' lang='lat' dir='ltr'><strong>quan·</strong></span> 
     </span>
     <span class='ocr_line' id='line_1_121' title="bbox 1468 2337 2541 2388; baseline 0.001 -13"><span class='ocrx_word' id='word_1_866' title='bbox 1468 2346 1550 2376; x_wconf 91' lang='lat' dir='ltr'><strong>tum</strong></span> <span class='ocrx_word' id='word_1_867' title='bbox 1579 2338 1629 2375; x_wconf 93' lang='lat' dir='ltr'><strong>ad</strong></span> <span class='ocrx_word' id='word_1_868' title='bbox 1657 2345 1816 2386; x_wconf 90' lang='lat' dir='ltr'><strong>terram,</strong></span> <span class='ocrx_word' id='word_1_869' title='bbox 1847 2345 1882 2375; x_wconf 92' lang='lat' dir='ltr'><strong>et</strong></span> <span class='ocrx_word' id='word_1_870' title='bbox 1920 2337 2019 2376; x_wconf 91' lang='lat' dir='ltr'><strong>circa</strong></span> <span class='ocrx_word' id='word_1_871' title='bbox 2055 2338 2230 2377; x_wconf 89' lang='lat' dir='ltr'><strong>medium</strong></span> <span class='ocrx_word' id='word_1_872' title='bbox 2267 2346 2454 2388; x_wconf 84' lang='lat' dir='ltr'><strong>quantum</strong></span> <span class='ocrx_word' id='word_1_873' title='bbox 2491 2338 2541 2376; x_wconf 88' lang='lat' dir='ltr'><strong>ad</strong></span> 
     </span>
     <span class='ocr_line' id='line_1_122' title="bbox 1469 2391 2539 2442; baseline 0.002 -14"><span class='ocrx_word' id='word_1_874' title='bbox 1469 2403 1621 2442; x_wconf 88' lang='lat' dir='ltr'><strong>aquam.</strong></span> <span class='ocrx_word' id='word_1_875' title='bbox 1633 2413 1657 2419; x_wconf 99' lang='lat'>-</span> <span class='ocrx_word' id='word_1_876' title='bbox 1670 2392 1740 2428; x_wconf 91' lang='lat' dir='ltr'><strong>Vel</strong></span> <span class='ocrx_word' id='word_1_877' title='bbox 1756 2391 1845 2428; x_wconf 92' lang='lat' dir='ltr'><strong>dicit</strong></span> <span class='ocrx_word' id='word_1_878' title='bbox 1859 2391 1962 2429; x_wconf 84' lang='lat' dir='ltr'><strong>circa</strong></span> <span class='ocrx_word' id='word_1_879' title='bbox 1977 2392 2154 2439; x_wconf 85' lang='lat' dir='ltr'><strong>medium,</strong></span> <span class='ocrx_word' id='word_1_880' title='bbox 2171 2404 2218 2430; x_wconf 91' lang='lat' dir='ltr'><strong>eo</strong></span> <span class='ocrx_word' id='word_1_881' title='bbox 2233 2392 2339 2442; x_wconf 91' lang='lat' dir='ltr'><strong>quod</strong></span> <span class='ocrx_word' id='word_1_882' title='bbox 2353 2392 2539 2440; x_wconf 88' lang='lat' dir='ltr'><strong>medium,</strong></span> 
     </span>
     <span class='ocr_line' id='line_1_123' title="bbox 1470 2444 2540 2495; baseline 0 -13"><span class='ocrx_word' id='word_1_883' title='bbox 1470 2458 1559 2483; x_wconf 88' lang='lat' dir='ltr'><strong>curn</strong></span> <span class='ocrx_word' id='word_1_884' title='bbox 1584 2445 1630 2482; x_wconf 93' lang='lat' dir='ltr'><strong>sit</strong></span> <span class='ocrx_word' id='word_1_885' title='bbox 1657 2444 1897 2492; x_wconf 90' lang='lat' dir='ltr'><strong>indivisibile,</strong></span> <span class='ocrx_word' id='word_1_886' title='bbox 1918 2457 1998 2482; x_wconf 93' lang='lat' dir='ltr'><strong>non</strong></span> <span class='ocrx_word' id='word_1_887' title='bbox 2017 2453 2142 2494; x_wconf 91' lang='lat' dir='ltr'><strong>potest</strong></span> <span class='ocrx_word' id='word_1_888' title='bbox 2161 2457 2244 2483; x_wconf 90' lang='lat' dir='ltr'><strong>esse</strong></span> <span class='ocrx_word' id='word_1_889' title='bbox 2272 2446 2380 2482; x_wconf 92' lang='lat' dir='ltr'><strong>locus</strong></span> <span class='ocrx_word' id='word_1_890' title='bbox 2405 2457 2540 2495; x_wconf 91' lang='lat' dir='ltr'><strong>corpo-</strong></span> 
     </span>
     <span class='ocr_line' id='line_1_124' title="bbox 1470 2498 2542 2547; baseline 0 -11"><span class='ocrx_word' id='word_1_891' title='bbox 1470 2499 1540 2536; x_wconf 85' lang='lat' dir='ltr'><strong>ris:</strong></span> <span class='ocrx_word' id='word_1_892' title='bbox 1570 2498 1639 2536; x_wconf 90' lang='lat' dir='ltr'><strong>sed</strong></span> <span class='ocrx_word' id='word_1_893' title='bbox 1665 2498 1764 2535; x_wconf 90' lang='lat' dir='ltr'><strong>circa</strong></span> <span class='ocrx_word' id='word_1_894' title='bbox 1791 2498 1969 2545; x_wconf 86' lang='lat' dir='ltr'><strong>medium,</strong></span> <span class='ocrx_word' id='word_1_895' title='bbox 1991 2498 2088 2536; x_wconf 90' lang='lat' dir='ltr'><strong>idest</strong></span> <span class='ocrx_word' id='word_1_896' title='bbox 2117 2506 2290 2536; x_wconf 89' lang='lat' dir='ltr'><strong>centrum</strong></span> <span class='ocrx_word' id='word_1_897' title='bbox 2315 2498 2463 2547; x_wconf 89' lang='lat' dir='ltr'><strong>mundi,</strong></span> <span class='ocrx_word' id='word_1_898' title='bbox 2485 2506 2542 2536; x_wconf 91' lang='lat' dir='ltr'><strong>est</strong></span> 
     </span>
     <span class='ocr_line' id='line_1_125' title="bbox 1468 2552 2540 2600; baseline 0.002 -12"><span class='ocrx_word' id='word_1_899' title='bbox 1468 2559 1568 2589; x_wconf 89' lang='lat' dir='ltr'><strong>terra</strong></span> <span class='ocrx_word' id='word_1_900' title='bbox 1598 2559 1634 2589; x_wconf 92' lang='lat' dir='ltr'><strong>et</strong></span> <span class='ocrx_word' id='word_1_901' title='bbox 1657 2563 1767 2600; x_wconf 89' lang='lat' dir='ltr'><strong>aqua,</strong></span> <span class='ocrx_word' id='word_1_902' title='bbox 1789 2558 1961 2588; x_wconf 90' lang='lat' dir='ltr'><strong>centrum</strong></span> <span class='ocrx_word' id='word_1_903' title='bbox 1983 2559 2111 2589; x_wconf 89' lang='lat' dir='ltr'><strong>autem</strong></span> <span class='ocrx_word' id='word_1_904' title='bbox 2130 2559 2250 2589; x_wconf 91' lang='lat' dir='ltr'><strong>terrae</strong></span> <span class='ocrx_word' id='word_1_905' title='bbox 2271 2559 2327 2590; x_wconf 90' lang='lat' dir='ltr'><strong>est</strong></span> <span class='ocrx_word' id='word_1_906' title='bbox 2350 2552 2389 2590; x_wconf 92' lang='lat' dir='ltr'><strong>in</strong></span> <span class='ocrx_word' id='word_1_907' title='bbox 2409 2559 2540 2590; x_wconf 88' lang='lat' dir='ltr'><strong>centro</strong></span> 
     </span>
     <span class='ocr_line' id='line_1_126' title="bbox 1469 2605 2539 2655; baseline 0.001 -13"><span class='ocrx_word' id='word_1_908' title='bbox 1469 2605 1594 2642; x_wconf 88' lang='lat' dir='ltr'><strong>totius.</strong></span> <span class='ocrx_word' id='word_1_909' title='bbox 1604 2626 1628 2633; x_wconf 96' lang='lat'>-</span> <span class='ocrx_word' id='word_1_910' title='bbox 1640 2605 1751 2642; x_wconf 90' lang='lat' dir='ltr'><strong>Circa</strong></span> <span class='ocrx_word' id='word_1_911' title='bbox 1765 2605 1861 2642; x_wconf 90' lang='lat' dir='ltr'><strong>haec</strong></span> <span class='ocrx_word' id='word_1_912' title='bbox 1875 2612 2015 2653; x_wconf 88' lang='lat' dir='ltr'><strong>autem,</strong></span> <span class='ocrx_word' id='word_1_913' title='bbox 2028 2605 2169 2643; x_wconf 90' lang='lat' dir='ltr'><strong>scilicet</strong></span> <span class='ocrx_word' id='word_1_914' title='bbox 2182 2613 2322 2643; x_wconf 89' lang='lat' dir='ltr'><strong>terram</strong></span> <span class='ocrx_word' id='word_1_915' title='bbox 2333 2613 2370 2642; x_wconf 88' lang='lat' dir='ltr'><strong>et</strong></span> <span class='ocrx_word' id='word_1_916' title='bbox 2384 2617 2539 2655; x_wconf 85' lang='lat' dir='ltr'><strong>aquam,</strong></span> 
     </span>
     <span class='ocr_line' id='line_1_127' title="bbox 1469 2656 2540 2709; baseline 0.001 -13"><span class='ocrx_word' id='word_1_917' title='bbox 1469 2666 1506 2696; x_wconf 91' lang='lat' dir='ltr'><strong>et</strong></span> <span class='ocrx_word' id='word_1_918' title='bbox 1533 2659 1660 2696; x_wconf 87' lang='lat' dir='ltr'><strong>habita</strong></span> <span class='ocrx_word' id='word_1_919' title='bbox 1687 2658 1756 2704; x_wconf 82' lang='lat' dir='ltr'><strong>his,</strong></span> <span class='ocrx_word' id='word_1_920' title='bbox 1786 2657 1882 2695; x_wconf 89' lang='lat' dir='ltr'><strong>idest</strong></span> <span class='ocrx_word' id='word_1_921' title='bbox 1911 2666 2191 2708; x_wconf 91' lang='lat' dir='ltr'><strong>consequenter</strong></span> <span class='ocrx_word' id='word_1_922' title='bbox 2219 2659 2392 2697; x_wconf 89' lang='lat' dir='ltr'><strong>ordinata</strong></span> <span class='ocrx_word' id='word_1_923' title='bbox 2411 2656 2425 2682; x_wconf 60' lang='grc' dir='ltr'><strong><em>ε</em></strong></span> <span class='ocrx_word' id='word_1_924' title='bbox 2451 2667 2540 2709; x_wconf 88' lang='lat' dir='ltr'><strong>post</strong></span> 
     </span>
     <span class='ocr_line' id='line_1_128' title="bbox 1469 2710 2539 2762; baseline 0.003 -14"><span class='ocrx_word' id='word_1_925' title='bbox 1469 2712 1561 2762; x_wconf 90' lang='lat' dir='ltr'><strong>ipsa,</strong></span> <span class='ocrx_word' id='word_1_926' title='bbox 1583 2720 1638 2750; x_wconf 94' lang='lat' dir='ltr'><strong>est</strong></span> <span class='ocrx_word' id='word_1_927' title='bbox 1653 2723 1718 2749; x_wconf 91' lang='lat' dir='ltr'><strong>aer</strong></span> <span class='ocrx_word' id='word_1_928' title='bbox 1733 2718 1769 2749; x_wconf 89' lang='lat' dir='ltr'><strong>et</strong></span> <span class='ocrx_word' id='word_1_929' title='bbox 1783 2710 1821 2748; x_wconf 90' lang='lat' dir='ltr'><strong>id</strong></span> <span class='ocrx_word' id='word_1_930' title='bbox 1841 2712 1946 2760; x_wconf 93' lang='lat' dir='ltr'><strong>quod</strong></span> <span class='ocrx_word' id='word_1_931' title='bbox 1967 2720 2151 2750; x_wconf 90' lang='lat' dir='ltr'><strong>consueto</strong></span> <span class='ocrx_word' id='word_1_932' title='bbox 2171 2712 2329 2750; x_wconf 90' lang='lat' dir='ltr'><strong>nomine</strong></span> <span class='ocrx_word' id='word_1_933' title='bbox 2348 2724 2539 2751; x_wconf 87' lang='lat' dir='ltr'><strong>vocamus</strong></span> 
     </span>
     <span class='ocr_line' id='line_1_129' title="bbox 1468 2765 2200 2815; baseline 0.001 -12"><span class='ocrx_word' id='word_1_934' title='bbox 1468 2765 1606 2814; x_wconf 88' lang='lat' dir='ltr'><strong>ignem,</strong></span> <span class='ocrx_word' id='word_1_935' title='bbox 1636 2765 1675 2803; x_wconf 93' lang='lat' dir='ltr'><strong>in</strong></span> <span class='ocrx_word' id='word_1_936' title='bbox 1703 2765 1841 2815; x_wconf 90' lang='lat' dir='ltr'><strong>quibus</strong></span> <span class='ocrx_word' id='word_1_937' title='bbox 1879 2765 2049 2803; x_wconf 90' lang='lat' dir='ltr'><strong>abundat</strong></span> <span class='ocrx_word' id='word_1_938' title='bbox 2087 2767 2200 2804; x_wconf 91' lang='lat' dir='ltr'><strong>calor.</strong></span> 
     </span>
    </p>

    <p class='ocr_par' dir='ltr' id='par_1_28' title="bbox 1468 2818 2539 2922">
     <span class='ocr_line' id='line_1_130' title="bbox 1521 2818 2539 2869; baseline 0.002 -13"><span class='ocrx_word' id='word_1_939' title='bbox 1521 2819 1689 2868; x_wconf 91' lang='lat' dir='ltr'><strong>Exponit</strong></span> <span class='ocrx_word' id='word_1_940' title='bbox 1721 2826 1850 2856; x_wconf 90' lang='lat' dir='ltr'><strong>autem</strong></span> <span class='ocrx_word' id='word_1_941' title='bbox 1885 2819 1991 2868; x_wconf 90' lang='lat' dir='ltr'><strong>quod</strong></span> <span class='ocrx_word' id='word_1_942' title='bbox 2028 2818 2191 2867; x_wconf 90' lang='lat' dir='ltr'><strong>dixerat,</strong></span> <span class='ocrx_word' id='word_1_943' title='bbox 2228 2819 2357 2858; x_wconf 91' lang='lat' dir='ltr'><strong>dicens</strong></span> <span class='ocrx_word' id='word_1_944' title='bbox 2385 2819 2539 2869; x_wconf 65' lang='lat' dir='ltr'><strong>*quod</strong></span> 
     </span>
     <span class='ocr_line' id='line_1_131' title="bbox 1468 2873 2538 2922; baseline 0.001 -12"><span class='ocrx_word' id='word_1_945' title='bbox 1468 2881 1646 2922; x_wconf 88' lang='lat' dir='ltr'><strong>quartum</strong></span> <span class='ocrx_word' id='word_1_946' title='bbox 1666 2873 1900 2910; x_wconf 88' lang='lat' dir='ltr'><strong>elementum</strong></span> <span class='ocrx_word' id='word_1_947' title='bbox 1925 2885 2040 2922; x_wconf 89' lang='lat' dir='ltr'><strong>supra</strong></span> <span class='ocrx_word' id='word_1_948' title='bbox 2069 2885 2199 2911; x_wconf 88' lang='lat' dir='ltr'><strong>aerem</strong></span> <span class='ocrx_word' id='word_1_949' title='bbox 2219 2873 2438 2911; x_wconf 89' lang='lat' dir='ltr'><strong>ordinatum</strong></span> <span class='ocrx_word' id='word_1_950' title='bbox 2457 2885 2538 2911; x_wconf 91' lang='lat' dir='ltr'><strong>non</strong></span> 
     </span>
    </p>
   </div>
   <div class='ocr_carea' id='block_1_19' title="bbox 1467 2925 2573 2976">
    <p class='ocr_par' dir='ltr' id='par_1_29' title="bbox 1467 2925 2573 2976">
     <span class='ocr_line' id='line_1_132' title="bbox 1467 2925 2573 2976; baseline 0.001 -12"><span class='ocrx_word' id='word_1_951' title='bbox 1467 2926 1621 2976; x_wconf 91' lang='lat' dir='ltr'><strong>proprie</strong></span> <span class='ocrx_word' id='word_1_952' title='bbox 1648 2933 1810 2964; x_wconf 87' lang='lat' dir='ltr'><strong>vocatur</strong></span> <span class='ocrx_word' id='word_1_953' title='bbox 1837 2925 1945 2974; x_wconf 88' lang='lat' dir='ltr'><strong>ignis.</strong></span> <span class='ocrx_word' id='word_1_954' title='bbox 1985 2926 2084 2975; x_wconf 89' lang='lat' dir='ltr'><strong>Ignis</strong></span> <span class='ocrx_word' id='word_1_955' title='bbox 2113 2926 2216 2964; x_wconf 89' lang='lat' dir='ltr'><strong>enim</strong></span> <span class='ocrx_word' id='word_1_956' title='bbox 2254 2926 2442 2975; x_wconf 85' lang='lat' dir='ltr'><strong>significat</strong></span> <span class='ocrx_word' id='word_1_957' title='bbox 2475 2938 2537 2965; x_wconf 88' lang='lat' dir='ltr'><strong>ex·</strong></span> <span class='ocrx_word' id='word_1_958' title='bbox 2569 2967 2573 2971; x_wconf 66' lang='grc'><strong>,</strong></span> 
     </span>
    </p>
   </div>
   <div class='ocr_carea' id='block_1_20' title="bbox 1467 2979 2539 3243">
    <p class='ocr_par' dir='ltr' id='par_1_30' title="bbox 1467 2979 2539 3243">
     <span class='ocr_line' id='line_1_133' title="bbox 1468 2979 2539 3029; baseline 0.001 -12"><span class='ocrx_word' id='word_1_959' title='bbox 1468 2992 1619 3017; x_wconf 89' lang='lat' dir='ltr'><strong>cessum</strong></span> <span class='ocrx_word' id='word_1_960' title='bbox 1648 2979 1768 3027; x_wconf 88' lang='lat' dir='ltr'><strong>calidi,</strong></span> <span class='ocrx_word' id='word_1_961' title='bbox 1791 2987 1828 3017; x_wconf 92' lang='lat' dir='ltr'><strong>et</strong></span> <span class='ocrx_word' id='word_1_962' title='bbox 1856 2987 1911 3017; x_wconf 89' lang='lat' dir='ltr'><strong>est</strong></span> <span class='ocrx_word' id='word_1_963' title='bbox 1930 2979 2039 3028; x_wconf 90' lang='lat' dir='ltr'><strong>quasi</strong></span> <span class='ocrx_word' id='word_1_964' title='bbox 2068 2980 2226 3029; x_wconf 89' lang='lat' dir='ltr'><strong>quidam</strong></span> <span class='ocrx_word' id='word_1_965' title='bbox 2255 2980 2385 3018; x_wconf 88' lang='lat' dir='ltr'><strong>fervor</strong></span> <span class='ocrx_word' id='word_1_966' title='bbox 2413 2987 2450 3018; x_wconf 92' lang='lat' dir='ltr'><strong>et</strong></span> <span class='ocrx_word' id='word_1_967' title='bbox 2477 2992 2539 3018; x_wconf 90' lang='lat' dir='ltr'><strong>ac-</strong></span> 
     </span>
     <span class='ocr_line' id='line_1_134' title="bbox 1468 3033 2539 3083; baseline 0.002 -13"><span class='ocrx_word' id='word_1_968' title='bbox 1468 3033 1596 3071; x_wconf 91' lang='lat' dir='ltr'><strong>censio</strong></span> <span class='ocrx_word' id='word_1_969' title='bbox 1625 3033 1839 3083; x_wconf 83' lang='lat' dir='ltr'><strong>quaedam3</strong></span> <span class='ocrx_word' id='word_1_970' title='bbox 1869 3033 1966 3071; x_wconf 88' lang='lat' dir='ltr'><strong>sicut</strong></span> <span class='ocrx_word' id='word_1_971' title='bbox 1993 3033 2132 3082; x_wconf 87' lang='lat' dir='ltr'><strong>glacies</strong></span> <span class='ocrx_word' id='word_1_972' title='bbox 2169 3045 2248 3071; x_wconf 91' lang='lat' dir='ltr'><strong>non</strong></span> <span class='ocrx_word' id='word_1_973' title='bbox 2287 3041 2343 3071; x_wconf 89' lang='lat' dir='ltr'><strong>est</strong></span> <span class='ocrx_word' id='word_1_974' title='bbox 2371 3034 2539 3072; x_wconf 88' lang='lat' dir='ltr'><strong>elemen-</strong></span> 
     </span>
     <span class='ocr_line' id='line_1_135' title="bbox 1467 3086 2538 3136; baseline 0 -12"><span class='ocrx_word' id='word_1_975' title='bbox 1467 3095 1560 3134; x_wconf 91' lang='lat' dir='ltr'><strong>tum,</strong></span> <span class='ocrx_word' id='word_1_976' title='bbox 1581 3087 1650 3125; x_wconf 93' lang='lat' dir='ltr'><strong>sed</strong></span> <span class='ocrx_word' id='word_1_977' title='bbox 1679 3094 1735 3124; x_wconf 91' lang='lat' dir='ltr'><strong>est</strong></span> <span class='ocrx_word' id='word_1_978' title='bbox 1753 3086 1910 3136; x_wconf 90' lang='lat' dir='ltr'><strong>quidam</strong></span> <span class='ocrx_word' id='word_1_979' title='bbox 1939 3099 2117 3124; x_wconf 91' lang='lat' dir='ltr'><strong>excessus</strong></span> <span class='ocrx_word' id='word_1_980' title='bbox 2142 3086 2289 3136; x_wconf 90' lang='lat' dir='ltr'><strong>frigoris</strong></span> <span class='ocrx_word' id='word_1_981' title='bbox 2317 3086 2367 3124; x_wconf 88' lang='lat' dir='ltr'><strong>ad</strong></span> <span class='ocrx_word' id='word_1_982' title='bbox 2395 3099 2538 3136; x_wconf 84' lang='lat' dir='ltr'><strong>aquam</strong></span> 
     </span>
     <span class='ocr_line' id='line_1_136' title="bbox 1467 3140 2539 3190; baseline 0.001 -13"><span class='ocrx_word' id='word_1_983' title='bbox 1467 3141 1717 3189; x_wconf 86' lang='lat' dir='ltr'><strong>congelatam.</strong></span> <span class='ocrx_word' id='word_1_984' title='bbox 1746 3140 1788 3178; x_wconf 91' lang='lat' dir='ltr'><strong>Id</strong></span> <span class='ocrx_word' id='word_1_985' title='bbox 1814 3148 1942 3178; x_wconf 89' lang='lat' dir='ltr'><strong>autern</strong></span> <span class='ocrx_word' id='word_1_986' title='bbox 1963 3141 2012 3178; x_wconf 89' lang='lat' dir='ltr'><strong>ad</strong></span> <span class='ocrx_word' id='word_1_987' title='bbox 2033 3140 2138 3190; x_wconf 90' lang='lat' dir='ltr'><strong>quod</strong></span> <span class='ocrx_word' id='word_1_988' title='bbox 2158 3140 2212 3178; x_wconf 91' lang='lat' dir='ltr'><strong>sic</strong></span> <span class='ocrx_word' id='word_1_989' title='bbox 2240 3152 2280 3178; x_wconf 89' lang='lat' dir='ltr'><strong>se</strong></span> <span class='ocrx_word' id='word_1_990' title='bbox 2300 3140 2416 3178; x_wconf 88' lang='lat' dir='ltr'><strong>habet</strong></span> <span class='ocrx_word' id='word_1_991' title='bbox 2442 3140 2539 3190; x_wconf 81' lang='lat' dir='ltr'><strong>ignis</strong></span> 
     </span>
     <span class='ocr_line' id='line_1_137' title="bbox 1467 3193 2539 3243; baseline 0 -12"><span class='ocrx_word' id='word_1_992' title='bbox 1467 3194 1562 3231; x_wconf 89' lang='lat' dir='ltr'><strong>sicut</strong></span> <span class='ocrx_word' id='word_1_993' title='bbox 1599 3193 1736 3242; x_wconf 90' lang='lat' dir='ltr'><strong>glacies</strong></span> <span class='ocrx_word' id='word_1_994' title='bbox 1765 3194 1812 3232; x_wconf 91' lang='lat' dir='ltr'><strong>ad</strong></span> <span class='ocrx_word' id='word_1_995' title='bbox 1841 3205 2003 3242; x_wconf 89' lang='lat' dir='ltr'><strong>aquam,</strong></span> <span class='ocrx_word' id='word_1_996' title='bbox 2034 3206 2113 3232; x_wconf 90' lang='lat' dir='ltr'><strong>non</strong></span> <span class='ocrx_word' id='word_1_997' title='bbox 2142 3201 2198 3232; x_wconf 91' lang='lat' dir='ltr'><strong>est</strong></span> <span class='ocrx_word' id='word_1_998' title='bbox 2225 3193 2481 3243; x_wconf 85' lang='lat' dir='ltr'><strong>nominatum,</strong></span> <span class='ocrx_word' id='word_1_999' title='bbox 2501 3201 2539 3232; x_wconf 89' lang='lat' dir='ltr'><strong>et</strong></span> 
     </span>
    </p>
   </div>
   <div class='ocr_carea' id='block_1_21' title="bbox 1465 3334 2540 3688">
    <p class='ocr_par' dir='ltr' id='par_1_31' title="bbox 1465 3334 2540 3477">
     <span class='ocr_line' id='line_1_138' title="bbox 1518 3334 2539 3370; baseline 0.001 -10"><span class='ocrx_word' id='word_1_1000' title='bbox 1518 3334 1547 3370; x_wconf 85' lang='grc' dir='ltr'><strong>μ)</strong></span> <span class='ocrx_word' id='word_1_1001' title='bbox 1567 3335 1635 3361; x_wconf 85' lang='lat' dir='ltr'><strong>sicut</strong></span> <span class='ocrx_word' id='word_1_1002' title='bbox 1649 3343 1720 3369; x_wconf 84' lang='lat' dir='ltr'><strong>aqua</strong></span> <span class='ocrx_word' id='word_1_1003' title='bbox 1738 3342 1798 3361; x_wconf 82' lang='lat' dir='ltr'><strong>cum</strong></span> <span class='ocrx_word' id='word_1_1004' title='bbox 1812 3336 1908 3370; x_wconf 81' lang='lat' dir='ltr'><strong>calefit.</strong></span> <span class='ocrx_word' id='word_1_1005' title='bbox 1922 3349 1941 3355; x_wconf 93' lang='lat'>—</span> <span class='ocrx_word' id='word_1_1006' title='bbox 1954 3339 1983 3361; x_wconf 86' lang='lat' dir='ltr'><strong>ut</strong></span> <span class='ocrx_word' id='word_1_1007' title='bbox 2001 3343 2073 3369; x_wconf 83' lang='lat' dir='ltr'><strong>aqua</strong></span> <span class='ocrx_word' id='word_1_1008' title='bbox 2086 3335 2218 3370; x_wconf 79' lang='lat' dir='ltr'><strong>calefacta</strong></span> <span class='ocrx_word' id='word_1_1009' title='bbox 2231 3335 2277 3361; x_wconf 81' lang='lat' dir='ltr'><strong>Pa.</strong></span> <span class='ocrx_word' id='word_1_1010' title='bbox 2289 3349 2308 3355; x_wconf 96' lang='lat'>-</span> <span class='ocrx_word' id='word_1_1011' title='bbox 2327 3335 2378 3361; x_wconf 87' lang='lat' dir='ltr'><strong>Pro</strong></span> <span class='ocrx_word' id='word_1_1012' title='bbox 2391 3335 2439 3361; x_wconf 81' lang='lat' dir='ltr'><strong>sed</strong></span> <span class='ocrx_word' id='word_1_1013' title='bbox 2453 3335 2539 3368; x_wconf 77' lang='lat' dir='ltr'><strong>ipsam</strong></span> 
     </span>
     <span class='ocr_line' id='line_1_139' title="bbox 1465 3371 2539 3412; baseline 0.001 -16"><span class='ocrx_word' id='word_1_1014' title='bbox 1465 3374 1592 3396; x_wconf 79' lang='lat' dir='ltr'><strong>naturam</strong></span> <span class='ocrx_word' id='word_1_1015' title='bbox 1611 3372 1652 3396; x_wconf 78' lang='lat' dir='ltr'><strong>vel</strong></span> <span class='ocrx_word' id='word_1_1016' title='bbox 1663 3372 1821 3412; x_wconf 74' lang='lat' dir='ltr'><strong>¹formam...</strong></span> <span class='ocrx_word' id='word_1_1017' title='bbox 1834 3372 1982 3404; x_wconf 79' lang='lat' dir='ltr'><strong>recipiunt,</strong></span> <span class='ocrx_word' id='word_1_1018' title='bbox 2002 3371 2147 3398; x_wconf 82' lang='lat' dir='ltr'><strong>secundum</strong></span> <span class='ocrx_word' id='word_1_1019' title='bbox 2171 3371 2257 3404; x_wconf 82' lang='lat' dir='ltr'><strong>ipsam</strong></span> <span class='ocrx_word' id='word_1_1020' title='bbox 2281 3374 2408 3397; x_wconf 80' lang='lat' dir='ltr'><strong>naturam</strong></span> <span class='ocrx_word' id='word_1_1021' title='bbox 2434 3374 2462 3397; x_wconf 81' lang='lat' dir='ltr'><strong>et</strong></span> <span class='ocrx_word' id='word_1_1022' title='bbox 2476 3371 2539 3406; x_wconf 76' lang='lat' dir='ltr'><strong>sou·-</strong></span> 
     </span>
     <span class='ocr_line' id='line_1_140' title="bbox 1466 3406 2540 3441; baseline 0.001 -10"><span class='ocrx_word' id='word_1_1023' title='bbox 1466 3414 1536 3432; x_wconf 88' lang='lat' dir='ltr'><strong>mam</strong></span> <span class='ocrx_word' id='word_1_1024' title='bbox 1587 3407 1753 3439; x_wconf 79' lang='lat' dir='ltr'><strong>recipiuntur</strong></span> <span class='ocrx_word' id='word_1_1025' title='bbox 1771 3408 1809 3438; x_wconf 79' lang='lat' dir='ltr'><strong>A;</strong></span> <span class='ocrx_word' id='word_1_1026' title='bbox 1828 3407 1905 3433; x_wconf 79' lang='lat' dir='ltr'><strong>etiam</strong></span> <span class='ocrx_word' id='word_1_1027' title='bbox 1920 3407 1940 3432; x_wconf 87' lang='grc' dir='ltr'><strong>Β</strong></span> <span class='ocrx_word' id='word_1_1028' title='bbox 1960 3407 2022 3440; x_wconf 79' lang='lat' dir='ltr'><strong>legit</strong></span> <span class='ocrx_word' id='word_1_1029' title='bbox 2039 3410 2066 3433; x_wconf 85' lang='lat' dir='ltr'><strong>et</strong></span> <span class='ocrx_word' id='word_1_1030' title='bbox 2076 3408 2200 3441; x_wconf 83' lang='lat' dir='ltr'><strong>sormam</strong></span> <span class='ocrx_word' id='word_1_1031' title='bbox 2220 3414 2250 3432; x_wconf 80' lang='lat' dir='ltr'><strong>ac</strong></span> <span class='ocrx_word' id='word_1_1032' title='bbox 2268 3406 2444 3440; x_wconf 79' lang='lat' dir='ltr'><strong>recipiuntur.</strong></span> <span class='ocrx_word' id='word_1_1033' title='bbox 2456 3419 2475 3426; x_wconf 90' lang='lat'><strong>·-</strong></span> <span class='ocrx_word' id='word_1_1034' title='bbox 2487 3407 2540 3432; x_wconf 79' lang='lat' dir='ltr'><strong>Pro</strong></span> 
     </span>
     <span class='ocr_line' id='line_1_141' title="bbox 1465 3443 2235 3477; baseline 0.001 -10"><span class='ocrx_word' id='word_1_1035' title='bbox 1465 3449 1483 3467; x_wconf 85' lang='lat' dir='ltr'><strong>a</strong></span> <span class='ocrx_word' id='word_1_1036' title='bbox 1496 3446 1651 3476; x_wconf 78' lang='lat' dir='ltr'><strong>generante,</strong></span> <span class='ocrx_word' id='word_1_1037' title='bbox 1671 3450 1688 3467; x_wconf 86' lang='lat' dir='ltr'><strong>a</strong></span> <span class='ocrx_word' id='word_1_1038' title='bbox 1706 3443 1879 3476; x_wconf 81' lang='lat' dir='ltr'><strong>generatione</strong></span> <span class='ocrx_word' id='word_1_1039' title='bbox 1898 3443 1951 3474; x_wconf 83' lang='lat' dir='ltr'><strong>AB,</strong></span> <span class='ocrx_word' id='word_1_1040' title='bbox 1970 3443 2004 3468; x_wconf 85' lang='lat' dir='ltr'><strong>ab</strong></span> <span class='ocrx_word' id='word_1_1041' title='bbox 2022 3445 2170 3477; x_wconf 77' lang='lat' dir='ltr'><strong>generante</strong></span> <span class='ocrx_word' id='word_1_1042' title='bbox 2188 3443 2235 3468; x_wconf 79' lang='lat' dir='ltr'><strong>Pa.</strong></span> 
     </span>
    </p>

    <p class='ocr_par' dir='ltr' id='par_1_32' title="bbox 1467 3477 2540 3547">
     <span class='ocr_line' id='line_1_142' title="bbox 1519 3477 2540 3512; baseline 0.001 -9"><span class='ocrx_word' id='word_1_1043' title='bbox 1519 3477 1544 3512; x_wconf 91' lang='grc' dir='ltr'><strong>ν)</strong></span> <span class='ocrx_word' id='word_1_1044' title='bbox 1563 3481 1603 3503; x_wconf 78' lang='lat' dir='ltr'><strong>est</strong></span> <span class='ocrx_word' id='word_1_1045' title='bbox 1613 3478 1836 3512; x_wconf 63' lang='lat' dir='ltr'><strong>frigidissimum.</strong></span> <span class='ocrx_word' id='word_1_1046' title='bbox 1854 3491 1873 3499; x_wconf 81' lang='lat'>-</span> <span class='ocrx_word' id='word_1_1047' title='bbox 1884 3479 1922 3512; x_wconf 80' lang='lat' dir='ltr'><strong>fit</strong></span> <span class='ocrx_word' id='word_1_1048' title='bbox 1940 3478 2153 3512; x_wconf 78' lang='lat' dir='ltr'><strong>frigidissimum</strong></span> <span class='ocrx_word' id='word_1_1049' title='bbox 2169 3478 2222 3503; x_wconf 81' lang='grc' dir='ltr'><strong>ΑΒ.</strong></span> <span class='ocrx_word' id='word_1_1050' title='bbox 2241 3492 2260 3498; x_wconf 86' lang='grc'><strong>-</strong></span> <span class='ocrx_word' id='word_1_1051' title='bbox 2278 3478 2330 3504; x_wconf 82' lang='lat' dir='ltr'><strong>Pro</strong></span> <span class='ocrx_word' id='word_1_1052' title='bbox 2345 3478 2421 3508; x_wconf 77' lang='lat' dir='ltr'><strong>idest,</strong></span> <span class='ocrx_word' id='word_1_1053' title='bbox 2439 3477 2540 3504; x_wconf 77' lang='lat' dir='ltr'><strong>scilicet</strong></span> 
     </span>
     <span class='ocr_line' id='line_1_143' title="bbox 1467 3513 2006 3547; baseline 0.002 -9"><span class='ocrx_word' id='word_1_1054' title='bbox 1467 3513 1511 3538; x_wconf 85' lang='lat' dir='ltr'><strong>AB</strong></span> <span class='ocrx_word' id='word_1_1055' title='bbox 1518 3521 1525 3544; x_wconf 95' lang='lat'>;</span> <span class='ocrx_word' id='word_1_1056' title='bbox 1545 3521 1594 3547; x_wconf 88' lang='lat' dir='ltr'><strong>pro</strong></span> <span class='ocrx_word' id='word_1_1057' title='bbox 1612 3513 1648 3539; x_wconf 86' lang='lat' dir='ltr'><strong>sit</strong></span> <span class='ocrx_word' id='word_1_1058' title='bbox 1667 3513 1761 3547; x_wconf 79' lang='lat' dir='ltr'><strong>magis,</strong></span> <span class='ocrx_word' id='word_1_1059' title='bbox 1780 3513 1817 3538; x_wconf 80' lang='lat' dir='ltr'><strong>sit</strong></span> <span class='ocrx_word' id='word_1_1060' title='bbox 1836 3514 1957 3539; x_wconf 75' lang='lat' dir='ltr'><strong>maxime</strong></span> <span class='ocrx_word' id='word_1_1061' title='bbox 1974 3515 2006 3539; x_wconf 84' lang='grc' dir='ltr'><strong>Α.</strong></span> 
     </span>
    </p>

    <p class='ocr_par' dir='ltr' id='par_1_33' title="bbox 1467 3546 2539 3688">
     <span class='ocr_line' id='line_1_144' title="bbox 1522 3546 2538 3583; baseline -0.001 -9"><span class='ocrx_word' id='word_1_1062' title='bbox 1522 3546 1546 3583; x_wconf 82' lang='grc' dir='ltr'><strong>Ε)</strong></span> <span class='ocrx_word' id='word_1_1063' title='bbox 1567 3549 1635 3574; x_wconf 81' lang='lat' dir='ltr'><strong>idest</strong></span> <span class='ocrx_word' id='word_1_1064' title='bbox 1652 3552 1843 3582; x_wconf 81' lang='lat' dir='ltr'><strong>consequenter</strong></span> <span class='ocrx_word' id='word_1_1065' title='bbox 1867 3549 2005 3575; x_wconf 82' lang='lat' dir='ltr'><strong>ordinata.</strong></span> <span class='ocrx_word' id='word_1_1066' title='bbox 2022 3562 2042 3570; x_wconf 89' lang='lat'><em>-</em></span> <span class='ocrx_word' id='word_1_1067' title='bbox 2060 3548 2129 3575; x_wconf 84' lang='lat' dir='ltr'><strong>idest</strong></span> <span class='ocrx_word' id='word_1_1068' title='bbox 2147 3555 2215 3582; x_wconf 81' lang='lat' dir='ltr'><strong>quae</strong></span> <span class='ocrx_word' id='word_1_1069' title='bbox 2233 3549 2397 3575; x_wconf 82' lang='lat' dir='ltr'><strong>ordinantur</strong></span> <span class='ocrx_word' id='word_1_1070' title='bbox 2415 3548 2466 3578; x_wconf 77' lang='lat' dir='ltr'><strong>Pa,</strong></span> <span class='ocrx_word' id='word_1_1071' title='bbox 2485 3555 2538 3573; x_wconf 79' lang='lat' dir='ltr'><strong>non</strong></span> 
     </span>
     <span class='ocr_line' id='line_1_145' title="bbox 1467 3583 2538 3617; baseline -0.001 -8"><span class='ocrx_word' id='word_1_1072' title='bbox 1467 3583 1542 3614; x_wconf 87' lang='lat' dir='ltr'><strong>bene,</strong></span> <span class='ocrx_word' id='word_1_1073' title='bbox 1561 3584 1622 3617; x_wconf 80' lang='lat' dir='ltr'><strong>quia</strong></span> <span class='ocrx_word' id='word_1_1074' title='bbox 1641 3584 1682 3609; x_wconf 87' lang='lat' dir='ltr'><strong>hic</strong></span> <span class='ocrx_word' id='word_1_1075' title='bbox 1701 3585 1727 3610; x_wconf 92' lang='lat' dir='ltr'><strong>S.</strong></span> <span class='ocrx_word' id='word_1_1076' title='bbox 1741 3584 1859 3610; x_wconf 79' lang='lat' dir='ltr'><strong>Thomas</strong></span> <span class='ocrx_word' id='word_1_1077' title='bbox 1878 3584 1986 3617; x_wconf 78' lang='lat' dir='ltr'><strong>explicat</strong></span> <span class='ocrx_word' id='word_1_1078' title='bbox 1999 3584 2080 3610; x_wconf 79' lang='lat' dir='ltr'><strong>verba</strong></span> <span class='ocrx_word' id='word_1_1079' title='bbox 2097 3589 2183 3610; x_wconf 75' lang='lat' dir='ltr'><strong>textus</strong></span> <span class='ocrx_word' id='word_1_1080' title='bbox 2197 3587 2225 3610; x_wconf 82' lang='lat' dir='ltr'><strong>et</strong></span> <span class='ocrx_word' id='word_1_1081' title='bbox 2237 3584 2329 3610; x_wconf 78' lang='lat' dir='ltr'><strong>habita</strong></span> <span class='ocrx_word' id='word_1_1082' title='bbox 2341 3583 2398 3613; x_wconf 81' lang='lat' dir='ltr'><strong>his,·</strong></span> <span class='ocrx_word' id='word_1_1083' title='bbox 2412 3583 2445 3609; x_wconf 78' lang='lat' dir='ltr'><strong>cf.</strong></span> <span class='ocrx_word' id='word_1_1084' title='bbox 2459 3583 2538 3608; x_wconf 90' lang='lat' dir='ltr'><strong>Com-</strong></span> 
     </span>
     <span class='ocr_line' id='line_1_146' title="bbox 1468 3618 2539 3654; baseline 0 -10"><span class='ocrx_word' id='word_1_1085' title='bbox 1468 3624 1548 3645; x_wconf 86' lang='lat' dir='ltr'><strong>ment.</strong></span> <span class='ocrx_word' id='word_1_1086' title='bbox 1563 3620 1588 3644; x_wconf 86' lang='lat' dir='ltr'><strong>in</strong></span> <span class='ocrx_word' id='word_1_1087' title='bbox 1602 3619 1717 3653; x_wconf 57' lang='lat' dir='ltr'><strong>Hir-sic„</strong></span> <span class='ocrx_word' id='word_1_1088' title='bbox 1730 3619 1774 3644; x_wconf 86' lang='lat' dir='ltr'><strong>lib.</strong></span> <span class='ocrx_word' id='word_1_1089' title='bbox 1785 3619 1817 3650; x_wconf 86' lang='lat' dir='ltr'><strong>V,</strong></span> <span class='ocrx_word' id='word_1_1090' title='bbox 1837 3620 1895 3646; x_wconf 86' lang='lat' dir='ltr'><strong>lect.</strong></span> <span class='ocrx_word' id='word_1_1091' title='bbox 1910 3627 1934 3645; x_wconf 86' lang='lat' dir='ltr'><strong>v.</strong></span> <span class='ocrx_word' id='word_1_1092' title='bbox 1952 3633 1971 3639; x_wconf 96' lang='lat'>-</span> <span class='ocrx_word' id='word_1_1093' title='bbox 1989 3620 2069 3645; x_wconf 75' lang='lat' dir='ltr'><strong>Linea</strong></span> <span class='ocrx_word' id='word_1_1094' title='bbox 2083 3627 2141 3654; x_wconf 77' lang='lat' dir='ltr'><strong>seq.</strong></span> <span class='ocrx_word' id='word_1_1095' title='bbox 2155 3627 2204 3653; x_wconf 85' lang='lat' dir='ltr'><strong>pro</strong></span> <span class='ocrx_word' id='word_1_1096' title='bbox 2221 3622 2355 3649; x_wconf 83' lang='lat' dir='ltr'><strong>consueto,</strong></span> <span class='ocrx_word' id='word_1_1097' title='bbox 2374 3618 2539 3645; x_wconf 78' lang='lat' dir='ltr'><strong>consuetudo</strong></span> 
     </span>
     <span class='ocr_line' id='line_1_147' title="bbox 1469 3654 1812 3688; baseline -0.003 -8"><span class='ocrx_word' id='word_1_1098' title='bbox 1469 3654 1489 3679; x_wconf 89' lang='lat' dir='ltr'>P</span> <span class='ocrx_word' id='word_1_1099' title='bbox 1509 3662 1596 3680; x_wconf 87' lang='lat' dir='ltr'><strong>errore</strong></span> <span class='ocrx_word' id='word_1_1100' title='bbox 1617 3654 1812 3688; x_wconf 79' lang='lat' dir='ltr'><strong>typographico.</strong></span> 
     </span>
    </p>
   </div>
   <div class='ocr_carea' id='block_1_22' title="bbox 2556 576 2720 598">
    <p class='ocr_par' dir='ltr' id='par_1_34' title="bbox 2556 576 2720 598">
     <span class='ocr_line' id='line_1_148' title="bbox 2556 576 2720 598; baseline 0.006 -1"><span class='ocrx_word' id='word_1_1101' title='bbox 2556 577 2567 587; x_wconf 73' lang='lat'>⁸</span> <span class='ocrx_word' id='word_1_1102' title='bbox 2582 576 2668 598; x_wconf 76' lang='lat' dir='ltr'><strong>dicitur</strong></span> <span class='ocrx_word' id='word_1_1103' title='bbox 2682 582 2720 598; x_wconf 70' lang='lat' dir='ltr'><strong>ra.</strong></span> 
     </span>
    </p>
   </div>
   <div class='ocr_carea' id='block_1_23' title="bbox 2555 689 2720 711">
    <p class='ocr_par' dir='ltr' id='par_1_35' title="bbox 2555 689 2720 711">
     <span class='ocr_line' id='line_1_149' title="bbox 2555 689 2720 711; baseline 0 -1"><span class='ocrx_word' id='word_1_1104' title='bbox 2555 690 2566 700; x_wconf 76' lang='lat'><strong>&#39;¹</strong></span> <span class='ocrx_word' id='word_1_1105' title='bbox 2581 689 2670 710; x_wconf 66' lang='lat' dir='ltr'><strong>scincet</strong></span> <span class='ocrx_word' id='word_1_1106' title='bbox 2682 695 2720 711; x_wconf 73' lang='grc' dir='ltr'><strong>ΑΒ.</strong></span> 
     </span>
    </p>
   </div>
   <div class='ocr_carea' id='block_1_24' title="bbox 2584 956 2740 978">
    <p class='ocr_par' dir='ltr' id='par_1_36' title="bbox 2584 956 2740 978">
     <span class='ocr_line' id='line_1_150' title="bbox 2584 956 2740 978; baseline 0 -1"><span class='ocrx_word' id='word_1_1107' title='bbox 2584 956 2688 977; x_wconf 79' lang='lat' dir='ltr'><strong>materia</strong></span> <span class='ocrx_word' id='word_1_1108' title='bbox 2701 961 2740 978; x_wconf 71' lang='lat' dir='ltr'><strong>ra.</strong></span> 
     </span>
    </p>
   </div>
   <div class='ocr_carea' id='block_1_25' title="bbox 2560 1274 2774 1323">
    <p class='ocr_par' dir='ltr' id='par_1_37' title="bbox 2560 1274 2774 1323">
     <span class='ocr_line' id='line_1_151' title="bbox 2560 1274 2774 1323; baseline 0.005 -26"><span class='ocrx_word' id='word_1_1109' title='bbox 2560 1274 2657 1323; x_wconf 44' lang='lat' dir='ltr'><strong>Zodege&#39;m</strong></span> <span class='ocrx_word' id='word_1_1110' title='bbox 2679 1274 2731 1297; x_wconf 80' lang='lat' dir='ltr'><strong>edd.</strong></span> <span class='ocrx_word' id='word_1_1111' title='bbox 2751 1278 2774 1298; x_wconf 85' lang='lat' dir='ltr'><strong>et</strong></span> 
     </span>
    </p>
   </div>
   <div class='ocr_carea' id='block_1_26' title="bbox 2560 1380 2715 1403">
    <p class='ocr_par' dir='ltr' id='par_1_38' title="bbox 2560 1380 2715 1403">
     <span class='ocr_line' id='line_1_152' title="bbox 2560 1380 2715 1403; baseline 0.013 -2"><span class='ocrx_word' id='word_1_1112' title='bbox 2560 1380 2572 1391; x_wconf 78' lang='lat'>⁸</span> <span class='ocrx_word' id='word_1_1113' title='bbox 2586 1382 2667 1402; x_wconf 68' lang='lat' dir='ltr'><strong>manet</strong></span> <span class='ocrx_word' id='word_1_1114' title='bbox 2678 1387 2715 1403; x_wconf 72' lang='grc' dir='ltr'><strong>ΑΒ.</strong></span> 
     </span>
    </p>
   </div>
   <div class='ocr_carea' id='block_1_27' title="bbox 2562 1433 2777 1489">
    <p class='ocr_par' dir='ltr' id='par_1_39' title="bbox 2562 1433 2777 1489">
     <span class='ocr_line' id='line_1_153' title="bbox 2562 1433 2777 1462; baseline 0.005 -6"><span class='ocrx_word' id='word_1_1115' title='bbox 2562 1434 2571 1444; x_wconf 87' lang='grc'><em>·</em></span> <span class='ocrx_word' id='word_1_1116' title='bbox 2586 1433 2654 1456; x_wconf 81' lang='lat' dir='ltr'><strong>Lect.</strong></span> <span class='ocrx_word' id='word_1_1117' title='bbox 2668 1439 2700 1461; x_wconf 86' lang='grc' dir='ltr'><strong>ιι,</strong></span> <span class='ocrx_word' id='word_1_1118' title='bbox 2721 1440 2746 1457; x_wconf 81' lang='lat' dir='ltr'><strong>n.</strong></span> <span class='ocrx_word' id='word_1_1119' title='bbox 2759 1440 2777 1462; x_wconf 78' lang='grc'><strong>4</strong></span> 
     </span>
     <span class='ocr_line' id='line_1_154' title="bbox 2562 1466 2611 1489; baseline 0 -7"><span class='ocrx_word' id='word_1_1120' title='bbox 2562 1466 2611 1489; x_wconf 70' lang='lat' dir='ltr'><strong>seq.</strong></span> 
     </span>
    </p>
   </div>
   <div class='ocr_carea' id='block_1_28' title="bbox 2562 1594 2775 1623">
    <p class='ocr_par' dir='ltr' id='par_1_40' title="bbox 2562 1594 2775 1623">
     <span class='ocr_line' id='line_1_155' title="bbox 2562 1594 2775 1623; baseline 0 -7"><span class='ocrx_word' id='word_1_1121' title='bbox 2562 1595 2571 1605; x_wconf 86' lang='grc'><em>·</em></span> <span class='ocrx_word' id='word_1_1122' title='bbox 2578 1594 2718 1623; x_wconf 69' lang='lat' dir='ltr'><strong>corporibus</strong></span> <span class='ocrx_word' id='word_1_1123' title='bbox 2722 1594 2775 1616; x_wconf 71' lang='lat' dir='ltr'><strong>edd.</strong></span> 
     </span>
    </p>
   </div>
   <div class='ocr_carea' id='block_1_29' title="bbox 2564 2821 2730 2844">
    <p class='ocr_par' dir='ltr' id='par_1_41' title="bbox 2564 2821 2730 2844">
     <span class='ocr_line' id='line_1_156' title="bbox 2564 2821 2730 2844; baseline 0 0"><span class='ocrx_word' id='word_1_1124' title='bbox 2564 2822 2576 2834; x_wconf 68' lang='lat'>⁶</span> <span class='ocrx_word' id='word_1_1125' title='bbox 2590 2821 2671 2844; x_wconf 74' lang='lat' dir='ltr'><strong>dicens</strong></span> <span class='ocrx_word' id='word_1_1126' title='bbox 2681 2826 2730 2844; x_wconf 79' lang='lat' dir='ltr'><strong>om.</strong></span> 
     </span>
    </p>
   </div>
   <div class='ocr_carea' id='block_1_30' title="bbox 2731 2321 2782 4134">
    <p class='ocr_par' dir='ltr' id='par_1_42' title="bbox 2731 2321 2782 4134">
     <span class='ocr_line' id='line_1_157' title="bbox 2731 2321 2782 4134; baseline 0 0"><span class='ocrx_word' id='word_1_1127' title='bbox 2731 2321 2782 4134; x_wconf 95' lang='lat' dir='ltr'><strong> </strong></span> 
     </span>
    </p>
   </div>
  </div>
 </body>
</html>
