2782 4134
213 847 313 880 Ἐπεὶ
338 838 376 876 δὲ
401 842 475 883 περὶ
501 841 567 873 τῶν
595 839 730 884 ἀφανῶν
756 839 802 882 τῇ
829 838 984 893 αἰσθήσει
1017 840 1194 883 νομίζομεν
1219 841 1292 893 2²2oe-
1346 842 1363 862 *
1387 842 1550 880 Quoniam
1574 849 1682 873 autem
1705 843 1744 873 de
1766 842 1986 874 immanifestis
2013 839 2120 873 sensui
2150 848 2300 883 putamus
2329 841 2414 872 suffi-
2442 846 2450 854 ⁶
2467 845 2524 872 Cap.
2539 850 2579 866 vn.

1056 258 1168 295 CAP.
1197 258 1288 305 vn,
1325 257 1478 294 LECT.
1507 257 1560 293 XI

2333 256 2406 292 353

926 483 1228 539 LECTIO
1266 483 1700 539 UNDECIMA

492 644 635 676 CAUSA
657 643 958 675 APPARITIONIS
982 643 1262 674 COMETARUM
1285 643 1523 674 SECUNDUM
1546 643 1788 674 OPINIONEM
1810 615 2135 674 ARISTOTELIS--

899 701 956 732 DE
981 700 1100 732 LOCO
1124 701 1183 731 ET
1206 700 1414 731 TEMPORE
1438 700 1737 732 APPARITIONIS
1760 718 1762 720 v

288 890 349 927 νῶς
375 880 622 929 ἀποδεδεῖχθαι
657 883 755 917 κατά
778 883 839 916 τόν
863 885 987 929 λογον,
1016 882 1073 916 ἐάν
1100 885 1144 921 εἰς
1171 883 1212 917 τὰ
1237 886 1292 915 ὸυ-

289 932 395 966 νατόν
423 929 665 985 ἀναϊάγωμεν,
684 929 720 961 ἔκ
741 940 779 961 τε
802 929 868 961 τῶν
892 930 949 960 νῦν
975 929 1184 974 φαινομένων
1211 929 1293 960 ὑπο-

287 977 391 1018 λάβοι
415 987 467 1015 τις
494 986 533 1007 αν
558 973 623 1006 ὦδε
649 974 724 1018 περὶ
749 971 884 1006 τούτων
902 972 1058 1017 μάλιστα
1074 972 1290 1018 συμβαίνειν·

223 1021 405 1057 ὑπόκειται
428 1020 477 1066 γοὶ
520 1019 599 1073 ἡμῖν
626 1019 689 1051 τοῦ
712 1017 840 1062 κόσμου
858 1019 921 1050 τοῦ
939 1020 1015 1063 περὶ
1032 1018 1098 1055 τήν
1115 1019 1195 1065 γῆν,
1215 1016 1291 1050 ὅσον

290 1067 357 1100 ὑπό
383 1066 448 1103 τήν
474 1064 651 1111 εγκυκλιόν
677 1063 751 1095 ἐστι
776 1062 893 1109 φοράν,
914 1059 1000 1094 εἶναι
1025 1063 1067 1095 τὸ
1085 1064 1218 1105 πρῶτον
1237 1061 1293 1106 μέ-

278 1122 343 1157 ρος
371 1109 594 1154 ἀναθυμίασιν
626 1106 730 1162 ξηράιν
761 1109 823 1160 καὶ,
849 1105 986 1161 θερμζήν.
1021 1106 1114 1145 Αὕτη
1142 1104 1170 1139 δ’
1201 1105 1294 1143 αὐτή

292 1167 329 1190 τε
353 1157 411 1187 καὶ
436 1154 501 1186 τοῦ
525 1164 684 1197 συνεχους
704 1152 759 1183 υπ’
782 1163 894 1188 αυτην
921 1151 1017 1195 αέρος
1035 1152 1088 1184 ἔτι
1109 1151 1197 1184 πολύ
1214 1162 1294 1195 συμ-

291 1199 497 1253 περιάγεται
529 1199 604 1240 περὶ
629 1197 694 1233 τήν
724 1197 789 1242 γῆν
825 1197 892 1228 ὑπό
919 1197 980 1234 τῆς
1006 1197 1108 1241 φορᾶς
1139 1198 1198 1228 καὶ
1231 1197 1293 1249 τῇς

243 1258 249 1259 ff
270 1254 273 1255 ⁷
289 1256 452 1281 κινησεως
467 1244 532 1280 τῆς
551 1242 679 1296 κύκλοι·
705 1240 867 1295 φερομένη
886 1236 924 1273 δὲ
943 1242 1002 1272 καὶ
1020 1239 1197 1284 κινουμένη
1217 1252 1297 1272 του-

260 1324 264 1331 ,
290 1301 350 1322 τον
376 1288 436 1321 τὸν
468 1287 620 1331 τρόπον,
648 1298 668 1330 ῃ
696 1286 734 1317 ἁν
768 1285 860 1331 τύχῃ
891 1286 1054 1330 εὔκρατος
1080 1285 1187 1326 οὖσα,
1214 1286 1295 1318 πολ-

239 1333 242 1335 ’
290 1332 389 1371 λάκις
414 1332 640 1376 ἐκπυροῦται·
667 1326 720 1361 διό
745 1340 853 1374 φαμεν
878 1328 1029 1375 γίνεσθαι
1053 1331 1111 1362 καὶ
1137 1329 1201 1368 τοὶς
1226 1330 1294 1362 τῶν

292 1372 472 1424 σποράδων
500 1375 649 1416 ἀστέρων
674 1369 874 1428 δίαδρομάς.

217 1424 327 1458 Ὅταν
352 1420 409 1455 οὖν
434 1422 480 1460 εἰς
504 1420 569 1458 τήν
595 1430 764 1456 τοιαυτην
791 1429 958 1451 πυκνωσιν
985 1417 1117 1474 ἐμπέσῃ
1148 1413 1208 1450 διά
1231 1417 1295 1455 τήν

293 1467 360 1500 τῶν
380 1465 504 1499 ἀνωθεν
529 1467 656 1502 κίνησιν
677 1461 766 1508 ἀρχή
784 1458 952 1508 πυρώδης,
971 1460 1050 1506 μήθ’
1072 1475 1163 1495 ουτω
1181 1462 1295 1499 πολλή

291 1513 369 1544 λίαν
394 1510 482 1544 ὥστε
507 1509 601 1554 ταχὺ
624 1509 684 1540 καὶ
709 1508 764 1540 ἐπὶ
790 1507 879 1540 πολύ
905 1506 1056 1548 ἑκκάειν,
1083 1506 1159 1552 μήθ’
1189 1506 1297 1545 οὕτως

295 1555 436 1593 ἀσθενής
460 1554 540 1587 ὥστ’
563 1551 823 1593 ἀποσβεσθῆναι
848 1552 954 1598 ταχὺ,
975 1552 1067 1585 ἀλλά
1090 1554 1214 1584 πλείων
1238 1553 1297 1584 καὶ

294 1601 351 1634 ἐπὶ
383 1599 491 1641 πολύ,
526 1597 599 1644 ἅμα
629 1592 667 1628 δὲ
697 1595 852 1629 κάτωθεν
882 1599 1067 1645 συμπίπτῃ
1102 1597 1297 1638 ἀναβαίνειν

259 1647 262 1651 ’
293 1644 460 1689 εὔκρατον
488 1641 733 1694 ἀναθυμίασιν,
762 1639 873 1686 ἀστήρ
898 1642 1006 1674 τοῦτο
1031 1643 1165 1688 γίνεται
1193 1640 1300 1685 κομή-

1276 1685 1283 1696 ,

220 1794 283 1857 νο,

295 1701 370 1730 της,
390 1685 480 1726 ὅπως
507 1685 545 1720 ἄν
571 1686 614 1720 τό
633 1685 906 1731 ἀναθυμιώμενον
932 1685 1023 1731 τύχῃ
1045 1684 1299 1732 ἐσχηματισμέ-

294 1745 368 1767 νον·
395 1732 455 1765 ἐάν
481 1731 542 1776 μὲν
567 1731 633 1779 γάρ
659 1730 777 1774 πάντῃ
810 1731 952 1775 ὁμοίως,
977 1730 1154 1776 κομήτης,
1181 1730 1239 1763 ἐάν
1264 1727 1295 1762 δ’

294 1776 351 1812 hel
401 1777 497 1819 ἧκος,
521 1779 684 1810 καλεῖται
709 1778 902 1822 πωγωνίας.

285 1834 328 1857 m

392 1823 400 1834 '
430 1822 451 1859 ἡ
478 1820 627 1859 τοιαύτη
660 1820 748 1864 φορά
772 1818 915 1865 ἀστέρος
948 1820 1035 1866 φοραὶ
1063 1815 1158 1852 δοκεῖ
1187 1817 1298 1862 εἶναι,

296 1879 386 1901 ουτω
416 1867 475 1899 καὶ
500 1867 521 1903 ἡ
547 1866 633 1910 μονή
659 1865 680 1902 ἡ
708 1866 810 1908 ὁμοία
841 1863 984 1919 ἀστέρος
1014 1864 1101 1909 μονή
1130 1860 1225 1897 δοκεῖ·
1254 1861 1300 1896 εἷ-

263 1927 266 1929 *
295 1923 370 1945 ναι·
397 1909 641 1955 παραπλήσιον
666 1910 732 1956 γάρ
759 1909 800 1942 τό
823 1921 998 1956 γινομενον
1032 1909 1100 1941 οἷον
1125 1911 1155 1941 εἴ
1179 1921 1230 1948 τις
1255 1909 1300 1947 εἰς

298 1956 432 2003 ἀχύρων
457 1954 597 1999 θημῶνα
624 1958 682 1987 καὶ
716 1953 844 1992 πλῆθος
870 1954 964 1986 ὤσειε
993 1949 1120 1996 δαλόν,
1151 1953 1173 1991 ἦ
1199 1954 1300 1999 πυρός

298 2001 407 2047 ἀρχήν
440 1999 585 2045 ἐμβάλοι
610 1998 748 2044 μικράν·
779 2001 939 2044 φαίνεται
962 1998 1028 2045 γάρ
1063 1999 1165 2043 ὁμοία
1195 2000 1254 2031 καὶΙ
1279 2000 1300 2035 ἡ

297 2048 365 2080 τῶν
391 2043 541 2090 ἀστέρων
574 2039 743 2089 διαδρομή
776 2043 907 2084 τούτῳ·
930 2044 1024 2089 ταχὺ
1053 2044 1118 2090 γάρ
1143 2039 1203 2076 διά
1237 2043 1301 2080 τὴν

297 2091 436 2136 εὐφυίαν
466 2089 530 2123 τοῦ
561 2087 828 2133 ὑπεκκαύματος
862 2083 1059 2121 διαδίδωσιν
1094 2089 1150 2121 ἐπὶ
1179 2089 1300 2133 μῆκος.

297 2136 336 2168 Εἰ
361 2131 404 2172 δῆ
429 2135 536 2168 τοῦτο
553 2127 736 2177 διαμείνειε
761 2134 820 2165 καὶ
837 2133 884 2176 μή
909 2132 1192 2178 καταμαρανθείη
1215 2130 1304 2165 διελ-

297 2179 369 2222 θὸν,
389 2179 410 2222 ᾗ
431 2178 587 2222 μάλιστα
611 2177 784 2212 ὲπύκνωσε
809 2177 851 2211 τὸ
876 2176 1096 2222 ὑπέκκαυμα,
1113 2176 1239 2224 γένοιτ’
1263 2177 1303 2210 ἄν

300 2224 389 2271 ἀρχὴ
406 2225 472 2261 τῆς
488 2224 591 2267 φορᾶς
608 2224 630 2260 ἡ
651 2222 799 2259 τελευτή
825 2223 887 2260 τῆς
913 2217 1112 2267 διαδρομῆς.
1140 2223 1303 2255 Τοιοῦτον

300 2270 317 2302 ὑ
341 2267 498 2312 κομήτης
524 2269 616 2300 ἐστὶν
644 2267 775 2309 ἀστήρ,
801 2266 912 2319 ὥσπερ
943 2262 1114 2311 διαδρομή
1141 2266 1302 2310 ἀστέρος,

300 2313 386 2359 ἔχων
412 2314 446 2346 ἐν
472 2313 568 2354 αὑτῷ
593 2314 699 2357 πέρας
726 2313 784 2343 καὶΙ
812 2312 932 2357 ἀρχην.
966 2310 1076 2344 ”οταν
1100 2312 1160 2356 μὲν
1188 2310 1243 2343 οὗν
1269 2311 1302 2344 ἐν

299 2359 396 2401 αὐτῷ’
415 2360 464 2399 τῷ
489 2356 587 2389 κάτω
610 2356 706 2397 τόπῳ
725 2357 746 2393 ἡ
766 2353 854 2401 ἀρχή
873 2356 936 2393 τῆς
955 2355 1150 2394 συστάσεως
1170 2354 1204 2399 ᾗ,
1222 2354 1300 2388 καθ’

300 2402 425 2436 ἑαυτὸν
451 2403 613 2457 φαίνεται
636 2400 810 2444 κομήτης·

233 2445 320 2489 ὅταν
345 2445 376 2480 δ’
397 2448 463 2480 ὑπο
490 2447 556 2479 τῶν
585 2446 716 2490 ἄστρων
743 2445 850 2486 τινος,
869 2443 890 2481 ἦ
909 2444 974 2477 τῶν
1002 2444 1178 2487 ἀπλανῶν,
1197 2443 1218 2481 ἦ
1237 2445 1304 2477 τῶν

300 2491 508 2532 πλανήτων,
536 2490 602 2523 ὑπό
629 2491 692 2528 τῆς
716 2489 878 2527 κινήσεως
902 2490 1109 2526 συνιστῆται
1134 2490 1155 2527 ἡ
1183 2488 1307 2523 ἀναθυ-

300 2539 435 2584 μίασις,
462 2535 546 2569 τότε
570 2534 726 2578 κομήτης
750 2537 886 2581 γίνεται
919 2532 1053 2566 τούτων
1079 2546 1148 2572 τις·
1176 2534 1214 2567 οὗ
1239 2535 1305 2582 γάρ

300 2582 383 2626 πρός
409 2581 527 2618 αὐτοῖς
553 2581 573 2616 ἡ
598 2579 687 2624 κόμη
712 2581 848 2625 γίνεται
873 2582 943 2616 τοϊς
972 2578 1121 2623 ἄστροις,
1142 2579 1218 2611 ἀλλ’
1244 2578 1309 2611 ὥσ-

301 2639 364 2672 περ
389 2628 425 2658 αἰ
451 2625 520 2667 ἅλῳ
555 2626 630 2669 περὶ
655 2624 715 2656 τόν
740 2623 835 2660 ἥλιον
868 2625 1050 2667 φαίνονται
1080 2626 1138 2656 καὶ
1165 2624 1229 2661 τήν
1254 2635 1307 2656 σε-

299 2671 406 2709 λήνην
431 2668 767 2716 παρακολουθοῦσαι,
785 2669 908 2712 καίπερ
931 2666 1201 2712 μεθισταμένων,
1221 2667 1306 2700 ὅταν

301 2714 411 2754 οὕτως
437 2712 460 2758 ᾗ
486 2713 744 2758 πεπυκνωμένος
771 2713 787 2745 ὁ
815 2712 878 2757 ἀήρ
903 2710 992 2745 ὥστε
1018 2714 1125 2746 τοῦτο
1155 2711 1307 2760 γίνεσθαι

304 2760 346 2792 τό
370 2758 477 2797 πάθος
503 2758 570 2791 ὑπὸ
595 2758 660 2795 τήν
687 2758 750 2790 τοῦ
777 2757 872 2794 ἡλίου
898 2759 1058 2800 πορείαν,
1087 2756 1176 2790 οὕτω
1201 2759 1260 2790 καὶ
1285 2758 1306 2795 γ’)

302 2804 390 2849 κόμη
417 2808 488 2841 τοῖς
516 2803 652 2846 ἄστροις
678 2803 747 2834 οῑον
775 2801 863 2839 ἅλως
881 2801 991 2834 ἐστίν·
1018 2802 1107 2838 πλήν
1135 2803 1155 2839 ή
1181 2802 1242 2846 μὲν
1260 2805 1309 2848 γί-

301 2857 402 2882 νεται
426 2844 465 2881 δι’
496 2846 684 2881 ἀνάκλασιν
710 2846 861 2883 τοιαύτη
880 2845 944 2882 τῆν
970 2845 1089 2891 χρόαν,
1108 2846 1178 2879 ἐκεῖ
1200 2843 1229 2878 δ’
1250 2845 1302 2880 ἐπ’

303 2895 419 2927 αὐτῶν
445 2892 487 2926 τὰ
511 2889 858 2945 χρῶμάραινόμενόν
884 2890 991 2922 ἐστιν.

210 2939 337 2973 Ἰθταν
363 2938 423 2983 μὲν
449 2936 506 2970 οὖν
530 2948 601 2969 κατ
634 2948 764 2980 αστερα
788 2934 935 2982 γένηται
959 2935 980 2971 ἡ
1000 2934 1148 2972 τοιαύτη
1175 2935 1310 2982 σύγκρι-

1199 2979 1207 2989 ,

304 2995 368 3026 σις,
394 2982 459 3019 τήν
485 2981 597 3018 αὑτήν
626 2979 758 3027 ἀνάγκη
783 2978 961 3023 φαίνεσθαι
985 2979 1088 3023 φοράν
1113 2990 1306 3024 κινουμένον

306 3027 366 3060 τόν
390 3025 547 3071 κομήτην
565 3024 670 3070 ἥνπερ
689 3024 828 3070 φέρεται
848 3025 864 3056 ὁ
884 3022 1013 3067 ἀστήρ·
1041 3022 1126 3055 ὅταν
1144 3019 1182 3056 δὲ
1199 3025 1308 3066 συστῇ

302 3069 380 3104 καθ’
404 3071 527 3113 αὑτόν,
546 3069 630 3104 τότε
655 3068 918 3114 ὑπολειπόμενοι
934 3070 1132 3112 φαίνονται·
1160 3064 1307 3106 τοιαύτη

304 3116 370 3163 γάρ
396 3117 417 3153 ’ἦ
443 3115 531 3159 φορά
555 3115 618 3147 τοῦ
649 3113 778 3158 κόσμου
803 3114 866 3147 τοῦ
896 3113 970 3168 περὶ
996 3111 1060 3149 τήν
1089 3113 1173 3158 γῆν·
1200 3114 1308 3146 τοῦτο

304 3161 370 3207 γάρ
396 3159 552 3205 μάλιστα
583 3158 703 3203 μηνύει
734 3158 781 3203 μὴ
812 3158 899 3190 εἶναι
930 3155 1117 3190 ανάκλασίν
1144 3169 1222 3189 τινα
1247 3158 1308 3190 τόν

305 3204 477 3250 κομήτην,
495 3205 536 3242 ὥς
565 3203 636 3236 ἅλω
661 3203 695 3235 ἑν
721 3201 964 3246 ὑπεκκαύματι
988 3200 1125 3246 καθαρῷ
1151 3202 1231 3244 πρὸς
1251 3202 1309 3234 αὑ-

307 3249 367 3282 τὸν
393 3249 453 3281 τόν
481 3247 611 3302 ἀστέρα
640 3246 838 3294 γινομένην,
868 3247 927 3277 καὶ
956 3245 1004 3289 μη
1029 3247 1074 3283 ὠς
1097 3244 1252 3292 λέγουσιν
1279 3247 1308 3278 οἱ

308 3296 382 3337 περὶ
405 3293 654 3337 Ἱπποκρατην,
674 3291 755 3334 πρὸς
780 3290 840 3323 τὸν
866 3288 974 3330 ἥλιον,
995 3288 1049 3322 ὅτι
1072 3291 1131 3321 καὶ
1153 3289 1229 3322 καθ’
1251 3291 1311 3322 αὑ·-

308 3338 368 3370 τόν
393 3339 527 3384 γίνεται
550 3335 705 3381 κομήτης
723 3334 904 3376 πολλάκις,
922 3335 981 3365 καὶ
999 3333 1178 3371 πλεονάκις
1197 3333 1218 3370 ἢ
1236 3335 1310 3378 περὶ

338 3382 356 3390 ..
416 3382 423 3392 .
517 3380 523 3389 ,

309 3394 375 3413 των
401 3392 588 3425 ωρισμενων
607 3380 703 3417 τινάς
723 3378 884 3423 ἀστέρων.
911 3379 985 3422 Περὶ
1002 3378 1062 3420 μὲν
1083 3376 1138 3410 οὖν
1158 3379 1220 3415 τῆς
1240 3377 1310 3410 ἅλω

310 3426 375 3462 την
401 3426 517 3458 αἰτίαν
543 3423 683 3478 ὑστέρον
709 3423 864 3476 ἐροῦμεν·

244 3472 319 3515 περὶ
343 3465 381 3502 δὲ
407 3470 469 3502 τοῦ
495 3468 630 3514 πυρώὸη
657 3468 722 3504 τήν
747 3478 912 3499 συστασιν
939 3463 1053 3498 αὑτῶν
1078 3462 1165 3498 εἶναι
1186 3464 1312 3508 τεκμή-

310 3526 377 3560 ριον
403 3513 468 3560 χρὴ
494 3513 638 3558 νομίζειν
672 3511 725 3545 ὅτι
749 3513 949 3556 σημαίνουσι
980 3508 1152 3556 γινόμενοι
1177 3511 1311 3547 πλείους

312 3558 497 3603 πνεύματα
520 3558 579 3589 καὶ
606 3554 777 3602 αὐχμούς·
804 3551 908 3592 δῆλον
925 3554 990 3612 ’ἴοὶρ
1008 3554 1062 3587 ὅτι
1083 3556 1239 3600 γίνονται
1254 3550 1314 3585 διαὶ

311 3603 353 3636 τό
378 3602 508 3638 πολλὴν
534 3598 619 3633 εἶναι
645 3613 709 3637 την
736 3599 903 3637 τοιαύτην
929 3611 1084 3643 εκκρισιν,
1107 3597 1194 3631 ὥστε
1215 3596 1311 3642 ξηρό-

388 3667 457 3698 Opp.
477 3666 508 3690 D.
528 3665 642 3689 ‘summa
661 3664 693 3688 Τ.
708 3664 748 3688 ΙΙΙ.

1414 887 1531 918 cienter
1554 887 1786 917 demonstrasse
1815 888 1991 918 secundum
2010 887 2185 925 rationem,
2210 886 2236 916 si
2254 886 2294 917 ad
2313 886 2415 926 possi-

1413 931 1476 962 bile
1491 930 1708 962 reduxerimus
1723 941 1759 961 ex
1778 931 1826 961 his
1845 941 1926 972 quae
1944 941 2029 962 nunc
2045 937 2208 971 apparent,
2228 930 2416 962 existimabit

1414 975 1527 1016 utique
1550 974 1664 1015 aliquis
1688 975 1732 1005 sic
1755 975 1794 1006 de
1816 975 1865 1005 his
1888 975 2025 1006 maxime
2048 975 2199 1006 accidere.

1347 1019 1548 1061 Supponitur
1578 1019 1664 1050 enim
1692 1019 1784 1049 nobis
1816 1019 1929 1050 mundi
1959 1019 2054 1050 huius
2084 1018 2140 1060 qui
2171 1019 2258 1055 circa>
2279 1025 2413 1056 terram,

1415 1070 1574 1105 quantum
1588 1063 1647 1094 sub
1661 1062 1803 1094 circulari
1816 1063 1944 1102 latione,
1957 1073 2023 1094 esse
2038 1063 2176 1103 primam
2190 1070 2311 1104 partem
2328 1063 2417 1093 exha-

1414 1108 1568 1139 lationem
1584 1107 1700 1138 siccam
1716 1114 1746 1138 et
1762 1107 1906 1138 calidam.
1929 1107 1999 1147 lpsa
2013 1114 2132 1144 autem,
2149 1114 2180 1138 et
2199 1107 2341 1138 continui
2358 1107 2417 1137 sub

1414 1153 1484 1193 ipsa
1506 1152 1584 1183 aeris
1604 1152 1643 1182 ad
1662 1152 1813 1190 multum,
1831 1151 1925 1181 simul
1942 1151 2189 1182 circumducitur
2203 1151 2285 1182 circa
2302 1158 2418 1182 terram

1415 1197 1475 1227 sub
1499 1196 1631 1237 sphaera
1654 1203 1685 1227 et
1707 1203 1800 1227 motu
1824 1195 1979 1227 circulari:
2003 1196 2066 1226 lata
2081 1202 2188 1226 autem
2207 1202 2238 1226 et
2253 1202 2340 1226 mota
2355 1195 2418 1226 hoc

1415 1241 1527 1279 modo,
1551 1250 1756 1281 quacumque
1779 1240 1932 1280 contingit
1955 1240 2035 1270 bene
2053 1239 2256 1270 dominabilis
2272 1239 2416 1277 existens,

1417 1295 1510 1326 saepe
1526 1285 1659 1325 ignitur;
1675 1291 1805 1325 propter
1820 1285 1910 1325 quod
1926 1284 2060 1315 dicimus
2076 1283 2142 1314 fieri
2157 1290 2187 1314 et
2203 1283 2419 1324 dispersorum

1417 1329 1557 1360 siderum
1581 1328 1750 1361 discursus.

1351 1425 1438 1457 Cum
1452 1424 1547 1465 igitur
1560 1424 1592 1455 in
1609 1424 1705 1457 talem
1719 1423 2000 1455 condensationem
2015 1422 2168 1461 inciderit,
2183 1429 2313 1463 propter
2328 1432 2420 1463 supe-

1417 1469 1535 1500 riorem
1554 1476 1693 1507 motum,
1709 1467 1902 1509 principium
1925 1467 2066 1507 igneum,
2087 1476 2192 1507 neque
2214 1477 2266 1506 Sic*
2281 1466 2421 1497 multum

1417 1513 1509 1543 valde
1533 1520 1568 1544 ut
1589 1513 1652 1544 cito
1677 1519 1707 1544 et
1729 1513 1770 1543 ad
1790 1512 1930 1542 multum
1953 1518 2110 1549 exuratur,
2125 1520 2229 1551 neque
2253 1510 2296 1541 sic
2320 1510 2421 1541 debile

1419 1564 1455 1588 ut
1471 1557 1533 1588 cito
1551 1557 1760 1597 extinguatur,
1778 1556 1833 1586 sed
1846 1556 1917 1596 plus
1934 1562 1965 1586 et
1980 1556 2019 1585 ad
2034 1555 2189 1592 multum;
2206 1554 2302 1585 simul
2314 1561 2421 1585 autem

1420 1602 1459 1632 de
1482 1602 1595 1632 subtus
1618 1601 1738 1632 accidat
1761 1600 1928 1631 ascendere
1943 1600 2022 1630 bene
2042 1599 2229 1640 dispositam
2253 1599 2421 1629 exhalatio-

1420 1653 1511 1684 nem;
1535 1646 1599 1680 hoc
1620 1645 1655 1676 fit
1678 1645 1766 1676 stella
1794 1651 1929 1681 cometa,
1948 1643 2220 1684 qualitercumque
2244 1643 2423 1674 exhalatum

1421 1689 1555 1722 extiterit
1577 1689 1759 1731 figuratum.
1784 1689 1817 1720 Si
1841 1688 1972 1730 quidem
1996 1688 2081 1718 enim
2102 1687 2319 1728 omniquaque
2336 1687 2421 1718 simi-

1421 1735 1501 1773 liter,
1527 1741 1684 1773 cometes,
1707 1734 1734 1764 si
1756 1740 1865 1764 autern
1888 1733 1928 1763 ad
1951 1732 2195 1772 longitudinem,
2218 1738 2350 1762 vocatur
2365 1741 2423 1772 po-

1421 1789 1543 1820 gonlas.

1354 1824 1444 1856 Sicut
1471 1830 1579 1854 autem
1608 1822 1679 1853 talis
1706 1821 1784 1852 latio
1813 1821 1920 1852 stellae
1947 1820 2024 1851 latio
2053 1801 2178 1850 videtur
2205 1829 2288 1858 esse,
2320 1819 2363 1850 ita
2393 1826 2423 1850 et

1422 1867 1546 1899 mansio
1565 1867 1655 1908 quasi
1672 1866 1814 1897 similiter
1829 1865 1936 1896 stellae
1947 1865 2070 1895 mansio
2082 1864 2207 1895 videtur
2222 1873 2299 1894 esse.
2316 1863 2425 1894 Simile

1423 1913 1508 1944 enim
1532 1911 1622 1952 quod
1644 1910 1690 1948 fit,
1715 1910 1802 1941 velut
1825 1910 1850 1940 si
1874 1909 1946 1950 quis
1969 1909 2002 1939 in
2026 1909 2188 1950 palearum
2212 1908 2378 1939 cumulum
2396 1915 2427 1938 et

1422 1956 1662 1988 multitudinem
1684 1954 1850 1986 immiserit
1864 1954 2021 1992 titionem,
2041 1960 2096 1984 aut
2110 1953 2191 1993 ignis
2209 1952 2328 1983 iniiciat
2342 1952 2426 1992 prin-

1422 2001 1543 2042 cipium
1566 1999 1743 2030 modicum.
1767 1999 1900 2030 Videtur
1923 1998 2009 2029 enim
2033 1996 2143 2028 similis
2159 2003 2189 2028 et
2208 1996 2347 2027 siderum
2366 1996 2427 2026 dis-

1424 2056 1534 2077 cursus
1557 2044 1642 2076 huic.
1667 2043 1742 2075 Cito
1762 2043 1859 2081 enim,
1883 2049 2014 2083 propter
2037 2041 2280 2082 dispositionem
2311 2041 2427 2082 hypec-

1424 2089 1577 2122 caumatis
1592 2095 1710 2129 aptam,
1727 2087 1866 2119 succedit
1882 2087 1915 2117 in
1930 2086 2181 2127 longitudinem:
2202 2085 2228 2116 si
2244 2085 2351 2126 itaque
2365 2085 2428 2115 hoc

1424 2141 1551 2165 maneat
1578 2140 1609 2164 et
1631 2143 1699 2163 non
1721 2138 1929 2163 consumatur
1951 2131 2179 2171 pertransiens,
2207 2136 2263 2160 aut
2289 2129 2425 2159 maxime

1423 2179 1591 2210 densatum
1607 2184 1655 2208 est
1669 2177 1897 2218 hypeccauma,
1922 2175 1976 2206 fiet
1998 2175 2109 2216 utique
2131 2174 2323 2215 principium
2338 2173 2428 2204 latio-

1423 2223 1471 2253 nis
1496 2221 1731 2253 consummatio
1752 2219 1971 2257 discursionis;
1996 2226 2026 2250 et
2045 2219 2105 2250 tale
2122 2225 2246 2249 cometa
2265 2225 2311 2249 est
2326 2217 2427 2256 stella,

1423 2267 1512 2298 velut
1527 2265 1687 2296 discursus
1703 2264 1811 2295 sideris
1827 2265 1945 2295 habens
1961 2263 1995 2294 in
2014 2264 2085 2303 ipso
2104 2262 2277 2293 terminum
2301 2269 2331 2292 et
2345 2261 2430 2302 prin-

1426 2311 1557 2352 cipium.
1587 2310 1726 2348 Quando
1749 2309 1880 2350 quidem
1906 2308 2001 2348 igitur
2028 2307 2061 2338 in
2089 2307 2160 2347 ipso
2188 2306 2329 2337 inferiori
2356 2307 2429 2336 loco

1425 2354 1620 2396 principium
1639 2353 1860 2385 consistentiae
1877 2352 1987 2391 fuerit,
2003 2361 2059 2393 per
2075 2362 2110 2382 se
2127 2357 2252 2383 cometa
2266 2358 2408 2392 apparet.

1361 2451 1500 2490 Quando
1533 2456 1641 2481 autem
1665 2449 1724 2480 sub
1751 2454 1910 2479 astrorum
1932 2447 2062 2488 aliquo,
2086 2453 2142 2477 aut
2163 2455 2230 2479 non
2259 2445 2431 2479 errantium

1428 2502 1484 2526 aut
1506 2494 1690 2532 errantium,
1705 2503 1724 2523 a
1738 2499 1831 2523 motu
1855 2491 1998 2523 consistit
2013 2490 2181 2529 exhalatio,
2199 2492 2276 2522 t'unc
2292 2496 2430 2520 cometes

1426 2539 1462 2571 fit
1485 2539 1604 2570 horum
1627 2537 1769 2579 aliquod.
1793 2537 1868 2567 Non
1883 2536 1969 2567 enim
1986 2535 2066 2567 circa
2081 2535 2149 2579 ipsa
2165 2537 2247 2565 astra
2269 2537 2361 2565 coma
2379 2533 2430 2564 fit:

1429 2583 1484 2615 sed
1508 2582 1784 2624 quemadmodum
1800 2580 1873 2611 halo
1890 2580 1969 2611 circa
1990 2580 2093 2610 solem
2109 2585 2261 2620 apparent
2276 2585 2307 2609 et
2321 2578 2432 2609 lunam

1430 2634 1650 2669 assequentes,
1675 2633 1705 2657 et
1727 2625 1859 2667 quidem
1881 2624 2048 2663 translatis,
2074 2634 2148 2654 curn
2172 2623 2216 2654 sic
2239 2622 2334 2653 fuerit
2357 2632 2431 2653 con-

1430 2674 1579 2704 densatus
1602 2681 1655 2702 aer
1678 2677 1715 2702 ut
1736 2670 1841 2711 passio
1864 2670 1942 2700 haec
1963 2669 2019 2700 fiat
2041 2669 2100 2699 sub
2129 2667 2206 2698 solis
2232 2667 2359 2705 itinere,
2390 2666 2433 2697 sic

1430 2724 1462 2749 et
1484 2726 1578 2748 coma
1601 2715 1691 2746 astris
1714 2715 1802 2745 velut
1821 2714 1896 2744 halo
1913 2720 1969 2744 est.
1993 2716 2143 2744 Attamen
2161 2712 2235 2743 halo
2251 2711 2382 2752 quidem
2398 2710 2434 2741 fit

1429 2768 1560 2803 propter
1587 2759 1810 2791 refractionem
1839 2758 1909 2789 talis
1939 2758 2070 2789 coloris:
2099 2756 2143 2787 ibi
2171 2762 2279 2787 autem
2301 2755 2334 2785 in
2357 2755 2434 2796 ipsis

1431 2804 1682 2837 exhalationibus
1706 2803 1794 2834 color
1818 2812 1972 2843 apparens
1996 2809 2051 2832 est.

1364 2938 1504 2976 Quando
1535 2936 1667 2978 quidem
1697 2935 1792 2976 igitur
1822 2934 1999 2966 secundum
2027 2932 2151 2963 stellam
2178 2931 2232 2962 fiet
2260 2930 2330 2961 talis
2358 2939 2433 2960 con-

1366 3467 1414 3497 De

1427 2982 1536 3019 cretio,
1553 2981 1686 3011 eandem
1710 2989 1836 3010 necesse
1855 2985 1902 3009 est
1924 2976 2123 3008 manifestare
2138 2975 2291 3006 lationem
2315 2981 2346 3005 et
2363 2984 2433 3009 mo-

1430 3034 1502 3058 tum
1525 3031 1703 3062 cometam,
1728 3034 1791 3064 qua
1815 3022 1946 3063 quidem
1974 3021 2072 3051 fertur
2095 3020 2199 3050 stella:
2225 3029 2300 3049 cum
2323 3025 2430 3049 autem

1432 3069 1604 3102 constiterit
1620 3078 1676 3108 per
1692 3078 1735 3106 se,
1752 3075 1828 3098 tunc
1845 3064 2060 3097 subtardantes
2075 3063 2237 3101 videntur;
2256 3062 2326 3093 talis
2347 3062 2433 3092 enim

1431 3115 1507 3146 latio
1531 3112 1644 3143 mundi
1673 3111 1728 3152 qui
1757 3111 1836 3147 circa
1865 3117 1989 3140 terram.
2015 3108 2086 3138 Hoc
2110 3108 2195 3138 enim
2220 3106 2357 3137 maxime
2382 3106 2432 3136 in-

1431 3159 1536 3189 sinuat
1566 3167 1633 3187 non
1662 3166 1729 3186 esse
1760 3153 1980 3185 refractionem
2003 3152 2165 3193 quandam
2197 3158 2373 3188 cometam,
2397 3157 2434 3181 ut

1431 3203 1523 3240 halo,
1547 3201 1579 3231 in
1603 3200 1850 3241 hypeccaumate
1873 3207 1955 3238 puro
1982 3197 2022 3226 ad
2044 3196 2149 3236 ipsam
2171 3195 2295 3226 stellam
2317 3195 2433 3225 factam

1433 3245 1484 3288 (et
1506 3255 1584 3283 non,
1609 3251 1645 3274 ut
1667 3243 1776 3274 dicunt
1799 3242 1855 3283 qui
1878 3241 1958 3272 circa
1973 3240 2214 3280 Hippocratem,
2238 3239 2278 3269 ad
2301 3237 2433 3280 solem),

1432 3290 1507 3331 quia
1531 3295 1562 3319 et
1589 3297 1645 3328 per
1667 3297 1700 3317 se
1722 3286 1758 3317 fit
1781 3293 1905 3317 cometa
1928 3294 2037 3324 saepe,
2062 3291 2092 3315 et
2115 3283 2311 3324 frequentius
2334 3293 2434 3323 quam

1433 3334 1513 3365 circa
1528 3332 1648 3372 aliquas
1665 3330 1942 3362 determinatarum
1961 3328 2132 3359 stellarum.
2149 3328 2197 3358 De
2212 3327 2286 3358 halo
2303 3327 2434 3368 quidem

1432 3377 1527 3419 igitur
1550 3385 1676 3407 causam
1700 3374 1858 3415 posterius
1882 3373 2033 3404 dicemus.

1434 3475 1472 3496 eo
1489 3471 1596 3495 autem
1612 3462 1701 3504 quod
1716 3469 1762 3494 est
1771 3466 1843 3492 'esse
1866 3461 1993 3502 igneam
2017 3459 2254 3491 consistentiam
2276 3459 2432 3499 ipsorum,

1434 3514 1659 3549 argumentum
1680 3513 1807 3547 oportet
1829 3513 1951 3546 putare,
1967 3505 2057 3546 quod
2071 3503 2247 3545 significant
2270 3503 2342 3534 facti
2361 3503 2430 3543 plu-

1434 3563 1482 3585 res
1499 3552 1625 3593 spiritus
1641 3557 1671 3582 et
1686 3550 1848 3582 siccitates.
1863 3550 1975 3580 Palam
1997 3549 2082 3580 enim
2104 3548 2193 3589 quod
2206 3547 2288 3578 fiunt
2306 3554 2435 3588 propter

1435 3597 1571 3628 multam
1590 3606 1657 3626 esse
1678 3595 1774 3626 talem
1797 3594 2064 3634 segregationem:
2089 3602 2186 3633 quare
2201 3591 2364 3622 sicciorem
2381 3600 2433 3621 ne-

2221 3653 2253 3684 45
