2690 4062
337 256 444 281 xxxw
832 241 902 277 DE
932 235 1317 276 GENERATIONE
1346 234 1417 270 ET

338 320 427 366 quod
450 327 582 364 propter
605 318 668 351 hoc
684 317 755 350 talis
771 316 999 350 transmutatio
1023 314 1137 348 debeat
1160 323 1229 345 esse
1241 311 1391 362 facilior:

338 376 414 398 cum
437 371 586 407 oporteat
609 361 773 404 corrumpi
797 359 906 392 ambas
953 358 1111 396 ualitates,
1136 357 1220 388 sicut
1238 366 1271 387 1n
1291 363 1392 405 trans-

337 408 518 441 mutatione
529 417 598 439 non
614 405 802 438 habentium
817 403 934 447 symbo
948 413 1015 434 um.
1028 419 1047 426 -
1059 400 1111 433 Ad
1127 399 1225 432 huius
1238 409 1317 442 ergo
1329 409 1393 430 ενι-

338 452 481 485 dentiam
498 448 769 483 considerandum
785 456 844 487 est,
861 445 950 490 quod
967 444 1136 488 qualitates
1153 442 1392 476 elementorum

337 503 511 532 causantur
537 493 575 526 ab
598 493 677 536 ipsis
709 491 821 524 formis
851 487 1113 522 substantialibus
1144 487 1301 530 ipsorum.
1333 484 1393 535 Illa

337 550 416 582 ergo
447 537 605 570 elementa
628 546 710 579 quae
740 535 897 567 maiorem
922 530 1183 564 convenientiam
1207 528 1335 579 habent·
1358 539 1392 560 1n

336 580 544 626 qualitatibus
557 605 565 620 ‚
596 578 777 612 necessario
804 576 923 609 habent
946 575 1105 607 maiorem
1129 580 1391 622 convemennam

336 627 371 658 in
394 625 506 658 formis
529 621 802 660 substantialibus,
827 628 858 652 et
881 629 938 662 per
963 628 1168 662 consequens
1192 617 1226 649 in
1250 615 1391 660 dispom-

337 668 479 702 tionibus
507 666 657 699 materiae
687 663 811 697 facilius
839 662 1021 695 adinvicem
1051 668 1318 694 transmutantur.
1351 659 1392 692 Et

336 713 411 745 licet
426 718 575 755 oporteat
590 708 699 742 ambas
716 706 884 751 qualitates
901 716 1032 738 corrum
1058 705 1079 745 i,
1096 713 1205 737 tamen
1222 704 1297 747 quia
1314 714 1391 747 qua-

336 756 407 788 litas
424 753 571 798 symbola
594 753 702 784 minus
725 750 853 790 resistit,
870 750 974 782 immo
990 760 1035 781 nu
1063 759 1083 781 o
1100 748 1214 788 modo,
1232 747 1391 780 contraria

335 810 414 832 vero
437 798 574 836 resistit,
598 795 672 828 ideo
695 793 819 826 facilior
844 801 893 826 est
917 793 1079 825 transitus.

390 853 420 884 4.
444 840 570 874 Deinde
591 850 666 871 cum
682 838 774 871 dicit:
798 837 847 870 Ex
861 838 928 880 igne
943 843 1042 869 autem
1058 845 1170 880 aquam
1186 843 1246 868 etc.
1256 860 1265 874 ,
1285 842 1392 867 osten-

336 886 382 919 dit
413 895 494 928 quae
523 891 600 916 sunt
628 882 682 914 illa
713 892 795 925 quae
826 880 915 913 tarde
946 889 978 913 et
1006 879 1179 913 difficulter
1208 878 1390 911 adinvicem

335 936 536 972 generentur.
568 926 609 959 Et
636 925 714 958 dicit
744 924 833 968 quod
866 932 943 957 sunt
972 923 1026 956 illa
1057 934 1139 967 quae
1171 933 1240 955 non
1270 921 1391 954 habent

335 970 534 1016 symbolum,
557 970 641 1002 sicut
662 969 746 1012 ignis
770 977 802 1001 et
824 979 922 1012 aqua,
947 976 1031 1000 terra
1053 975 1086 1000 et
1108 978 1179 1007 aer3
1205 974 1238 998 et
1265 965 1391 998 inducit

334 1016 492 1048 rationem
539 1024 598 1046 uae
622 1021 711 1056 patet
737 1013 770 1045 in
793 1011 907 1044 littera.

390 1068 418 1100 5.
435 1058 520 1090 Dein
545 1068 561 1089 e
579 1068 654 1089 cum
671 1056 761 1089 dicit:
779 1055 811 1089 si
829 1062 928 1088 autem
947 1055 1178 1098 uniuscuiusque
1194 1061 1266 1092 etc„
1284 1061 1391 1086 osten-

334 1102 380 1135 dit
403 1100 571 1145 quomodo
594 1111 699 1132 unum
718 1099 917 1132 elementum
934 1107 1108 1142 generetur
1128 1110 1167 1131 ex
1186 1096 1325 1136 duobus,
1343 1097 1389 1130 di-

333 1156 408 1178 cens
432 1144 521 1188 quod
539 1144 566 1176 si
586 1143 683 1176 altera
706 1143 843 1188 qualitas
867 1143 1125 1186 uniuscuiusque
1149 1141 1389 1174 elementorum

332 1189 520 1221 habentium
543 1186 730 1231 symbolum
754 1195 1004 1230 corrumpatur,
1036 1197 1105 1218 non
1132 1194 1182 1218 est
1205 1185 1388 1219 adinvicem

332 1231 574 1271 transmutatio,
603 1230 659 1263 sed
689 1239 798 1263 tamen
825 1230 945 1274 poterit
972 1228 1106 1273 aliquod
1137 1229 1269 1262 tertium
1291 1240 1388 1272 gene-

331 1277 408 1309 rari:
429 1276 512 1307 sicut
534 1286 573 1307 ex
595 1275 670 1318 igne
693 1283 726 1307 et
748 1285 841 1325 aqua,
861 1285 944 1318 quae
966 1274 1001 1306 in
1024 1272 1114 1306 nulla
1138 1272 1291 1317 qualitate
1311 1284 1388 1306 con-

330 1320 476 1358 veniunt,
499 1319 619 1362 poterit
640 1329 786 1362 generari
809 1326 893 1351 terra
916 1326 948 1350 et
976 1328 1047 1357 aer,
1075 1328 1115 1350 ex
1146 1328 1219 1350 aere
1249 1325 1282 1350 et
1305 1326 1388 1350 terra

330 1364 414 1406 ignis
430 1371 461 1395 et
476 1373 567 1406 aqua.
594 1362 739 1401 Quando
763 1362 851 1394 enim
875 1372 977 1406 aquae
993 1360 1149 1404 frigiditas
1167 1362 1388 1405 corrumpitur

330 1415 362 1440 et
377 1407 502 1439 siccitas
525 1406 620 1449 ignis,
644 1406 690 1438 sic
712 1405 769 1439 fiet
791 1417 854 1446 aer,
871 1406 928 1449 qui
950 1414 999 1438 est
1022 1404 1144 1438 calidus
1164 1413 1196 1438 et
1215 1404 1386 1439 humidus:

330 1450 460 1494 quando
483 1461 561 1482 vero
585 1449 725 1482 calidum
748 1450 832 1493 ignis
856 1458 889 1482 et
912 1448 1090 1482 humiditas
1114 1460 1216 1494 aquae
1241 1460 1386 1482 corrum-

329 1495 436 1538 pitur,
466 1502 611 1526 remanet
633 1493 758 1526 siccitas
781 1493 866 1536 ignis
890 1502 922 1526 et
945 1492 1102 1536 frigiditas
1131 1505 1255 1538 aquae,
1286 1502 1318 1527 et
1341 1494 1387 1526 sic

328 1546 499 1581 generatur
521 1546 604 1570 terra
627 1536 742 1580 frigida
765 1546 798 1570 et
815 1538 910 1569 sicca.
937 1536 1093 1570 Similiter
1109 1548 1148 1570 ex
1165 1549 1238 1570 aere
1254 1546 1286 1570 et
1303 1546 1386 1570 terra

328 1581 596 1625 potest'generari
611 1582 695 1624 ignis
711 1589 743 1614 et
756 1591 855 1625 aqua:
873 1581 1006 1625 quando
1030 1581 1119 1614 enlm
1136 1581 1280 1615 caliditas
1304 1582 1386 1614 aeris

328 1634 360 1658 et
375 1634 475 1658 terrae
499 1625 624 1657 siccitas
648 1625 876 1668 corrumpitur,
893 1633 1038 1658 remanet
1054 1624 1231 1659 humiditas
1248 1626 1330 1658 aeris
1354 1634 1386 1658 et

328 1677 429 1702 terrae
451 1668 619 1711 frigiditas,
635 1677 668 1701 et
683 1669 729 1701 sic
752 1677 925 1712 generatur
947 1680 1032 1713 aqua
1048 1668 1164 1713 frigida
1183 1678 1215 1702 et
1231 1669 1384 1703 humida:

328 1712 458 1757 quando
481 1723 559 1745 vero
582 1712 758 1745 humiditas
782 1713 864 1745 aeris
880 1721 913 1745 et
928 1721 1030 1746 terrae
1054 1712 1212 1757 frigiditas
1237 1725 1384 1747 corrum-

327 1757 434 1800 pitur,
466 1764 611 1789 remanet
641 1756 784 1789 caliditas
808 1757 889 1789 aeris
921 1765 953 1789 et
976 1757 1103 1790 siccitas
1127 1766 1252 1798 terrae,
1283 1766 1316 1791 et
1339 1758 1385 1791 sic

326 1808 496 1843 generatur
518 1800 602 1843 ignis
626 1799 747 1833 calidus
771 1809 804 1833 et
828 1801 943 1833 siccus.
969 1801 1059 1834 Haec
1082 1810 1192 1835 autem
1216 1802 1385 1846 generatio

326 1844 410 1887 ignis
430 1855 582 1877 concessa
605 1853 654 1876 est
677 1844 715 1877 ab
739 1843 908 1877 omnibus:
933 1845 1010 1888 quia
1033 1844 1073 1878 ad
1097 1857 1231 1878 sensum
1251 1854 1386 1890 apparet

325 1887 415 1964 quod
438 1888 472 1920 in
494 1887 600 1931 lignis,
617 1889 651 1920 in
674 1887 791 1932 quibus
815 1897 864 1921 est
888 1888 1066 1922 humiditas
1095 1890 1187 1930 aeris,
1211 1899 1386 1934 generatur

350 1942 477 1972 amma,
510 1943 592 1976 quae
614 1933 754 1965 maxime
779 1932 863 1975 ignis
888 1941 936 1965 est
967 1933 1051 1966 inter
1073 1945 1111 1966 ea
1142 1945 1226 1979 quae
1250 1942 1384 1968 naturae

325 1975 438 2018 igneae
454 1984 529 2008 sunt
545 1975 631 2019 apud
647 1987 717 2009 nos.
742 1975 887 2009 Flamma
911 1985 1022 2010 autem
1046 1977 1128 2010 nihil
1148 1977 1237 2012 aliud
1257 1987 1306 2011 est
1321 1979 1384 2012 nisi

325 2018 434 2051 fumus
458 2029 632 2052 accensus:
662 2019 772 2053 fumus
796 2029 905 2053 autem
929 2029 979 2054 est
1002 2033 1041 2054 ex
1065 2030 1150 2055 terra
1173 2030 1206 2055 et
1229 2033 1322 2063 aere,
1351 2031 1385 2056 et

325 2062 500 2096 humiditas
519 2074 610 2096 aerea
633 2075 687 2097 exs
712 2064 797 2097 irans
813 2072 845 2097 et
868 2075 980 2098 secum
1005 2065 1136 2099 trahens
1154 2075 1262 2111 partes
1286 2075 1384 2100 terre-

324 2114 423 2140 stres:
447 2115 580 2151 propter
603 2119 669 2152 quo
715 2107 924 2152 denigrantur
947 2120 985 2142 ea
1005 2121 1089 2154 quae
1113 2111 1226 2154 tangit.
1259 2111 1298 2144 In
1322 2111 1383 2144 hac

1447 231 1829 269 CORRUPTIONE
1859 231 1953 267 LIB.
1985 231 2016 266 11

1448 318 1558 342 tamen
1581 308 1791 351 generatione
1814 306 1998 340 notandum
2022 314 2090 347 est,
2114 306 2204 351 quod
2228 316 2298 340 sem
2324 318 2359 341 er
2381 318 2514 341 necesse

1449 361 1497 385 est
1512 353 1642 384 vincere
1658 351 1793 384 alteram
1817 351 1996 383 activamm
2020 350 2214 395 qualitatum
2238 359 2271 384 et
2290 362 2309 384 a
2321 359 2425 385 teram
2441 363 2515 396 pas-

1448 397 1603 435 sivarum,
1624 395 1701 439 quia
1717 394 1809 428 aliter
1825 405 1894 427 non
1910 402 1995 427 esset
2011 395 2202 428 coniunctio
2218 395 2394 439 possibilis.

1503 441 1534 472 6.
1563 438 1693 472 Deinde
1722 449 1799 471 cum
1823 438 1922 471 dicit:
1954 438 1993 472 In
2027 438 2071 471 his
2099 445 2200 472 autem
2229 449 2307 483 quae
2333 446 2390 484 per
2407 450 2516 474 conse·

1447 483 1600 527 quantiam
1623 490 1696 522 etc„
1722 481 1866 515 ostendit
1889 493 1929 515 ex
1951 481 2071 533 quibus
2095 482 2226 516 duobus
2249 482 2420 516 elementis
2445 494 2515 517 non

1447 534 1557 570 potest
1579 526 1726 569 generari
1753 526 1886 558 tertium
1899 552 1908 566 ,
1940 525 2051 559 d1cens
2076 525 2167 571 quod
2195 527 2229 559 in
2261 526 2313 560 his
2345 526 2516 561 elementis

1449 581 1532 615 quae
1549 578 1626 602 sunt
1643 575 1701 614 per
1715 570 1952 614 consequentiam
1967 571 1994 610 *,
2010 569 2096 603 idest
2119 581 2202 615 quae
2226 579 2304 604 sunt
2327 571 2515 605 immediate
2545 579 2553 588 ¹

1447 615 1482 647 in
1505 613 1581 646 loco
1610 622 1642 646 et
1664 612 1786 646 habent
1812 613 2003 657 symbolum
2017 638 2026 654 ,
2058 613 2131 647 talis
2154 615 2322 658 generatio
2351 626 2423 648 esse
2446 625 2516 649 non

1447 666 1567 702 potest,
1589 657 1712 690 scilicet
1735 656 1827 701 quod
1850 668 1890 691 ex
1913 657 2054 698 duobus,
2071 658 2170 691 altera
2193 658 2348 703 qualitate
2371 659 2406 692 in
2422 667 2515 692 utro-

1447 713 1511 746 que
1528 709 1691 744 corrupta,
1701 701 1835 734 tertium
1847 710 2029 745 generetur.
2044 702 2135 742 Quia
2145 701 2200 736 illa
2213 714 2297 747 quae
2309 702 2515 747 relinquitur,

1447 754 1495 778 est
1518 754 1575 778 aut
1597 744 1711 778 eadem
1735 753 1792 778 aut
1814 746 1990 787 contraria3
2014 754 2046 779 et
2069 747 2097 779 si
2121 746 2256 791 quidem
2279 745 2377 780 fuerit
2399 747 2515 781 eadem

1446 790 1481 822 in
1503 798 1664 833 utroque,
1711 797 1768 821 uta
1791 787 1936 823 caliditas
1959 791 1995 823 in
2017 790 2094 834 igne
2117 799 2150 824 et
2173 801 2265 831 aere,
2289 801 2358 824 non
2381 801 2515 834 genera-

1446 833 1532 866 bitur
1556 832 1667 876 aliquo
1714 833 1847 866 tertium
1869 833 2088 867 elementum:
2114 835 2191 879 quia
2210 846 2250 868 ex
2271 845 2339 868 una
2360 834 2515 879 qualitate

1447 887 1515 909 non
1532 885 1643 920 potest
1667 877 1824 909 constitui
1847 876 2066 918 elementum3
2089 879 2117 911 si
2140 887 2251 912 autem
2274 877 2372 912 fuerit
2388 887 2515 913 contra-

1446 921 1504 961 ria,
1529 929 1609 964 puta
1626 920 1753 953 siccitas
1777 921 1862 971 iguis
1886 930 1919 955 et
1941 921 2119 956 humiditas
2143 923 2241 956 aeris:
2266 933 2343 956 cum
2359 920 2421 956 ista
2437 934 2515 956 con-

1445 965 1572 1008 iugatio
1603 965 1646 997 sit
1668 963 1881 1007 impossibilis
1911 974 1949 998 ut
1972 977 2072 1010 supra
2101 966 2227 1000 dictum
2251 975 2324 1007 est,
2347 977 2410 1000 nec
2435 975 2516 1000 tunc

1446 1009 1566 1052 poterit
1588 1008 1736 1052 generari
1760 1009 1894 1042 tertium
1917 1009 2128 1043 elementum.
2155 1010 2312 1044 Similiter
2332 1019 2447 1050 'autem
2465 1019 2516 1044 est

1445 1053 1479 1085 in
1504 1051 1574 1085 aliis
1599 1051 1794 1085 habentibus
1818 1052 2020 1096 symbolum,
2044 1053 2169 1087 scilicet
2190 1054 2225 1087 in
2249 1063 2333 1087 terra
2357 1062 2390 1087 et
2411 1065 2514 1106 aqua:

1446 1097 1523 1141 quia
1546 1097 1580 1129 in
1605 1095 1759 1129 omnibus
1783 1096 1902 1130 talibus
1925 1109 2010 1142 quae
2033 1097 2155 1131 habent
2182 1097 2281 1131 talem
2305 1098 2514 1132 coniunctio·
2567 1115 2570 1118 ⁴

1445 1151 1522 1173 nem
1546 1141 1580 1173 in
1603 1139 1691 1181 loco,
1715 1148 1748 1173 et
1763 1148 1814 1174 est
1831 1141 1916 1174 inter
1938 1152 1976 1174 ea
2000 1142 2230 1175 convenientia
2253 1141 2431 1186 qualitatis,
2447 1152 2516 1177 um

1446 1183 1586 1229 qualitas
1609 1193 1659 1217 est
1682 1183 1798 1218 eadem
1828 1193 1862 1218 et
1893 1184 1993 1218 altera
2016 1186 2187 1219 contraria.
2221 1185 2271 1219 Ex
2297 1185 2393 1221 dictis
2414 1186 2516 1231 igitur

1444 1228 1656 1262 manifestum
1675 1237 1725 1261 est
1748 1228 1839 1272 quod
1861 1227 2035 1270 elementa,
2051 1240 2135 1274 quae
2150 1241 2191 1263 ex
2210 1241 2280 1263 uno
2298 1230 2332 1264 in
2352 1240 2516 1266 unumex

1443 1272 1550 1305 veloci
1573 1273 1785 1316 generatione
1813 1281 2006 1314 transeunt,
2031 1282 2232 1317 generantur
2261 1285 2329 1307 una
2358 1271 2515 1320 qualitate

1444 1324 1616 1360 corrupta3
1663 1327 1725 1350 uae
1755 1325 1867 1350 autem
1890 1326 2061 1351 transeunt
2083 1318 2099 1351 β
2129 1329 2170 1351 ex
2189 1317 2320 1352 duobus
2350 1318 2386 1352 in
2407 1328 2516 1360 unum

1445 1361 1578 1393 tertium
1591 1387 1600 1401 ,
1624 1360 1635 1393 i
1661 1371 1679 1394 a
1702 1369 1873 1394 transeunt
1902 1361 2030 1395 duabus
2060 1361 2272 1406 qualitatibus
2296 1362 2470 1407 corruptis.
2493 1380 2514 1389 -

1444 1404 1574 1438 Ultimo
1589 1404 1746 1449 epilogat,
1769 1413 1802 1438 et
1825 1413 1915 1449 patet
1937 1406 1972 1439 in
1994 1405 2112 1440 littera.
2375 1438 2377 1440 .

1500 1448 1680 1482 Dubitatur
1701 1448 1742 1483 de
1766 1448 1830 1482 hoc
1853 1449 1945 1494 quod
1975 1449 2029 1483 hic
2057 1449 2136 1484 dicit
2158 1449 2399 1494 Philosophus,
2421 1449 2514 1496 qnod

1444 1502 1598 1537 corrupta
1621 1492 1796 1537 frigiditate
1820 1502 1924 1527 terrae
1947 1502 1980 1527 et
2001 1493 2196 1528 humiditate
2219 1495 2303 1528 aeris
2326 1493 2384 1528 fiet
2404 1494 2514 1540 igni„

1443 1536 1508 1570 hoc
1532 1537 1621 1570 enim
1653 1547 1723 1570 non
1755 1537 1886 1571 videtur
1913 1537 2071 1582 possibile
2094 1549 2187 1572 esse:
2219 1539 2296 1583 quia
2323 1548 2386 1572 nec
2409 1546 2514 1574 temne

1443 1581 1570 1615 siccitas
1587 1591 1648 1614 nec
1665 1580 1810 1615 caliditas
1826 1582 1908 1615 aeris
1923 1581 2078 1616 videntur
2101 1582 2142 1617 ad
2163 1583 2411 1627 generationem
2425 1582 2512 1628 ignis

1441 1635 1540 1669 posse
1564 1624 1729 1659 sufficere:
1755 1625 1840 1670 ignis
1863 1626 1952 1660 enim
1975 1626 2082 1660 multo
2107 1626 2244 1660 calidior
2262 1635 2312 1660 est
2356 1636 2435 1661 um
2456 1637 2513 1662 aer

1442 1677 1475 1702 et
1491 1669 1609 1703 siccior
1647 1681 1724 1703 uam
1739 1677 1833 1703 terra.
1857 1669 1910 1704 Ad
1931 1669 1996 1704 hoc
2010 1679 2121 1704 autem
2136 1670 2251 1705 dicunt
2267 1639 2403 1716 quiam
2418 1670 2512 1717 quod

1441 1724 1511 1747 non
1527 1714 1618 1747 inten
1642 1714 1668 1747 it
1683 1713 1910 1759 Philosophus
1933 1714 2025 1759 quod
2047 1725 2088 1748 ex
2110 1714 2174 1748 illis
2190 1714 2322 1749 duobus
2337 1722 2512 1760 generetur

1441 1769 1544 1802 purus
1561 1759 1658 1802 ignis,
1674 1757 1732 1791 sed
1756 1757 1879 1810 aliquid
1902 1758 1993 1803 quod
2014 1759 2157 1792 maxime
2173 1760 2345 1804 participet
2358 1767 2511 1795 naturam

1441 1803 1534 1842 eius,
1565 1803 1651 1835 sicut
1673 1813 1767 1835 exem
1793 1801 1893 1836 lificat
1919 1802 1960 1836 de
1983 1802 2128 1837 flamma.
2156 1803 2222 1838 Sed
2246 1803 2311 1838 hoc
2333 1812 2419 1838 sure
2441 1811 2511 1838 non

1439 1854 1551 1890 potest
1565 1871 1574 1887 ,
1606 1847 1684 1891 quia
1707 1845 1770 1880 Phi
1783 1846 1932 1899 osophus
1961 1846 2110 1892 loquitur
2141 1847 2182 1882 de
2212 1848 2426 1899 generatione
2444 1847 2511 1889 ele·x

1440 1899 1642 1931 mentorum,
1663 1899 1696 1924 et
1718 1901 1787 1924 non
1813 1899 1994 1925 mixtorum
2017 1903 2058 1925 ex
2080 1891 2266 1933 elemenns;
2290 1900 2323 1926 et
2345 1898 2534 1937 praem·

1439 1935 1539 1968 etiam
1563 1934 1709 1968 caliditas
1732 1934 1885 1969 flammae
1908 1934 2015 1969 multo
2037 1935 2199 1970 intensior
2229 1943 2280 1970 est
2307 1946 2409 1981 quam
2431 1935 2510 1971 enli-

1440 1978 1523 2012 ditas
1539 1979 1632 2012 aeris.
1652 1979 1695 2013 Et
1709 1978 1786 2012 ideo
1802 1978 1980 2013 dicendum
1983 1979 2088 2057 flquod
2103 1988 2279 2024 generatur
2293 1990 2397 2025 purus
2411 1979 2509 2025 ignis.

1440 2023 1481 2057 Et
1504 2022 1580 2056 licet
1603 2022 1657 2056 illa
1681 2022 1826 2058 caliditas
1849 2034 1919 2058 non
1942 2035 1980 2057 su
2020 2025 2094 2065 ciat,
2117 2025 2250 2058 iuvatur
2271 2032 2384 2058 tamen
2404 2025 2510 2065 etin-

1439 2067 1586 2101 tenditur
1612 2077 1671 2112 per
1699 2068 1855 2101 virtutem
1879 2069 2027 2113 corporis
2051 2068 2198 2103 caelestis
2211 2093 2221 2111 ,
2254 2077 2287 2103 et
2309 2068 2384 2103 luce
2403 2067 2487 2103 solis
2501 2093 2513 2111 ,

1439 2120 1472 2145 et
1495 2123 1554 2156 per
1576 2112 1732 2145 virtutem
1755 2111 1892 2146 aliarum
1915 2111 2094 2146 stellatum.
2322 2133 2331 2139 —

377 2247 402 2281 β)
420 2252 583 2282 generantur
602 2257 685 2276 una...
704 2254 852 2277 transeunt.
869 2265 888 2271 -
905 2252 963 2277 Hoc
982 2251 1197 2286 homoteleuton,
1214 2254 1344 2279 omissum
1364 2254 1390 2280 in
1404 2254 1491 2284 reah,
1510 2255 1671 2281 restituimus
1689 2262 1720 2281 ex
1738 2253 1770 2281 B.
1788 2255 1904 2282 Alba-to.
