2696 4140
351 261 429 307 428

387 337 434 370 (V
448 335 574 369 Physic).
593 335 617 365 1,
635 341 684 364 vn,
706 340 729 358 2.
741 347 760 352 -
773 333 919 357 Secundum
939 332 1039 356 tertiam

388 372 516 406 qualitatis
530 370 642 403 speciem
657 370 672 400 (
677 369 730 393 VII
735 368 861 402 Physicj.
875 367 937 392 ibid.
946 381 964 386 —
974 368 1040 392 Cau-

388 413 458 433 satur
476 415 491 431 a
510 411 581 430 motu
606 405 694 429 locali:
720 409 760 428 est
782 403 864 436 prima
889 404 953 427 inter
976 403 1040 426 alios

389 448 489 468 motus:
505 442 537 466 de
550 441 639 465 ordine
651 441 676 464 in
691 438 890 464 alterationibus.
904 438 931 468 11,
941 445 963 467 x,
979 445 1041 462 10.—

388 479 436 503 Est
450 486 464 502 a
476 476 602 502 contrario
621 476 646 500 in
665 475 826 500 contrarium.
842 474 858 503 Ι,
873 481 916 503 νιι,
932 480 956 498 2.
975 480 1039 502 xxnt,

393 522 432 539 11.
445 527 463 532 -
477 513 514 537 Ex
532 511 651 544 qualibus
670 511 702 535 sit
721 508 860 534 contrariis.
879 509 897 538 1,
917 516 960 538 vn,
981 515 1004 532 2.
1022 521 1041 526 —

388 548 512 573 Alteratio
524 547 626 580 passiva
639 550 664 570 et
677 545 822 578 perfectiva.
832 544 850 574 1,
859 551 902 572 vu,
915 543 938 568 3.
949 543 977 573 11,
987 550 1005 567 1.
1015 541 1040 566 6.

387 598 406 602 -
419 583 588 608 Alterationes
604 582 684 606 factae
698 588 728 605 ex
742 579 869 612 principiis
885 577 1039 607 extrinsecis,

389 619 489 644 etiamsi
510 617 662 645 contrarIae,
681 619 792 648 possunt
811 621 869 638 esse
888 614 952 638 circa
972 613 1040 636 idem

389 654 546 678 subiectum:
566 652 729 677 contrarietas
754 654 840 674 autem
863 648 1040 673 alterationum

390 688 592 722 provenientium
612 695 641 711 ex
660 685 786 718 principiis
809 683 959 713 intrinsecis,
980 690 1040 707 con-

389 725 505 756 sequitur
518 723 720 747 contrarietatem
735 719 878 744 mobilium.
891 719 909 749 1,
919 726 954 749 νι,
974 717 1012 742 ι3.
1021 731 1041 736 -

390 760 476 784 Omne
495 765 588 790 corpus
608 757 721 781 naturale
737 755 808 788 quod
822 754 950 784 alteratur,
964 752 1042 778 habet

390 799 555 827 augmentum
570 797 595 817 et
610 793 810 816 decrementum.
822 789 840 820 1,
854 797 897 820 v11,
909 796 934 814 2.
945 803 964 808 —
978 789 1041 814 Cor-

390 837 438 862 pus
458 827 664 853 mathematicum
678 830 763 859 potest
778 826 877 850 alterari
896 825 996 857 absque
1010 831 1041 849 eo

391 865 461 897 quod
479 868 607 894 augeatur,
627 866 652 886 et
670 869 684 886 e
703 869 840 886 converso:
860 860 1003 893 quomodo.
1022 860 1040 890 Ι,

389 907 433 929 vu,
446 907 471 930 4.
485 913 504 918 —
517 899 633 923 Alterans
654 897 761 929 aequale
779 896 804 920 in
823 895 997 929 magnitudine
1016 900 1042 920 et

389 935 494 964 virtute,
516 935 542 959 in
560 933 659 965 aequali
678 937 794 964 tempore
818 932 924 964 aequale
947 938 1041 963 corpus

390 971 488 994 alterat.
507 970 529 1000 1,
547 976 597 998 x1V,
620 968 643 993 3.
660 981 679 987 ›-
697 968 780 992 Minus
800 968 912 991 alterans
926 967 1042 991 alterabit

390 1005 475 1029 minus
490 1012 582 1036 corpus
598 1004 622 1027 in
637 1003 736 1035 aequali
749 1008 879 1035 tempore:
898 1007 995 1035 quanto
1010 1002 1043 1026 sit

390 1041 475 1064 minus
494 1047 587 1071 corpus
604 1039 738 1063 alteratum
757 1046 803 1062 seu
819 1042 928 1062 motum.
944 1038 1007 1064 ibid.
1024 1052 1043 1057 -

389 1076 507 1100 Alterans
522 1075 611 1099 alterat
625 1074 768 1099 secundum
785 1078 866 1098 totam
881 1081 954 1098 suam
969 1082 1042 1107 gros-

390 1111 488 1135 sitiem:
508 1115 583 1134 tenue
600 1117 651 1133 non
667 1114 706 1134 est
725 1109 759 1133 ita
777 1107 864 1133 efficax
883 1110 915 1134 ad
933 1110 1043 1134 alteran-

391 1146 452 1170 dum
471 1146 537 1170 sicut
554 1152 683 1177 grossum,
699 1144 833 1176 supposita
851 1144 980 1170 identitate
998 1153 1043 1169 na-

390 1186 470 1206 turae.
487 1181 515 1210 ΙΙ,
528 1188 550 1209 x,
569 1188 607 1204 11.
619 1194 639 1198 -
650 1180 688 1204 De
702 1180 850 1204 alteratione
864 1187 910 1212 per
928 1181 1043 1205 medium

391 1224 443 1241 non
458 1216 600 1240 alteratum.
620 1215 682 1240 ibid.
694 1229 713 1234 —
729 1216 771 1248 Cf.
783 1216 959 1244 incensarum,
975 1216 1043 1240 Cas-

391 1259 451 1281 um,
471 1251 633 1280 Ganaaxmo,
653 1251 754 1280 passm,
774 1251 948 1276 Suasranna.

355 1288 478 1311 Aimo—
490 1286 586 1311 Dicitur
605 1287 636 1311 de
656 1286 766 1310 duobus.
785 1286 803 1315 I,
821 1293 848 1317 11,
868 1285 893 1310 6.

355 1324 478 1347 Amen-ta
493 1336 525 1340 —
539 1322 580 1346 Ad
599 1322 682 1354 ipsam
697 1321 806 1353 pertinet
822 1329 978 1354 congregare
993 1321 1045 1346 dis-

392 1362 505 1389 gregata.
524 1357 564 1387 111,
583 1364 616 1386 vi,
636 1355 662 1382 6.
680 1370 700 1376 -
723 1357 786 1381 Vide
804 1357 986 1382 Emanocms.

356 1389 510 1417 Aimmfflca
522 1405 558 1411 —
570 1393 718 1425 Analogice,
733 1392 829 1416 scilicet
841 1400 886 1424 per
898 1397 1045 1425 respectum

392 1428 423 1452 ad
437 1435 519 1452 unum
533 1427 654 1460 primum.
669 1428 687 1458 1,
701 1435 740 1459 xx,
758 1435 781 1452 2.
790 1428 965 1460 —Analogice,
980 1428 1047 1453 idest

392 1463 621 1496 proportionaliter.
640 1463 670 1494 11,
689 1471 721 1492 xi,
740 1471 766 1495 4.
788 1463 827 1496 Cf.
847 1463 864 1494 Ι,
878 1471 928 1493 xiv,
946 1463 968 1488 3.

355 1499 537 1523 Ammaous
553 1511 587 1517 —
604 1499 694 1523 Posuit
712 1503 798 1531 partes
818 1506 956 1531 corporum
975 1498 1046 1523 simi-

392 1534 469 1563 lium,
488 1533 597 1559 infinitas
623 1539 648 1558 et
670 1533 851 1564 indivisibiles,
871 1541 929 1559 esse
947 1534 1048 1559 semina

392 1569 523 1596 omniurn:
543 1570 637 1602 ignem,
651 1577 746 1599 aerem,
761 1577 856 1602 aquam
869 1575 894 1594 et
908 1574 1002 1594 terram
1017 1577 1048 1594 ex

392 1604 432 1629 his
445 1605 514 1630 varie
528 1605 671 1630 commixtis
683 1613 742 1630 esse
755 1605 911 1638 composita:
926 1613 974 1638 per
988 1613 1049 1630 con-

392 1641 567 1673 gregationem
591 1645 616 1665 et
640 1640 845 1673 segregationem
870 1640 964 1665 horum
989 1648 1048 1666 esse

392 1676 583 1708 generationem
607 1680 633 1700 et
655 1676 856 1708 corruptionem.
880 1677 924 1706 111,
943 1684 1003 1706 vm,
1023 1676 1048 1701 8.

396 1712 437 1744 Cf.
455 1712 480 1742 Ι,
498 1719 558 1742 xm,
581 1719 620 1736 10.
640 1712 685 1740 ΙΙΙ,
703 1719 761 1742 vm,
780 1710 806 1736 6.
819 1726 838 1730 -
854 1711 917 1736 Eius
935 1712 1049 1744 opinioni

393 1746 460 1772 circa
473 1747 600 1772 elementa
614 1747 756 1780 corporalia
769 1747 936 1780 praeferenda
949 1752 989 1772 est
1007 1748 1050 1772 illa

394 1782 567 1814 Empedoclis.
580 1783 618 1813 ΙΙΙ,
631 1790 685 1812 νιιι,
696 1790 722 1816 9.
733 1796 752 1801 -
765 1783 890 1807 Mundum
905 1783 1049 1815 incoepisse

394 1826 425 1843 ex
438 1818 590 1851 corporibus
603 1826 654 1843 non
669 1818 742 1850 prius
755 1818 833 1843 motis
847 1818 971 1842 asseruit:
987 1818 1050 1851 quid

394 1854 427 1878 de
445 1854 494 1879 hoc
513 1853 658 1878 dicendum.
677 1854 716 1884 111,
735 1861 769 1885 vt,
789 1852 814 1879 6.
825 1867 845 1872 -
857 1853 953 1878 Totum
973 1861 1050 1878 mun-

395 1890 457 1915 dum
476 1896 535 1914 esse
552 1887 665 1920 finitum;
685 1894 710 1914 et
727 1894 823 1914 terram
841 1889 867 1914 in
886 1890 941 1914 eius
964 1889 1050 1914 medio

395 1925 506 1958 positam
517 1932 584 1949 esse.
594 1925 622 1954 ΙΙ,
632 1933 670 1955 xx,
682 1924 706 1950 3.
714 1939 734 1944 -
742 1925 862 1950 Traditur
872 1925 950 1949 etiarn
963 1925 1050 1958 ipsum

396 1961 515 1986 docuisse
529 1960 599 1992 quod
614 1961 714 1985 caelum
733 1961 758 1985 in
777 1968 826 1985 suo
844 1961 895 1985 situ
913 1968 1051 1985 conserve-

395 2001 437 2021 tur
448 2001 552 2028 propter
562 1996 724 2021 velocitatem
738 2001 824 2021 motus
838 1997 906 2021 eius:
919 1995 1050 2020 refutatur.

396 2033 426 2061 ΙΙ,
445 2039 462 2061 ι,
481 2039 506 2065 9.
519 2045 538 2050 -
550 2031 649 2061 Quietis
668 2036 750 2056 terrae
769 2039 873 2056 causam
891 2031 1050 2056 latitudinem

396 2067 452 2092 eius
470 2067 565 2099 posuit,
579 2072 685 2100 propter
702 2075 781 2099 quam
799 2075 886 2092 aerem
905 2066 1050 2092 inferiorem

396 2102 585 2135 superequitat:
604 2101 729 2127 refellitur
747 2102 811 2128 haec
826 2102 929 2135 positio.
948 2103 976 2131 11,
990 2109 1051 2127 xxm

391 2145 444 2170 per
462 2140 509 2163 tot.
520 2151 540 2157 -
553 2138 654 2162 Nomen
667 2138 776 2163 aethera
791 2139 858 2163 male
871 2138 1050 2170 interpretatus

396 2178 444 2204 est,
463 2173 515 2205 igni
534 2173 620 2206 ipsum
639 2173 788 2198 attribuens.
807 2174 825 2205 Ι,
844 2181 888 2204 vn,
905 2181 929 2206 7.
951 2173 991 2207 Cf.
1011 2173 1051 2203 111,

395 2216 455 2240 vm,
475 2208 501 2234 8.

360 2245 554 2270 Anaxntannan
567 2259 600 2263 —
613 2244 719 2275 Docuit,
737 2251 862 2277 vaporem
881 2251 940 2268 esse
958 2244 1050 2276 princi-

396 2280 469 2313 pium
483 2280 628 2305 subsistens
644 2280 766 2305 omnibus
781 2287 848 2312 quae
860 2285 1014 2312 generantur
1026 2284 1051 2304 et

396 2320 602 2348 corrumpuntur.
626 2316 670 2345 ΙΙΙ,
689 2323 721 2347 ιι,
742 2315 766 2341 5.
777 2327 796 2334 ·-
809 2315 886 2345 Quod
911 2320 1051 2347 antequam

396 2352 510 2376 mundus
528 2350 609 2381 fieret,
623 2352 710 2376 omnia
728 2356 817 2376 essent
835 2350 978 2383 aliqualiter
990 2357 1050 2375 con-

396 2391 507 2420 gregata,
520 2387 566 2412 sed
583 2387 654 2419 quod
673 2387 699 2411 in
713 2386 802 2411 mundi
815 2386 996 2411 constitutione
1010 2393 1051 2410 se-

397 2427 503 2455 gregata
520 2423 579 2447 sint.
597 2422 638 2453 ΙΙΙ,
651 2429 685 2452 νι,
701 2421 726 2447 6.
739 2436 758 2441 -
771 2422 898 2447 Mundum
917 2430 976 2447 esse
995 2420 1051 2446 fini-

397 2462 461 2488 tum,
475 2462 501 2483 et
518 2463 612 2483 terram
631 2458 657 2482 in
675 2457 731 2482 eius
749 2458 836 2482 medio
854 2465 913 2482 esse
931 2457 1052 2490 positam.

397 2494 427 2523 11,
442 2501 481 2524 xx,
498 2493 521 2518 3.
532 2506 550 2512 ·-
563 2493 672 2518 Terram
690 2493 717 2518 in
735 2493 822 2518 medio
841 2493 975 2525 quiescere
992 2500 1052 2525 pro-

398 2533 456 2562 pter
480 2529 592 2553 similem
617 2529 672 2553 eius
695 2528 871 2553 habitudinem
896 2529 927 2553 ad
945 2535 1051 2553 omnem

399 2564 462 2589 caeli
481 2568 589 2597 partem.
608 2564 643 2593 ΙΙ,
666 2571 727 2593 xxv,
751 2571 773 2589 ι.
790 2577 810 2583 ·-
826 2563 948 2588 Traditur
966 2563 1052 2595 ipsum

370 2620 373 2622 .
399 2599 483 2631 primo
501 2599 632 2624 invenisse
644 2599 770 2624 rationem
789 2599 822 2624 de
836 2598 1053 2631 magnitudinibus

400 2635 541 2663 stellarum,
555 2642 697 2667 earumque
710 2634 836 2660 distantiis
854 2634 886 2659 ab
906 2633 1014 2658 invicem
1029 2639 1054 2659 et

400 2678 415 2695 a
432 2675 508 2695 terra.
526 2670 555 2700 11,
574 2677 614 2700 xv,
637 2677 658 2695 ι.

364 2706 535 2730 Anaximenes
548 2718 585 2724 --
597 2706 691 2730 Aerem
711 2705 772 2730 dixit
785 2713 845 2730 esse
858 2705 1010 2738 principium
1024 2703 1053 2730 fi-

400 2748 461 2766 xum
486 2745 511 2765 et
534 2741 678 2765 subsistens
703 2741 825 2765 omnibus
850 2748 917 2773 quae
941 2739 1006 2765 fiunt
1030 2745 1055 2764 et

401 2781 609 2809 corrumpuntur.
628 2776 672 2805 ΙΙΙ,
690 2783 721 2806 ιι,
742 2775 765 2801 5.
783 2790 802 2795 -
820 2776 975 2801 Universum
995 2782 1054 2800 esse

400 2810 536 2836 infinitum.
546 2812 574 2841 ΙΙ,
585 2819 650 2841 xm,
661 2810 686 2836 6.
695 2826 716 2831 —
724 2811 833 2836 Terram
847 2811 982 2844 quiescere
993 2818 1054 2843 pro-

399 2852 456 2880 pter
481 2846 535 2871 eius
555 2847 727 2876 latitudinem,
750 2847 819 2872 unde
837 2847 960 2879 contingit
983 2846 1054 2879 quod

401 2889 488 2907 aerem
497 2881 644 2907 inferiorem
654 2882 842 2915 superequitat:
856 2882 980 2907 refutatur
991 2881 1054 2906 haec

400 2918 501 2950 positio.
521 2918 549 2948 ΙΙ,
561 2925 622 2942 xxm
636 2925 688 2950 per
706 2921 754 2943 tot.
772 2925 837 2948 xxiv,
854 2925 877 2942 2.

365 2954 491 2978 Amanus
504 2967 539 2972 —
552 2953 671 2985 Angulus
689 2953 829 2985 corporalis
848 2953 982 2986 quomodo
1002 2951 1054 2977 fiat.

401 2989 441 3019 ΙΙΙ,
456 2996 489 3018 ιν,
508 2996 529 3013 ι.
542 3003 563 3008 -
574 2989 693 3022 Angulus
707 2994 797 3014 acutus
811 2993 852 3014 est
863 2996 923 3021 pars
937 2988 1055 3013 materia-

402 3024 434 3048 lis
452 3028 571 3057 respectu
590 3025 676 3057 anguli
695 3025 770 3049 recti:
789 3024 815 3048 in
833 3025 888 3049 eius
907 3022 1055 3049 definitione

401 3059 504 3092 ponitur
523 3060 632 3091 angulus
646 3065 741 3085 rectus.
754 3059 875 3085 Prooem.
892 3067 916 3085 2.
928 3073 946 3078 -
961 3059 1054 3092 Figura

403 3095 530 3127 angularis
558 3094 636 3120 habet
663 3095 812 3120 fractionem
841 3096 866 3120 in
893 3095 1002 3128 angulis.
1030 3095 1054 3126 1,

401 3137 455 3160 vm,
467 3137 494 3161 4.

367 3165 455 3190 Anum
469 3179 502 3183 —
516 3165 563 3190 Est
578 3165 674 3198 aliquid
692 3166 815 3191 naturale.
830 3166 847 3195 Ι,
862 3173 878 3195 ι,
895 3172 919 3191 2.
931 3178 949 3185 -
962 3166 1056 3190 Anima

402 3207 454 3224 non
472 3205 512 3225 est
529 3206 634 3234 propter
653 3208 754 3234 corpus,
774 3202 821 3226 sed
839 3209 854 3226 e
873 3208 1007 3226 converso.
1026 3201 1055 3231 ΙΙ,

401 3242 454 3264 xm,
467 3243 492 3268 9.
505 3248 523 3254 —-
537 3236 598 3260 Eius
611 3237 672 3261 unio
685 3244 744 3261 cum
762 3244 869 3269 corpore
888 3235 964 3261 efficit
981 3241 1011 3261 ut
1030 3236 1054 3260 in

402 3270 452 3295 hoc
466 3276 604 3303 appareant
619 3272 781 3304 operationes
796 3273 871 3297 vitae.
886 3272 914 3302 ΙΙ,
929 3278 997 3302 xvm‚
1015 3278 1055 3303 ¹4.

401 3319 421 3324 -
434 3305 506 3330 Ordo
519 3313 597 3339 quem
611 3307 637 3331 in
650 3307 773 3332 universo
791 3312 879 3332 tenent
891 3307 998 3336 animae,
1013 3314 1054 3331 se-

404 3341 518 3366 cundum
531 3341 678 3367 Platonem:
698 3350 743 3375 per
762 3343 860 3367 animas
873 3342 978 3367 divinas
993 3342 1055 3375 quid

404 3376 534 3407 intelligat,
544 3382 569 3401 et
581 3385 660 3409 quare
673 3378 709 3402 sic
728 3378 898 3411 appellentur.
917 3378 945 3407 ΙΙ,
958 3385 992 3407 tv,
1005 3376 1028 3402 5.
1038 3392 1055 3396 -

404 3411 445 3434 An
460 3418 518 3435 esse
532 3417 601 3437 extra
613 3420 707 3445 corpus
722 3414 755 3438 sit
768 3413 867 3438 animae
881 3413 995 3437 rationali
1010 3420 1056 3437 no-

404 3445 488 3470 bilius.
507 3446 535 3475 11,
555 3455 589 3476 ιιι,
607 3447 629 3472 3.
647 3448 686 3481 Cf.
707 3448 802 3473 Ριᾼτο.
815 3462 835 3467 -
846 3448 939 3473 Anima
957 3447 1057 3473 intelle-

405 3481 470 3505 ctiva
482 3481 593 3507 humans
612 3487 651 3507 est
665 3484 748 3508 anima
761 3485 885 3516 accipiens
900 3491 914 3507 a
928 3483 1056 3508 sensibus.

406 3516 434 3545 ΙΙ,
452 3523 504 3546 xm,
523 3515 548 3541 6.
560 3531 580 3536 —
592 3518 684 3543 Anima
703 3524 742 3543 est
760 3519 954 3551 quodammodo
969 3519 1057 3543 omnia

406 3552 549 3576 secundum
573 3560 679 3578 sensum
706 3559 730 3578 et
755 3554 910 3578 intellectum
935 3554 1002 3584 (111
1025 3554 1057 3579 de

405 3586 529 3619 Anima).
545 3588 574 3618 ΙΙ,
583 3595 633 3619 ιιν,
648 3595 676 3621 7.
685 3602 704 3607 -
717 3589 842 3614 Habentia
855 3589 965 3613 animam
980 3589 1056 3613 ratio-

1094 292 1102 300 ,
1143 251 1307 288 INDEX
1335 245 1735 286 ALPHABETICUS

1131 329 1229 357 nalem,
1253 331 1331 359 agunt
1349 330 1454 358 propter
1472 323 1560 348 finem.
1579 324 1614 353 ΙΙ,
1632 329 1706 351 xvm,
1730 329 1751 347 1.
1770 335 1789 341 ·-

1131 364 1159 388 In
1174 362 1294 396 potentiis
1308 361 1408 386 animae
1422 367 1474 384 non
1488 364 1528 383 est
1540 358 1712 391 principaliter
1726 365 1787 382 con-

1131 398 1297 423 siderandum
1316 396 1342 420 id
1360 395 1431 428 quod
1449 394 1560 426 pertinet
1578 394 1610 418 ad
1628 392 1788 417 nobilitatem

1132 434 1255 465 corporis.
1275 432 1303 460 ΙΙ,
1316 438 1368 461 xm,
1384 437 1409 463 9.
1427 443 1447 448 —
1463 430 1550 454 Motus
1570 428 1671 453 animae
1687 428 1719 453 ad
1737 429 1788 452 vir-

1131 473 1213 492 tutem
1229 472 1254 492 et
1268 467 1358 491 vitium
1377 473 1429 490 non
1448 469 1510 489 sunt
1527 464 1656 489 naturales
1676 463 1723 488 sed
1741 471 1788 488 vo—

1133 503 1242 528 luntarii.
1261 502 1279 533 1,
1297 509 1332 531 vr,
1355 500 1394 525 13.
1411 514 1431 519 —
1448 499 1558 525 Animae
1575 499 1684 524 virtutes
1708 499 1790 524 deno-

1131 539 1261 563 minantur
1275 537 1306 562 ab
1319 537 1412 561 ultimo
1431 535 1569 568 potentiae.
1582 535 1601 566 1,
1618 542 1675 564 xxv,
1687 541 1714 566 4.
1727 548 1747 553 -
1761 535 1790 560 In

1130 573 1259 598 habitibus
1277 572 1377 596 animae
1390 570 1506 603 operatio
1526 575 1567 595 est
1583 570 1642 595 finis
1661 575 1688 595 et
1705 570 1789 602 perfe-

1131 610 1189 633 ctio.
1208 609 1242 638 11,
1262 615 1303 638 tv,
1324 606 1348 632 5.
1365 621 1384 626 -
1402 607 1441 631 De
1459 606 1546 631 anima
1566 605 1720 630 intellectiva
1744 606 1790 630 ali-

1131 644 1193 676 quid
1218 643 1325 668 traditur
1343 643 1369 667 in
1392 641 1507 675 physica.
1527 642 1576 672 ΙΙΙ,
1595 649 1618 672 1,
1637 648 1664 673 4.
1682 655 1702 660 —-
1724 641 1789 666 Vide

1131 680 1245 710 Amana,
1264 679 1417 703 Amana-rum.

1095 715 1201 739 Αιωιᾼι,
1214 728 1250 732 —
1264 714 1303 738 De
1322 713 1475 738 animalibus
1499 720 1552 737 non
1577 712 1660 744 agitur
1678 711 1704 736 in
1723 711 1789 736 libro

1132 750 1165 775 de
1181 750 1275 775 Caelo:
1288 757 1376 781 quare.
1390 747 1549 774 Prooemd5.
1561 762 1580 766 —
1589 748 1648 772 Non
1662 746 1791 780 pertinent

1131 786 1164 810 ad
1183 786 1293 819 primam
1312 784 1484 817 integritatem
1497 784 1619 809 universi.
1639 784 1657 813 Ι,
1669 790 1706 813 ιιι,
1726 789 1747 807 ι.
1759 782 1789 812 ΙΙ,

1131 830 1149 852 ι,
1166 829 1189 846 2.
1198 835 1217 840 -
1226 822 1291 845 Sunt
1303 820 1410 845 effectus
1425 819 1537 852 partium
1550 819 1650 844 mundi.
1664 818 1693 848 ΙΙ,
1707 825 1726 848 1,
1742 825 1791 842 2·-

1132 858 1197 882 Sunt
1211 856 1369 881 substantiae
1381 856 1526 880 naturales:
1545 854 1642 880 habent
1655 860 1750 886 corpus
1765 859 1791 879 et

1131 892 1343 925 magnitudinem.
1363 891 1384 921 I,
1404 898 1421 921 1,
1438 898 1461 915 2.
1481 891 1520 920 ΙΙΙ,
1539 898 1556 920 ι,
1579 889 1602 915 5.
1617 903 1637 909 ·—
1650 891 1715 914 Sunt
1734 897 1791 914 cor-

1132 936 1195 961 pora
1208 928 1286 952 mixta
1304 926 1423 952 animata.
1443 926 1482 957 111,
1501 934 1518 957 1,
1532 933 1559 957 4.
1577 933 1631 956 vm,
1646 924 1672 950 6.
1690 939 1709 944 -
1727 925 1791 950 Cor-

1132 971 1195 997 pora
1214 962 1334 996 perfecta,
1354 962 1421 986 idest
1439 961 1559 986 animalia
1576 961 1698 993 perfecta.
1718 961 1747 990 11,
1762 968 1790 991 11,

1134 1000 1157 1024 3.
1167 1014 1186 1018 —
1195 999 1297 1031 Corpus
1310 997 1428 1022 animalis
1441 1001 1482 1021 est
1493 997 1658 1022 dissimilium
1670 997 1791 1029 partium.

1133 1037 1151 1065 Ι,
1164 1042 1217 1064 xm,
1237 1032 1263 1058 6.
1275 1047 1294 1052 -
1307 1033 1478 1065 Componitur
1497 1040 1528 1057 ex
1546 1037 1659 1065 quatuor
1677 1033 1792 1056 elemen-

1133 1071 1173 1095 tis.
1183 1077 1216 1101 ix,
1229 1077 1251 1094 2.
1260 1083 1279 1088 -
1290 1069 1409 1094 Subiacet
1423 1068 1581 1100 generationi
1595 1074 1621 1092 et
1633 1067 1792 1101 corruptioni

1134 1105 1277 1131 secundum
1295 1109 1389 1129 totum.
1408 1104 1437 1134 11,
1456 1111 1473 1134 1,
1495 1111 1519 1128 2.
1535 1111 1588 1133 xm,
1610 1103 1706 1128 5.-1n
1724 1110 1791 1136 quae

1133 1141 1289 1171 resolvatur,
1314 1139 1478 1172 corruptione
1502 1138 1576 1164 facta.
1595 1139 1636 1170 111,
1654 1147 1709 1168 vm,
1729 1137 1754 1163 6.
1772 1152 1792 1156 —

1134 1176 1262 1201 Animalia
1276 1181 1336 1200 sunt
1348 1176 1373 1199 id
1388 1175 1459 1207 quod
1475 1179 1536 1199 sunt
1550 1175 1633 1207 magis
1647 1175 1791 1200 secundum

1134 1213 1247 1237 animam
1266 1219 1346 1244 quam
1365 1211 1510 1236 secundum
1526 1218 1630 1243 corpus.
1649 1212 1671 1240 Ι.
1690 1218 1712 1240 ι,
1733 1217 1756 1234 2.
1774 1223 1794 1228 -

1134 1248 1227 1272 Anima
1246 1252 1286 1272 est
1304 1247 1330 1271 in
1348 1247 1378 1271 iis
1397 1245 1551 1279 principium
1569 1247 1681 1271 activum
1695 1250 1792 1270 motus.

1135 1284 1153 1313 l,
1167 1291 1204 1312 ιιι,
1217 1290 1243 1314 4.
1254 1296 1274 1301 -
1286 1282 1422 1314 Proprium
1441 1286 1482 1306 est
1500 1281 1651 1306 animalium
1667 1281 1738 1314 quod
1752 1288 1794 1305 se-

1135 1319 1191 1351 ipsa
1209 1323 1339 1342 moveant.
1358 1318 1377 1342 l.
1396 1325 1436 1347 κν,
1458 1317 1481 1342 5.

1171 1353 1329 1379 Sensitivum
1347 1353 1480 1379 constituit
1497 1352 1601 1377 animal.
1619 1353 1648 1384 11,
1666 1359 1719 1382 xm,
1736 1359 1764 1383 4.
1775 1365 1795 1370 -

1136 1390 1252 1422 Corpora
1265 1389 1426 1414 terrestrium
1438 1389 1588 1419 animalium
1601 1395 1616 1413 a
1629 1387 1795 1421 corruptione

1136 1429 1334 1458 praeservantur
1352 1431 1399 1457 per
1418 1431 1535 1449 sensum.
1553 1423 1582 1453 ΙΙ,
1596 1431 1649 1455 xm,
1663 1422 1688 1449 6.
1699 1428 1719 1443 ··-
1731 1423 1794 1448 Pro-

1136 1465 1193 1494 pter
1212 1461 1325 1485 animam
1344 1459 1494 1484 sensitivam
1510 1467 1667 1492 organorum
1687 1459 1795 1485 diversi-

1137 1501 1216 1521 tatem
1235 1495 1380 1528 requirunt.
1400 1495 1432 1526 11,
1451 1503 1504 1525 xm,
1524 1503 1549 1527 7.
1571 1495 1611 1529 Cf.
1630 1496 1654 1526 1,
1673 1503 1715 1526 xv,
1735 1494 1760 1520 5.
1777 1509 1796 1514 -

1137 1532 1236 1556 Sensus
1261 1531 1344 1556 existit
1362 1531 1388 1555 in
1407 1536 1480 1563 parte
1498 1530 1628 1556 anteriori.
1647 1532 1676 1560 ΙΙ,
1691 1538 1717 1561 ιι,
1735 1530 1758 1556 5.
1776 1544 1795 1549 -

1138 1567 1215 1599 Viget
1229 1567 1255 1591 in
1269 1566 1359 1599 capite.
1379 1566 1408 1597 ΙΙ,
1420 1574 1447 1596 ιι,
1462 1574 1501 1591 ι2.
1518 1579 1539 1585 -
1556 1567 1584 1591 ln
1597 1566 1751 1591 animalibus
1765 1573 1796 1591 ea

1139 1610 1206 1635 quae
1219 1607 1282 1627 sunt
1296 1602 1379 1634 magis
1397 1606 1489 1632 terrea,
1504 1607 1567 1627 sunt
1583 1602 1751 1627 insensibilia.
1766 1602 1796 1633 ΙΙ,

1137 1645 1215 1668 xvm,
1244 1645 1282 1670 ¹4·
1299 1651 1319 1657 -
1337 1638 1376 1662 De
1401 1637 1548 1670 cognitione
1575 1642 1601 1662 et
1627 1637 1797 1662 delectatione

1139 1673 1255 1698 sensibili
1265 1673 1392 1698 animalis.
1406 1673 1470 1698 Vide
1480 1673 1579 1704 Coton,
1590 1673 1676 1704 Onon,
1687 1673 1796 1698 Samus.

1175 1709 1301 1734 Animalia
1321 1708 1432 1741 perfecta
1450 1716 1503 1733 non
1517 1709 1604 1734 solum
1619 1709 1739 1739 sentiunt,
1750 1708 1797 1734 sed

1131 1745 1217 1770 -etiam
1235 1749 1373 1769 moventur
1386 1749 1459 1769 motu
1473 1744 1557 1769 locali.
1571 1744 1600 1775 11,
1614 1751 1641 1775 ιι,
1657 1751 1680 1769 2.
1695 1751 1732 1775 ιιι,
1741 1751 1767 1775 4.
1779 1757 1798 1764 -

1139 1781 1238 1806 Sensus
1253 1785 1293 1805 est
1305 1787 1414 1804 movens
1434 1780 1578 1812 (localiter)
1597 1779 1624 1804 in
1642 1779 1797 1804 animalibus

1140 1817 1204 1848 (III
1212 1816 1245 1841 de
1256 1816 1380 1846 Anima).
1399 1815 1428 1845 ΙΙ,
1442 1823 1472 1846 ιι,
1490 1822 1529 1840 ι2.
1542 1829 1562 1835 -
1573 1815 1728 1848 Principium
1741 1823 1798 1840 mo-

1140 1860 1204 1877 vens
1223 1850 1371 1884 (localiter)
1390 1851 1508 1876 animalia
1527 1850 1659 1882 inferiora,
1679 1856 1799 1876 movetur

1142 1893 1167 1913 et
1185 1889 1271 1921 ipsum
1284 1895 1332 1920 per
1344 1887 1462 1912 accidens
1477 1887 1565 1918 (VIII
1575 1886 1703 1920 Hysia).
1717 1887 1746 1917 ΙΙ,
1760 1893 1799 1918 ιιι,

1146 1931 1186 1955 ι4.
1197 1938 1217 1943 -
1230 1923 1339 1949 Animae
1357 1922 1505 1947 mortalium
1529 1922 1678 1947 animalium
1697 1923 1800 1955 requie-

1142 1964 1219 1984 scunt
1237 1967 1252 1984 a
1270 1963 1343 1983 motu
1362 1959 1486 1991 corporis,
1501 1958 1594 1983 saltem
1610 1958 1636 1982 in
1651 1965 1755 1983 somno.
1769 1958 1799 1989 ΙΙ,

1141 2003 1159 2025 ι,
1183 2003 1222 2021 ιι.
1235 2009 1254 2014 -
1267 1994 1396 2019 Animalia
1412 1994 1544 2019 terrestria
1562 1993 1658 2018 habent
1676 2002 1691 2019 a
1709 1999 1800 2018 natura

1141 2031 1312 2056 instrumenta
1337 2035 1396 2063 apta
1420 2029 1452 2054 ad
1470 2034 1573 2054 motum
1595 2030 1800 2062 progressivum.

1142 2066 1170 2096 ΙΙ,
1189 2074 1244 2096 xm,
1263 2073 1286 2096 1,
1301 2073 1325 2090 2.
1338 2079 1357 2085 -
1371 2066 1474 2096 Quanto
1493 2069 1554 2090 sunt
1571 2065 1723 2097 perfectiora
1741 2065 1801 2090 talia

1142 2102 1269 2132 animalia,
1282 2101 1498 2134 tantofmaiorem
1517 2101 1542 2125 in
1561 2100 1678 2132 partibus
1693 2100 1800 2126 diversi-

1141 2142 1220 2163 tatem
1235 2137 1339 2163 habent.
1357 2137 1386 2166 ΙΙ,
1398 2144 1452 2166 xm,
1469 2144 1490 2161 1.
1504 2150 1524 2156 -
1537 2136 1595 2161 Una
1607 2144 1668 2169 pars
1681 2141 1802 2161 movetur

1143 2178 1203 2198 ante
1220 2173 1305 2198 aliam.
1326 2173 1355 2202 ΙΙ,
1373 2179 1410 2202 ιιι,
1432 2171 1456 2197 5.
1469 2185 1487 2191 -
1499 2172 1636 2196 Moventur
1654 2172 1799 2197 seeundum

1142 2209 1274 2242 quandam
1299 2208 1469 2233 elevationem
1493 2213 1519 2232 et
1546 2207 1751 2239 depressionem.
1770 2207 1800 2232 11.

1141 2252 1196 2275 xm,
1212 2251 1236 2269 2.
1249 2257 1270 2264 -
1282 2244 1368 2268 Motus
1379 2242 1528 2268 animalium
1543 2242 1569 2267 in
1582 2241 1634 2268 fine
1647 2243 1799 2268 remittitur:

1142 2279 1281 2304 maximam
1293 2279 1456 2304 velocitatem
1467 2278 1546 2304 habet
1557 2278 1584 2302 in
1597 2278 1692 2303 medio.
1707 2278 1736 2308 Il,
1745 2285 1800 2308 vm.

1145 2315 1169 2341 5.
1181 2323 1214 2344 ix,
1230 2322 1255 2340 2.
1266 2329 1285 2334 -
1298 2315 1385 2339 Motus
1399 2321 1490 2339 eorum
1507 2321 1613 2339 sursum
1632 2318 1672 2339 est
1690 2314 1802 2339 laborio—

1143 2358 1203 2376 sus:
1222 2358 1312 2383 quare.
1331 2350 1365 2381 ΙΙ,
1382 2357 1404 2379 ι,
1424 2357 1450 2383 7.
1466 2363 1487 2370 -
1503 2350 1608 2374 Extorta
1626 2349 1801 2382 interpretatio

1143 2386 1265 2419 Simplicii
1280 2386 1324 2418 qui
1341 2386 1408 2416 dicit,
1423 2385 1610 2418 Philosophum
1623 2385 1743 2410 animalia
1755 2393 1800 2418 ap-

1142 2422 1240 2454 pellare
1254 2421 1386 2453 proiecta.
1404 2421 1433 2450 ΙΙ,
1446 2428 1501 2451 vm,
1517 2420 1542 2446 5.
1554 2434 1574 2440 -
1586 2421 1713 2446 Animalia
1732 2421 1800 2446 loca-

1144 2457 1202 2482 liter
1219 2456 1369 2481 immobilia.
1387 2456 1417 2485 ΙΙ,
1435 2463 1462 2486 ιι,
1483 2463 1508 2481 2.
1525 2463 1578 2487 xm,
1591 2455 1623 2485 ,5.

1179 2493 1265 2517 Motus
1290 2491 1420 2524 augmenti
1439 2496 1480 2516 est
1498 2492 1580 2524 magis
1603 2491 1757 2516 intrinsecus
1776 2496 1802 2516 et

1144 2527 1288 2552 essentialis
1313 2527 1416 2552 animali
1439 2534 1518 2559 quam
1537 2531 1623 2551 motus
1648 2526 1747 2551 localis.
1766 2527 1801 2556 ΙΙ,

1143 2570 1172 2594 ιι,
1195 2570 1235 2588 ι2.
1247 2576 1267 2582 -
1280 2562 1407 2595 Principia
1425 2569 1440 2587 a
1458 2561 1554 2594 quibus
1572 2562 1696 2595 incipiunt
1713 2567 1801 2587 motus

1145 2598 1171 2623 in
1190 2598 1351 2624 animalibus.
1369 2598 1404 2628 ΙΙ,
1422 2605 1454 2627 ιι,
1475 2596 1503 2627 5,
1527 2604 1566 2622 ι2.
1588 2597 1628 2630 Cf.
1647 2597 1682 2628 ΙΙ,
1701 2604 1742 2629 ιιι,
1761 2605 1800 2628 ι2,

1149 2634 1189 2660 ι3.
1204 2634 1277 2659 Ordo
1296 2639 1414 2658 motuum
1433 2633 1458 2658 in
1477 2633 1549 2666 ipsis.
1568 2633 1598 2663 ΙΙ,
1615 2640 1642 2662 ιι,
1663 2632 1688 2658 5.

1180 2669 1343 2694 Animalibus
1357 2677 1409 2694 non
1423 2668 1608 2694 determinatur
1626 2668 1692 2693 situs
1709 2675 1800 2693 secun-

1146 2706 1208 2730 dum
1228 2712 1265 2730 se.
1284 2704 1405 2730 Prooem.
1426 2704 1480 2729 5.—-
1494 2703 1658 2730 Animalibus
1681 2703 1802 2737 perfectis

1145 2741 1232 2766 insunt
1243 2747 1335 2765 omnes
1345 2740 1507 2765 'differentiae
1520 2740 1690 2772 positionum,
1706 2739 1802 2772 imper-

1145 2775 1218 2802 fectis
1237 2781 1263 2801 et
1280 2775 1456 2800 immobilibus
1475 2775 1613 2808 quaedam.
1631 2775 1660 2806 11,
1680 2782 1712 2806 ιι,
1734 2782 1757 2804 2,
1779 2774 1801 2804 3,

1150 2820 1189 2837 ιο.
1207 2825 1227 2831 —-
1245 2811 1359 2836 Virtutes
1378 2811 1475 2844 quibus
1497 2810 1668 2835 attribuuntur
1686 2810 1802 2835 animali-

1145 2848 1196 2872 bus
1209 2847 1359 2880 positiones,
1374 2851 1512 2872 moventur
1526 2854 1572 2879 per
1586 2846 1712 2876 accidens,
1723 2846 1802 2871 motis

1147 2891 1237 2908 eorum
1262 2882 1423 2915 corporibus.
1442 2882 1476 2910 Il,
1501 2889 1538 2912 ιιι,
1562 2889 1600 2913 14.
1619 2895 1638 2900 -
1658 2882 1698 2915 Cs.
1718 2882 1801 2913 Aura,

1146 2919 1282 2948 Danaum,
1301 2919 1416 2943 Suasun.
1433 2931 1453 2936 -
1471 2917 1498 2942 ln
1517 2917 1672 2942 animalibus
1691 2921 1802 2950 possum

1146 2961 1205 2979 esse
1223 2954 1297 2986 plura
1316 2953 1400 2978 media
1418 2958 1444 2978 et
1458 2953 1532 2985 plura
1544 2957 1658 2977 extrema
1671 2952 1698 2977 in
1711 2953 1803 2978 eadem

1147 2989 1247 3022 specie:
1267 2996 1355 3021 quare.
1370 2989 1387 3018 Ι,
1401 2996 1460 3018 xvn,
1481 2987 1505 3013 5.
1517 3001 1536 3007 -
1554 2988 1612 3012 Νοιι
1631 2992 1671 3012 est
1689 2988 1757 3012 idem
1777 2989 1802 3013 in

1146 3025 1177 3050 iis
1196 3024 1311 3049 medium
1334 3024 1517 3056 magnitudinis
1536 3028 1561 3048 et
1579 3023 1695 3048 medium
1715 3030 1730 3048 a
1748 3031 1802 3056 quo

1147 3065 1238 3085 natura
1256 3064 1431 3084 conservatur.
1451 3059 1479 3090 ΙΙ,
1497 3066 1541 3090 xx,
1561 3066 1586 3091 7.
1603 3072 1623 3078 -
1640 3058 1699 3084 Non
1717 3063 1803 3092 potest

1148 3103 1207 3121 esse
1225 3096 1319 3120 animal
1336 3094 1477 3119 infinitum:
1496 3101 1586 3127 quare.
1599 3094 1619 3124 Ι,
1633 3101 1674 3125 xv,
1690 3093 1713 3118 5.
1725 3108 1744 3114 -
1757 3094 1802 3120 Se-

1147 3136 1246 3160 nectus.
1261 3131 1457 3156 decrementum
1476 3135 1502 3154 et
1515 3129 1563 3154 alia
1575 3129 1724 3154 huiusmodi
1742 3134 1803 3154 sunt

1146 3167 1173 3192 in
1186 3167 1216 3192 iis
1231 3171 1332 3199 praeter
1350 3171 1476 3190 naturam.
1495 3165 1524 3196 ΙΙ,
1543 3172 1575 3194 ιιι,
1596 3172 1621 3190 2.
1637 3179 1657 3184 -
1675 3165 1803 3190 Animalia

1147 3202 1301 3227 irrationalia
1319 3209 1366 3234 per
1383 3208 1480 3233 paucos
1500 3206 1587 3226 motus
1606 3205 1802 3233 consequuntur

1147 3238 1243 3270 aliquid
1266 3237 1399 3270 praevium
1427 3236 1593 3261 beatitudini:
1619 3236 1681 3268 quid
1706 3237 1747 3261 sit.
1767 3236 1801 3266 ΙΙ,

1147 3281 1215 3302 xvm,
1229 3280 1254 3305 4,
1267 3272 1290 3298 5.
1304 3286 1323 3292 -
1336 3273 1393 3297 Non
1409 3276 1605 3304 consequuntur
1618 3271 1802 3297 beatitudinem

1147 3316 1194 3334 seu
1213 3308 1312 3333 bonum
1330 3307 1479 3340 perfectum.
1499 3307 1562 3332 ibid.
1581 3321 1600 3326 -
1622 3306 1686 3332 Vide
1704 3307 1801 3338 Armm,

1146 3345 1300 3374 Ama-mu,

1110 3380 1302 3404 Aummu—
1315 3378 1421 3404 Nullum
1445 3385 1539 3410 corpus
1563 3378 1672 3410 simplex
1691 3382 1731 3402 est
1750 3378 1803 3403 ani—

1147 3419 1245 3439 matum
1265 3413 1328 3445 (ΠΙ
1343 3414 1376 3438 de
1393 3413 1522 3445 Anima).·
1541 3413 1603 3446 quid
1623 3413 1656 3438 de
1674 3413 1754 3438 caelo.
1773 3413 1802 3445 ΙΙ,

1145 3457 1203 3479 xm,
1226 3449 1248 3474 5.
1267 3456 1340 3478 xvm,
1364 3456 1403 3480 ¹4·
1421 3462 1440 3468 -
1459 3448 1574 3481 Corpora
1593 3448 1671 3474 mixta
1692 3449 1804 3474 animata

1147 3489 1207 3510 sunt
1221 3485 1347 3513 animalia.
1361 3485 1463 3517 plantae
1477 3489 1502 3509 et
1515 3489 1601 3516 partes
1618 3484 1721 3509 horum.
1734 3484 1763 3514 ΙΙ,
1777 3492 1803 3513 ιι.

1147 3527 1172 3545 2.
1189 3527 1259 3549 xvm,
1278 3526 1318 3551 ¹4.
1337 3520 1376 3549 ΙΙΙ,
1390 3527 1407 3550 ι,
1421 3527 1447 3551 4.
1464 3532 1484 3538 -
1501 3519 1612 3545 Formae
1631 3519 1802 3544 animatorum

1147 3555 1259 3580 mediant
1273 3555 1416 3580 secundum
1435 3555 1594 3580 nobilitatem
1609 3555 1675 3580 inter
1693 3555 1803 3580 formam

1147 3591 1209 3616 caeli
1229 3594 1254 3615 et
1272 3590 1368 3615 formas
1387 3590 1585 3616 elementorum.
1600 3591 1628 3620 ΙΙ,
1642 3597 1713 3620 xvm,
1732 3597 1772 3622 ¹4·
1786 3603 1805 3609 -

1877 320 1918 344 Ad
1937 320 2048 345 animata
2061 327 2171 352 corpora
2185 320 2313 346 elementa
2328 321 2450 346 materiae
2464 322 2537 348 habi-

1878 355 1995 380 tudinem
2010 355 2118 385 habent;
2137 356 2239 380 caelum
2252 361 2338 381 autern
2351 358 2459 389 agentis.
2473 357 2537 383 ibid.

1877 404 1896 409 -
1909 391 1938 415 In
1952 391 2105 424 corporibus
2118 391 2236 416 animatis
2255 396 2295 416 est
2313 391 2394 424 princi
2414 392 2468 418 ium
2481 400 2539 418 mo-

1878 431 1921 450 tus
1941 427 2062 456 activum,
2078 426 2174 451 scilicet
2192 426 2285 451 anima.
2302 427 2331 457 ΙΙ,
2346 434 2373 457 ιι,
2386 400 2412 452 6⁹
2431 435 2467 459 ιιι,
2482 435 2507 453 2.
2519 441 2539 447 -

1878 462 2009 486 Invenitur
2026 462 2053 486 in
2070 462 2134 494 ipsis
2154 462 2322 487 determinata
2341 470 2403 495 pars
2422 463 2539 496 corporis

1879 505 1894 522 a
1906 505 1959 530 qua
1976 497 2064 530 incipit
2082 502 2178 522 motus.
2197 497 2226 528 ΙΙ,
2241 505 2268 528 ιι,
2288 496 2314 523 6.
2326 511 2346 516 -
2357 498 2539 523 Animatorum

1878 538 1986 558 naturae
1999 533 2103 566 propria
2122 537 2184 557 sunt
2198 533 2356 558 differentiae
2369 533 2540 566 positionum.

1879 568 1908 598 ll,
1924 576 1950 598 ιι,
1967 575 1990 592 2.
2009 582 2028 587 -
2046 569 2072 593 Ιιι
2091 569 2153 601 ipsis
2173 573 2234 592 sunt
2253 568 2410 594 differentiae
2431 569 2540 603 positio-

1878 611 1942 628 num
1964 604 2109 628 secundum
2128 611 2166 628 se.
2185 604 2215 635 11,
2233 611 2261 635 ιι,
2280 602 2306 635 6,
2321 611 2347 636 7.
2365 612 2409 636 ιιι,
2430 611 2454 629 2.
2472 619 2493 624 -
2510 604 2539 629 In

1879 639 2002 664 omnibus
2012 640 2130 664 animatis
2140 639 2306 664 inveniuntur
2315 647 2421 664 sursum
2431 644 2457 664 et
2464 640 2540 665 deor-

1879 682 1951 699 sum:
1971 683 2024 699 non
2043 680 2130 700 autem
2148 675 2212 699 aliae
2237 675 2389 707 positiones.
2408 675 2442 706 11,
2461 682 2494 705 ιι,
2515 682 2541 706 2,

1883 717 1923 735 ιο.
1941 723 1960 730 —-
1977 711 2019 735 An
2038 718 2133 743 corpus
2153 711 2236 743 possit
2254 710 2350 735 habere
2369 710 2483 735 animam
2501 710 2540 735 in—

1879 745 2035 770 tellectivam
2046 764 2053 776 ,
2077 753 2130 770 non
2149 746 2307 770 sensitivam.
2326 746 2361 778 ΙΙ,
2380 753 2424 771 xm
2435 764 2442 777 ,
2463 745 2477 770 5
2488 744 2542 779 ,¹6.

1879 787 1950 812 xvm,
1973 788 2013 813 ¹4·

1844 816 1919 840 Amr.
1939 830 1973 834 —
1992 817 2074 848 Ante,
2094 823 2142 842 seu
2167 817 2295 846 anterius,
2315 821 2355 842 est
2373 816 2399 841 id
2417 816 2450 841 ad
2469 815 2541 849 quod

1880 851 1996 883 procedit
2014 853 2119 877 animal.
2137 852 2171 881 ΙΙ,
2190 859 2221 883 ιι,
2249 859 2288 876 ι2.
2306 859 2342 882 ιιι,
2361 859 2386 884 4,
2409 851 2449 877 13.
2462 865 2481 870 -
2493 851 2542 876 Est

1880 886 2034 920 principium
2049 893 2136 912 motus
2151 887 2307 912 alterationis
2322 887 2466 912 secundum
2481 893 2541 912 sen-

1880 929 1949 947 sum.
1969 923 2004 953 ll,
2023 931 2050 953 11,
2071 922 2095 952 5,
2119 922 2157 947 ι3.
2177 930 2213 954 ιιι,
2231 930 2258 955 4.
2271 937 2290 942 —
2304 923 2367 947 Pars
2385 922 2498 948 anterior
2516 926 2543 947 et

1880 957 2009 990 posterior
2033 959 2059 983 in
2083 958 2237 983 animalibus
2262 958 2385 983 differunt
2402 959 2497 983 virtute
2516 962 2543 983 et

1881 991 1971 1026 figura.
1990 993 2019 1024 ΙΙ,
2034 1001 2061 1024 ιι,
2074 1001 2099 1027 9,
2117 993 2156 1018 ι3.
2171 1001 2207 1023 ιιι,
2226 993 2249 1019 5.
2262 1007 2282 1012 -
2294 995 2362 1019 Ante
2376 999 2402 1019 et
2414 998 2484 1019 retro
2502 993 2542 1018 in-

1881 1029 1983 1053 venitur
2001 1029 2027 1053 in
2045 1029 2166 1054 omnibus
2182 1029 2347 1054 animalibus.
2361 1029 2390 1059 ΙΙ,
2404 1036 2431 1060 ιι,
2446 1036 2470 1054 2.
2483 1043 2503 1048 -
2513 1029 2543 1054 In

1881 1064 1945 1097 ipsis
1964 1065 2052 1089 solum
2070 1064 2257 1090 consideratur.
2275 1065 2293 1095 Ι,
2307 1072 2343 1096 ιν,
2356 1072 2383 1096 4.
2396 1079 2416 1083 -
2429 1065 2456 1089 In
2469 1065 2542 1090 caelo

1881 1107 1935 1124 non
1945 1100 2074 1125 invenitur
2086 1100 2136 1124 nisi
2147 1100 2292 1124 secundum
2306 1105 2408 1125 motum
2422 1100 2543 1126 localem.

1882 1135 1911 1167 11,
1929 1143 1967 1166 ιιι,
1986 1143 2012 1167 4.
2034 1135 2074 1169 Cs-
2093 1137 2111 1165 1.
2130 1142 2165 1165 tv,
2179 1142 2206 1167 4.
2217 1150 2236 1154 —
2249 1135 2318 1166 Quid
2336 1136 2369 1160 sit
2387 1135 2502 1160 anterius
2517 1139 2545 1160 et

1882 1171 2012 1204 posterius
2035 1171 2062 1195 in
2085 1171 2171 1196 caelo:
2191 1172 2325 1203 quomodo
2345 1171 2544 1204 distinguantur.

1882 1206 1912 1236 ΙΙ,
1930 1214 1972 1238 ιιι,
1996 1205 2035 1232 ι3.
2053 1214 2099 1238 vn,
2119 1205 2144 1236 5,
2163 1205 2188 1231 6.
2201 1220 2221 1225 -
2233 1207 2293 1231 Non
2311 1211 2352 1232 est
2370 1206 2397 1232 in
2415 1211 2470 1231 toto
2485 1206 2544 1232 uni-

1882 1250 1959 1267 verso
1979 1242 2027 1266 nisi
2042 1247 2070 1267 ut
2084 1247 2125 1267 est
2137 1243 2163 1267 in
2177 1242 2257 1267 caelo.
2271 1242 2290 1274 1,
2302 1250 2337 1274 iv,
2350 1250 2377 1274 4.
2388 1256 2408 1262 -
2420 1241 2544 1268 Anni-tiu

1883 1277 2301 1339 3⁸32.⁹;{”52*2{2¹”1103P3⁸⁵²¹⁰ss¹.⁵2
2315 1278 2545 1347 ἓέξὲρῗέἑὶᾶἶ

2075 1331 2082 1339 ·
2119 1331 2127 1344 9
2161 1331 2169 1344 ν
2201 1331 2208 1338 ·
2219 1327 2242 1333 ’-

1883 1349 2015 1374 funditatis
2034 1357 2082 1374 seu
2099 1350 2238 1382 grossitiei.
2256 1350 2286 1379 ΙΙ,
2304 1357 2332 1379 ιι,
2349 1357 2376 1382 4.
2389 1363 2409 1369 -
2421 1349 2485 1374 Pars
2498 1355 2544 1374 an-

1883 1385 1962 1410 terior
1981 1385 2081 1418 dignior
2093 1389 2133 1410 est
2145 1386 2290 1418 posteriori.
2305 1386 2335 1416 ll,
2347 1393 2393 1417 vn,
2407 1384 2432 1412 5.
2441 1399 2460 1405 -
2471 1386 2544 1417 Quo-

1884 1421 1964 1445 modo
1978 1421 2094 1445 dextrum
2108 1421 2142 1446 sit
2153 1421 2225 1454 prius
2238 1429 2318 1454 quam
2332 1427 2400 1448 ante.
2413 1422 2444 1454 ΙΙ,
2455 1430 2484 1455 ιι,
2493 1424 2546 1457 4.-

1884 1456 1917 1481 Et
1927 1457 2061 1488 quomodo
2071 1457 2185 1481 anterius
2195 1456 2228 1481 sit
2236 1457 2309 1490 prius
2323 1465 2403 1490 quam
2417 1458 2546 1486 dumm-

1885 1491 1915 1523 11,
1928 1499 1955 1522 ιι,
1971 1491 1995 1516 5.
2007 1504 2026 1510 ·-
2039 1492 2072 1517 Et
2086 1492 2170 1524 magis
2187 1492 2336 1525 principale.
2350 1493 2378 1526 11,
2391 1501 2419 1524 ιι,
2432 1501 2458 1528 9.
2470 1508 2491 1514 -
2503 1495 2546 1530 (J.

1886 1527 2050 1552 Possm-ionas.

1849 1563 2044 1587 Amica-raons
2058 1575 2091 1581 —
2111 1563 2175 1588 Vide
2192 1563 2386 1590 Pmeomci.

1849 1599 1966 1623 Armant
1985 1612 2018 1616 —
2040 1598 2181 1629 Quomodo
2205 1599 2349 1625 definierint
2370 1599 2507 1628 infinitum.
2525 1602 2545 1636 Ι,

1885 1640 1924 1666 ιιι,
1941 1641 1963 1659 ι.
1980 1647 2000 1653 -
2017 1634 2124 1659 Plurimi
2142 1635 2310 1668 antiquorum
2328 1635 2547 1670 philosophatum

1886 1674 2031 1702 posuerunt
2054 1677 2150 1703 corpus
2174 1669 2303 1696 infinitum
2322 1676 2381 1697 actu
2399 1673 2546 1699 matham

1886 1705 2100 1738 magnitudinem.
2120 1706 2137 1736 l,
2151 1713 2186 1738 ix,
2203 1713 2227 1732 2.
2244 1721 2266 1726 -
2283 1707 2441 1740 supremam
2454 1708 2547 1735 suendi

1887 1740 1975 1766 locum
1993 1741 2103 1766 aethera
2122 1741 2334 1768 nominaverunt:
2354 1751 2445 1777 quare.
2455 1743 2482 1775 ἶ,
2499 1750 2546 1776 vu,

1888 1783 1914 1809 7.
1923 1789 1943 1795 —
1952 1776 2061 1801 Caelum
2071 1777 2203 1809 ponebant
2216 1784 2277 1803 esse
2289 1778 2436 1806 immortale
2449 1784 2479 1806 et
2488 1782 2548 1806 ωσ-

1886 1812 1940 1837 veri
1959 1812 2119 1845 sempiterno
2136 1818 2263 1846 tempore.
2282 1813 2304 1844 Ι,
2322 1821 2372 1844 vn,
2392 1813 2417 1847 5,
2435 1821 2462 1849 τ.
2476 1815 2512 1848 B,
2529 1823 2548 1848 ι,

1890 1847 1914 1877 3,
1935 1847 1960 1873 5.
1972 1861 1992 1867 -
2005 1847 2111 1874 Cultum
2130 1847 2245 1874 divinum
2264 1849 2314 1882 ipsi
2399 1854 2402 1855 ’
2500 1851 2547 1883 Ἦ,

1887 1890 1906 1913 ι,
1922 1882 1945 1908 3.
1958 1896 1978 1903 —
1991 1882 2046 1908 Diis
2061 1883 2233 1909 attribuebant
2246 1885 2346 1910 caelum
2361 1889 2388 1911 et
2400 1885 2548 1920 lofflqui

1889 1923 2056 1944 estsunum.
2075 1919 2100 1949 Ι,
2117 1926 2168 1950 ru.
2190 1919 2213 1945 5.
2231 1926 2272 1951 xx,
2293 1927 2316 1946 2.
2335 1920 2369 1952 ΙΙ,
2386 1928 2406 1954 ι,
2423 1920 2551 1949 9.-Νο-

1889 1961 1950 1979 men
1976 1955 2080 1980 merui
2107 1955 2354 1988 pronunciaverunt.
2367 1955 2551 1988 mmet·

1889 1990 1967 2015 rebus
1987 1990 2088 2015 divinis.
2107 1991 2125 2020 1,
2139 1998 2189 2022 m,
2201 1998 2227 2025 9.
2240 2006 2259 2011 -
2270 1992 2293 2017 Α
2306 1992 2379 2018 thern
2396 1986 2549 2020 nomia-ivo-

1889 2030 1949 2051 runt
1967 2026 2055 2056 theon,
2068 2026 2136 2052 idest
2154 2027 2246 2052 Deum.
2259 2027 2288 2058 ΙΙ,
2302 2034 2321 2058 ι,
2335 2027 2359 2053 3.
2370 2041 2391 2048 -
2401 2028 2550 2058 m

1888 2066 1974 2086 totum
1997 2068 2058 2087 esse
2074 2061 2193 2087 omnium
2212 2070 2228 2088 a
2245 2063 2302 2088 Deo
2469 2063 2550 2092 'euno'-

1889 2101 1963 2123 terne
1981 2097 2038 2123 sibi.
2053 2097 2071 2128 1,
2085 2105 2121 2129 vr,
2135 2105 2161 2131 7.
2178 2111 2199 2118 -
2216 2098 2398 2125 Ostendebat
2412 2103 2494 2126 oum
2510 2098 2550 2126 di-

1889 2132 1980 2158 vinum
1994 2139 2055 2158 esse
2067 2133 2299 2166 ina-ansmutsbile,
2310 2134 2426 2167 primm
2438 2131 2549 2165 &ifin—

1890 2175 1977 2194 mum:
1996 2168 2058 2202 quid
2077 2169 2185 2194 dixerint
2202 2169 2333 2196 divinum.
2351 2170 2369 2201 Ι,
2386 2170 2550 2203 uffart-211,

1889 2211 1924 2235 iv,
1941 2202 1965 2229 5.
1982 2217 2003 2223 —
2020 2204 2171 2230 Secundum
2185 2205 2324 2238 quosdam,
2337 2205 2550 2245 plfllosophfn·

1889 2240 1954 2273 tiqui
1967 2239 2121 2273 sapientiam
2132 2247 2208 2266 suam
2222 2240 2316 2266 fabulis
2335 2246 2362 2267 et
2467 2242 2471 2245 ⁴

1890 2275 2065 2300 locutionibus
2083 2275 2254 2302 occultabant.
2274 2276 2291 2307 Ι,
2305 2284 2365 2308 mr,
2377 2275 2405 2303 8.

1890 2317 2028 2336 ammas.
2044 2324 2064 2330 —
2085 2310 2151 2336 Vide
2167 2312 2329 2338 Ass-aomar.

1854 2346 2228 2372 Avonam—VnaeAux.
2406 2360 2410 2363 -
2458 2358 2469 2371 μ
2496 2358 2513 2362 ν’

1853 2382 1998 2407 Arrosmo
2010 2396 2044 2400 —
2058 2382 2195 2415 Appositio
2206 2383 2248 2408 vel
2263 2382 2405 2409 subtractio
2420 2382 2455 2409 h·
2465 2381 2551 2409 ffl-

1890 2422 1955 2449 tum,
1974 2418 2111 2450 quomodo
2127 2417 2271 2451 possibilis.
2289 2418 2318 2448 n,
2336 2425 2369 2449 ιι,
2389 2425 2434 2453 7(
2504 2430 2506 2433 ·

2185 2453 2401 2487 apprehensionis
2410 2454 2442 2480 §a
2448 2452 2551 2480 ’κύσω

1890 2489 2015 2521 practica:
2034 2488 2097 2521 quid
2109 2489 2160 2521 ipsi
2171 2489 2367 2522 respondentia
2377 2489 2481 2516 tubae
2490 2494 2551 2524 spe-

1890 2523 2008 2548 culativa.
2026 2524 2149 2549 Ρωοαη.
2169 2531 2194 2550 2.
2403 2529 2406 2536 ⁴
2446 2554 2451 2558 .
2469 2527 2471 2529 ’
2486 2526 2488 2530 ’
2516 2530 2517 2534 ’

1854 2559 1989 2584 Ama-tus
2005 2573 2042 2579 —
2059 2559 2187 2592 Apuleius
2204 2559 2354 2585 Platonicus
2372 2561 2398 2587 in
2416 2568 2466 2587 ωο
2483 2559 2551 2586 mm

1891 2594 1924 2655 ge
1939 2594 1997 2655 Daeio
2011 2595 2139 2656 Soet-gris,
2153 2596 2287 2628 quomodo
2299 2595 2441 2622 daemones
2455 2595 2552 2622 desel-

1909 2634 1942 2656 at.
1961 2630 1990 2661 Ι,
2008 2637 2059 2661 xm,
2097 2648 2105 2656 .

1855 2665 1935 2691 Anus
1953 2679 1989 2685 ——
2007 2666 2173 2692 Elementum
2192 2667 2316 2692 medium.
2335 2667 2354 2699 1,
2367 2674 2403 2698 m,
2422 2668 2512 2700 ngr}
2525 2665 2553 2693 9.-

1891 2709 1935 2732 xn,
1953 2710 1977 2727 ι.-
1992 2709 2042 2732 xvi,
2057 2710 2082 2736 7.
2096 2710 2166 2734 xvm,
2183 2709 2208 2736 9.
2227 2702 2256 2733 11,
2270 2710 2304 2733 iv,
2319 2710 2346 2736 9.
2363 2715 2384 2722 -
2401 2703 2451 2729 En*
2466 2702 2551 2739 {nqis

1891 2736 1974 2762 affinis
1988 2742 2081 2763 terrae.
2095 2738 2114 2769 Ι,
2125 2745 2163 2770 ιιι,
2181 2746 2190 2763 ι
2200 2745 2222 2764 ι.
2239 2751 2259 2758 --
2276 2738 2379 2772 Corpus
2397 2738 2485 2772 grave,
2500 2742 2553 2764 m

1891 2774 1962 2806 quod
1981 2778 2102 2798 movetur
2121 2774 2254 2799 deorsum.
2272 2774 2291 2805 1,
2310 2781 2364 2804 vm,
2386 2780 2410 2800 ι.
2426 2773 2457 2805 lt,
2473 2774 2511 2806 vt,
2525 2781 2551 2808 7.

1890 2815 1950 2840 xxn,
1969 2816 1995 2842 7.
2013 2809 2053 2840 ΙΙΙ,
2067 2816 2105 2840 ιιι,
2123 2816 2149 2842 9.
2167 2823 2188 2829 -
2205 2809 2297 2835 Gravis
2316 2816 2364 2843 per

1893 2851 1953 2870 nem
1972 2844 2004 2870 ad
2019 2851 2106 2870 aerem
2125 2849 2151 2871 et
2163 2845 2264 2878 ignem:
2283 2845 2348 2870 levis

2470 2277 2550 2315 “³2⁴¹-

1854 2453 2044 2478 Arramssxo
2053 2466 2087 2472 —
2097 2453 2172 2478 Ordo

1892 2887 1944 2905 rae.
1958 2880 1977 2911 Ι,
1987 2887 2022 2910 ιν,
2033 2887 2058 2906 2.
2070 2887 2094 2910 ν,
2110 2879 2135 2905 5.
2149 2883 2219 2912 xvm,
2233 2888 2259 2914 9.
2273 2880 2302 2910 ΙΙ,
2315 2887 2374 2911 xm,
2385 2878 2412 2906 8.
2425 2879 2467 2921 m,
2476 2884 2552 2913 mel.

1890 2923 1936 2947 vn,
1950 2914 1976 2940 6.
1989 2929 2009 2935 —
2021 2915 2148 2946 Quamvis
2162 2915 2313 2941 namraliter
2327 2919 2464 2940 moveatur
2475 2915 2551 2942 ἀωτ-

1892 2959 1960 2981 sum,
1975 2957 2063 2976 motus
2077 2951 2134 2976 eius
2150 2951 2235 2976 differt
2247 2951 2333 2984 specie
2345 2958 2360 2976 a
2373 2955 2447 2976 motu
2457 2952 2552 2982 heau,

1892 2987 1910 3019 Ι,
1921 2994 1956 3018 tv,
1971 2995 1994 3012 2.
2008 3000 2028 3006 -
2040 2987 2163 3020 Sequitur
2175 2990 2277 3012 motum
2288 2985 2444 3012 firm-menti
2457 2987 2553 3015 secut·

1892 3023 1955 3048 dum
1974 3021 2168 3048 cirmlationetn
2186 3022 2386 3055 incompletstn:
2404 3020 2552 3056 'quom-'do-

1891 3058 1910 3088 1,
1924 3065 1959 3090 w,
1977 3065 2003 3091 7.
2021 3058 2051 3087 ΙΙ,
2069 3065 2139 3087 ιπιι,
2155 3064 2196 3084 ιο.
2213 3066 2233 3077 ⁶-
2250 3057 2308 3083 Non
2326 3057 2469 3083 effundun-
2483 3059 2552 3090 aqua

1892 3094 1914 3119 si
1933 3094 1958 3119 in
1976 3101 2039 3119 vase
2057 3098 2164 3127 gyretur
2176 3093 2293 3118 velocius
2312 3099 2392 3126 quarn
2410 3092 2446 3118 sit
2461 3096 2551 3124 tuqus

1892 3128 1948 3154 eius
1963 3129 2101 3154 deorsum:
2117 3135 2208 3162 quare.
2219 3128 2249 3159 ΙΙ,
2258 3135 2276 3159 ι,
2289 3135 2316 3162 9.
2327 3135 2394 3158 xxxv.
2411 3135 2433 3154 1.
2445 3126 2552 3158 -'Quo-

1893 3165 1972 3190 modo
1991 3165 2042 3197 igni
2060 3164 2172 3190 maxime
2190 3163 2365 3189 eona-afim.
2383 3162 2420 3194 ΙΙ,
2435 3168 2470 3194 ιν,
2488 3169 2515 3196 7.
2531 3175 2552 3182 -

1891 3201 1969 3233 Aqua
1988 3204 2028 3225 est
2047 3200 2112 3225 circa
2130 3204 2240 3224 terram:
2259 3205 2342 3232 quare
2359 3205 2413 3224 non
2430 3205 2462 3224 en
2479 3197 2552 3223 omni

1892 3240 1973 3269 parte.
1984 3235 2011 3265 ΙΙ,
2023 3243 2058 3266 νι,
2070 3234 2093 3260 5.
2106 3247 2126 3256 —-
2136 3235 2178 3260 Ab
2191 3241 2250 3260 aere
2263 3234 2444 3259 circumcisum
2455 3231 2520 3259 md*-
2531 3245 2553 3252 -

1892 3270 2047 3304 Super-ficies
2062 3270 2119 3296 eius
2134 3276 2248 3296 convexa
2266 3275 2306 3295 est
2325 3268 2472 3302 spbau'icaz
2490 3273 2551 3301 pm-

1892 3307 1975 3332 batur.
1992 3306 2068 3338 11,νι,
2081 3313 2107 3339 7.
2124 3320 2144 3325 —
2161 3303 2316 3338 superficies
2334 3304 2391 3330 eius
2408 3308 2452 3330 est
2467 3303 2557 3337 mqit

1892 3342 2017 3375 regularis
2027 3348 2106 3374 quam
2116 3339 2267 3374 superficies
2277 3339 2463 3370 teman-anus
2470 3344 2551 3372 quam

1894 3377 1939 3402 illa
1955 3378 2030 3402 aeris.
2045 3377 2073 3406 ΙΙ,
2087 3382 2123 3407 νι,
2137 3383 2162 3410 7,
2177 3375 2203 3402 8.
2215 3389 2236 3395 -
2248 3375 2312 3401 Eius
2326 3374 2511 3409 diaphsnelus.
2521 3373 2551 3404 ΙΙ,

1893 3420 1943 3444 xiv,
1958 3411 1983 3437 8.
1996 3426 2016 3432 -
2029 3412 2118 3437 Partes
2133 3412 2189 3437 eius
2209 3416 2270 3436 sunt
2282 3411 2356 3444 plura
2370 3416 2490 3441 flumem,
2503 3409 2552 3435 sed

1894 3455 1946 3473 non
1965 3447 2086 3473 differunt
2098 3447 2193 3480 specie.
2205 3447 2223 3476 Ι.
2237 3453 2289 3476 xm,
2303 3445 2336 3471 6:
2347 3453 2409 3477 xvu,
2423 3445 2447 3471 3.
2462 3458 2483 3465 -
2495 3445 2552 3471 Μο-

1893 3487 1956 3508 vent
1974 3483 2117 3516 aequsliter
2134 3483 2166 3508 ad
2184 3489 2263 3508 suum
2274 3482 2378 3507 iocum.
2394 3481 2424 3512 ΙΙ,
2438 3487 2474 3512 vt,
2488 3479 2514 3506 6.
2531 3493 2553 3500 -

1894 3519 1969 3551 Aqua
1992 3523 2032 3543 est
2049 3517 2201 3551 principium
2220 3517 2345 3542 mollitiei.
2358 3516 2470 3549 ‘manv
2487 3523 2515 3550 9.
2532 3530 2552 3536 -

1894 3554 2054 3586 Dirumpitur
2072 3559 2119 3586 per
2137 3557 2237 3578 motum
2257 3551 2373 3585 corporis
2385 3551 2550 3576 metantis.

1895 3589 1924 3618 ΙΙ,
1938 3595 1971 3618 xi.
1991 3596 2016 3621 7.
2038 3587 2078 3622 cy.
2098 3588 2144 3618 ΙΙΙ,
2161 3594 2201 3618 ιιι,
2221 3595 2248 3621 9.
2265 3600 2285 3607 -
2301 3587 2434 3612 Sustentst
2450 3584 2550 3619 lignum
