2782 4134
107 3336 130 3352 n·
142 3337 159 3352 Ι.

362 290 438 336 314

865 288 936 324 DE
966 285 1356 325 GENERATIONE
1385 285 1456 321 ET
1486 283 1870 321 CORRUPTIONE
1901 285 1994 321 LIB.
2026 285 2040 320 I

966 560 1266 617 LECTIO
1303 562 1934 640 DECIMAQUINTA

718 723 906 755 SOLUTIO
931 723 1240 755 DUBITATIONIS
1265 724 1308 754 IN
1330 723 1637 755 PRAECEDENTI
1661 724 1882 756 LECTIONE
1905 723 2176 756 PROPOSITAE

348 865 445 897 Ἐπεὶ
469 862 506 894 δὲ
530 858 736 905 διηπόρηται
769 863 842 905 περὶ
880 861 993 894 αὐτῶν
1026 862 1167 904 ἱκανῶς,
1194 858 1247 894 δεῖ
1270 865 1328 894 καὶ
1355 863 1417 900 τῆς

421 909 563 950 ἀπορίας
590 905 888 949 πειρᾶσθανλόσιν
914 907 1040 950 εὑρεῖν,
1068 906 1242 949 σώζοντας
1268 907 1309 938 τὸ
1335 908 1417 938 ὑπο-

419 950 580 995 μένοντός
605 963 643 984 τε
668 951 730 983 τοῦ
757 950 989 1005 αὐξανομένου
1017 953 1075 983 καὶ
1101 951 1300 994 προσιόντος
1325 951 1415 988 τινός

421 994 646 1036 αὐξάνεσθαι,
675 994 836 1033 ἀπιόντος
862 990 900 1027 δε
925 993 1066 1040 φθίνειν,
1094 996 1146 1027 ἔτι
1165 991 1209 1039 ιδὲ
1233 995 1274 1029 τὸ
1302 996 1415 1028 ὁτιοῦν

419 1044 554 1083 σημεῖον
581 1039 741 1077 αἰσθητὸν
759 1038 780 1077 ἦ
798 1040 912 1084 μεῖζον
931 1039 952 1076 ἦ
977 1040 1124 1073 ἔλαττον
1149 1039 1339 1086 γεγονέναι,
1357 1042 1415 1072 καὶ

419 1084 507 1129 μήτε
531 1084 625 1116 κενὸν
658 1081 744 1116 εἶναι
770 1084 811 1117 τὸ
836 1085 933 1128 σῶμα
964 1083 1054 1129 μήτε
1085 1079 1145 1116 δύο
1178 1082 1212 1116 ἐν
1246 1085 1293 1125 τῷ
1320 1082 1414 1126 αὐτῷ

418 1128 512 1170 τόπῳ
538 1128 660 1175 μεγέθη
687 1127 777 1171 μήτε
805 1128 976 1172 ἀσωμάτῳ
1003 1127 1222 1170 αὐξάνεσθαι.

351 1173 510 1210 Ληπτέον
535 1174 572 1206 δέ
597 1173 639 1206 τό
666 1175 776 1206 αἴτιον
800 1169 1045 1218 διορισαμένοις
1070 1174 1203 1216 πρῶτον
1225 1173 1256 1204 ἓν
1275 1172 1333 1216 μὲν
1360 1172 1414 1205 ὅτι

417 1218 465 1250 τοὶ
484 1218 708 1263 ἀνομοιομερῆ
730 1217 918 1258 αὐξάνεται
937 1219 985 1260 τῷ
1003 1218 1050 1250 τοὶ
1069 1218 1259 1262 ὁμοιομερῆν
1273 1216 1416 1257 αὐξάνε-

417 1262 495 1294 σθαι
519 1262 716 1309 (σύγκειται
741 1263 805 1309 γᾴρ
825 1263 862 1295 ἐκ
888 1261 1021 1295 τούτων
1040 1262 1217 1305 ἕκαστον),
1239 1262 1333 1294 ἔκειθ·
1360 1261 1414 1295 ὅτι

416 1306 499 1350 σοὶρξ
523 1309 581 1339 καὶ
607 1305 729 1340 ὀστοῦν
754 1309 812 1339 καὶ
838 1306 983 1339 ἕκαστον
1009 1298 1076 1339 '‘i-<Tm
1102 1306 1268 1340 τοιούτων
1292 1309 1413 1351 μορίων

417 1352 490 1383 ἐστὶ
514 1346 653 1393 διττόν,
679 1351 789 1397 ὥσπερ
813 1353 871 1383 καὶ
890 1352 956 1384 τῶν
976 1350 1084 1384 ἄλλων
1102 1353 1168 1384 τῶν
1191 1350 1223 1383 ἑν
1244 1349 1305 1394 ὕλῃ
1327 1347 1414 1389 εἶδος

418 1395 586 1450 ἦχόν-των·
611 1398 669 1428 καὶ
693 1397 757 1443 γοὶρ
776 1397 796 1433 ἧ
815 1395 877 1433 ὕλη
901 1395 1043 1442 λέγεται
1067 1398 1126 1428 καὶ
1152 1396 1193 1428 τὸ
1219 1391 1305 1433 εἶδος
1329 1395 1412 1440 σοὶρξ

416 1453 436 1476 η
463 1452 599 1474 οστουν.

349 1484 394 1517 Τό
419 1482 475 1516 οὗ]
503 1486 616 1519 ὁτιοῦν
641 1485 737 1529 μέρος
772 1482 978 1525 αὐξάνεσθαι
1009 1486 1066 1516 καὶ
1098 1484 1296 1529 προσιόντος
1322 1485 1413 1522 τινὸς

414 1530 510 1562 κατοί
532 1529 592 1573 μὲν
618 1530 659 1562 τὸ
685 1525 772 1567 εἶδός
797 1530 889 1562 ἐστιν
917 1524 1149 1574 ἐνδεχόμενον,
1167 1529 1263 1562 κατὰ
1285 1525 1324 1561 δὲ
1348 1529 1411 1566 τήν

416 1572 496 1611 ὕλην
523 1575 582 1607 οὐκ
608 1574 714 1606 ἔστιν.

349 1620 405 1650 Δεῖ
427 1631 437 1641 -
453 1619 490 1663 οἱρ
516 1619 637 1656 νοῆσαι
662 1618 773 1662 ὥσπερ
799 1620 828 1649 εἴ
853 1629 903 1656 τις
929 1620 1066 1662 μετροίη
1103 1619 1151 1660 τῷ
1183 1618 1276 1659 αὐτῷ
1302 1617 1412 1663 μέτρῳ

416 1630 519 1708 ὕὲωρ·
548 1665 598 1696 ἀεὶ
622 1662 687 1709 γαρ
714 1663 797 1695 ἄλλο
821 1664 880 1694 καὶ
907 1662 990 1694 ἄλλο
1017 1663 1058 1694 τὸ
1085 1661 1271 1709 γινόμενον.
1314 1661 1412 1695 Οὕτω

414 1703 444 1738 δ’
474 1705 663 1749 αὐξάνεται
696 1708 717 1744 ἡ
749 1705 811 1743 ὕλη
845 1707 908 1744 τῆς
940 1706 1062 1749 σαρκός
1097 1709 1155 1739 καὶ
1190 1707 1254 1752 οὐχ
1286 1708 1412 1748 ὁτῳοῦν

414 1754 519 1785 παντὶ
545 1753 778 1797 προσγίνεται,
799 1751 890 1784 ἀλλά
906 1751 947 1784 τὸ
964 1752 1024 1795 μὲν
1042 1753 1180 1795 ὁπεκρεῖ
1196 1753 1237 1784 τὸ
1256 1747 1294 1783 δὲ
1314 1763 1414 1795 προσ-

415 1796 572 1842 έρχεται·
601 1797 663 1829 τοῦ
688 1791 725 1828 δὲ
750 1795 931 1841 σχήματος
962 1798 1019 1828 καὶ
1054 1797 1116 1828 τοῦ
1145 1791 1251 1834 εἴδους
1285 1797 1411 1837 ὁτῳοῦν

414 1845 526 1885 μορίῳ·
1393 1871 1401 1880 .

341 1887 422 1919 Ἐπὶ
447 1882 484 1918 δὲ
509 1886 575 1919 τῶν
611 1885 856 1929 ἀνομοιομερῶν
890 1885 996 1917 τοῦτο
1029 1885 1158 1928 μᾶλλον
1190 1879 1315 1926 δῆλον,
1344 1885 1412 1917 οἷον

411 1930 536 1975 χειρός,
557 1928 610 1962 ὅτι
631 1928 798 1975 ἀνάλογον
815 1929 983 1970 ηὔξηται·
1003 1929 1023 1965 ἢ
1042 1929 1106 1982 γαρ
1126 1928 1186 1967 ὕλη
1206 1929 1308 1973 ἑτέρα
1326 1928 1412 1962 οὖσα

415 1972 501 2013 δήλη
525 1975 656 2016 μᾶλλον
683 1975 744 2006 τοῦ
770 1969 877 2011 εἴδους
903 1972 1055 2006 ἐνταῦθα
1080 1975 1100 2010 ἠ
1128 1974 1184 2006 ἐπὶ
1208 1974 1330 2019 σαρκὸς
1354 1977 1411 2006 καὶ

414 2021 479 2053 τῶν
507 2019 726 2064 ὁμοιομερῶν·
753 2013 806 2050 326
829 2019 888 2049 καὶ
922 2017 1106 2056 τεθνεῶτος
1136 2020 1265 2062 μᾶλλον
1293 2018 1332 2051 οἲν
1356 2014 1413 2051 δό-

413 2064 497 2106 ξειεν
523 2060 609 2095 εἶναι
636 2063 686 2096 ἔτι
712 2060 794 2104 σοὶρξ
818 2064 876 2094 καὶ
897 2062 1018 2095 ὁστοῦν
1037 2061 1058 2099 ἦ
1075 2064 1146 2108 χεὶρ
1170 2064 1228 2095 καὶ
1248 2064 1410 2108 βραχίων.

338 2108 441 2142 ’Ὥστε
467 2109 541 2141 ἔστι
566 2108 626 2150 μὲν
651 2109 704 2148 ὠς,
719 2107 833 2140 ὁτιοῦν
860 2108 923 2144 τῆς
948 2107 1069 2151 σαρκὸς
1093 2107 1255 2149 ηὔξηται,
1279 2108 1354 2140 ἔστι
1378 2104 1406 2140 δ’

411 2155 452 2191 ὠς
475 2152 526 2184 οὗ.
552 2152 656 2184 Κατοὶ
675 2151 734 2196 μὲν
750 2151 815 2198 γάρ
837 2151 878 2184 τὸ
896 2146 983 2189 εἶδος
1002 2152 1129 2193 ὁτῳοῦν
1149 2152 1408 2197 προσελήλυθεν,

410 2197 505 2230 κατοὶ
530 2193 567 2228 δέ
594 2196 658 2233 τήν
685 2195 765 2233 ὕλην
791 2195 843 2228 οὔ.

404 2308 543 2336 ΞΥΝοΡεις
566 2323 600 2328 -
629 2316 652 2335 ι.
666 2308 879 2344 Argumentum
900 2312 928 2334 et
942 2305 1045 2334 divisio
1066 2312 1168 2334 textus.
1181 2322 1200 2327 -
1214 2307 1289 2335 Vera
1303 2306 1411 2335 solutio

344 2354 459 2385 oportet
479 2347 560 2384 quod
582 2346 669 2375 salvet
690 2346 790 2375 omnia
811 2355 885 2383 quae
906 2352 974 2374 sunt
988 2347 1024 2374 de
1038 2345 1151 2374 ratione
1165 2345 1216 2382 rei,
1238 2353 1267 2375 et
1281 2346 1412 2375 excludat

343 2387 443 2416 omnia
456 2386 653 2424 impossibilia.
667 2387 735 2415 ldeo
751 2386 929 2423 quaestionis
942 2386 1109 2423 propositae
1131 2386 1217 2422 (lect.
1225 2389 1332 2424 praec.)
1347 2386 1411 2415 talis

343 2427 509 2464 quaerenda
530 2433 572 2455 est
593 2426 713 2462 solutio,
735 2435 787 2463 per
807 2435 897 2463 quam
918 2432 946 2454 et
967 2426 1112 2455 salventur
1132 2435 1167 2455 ea
1191 2436 1265 2463 quae
1287 2426 1411 2455 diximus

343 2467 422 2503 (ibid.
445 2476 474 2495 n.
488 2468 519 2502 4)
534 2467 571 2494 ad
585 2466 727 2495 rationem
749 2465 896 2503 augmenti
911 2466 1062 2503 pertinere,
1077 2472 1106 2494 et
1119 2466 1205 2494 simul
1219 2466 1343 2495 vitentur
1357 2466 1412 2495 tria

343 2508 413 2535 haec
440 2506 644 2543 impossibilia:
669 2512 701 2534 ut
728 2505 835 2534 scilicet
862 2515 924 2534 non
952 2515 1097 2542 ponamus
1122 2507 1156 2542 a)
1182 2515 1277 2543 neque
1305 2515 1411 2543 corpus

343 2547 424 2584 quod
444 2553 564 2583 augetur
585 2555 646 2574 esse
667 2555 807 2581 vacuum,
829 2546 861 2582 b)
883 2555 978 2582 neque
999 2546 1060 2574 duo
1081 2555 1206 2582 corpora
1226 2555 1289 2574 esse
1310 2546 1410 2582 simul,

343 2588 375 2622 c)
397 2595 492 2623 neque
517 2592 705 2623 augmentum
731 2585 792 2614 fieri
813 2595 865 2622 per
885 2585 1064 2614 additionem
1089 2585 1209 2614 alicuius
1235 2585 1409 2623 incorporei.

343 2643 362 2647 -
383 2633 411 2654 2.
433 2627 500 2654 Duo
525 2626 732 2663 praenotanda.
755 2626 789 2661 a)
811 2626 943 2654 Membra
964 2625 1147 2653 dissimilium
1172 2625 1314 2662 partium,
1341 2632 1412 2663 puta

343 2675 447 2694 manus
458 2672 507 2694 aut
521 2675 580 2702 pes,
596 2671 737 2703 augentur
748 2674 799 2702 per
813 2665 870 2693 hoc
883 2666 964 2702 quod
978 2671 1120 2702 augentur
1130 2671 1226 2702 partes
1236 2665 1410 2701 consimiles,

343 2714 448 2742 nempe
469 2715 545 2741 caro,
567 2715 600 2734 os
622 2712 649 2734 et
663 2705 719 2734 alia
740 2705 917 2733 huiusmodi.
933 2706 961 2741 b)
981 2705 1060 2733 Sicut
1074 2705 1215 2742 contingit
1229 2704 1258 2733 in
1273 2705 1410 2734 omnibus

343 2745 514 2773 habentibus
535 2745 660 2782 speciem
682 2745 712 2774 in
727 2745 856 2780 materia,
871 2754 1065 2782 unaquaeque
1079 2754 1179 2773 earum
1194 2745 1318 2782 partium
1335 2755 1410 2783 quae

343 2785 437 2821 primo
460 2785 593 2813 dicuntur
613 2785 720 2822 augeri,
741 2791 838 2822 potest
863 2784 1014 2821 dupliciter
1035 2785 1140 2821 accipi:
1170 2794 1275 2822 nempe
1295 2792 1327 2814 ut
1349 2795 1409 2814 ma-

344 2825 427 2860 teria,
449 2832 590 2862 quatenus
612 2825 641 2853 in
662 2834 696 2853 ea
716 2824 916 2853 consideratur
937 2824 967 2852 id
989 2825 1069 2861 quod
1091 2831 1134 2853 est
1155 2824 1307 2861 materiae,
1330 2832 1358 2853 et
1378 2831 1411 2853 ut

336 2865 441 2902 forma
455 2874 506 2892 seu
520 2865 638 2903 species,
654 2871 796 2901 quatenus
811 2864 841 2892 in
855 2873 889 2892 ea
903 2863 1103 2892 consideratur
1114 2864 1182 2892 illud
1196 2865 1276 2902 quod
1287 2865 1410 2902 pertinet

343 2904 380 2932 ad
401 2904 543 2933 rationem
565 2904 678 2941 speciei.
693 2921 713 2925 -
726 2906 768 2932 Ex
782 2904 851 2941 ipsis
865 2904 958 2932 verbis
972 2910 1065 2932 textus
1087 2905 1246 2933 excluditur
1267 2905 1409 2942 expositio

343 2944 506 2979 Alexandri,
521 2954 608 2981 quem
622 2945 718 2981 plures
733 2944 822 2972 secuti
837 2950 913 2972 sunt.
926 2960 945 2964 -
959 2944 984 2972 3.
997 2944 1163 2972 Subdivisio
1178 2951 1280 2973 textus.
1295 2945 1409 2973 —Solu-

343 2983 384 3011 tio
406 2983 601 3012 dubitationis.
629 2984 697 3012 Eius
719 2985 800 3021 quod
821 2990 941 3021 augetur
969 2984 1127 3021 quamlibet
1154 2991 1267 3021 partem
1295 2984 1409 3022 augeri,

564 3125 583 3186 ιζ
609 3141 750 3178 tionem
770 3148 787 3163 ²
808 3142 854 3179 de
876 3155 921 3178 eo
947 3154 1025 3190 quo
1055 3142 1197 3192 aliquid
1227 3150 1406 3191 augetur,

554 3197 562 3211 ‘⁴
582 3197 593 3243 ξ
610 3202 647 3231 et
674 3194 784 3231 solvit
822 3194 1096 3232 dubitationem
1125 3196 1407 3244 interpositam,

610 3247 670 3283 hic
699 3247 842 3285 accedit
870 3249 919 3285 ad
948 3248 1178 3286 solvendum
1207 3249 1408 3286 dubitatio-

107 3305 117 3314 *
133 3303 230 3326 (Ξῖ-κστ·
242 3310 319 3332 praec·
347 3310 436 3334 nem
456 3299 703 3348 principalem
722 3300 753 3337 ²⁸.
770 3301 819 3337 Et
833 3300 957 3349 primo
979 3302 1090 3338 solvit
1110 3301 1405 3348 dubitationem3

348 3352 516 3389 secundo
545 3353 718 3399 ostendit,
749 3353 982 3390 dubitatione
1011 3362 1178 3402 remota,
1208 3355 1409 3404 quomodo

348 3403 414 3439 fiat
441 3412 703 3452 augmentum,
733 3405 801 3442 ibi:
831 3407 963 3443 Maius
991 3413 1115 3444 autem
1145 3414 1261 3445 totum
1289 3408 1310 3430 ’⁸‘
1339 3416 1407 3445 etc.

349 3455 458 3492 Circa
494 3457 661 3506 primum
699 3457 774 3495 duo
804 3458 905 3496 facit:
935 3460 1059 3508 primo
1090 3461 1254 3498 ostendit
1289 3461 1410 3510 qualis

1470 864 1488 883 *
1503 864 1668 901 Quoniam
1691 871 1798 895 autem
1815 865 1853 895 de
1871 864 1920 895 his
1937 865 2118 906 quaesitum
2134 872 2180 896 est
2198 862 2400 904 sufficienter,
2420 871 2547 906 oportet

1538 908 1732 949 quaestionis
1755 915 1874 940 tentare
1893 909 2088 940 solutionem
2110 909 2250 940 invenire
2263 933 2272 948 ,
2296 910 2451 940 salvantes
2477 919 2546 940 ma-

1538 962 1611 983 nere
1629 953 1663 982 id
1677 953 1767 993 quod
1789 959 1934 993 augetur,
1951 960 1980 984 et
1995 953 2181 985 adveniente
2204 954 2312 995 aliquo
2329 954 2448 994 augeri,
2464 964 2546 985 rece-

1538 997 1630 1027 dente
1654 1003 1762 1028 autem
1789 997 1951 1036 deminui,
1979 998 2083 1029 adhuc
2111 1004 2218 1029 autem
2245 999 2477 1040 quodcumque
2505 998 2545 1029 si-

1537 1051 1638 1081 gnum
1661 1048 1824 1072 sensatum
1846 1048 1902 1072 aut
1915 1041 2019 1072 maius
2042 1048 2097 1073 aut
2119 1041 2227 1073 minus
2249 1049 2436 1083 generatum
2459 1053 2543 1082 esse,

1538 1092 1569 1116 et
1584 1096 1651 1116 non
1669 1095 1808 1116 vacuum
1831 1095 1898 1116 esse
1922 1095 2054 1126 corpus,
2078 1096 2182 1127 neque
2206 1086 2285 1117 duas
2309 1087 2544 1127 magnitudines

1537 1129 1571 1160 in
1595 1130 1710 1160 eodem
1731 1130 1823 1168 loco,
1847 1139 1952 1171 neque
1974 1129 2164 1170 incorporeo
2189 1130 2306 1171 augeri.
2337 1141 2346 1149 ·

1470 1173 1676 1215 Suscipienda
1692 1174 1788 1215 igitur
1803 1183 1907 1213 causa,
1923 1173 2166 1205 determinantes
2181 1174 2280 1215 prius,
2293 1184 2397 1205 unum
2411 1174 2544 1216 quidem

1535 1219 1626 1259 quod
1657 1228 1906 1249 anomoeomera
1938 1225 2094 1259 augentur
2124 1228 2197 1249 cum
2227 1219 2459 1249 homoeomera
2487 1227 2544 1250 au-

1534 1269 1648 1303 gentur
1670 1261 1896 1306 (componitur
1925 1262 2011 1293 enim
2033 1272 2070 1293 ex
2092 1262 2141 1293 his
2171 1261 2466 1306 unumquodque):
2489 1263 2544 1295 de-

1535 1308 1610 1338 inde
1628 1308 1718 1349 quod
1741 1317 1814 1338 caro
1839 1313 1870 1338 et
1892 1317 1929 1337 os
1953 1314 1984 1338 et
2011 1317 2225 1348 unaquaeque
2248 1307 2362 1338 talium
2384 1307 2542 1349 partium,

1535 1359 1581 1383 est
1596 1352 1723 1392 duplex,
1747 1351 2024 1392 quemadmodum
2048 1358 2078 1382 et
2100 1351 2239 1383 aliorum
2261 1351 2294 1382 in
2317 1351 2449 1383 materia
2471 1361 2543 1393 spe·

1536 1396 1618 1427 ciem
1640 1396 1841 1427 habentium:
1865 1395 1983 1426 etenim
2005 1395 2136 1426 materia
2152 1395 2266 1427 dicitur
2281 1402 2312 1427 et
2327 1396 2446 1438 species
2469 1399 2542 1427 caro

1535 1447 1590 1472 aut
1613 1451 1659 1472 os.
2528 1445 2534 1456 ²

1468 1485 1653 1523 Quamlibet
1675 1484 1771 1525 igitur
1785 1490 1908 1525 partem
1930 1485 2139 1524 augmentari,
2163 1491 2194 1516 et
2211 1484 2398 1516 adveniente
2419 1485 2541 1527 aliquo,

1535 1530 1713 1561 secundum
1742 1529 1874 1570 quidem
1897 1529 2036 1569 speciem
2059 1536 2106 1560 est
2133 1529 2338 1570 contingens,
2363 1530 2542 1563 secundun

1535 1581 1644 1605 autem
1666 1580 1832 1604 materiam
1856 1583 1922 1604 non
1946 1580 2001 1604 est.

1468 1619 1484 1638 *
1500 1618 1636 1659 Oportet
1654 1625 1762 1649 autem
1778 1617 1950 1657 intelligere
1973 1617 2250 1658 quemadmodum
2273 1617 2299 1648 si
2322 1617 2436 1660 aliquis
2454 1627 2542 1654 men,-

1535 1663 1654 1694 surabit
1676 1663 1788 1693 eadem
1811 1671 1959 1692 mensura
1983 1669 2114 1703 aquam:
2139 1671 2264 1702 semper
2286 1662 2372 1693 enim
2395 1657 2483 1693 aliud
2510 1666 2542 1694 et

1535 1708 1622 1738 aliud
1645 1707 1734 1748 quod
1756 1713 1931 1746 generatur.
1956 1705 2008 1737 Sic
2031 1705 2142 1747 utique
2165 1713 2388 1747 augmentatur
2409 1706 2541 1738 materia

1535 1752 1646 1790 carnis,
1666 1752 1720 1782 sed
1735 1761 1802 1782 non
1817 1750 1957 1791 partium
1979 1749 2095 1791 cuique
2111 1750 2232 1791 aliquid
2247 1757 2469 1791 aggeneratur,
2484 1751 2540 1782 sed

1534 1797 1598 1827 hoc
1615 1796 1747 1837 quidem
1771 1795 1891 1834 defluit,
1915 1794 1976 1825 hoc
2000 1802 2108 1826 autem
2130 1794 2272 1826 advenit:
2297 1795 2419 1827 formae
2432 1798 2540 1829 autem

1535 1849 1566 1872 et
1589 1841 1703 1882 cuique
1727 1839 1842 1880 speciei
1866 1838 2048 1880 particulae.

1468 1886 1485 1905 *
1498 1886 1533 1916 ln
1549 1883 1805 1916 anomoeomeris
1821 1890 1929 1914 autem
1941 1883 2004 1914 hoc
2019 1882 2119 1923 magis
2134 1882 2352 1922 manifestum,
2368 1882 2456 1916 verbi
2469 1892 2540 1925 gra·

1535 1930 1578 1961 tia
1593 1930 1625 1960 in
1646 1939 1756 1967 manu,
1773 1928 1928 1969 quoniam
1944 1926 2224 1968 proportionaliter
2239 1935 2370 1958 auctum
2389 1934 2451 1960 est:
2471 1937 2538 1959 ma-

1535 1975 1611 2006 teria
1641 1974 1726 2004 enim
1756 1973 1816 2003 alia
1845 1982 1900 2003 ens
1923 1982 1941 2002 a
1965 1972 2068 2012 specie
2096 1971 2263 2003 manifesta
2290 1971 2391 2013 magis
2419 1978 2468 2004 eat
2488 1972 2540 2004 hic

1534 2028 1634 2060 quam
1656 2018 1690 2048 in
1713 2027 1805 2049 carne
1829 2024 1860 2048 et
1882 2016 2131 2047 homoeomeris.
2156 2016 2232 2047 ldeo
2249 2023 2280 2047 et
2294 2016 2415 2048 mortui
2434 2016 2536 2059 magis

1533 2063 1659 2094 videtur
1677 2062 1780 2093 adhuc
1795 2071 1862 2092 esse
1877 2070 1950 2092 caro
1967 2067 1998 2092 et
2013 2071 2061 2099 os,
2077 2070 2176 2102 quam
2189 2070 2304 2092 manus
2319 2067 2350 2092 et
2362 2058 2539 2096 brachium.

1467 2109 1672 2149 Quapropter
1686 2114 1732 2138 est
1747 2106 1879 2148 quidem
1895 2106 1951 2144 sic,
1967 2106 2198 2146 quodcumque
2217 2105 2318 2136 carnis
2333 2113 2466 2141 auctum
2480 2110 2539 2145 est,

1533 2159 1581 2183 est
1603 2159 1710 2183 autem
1726 2158 1763 2182 ut
1780 2161 1858 2182 non.
1883 2150 2067 2181 Secundum
2083 2149 2223 2190 speciem
2240 2149 2327 2181 enim
2347 2150 2539 2192 cuicumque

1535 2196 1677 2235 advenit,
1701 2195 1879 2226 secundum
1903 2194 2068 2225 materiam
2090 2201 2199 2225 autem
2221 2204 2300 2226 non.

1466 2313 1494 2335 et
1514 2306 1686 2335 adveniente
1707 2305 1806 2342 aliquo
1827 2303 1935 2342 augeri,
1956 2313 2058 2333 verum
2073 2310 2116 2333 est
2129 2303 2154 2333 si
2167 2304 2342 2343 intelligatur
2355 2305 2392 2334 de
2407 2305 2538 2344 partibus

1466 2345 1633 2384 secundum}
1653 2345 1779 2383 speciem
1804 2344 1944 2382 acceptis:
1966 2353 2028 2373 non
2049 2350 2147 2373 autem
2168 2345 2205 2374 de
2225 2344 2355 2383 partibus
2375 2345 2538 2379 secundum

1467 2386 1617 2415 materiam
1639 2384 1836 2415 consideratis.
1858 2385 1891 2413 Id
1911 2384 1989 2413 enim
2015 2385 2097 2422 quod
2117 2390 2253 2422 augetur,
2280 2390 2398 2423 oportet
2420 2392 2537 2424 pet-unq

1465 2435 1549 2455 nere:
1571 2435 1634 2455 non
1647 2431 1744 2454 autem
1765 2430 1916 2462 permanet
1929 2423 2075 2462 quaelibet
2094 2433 2161 2461 pars
2175 2424 2359 2455 considerata
2375 2425 2538 2462 scandum

1466 2466 1630 2502 materiam,
1653 2465 1704 2494 sed
1725 2465 1821 2493 solum
1843 2465 2002 2493 secundum
2024 2463 2160 2501 speciem.
2177 2479 2196 2486 -
2216 2473 2246 2500 4.
2267 2464 2468 2495 Manifestum!⁸
2486 2474 2537 2495 ιο-

1465 2505 1537 2534 lutio
1563 2515 1615 2542 per
1641 2504 1720 2534 varia
1747 2504 1887 2541 exempla.
1907 2520 1928 2525 —
1948 2503 2126 2540 Explanatur
2152 2504 2323 2541 quomodo,
2348 2510 2536 2542 augmentato

1466 2555 1598 2583 corpore,
1619 2550 1740 2582 augetur
1761 2543 1881 2572 materia
1901 2543 1972 2579 eius,
1993 2552 2056 2572 non
2076 2549 2175 2572 tamen
2195 2543 2342 2581 quaelibet
2362 2553 2429 2581 pm
2442 2550 2536 2574 mnte-

1465 2585 1534 2614 riae.
1550 2586 1620 2613 ltem
1635 2584 1788 2622 quomodo
1802 2590 2015 2620 consequenter
2029 2592 2090 2612 non
2105 2589 2238 2620 oporteat
2253 2592 2315 2612 esse
2329 2583 2536 2622 incorporeum

1465 2625 1495 2653 id
1516 2634 1576 2662 quo
1599 2633 1705 2661 corpus
1726 2630 1855 2661 augetur,
1877 2631 1972 2660 neque
1994 2631 2056 2652 esse
2077 2623 2138 2651 duo
2166 2632 2291 2660 corpora
2311 2623 2413 2660 simul,
2439 2632 2536 2662 neque

1465 2665 1552 2694 etiarn
1575 2673 1637 2693 esse
1657 2673 1781 2692 vacuum
1802 2663 1873 2691 illud
1895 2663 1975 2700 quod
1989 2669 2118 2700 augetur.
2140 2662 2277 2692 Similiter
2290 2663 2448 2700 explicatur
2459 2673 2535 2702 quo-

1465 2706 1556 2733 modo
1578 2704 1694 2733 cuilibet
1719 2703 1793 2740 parti
1819 2703 1980 2732 secundum
2002 2702 2128 2740 speciem
2148 2703 2258 2740 aliquid
2278 2703 2536 2740 proportionaliter

1465 2745 1596 2779 addatur,
1618 2745 1728 2781 absque
1749 2752 1785 2772 eo
1807 2743 1888 2780 quod
1909 2749 2047 2780 sequatur
2067 2743 2128 2771 duo
2149 2752 2274 2780 corpora
2294 2752 2357 2772 esse
2379 2743 2410 2772 in
2429 2744 2535 2773 eodem

1465 2785 1540 2813 loco.
1555 2801 1575 2806 -
1595 2783 1762 2812 Excluditur
1783 2782 1886 2811 iterum
1908 2782 2106 2820 interpretatio
2120 2782 2287 2812 Alexandri.
2297 2799 2316 2804 —
2332 2783 2358 2812 5.
2374 2782 2536 2812 Praemissa

1464 2831 1562 2853 autem
1584 2823 1689 2852 solutio
1712 2822 1802 2860 magis
1824 2822 1974 2851 manifesta
1996 2829 2038 2851 est
2058 2822 2089 2851 in
2110 2822 2248 2851 membris
2269 2822 2452 2852 dissimilium
2466 2832 2535 2861 par-

1464 2864 1552 2900 tium,
1580 2873 1668 2901 quam
1690 2863 1719 2891 in
1741 2862 1879 2891 membris
1901 2862 2058 2891 similibus:
2086 2871 2155 2891 nam
2176 2862 2208 2891 in
2227 2862 2282 2891 illis
2303 2862 2395 2900 magis
2415 2869 2536 2900 apparet

1464 2903 1610 2932 distinctio
1632 2902 1736 2940 speciei
1757 2909 1786 2931 et
1807 2902 1954 2931 materiae.
1977 2903 2051 2931 Sunt
2078 2902 2156 2931 enim
2184 2901 2396 2939 propinquiora
2415 2902 2484 2939 toti,
2506 2909 2535 2932 et

1465 2944 1531 2972 ideo
1553 2943 1665 2980 plenius
1679 2942 1820 2980 recipiunt
1834 2941 2040 2979 perfectionem
2054 2942 2175 2978 formae,
2190 2951 2266 2979 quae
2280 2948 2323 2970 est
2340 2941 2535 2979 principaliter

1464 2990 1544 3013 actus
1564 2983 1661 3012 totius.
1674 2999 1693 3005 -
1707 2984 1734 3011 6.
1754 2982 1893 3019 Epilogus
1915 2988 1942 3011 et
1963 2981 2121 3011 conclusio.

1463 3090 1600 3128 debeat
1628 3101 1711 3126 esse
1746 3087 1906 3139 solutio;
1935 3087 2105 3125 secundo
2142 3087 2251 3136 ponit
2278 3087 2530 3137 solutionem,

1463 3142 1530 3180 ibi:
1560 3142 1803 3191 Susczpienda
1830 3141 1851 3163 *
1879 3148 1948 3178 etc.

1528 3196 1690 3244 Oportet
1730 3202 1858 3231 autem
1902 3194 2007 3242 quod
2044 3205 2136 3231 vera
2178 3193 2315 3231 solutio
2356 3194 2478 3232 salvet
2512 3194 2533 3217 '¹⁸

1465 3248 1595 3286 omnia
1615 3260 1713 3296 quae
1742 3255 1828 3285 sunt
1849 3247 1895 3284 de
1924 3247 2070 3284 ratione
2090 3246 2155 3294 rei,
2177 3254 2213 3284 et
2241 3246 2372 3284 omnia
2389 3247 2532 3296 impos-

1465 3301 1584 3338 sibilia
1605 3300 1794 3338 exeludat:
1822 3308 1859 3337 et
1878 3299 1965 3337 ideo
1994 3299 2120 3349 primo
2141 3299 2305 3338 ostendit
2333 3301 2531 3349 quomodo

1464 3354 1658 3392 intendit*
1672 3354 1818 3391 salvare
1840 3353 1969 3390 omnia
1984 3365 2082 3403 quae
2102 3361 2189 3390 sunt
2208 3353 2255 3391 de
2277 3353 2420 3390 ratione
2441 3365 2530 3402 aug·
2559 3365 2569 3375 ·

1464 3407 1594 3444 menti.
1626 3408 1675 3444 Et
1695 3407 1783 3444 dicit
1811 3406 1928 3456 quod,
1949 3406 2039 3455 quia
2058 3406 2288 3444 sufficienter
2316 3405 2530 3455 quaesitum

1465 3467 1521 3498 est
1549 3461 1595 3499 de
1615 3460 1826 3509 praedictis,
1848 3467 1999 3509 oportet
2017 3465 2170 3506 tentare,
2191 3459 2288 3497 idest
2306 3459 2355 3497 ad
2374 3460 2449 3496 hoc
2469 3471 2531 3497 co-

401 3620 429 3652 α)
449 3620 647 3646 dubitationem.
665 3635 684 3641 —
697 3622 884 3654 principaliter
903 3624 960 3649 add.
977 3625 1008 3649 A.
1028 3625 1098 3649 Idem
1117 3630 1177 3658 post
1195 3626 1274 3651 solvit
1292 3626 1350 3651 add.
1369 3626 1512 3658 quandam.

2573 873 2721 928 ‘Tace-³3⁸1).
2736 881 2760 896 v.

2568 1628 2578 1637 ·
2591 1626 2661 1650 Tm.
2672 1627 2715 1666 ,3⁶³

2567 1881 2576 1903 *-
2590 1891 2661 1915 Tm.
2673 1898 2709 1922 37.

2559 3154 2572 3166 ⁹
2585 3153 2656 3176 Nun.
2669 3159 2719 3183 aq.

2559 3206 2726 3256 21:3⁶3*
