2690 4062
321 254 428 279 XXXIV

330 1623 395 1665 ἤδη
420 1620 457 1656 δὲ
480 1622 553 1655 καθ’
583 1622 728 1654 ἕκαστον
759 1621 797 1652 οὗ

816 237 886 274 DE
917 230 1301 272 GENERATIONE
1330 228 1401 265 ET
1431 223 1813 263 CORRUPTIONE
1842 222 1937 258 LIB.
1969 222 2001 257 II

1062 484 1361 574 LEch
1401 481 1744 561 QUARTA

748 642 886 674 OMNIA
909 639 1145 671 ELEMENTA
1167 638 1289 668 NATA
1311 636 1424 667 SUNT
1447 635 1505 665 EX
1529 634 1577 664 SE
1601 631 1781 663 INVICEM
1805 631 2024 663 GENERARI
2050 648 2068 654 -

545 703 635 740 QUO
659 700 784 732 MODO
808 698 960 730 EORUM
984 696 1140 727 MUTUA
1163 692 1414 725 GENERATIO
1439 690 1696 723 CONTINGAT
1720 689 1763 719 IN
1787 688 1978 720 SPECIALI
2002 688 2283 720 OSTENDITUR

395 879 545 916 ἀλλήλων
570 879 590 914 ἡ
615 876 754 923 γένεσις,
784 876 855 918 ἅμα
879 870 916 906 δὲ
940 876 997 905 καὶ
1021 872 1117 905 κατοὶ
1141 871 1204 908 τὴν
1227 869 1378 923 αἴσθησιν

393 927 549 967 φαίνεται
573 920 732 967 γινόμενα.
755 920 815 962 (οὗ
840 918 903 964 γάρ
931 917 969 950 ἂν
995 915 1035 954 ἦν
1069 917 1260 952 ἀλλοίωσις·
1285 925 1381 946 κατα

391 968 454 1013 γάρ
472 969 518 999 τά
535 969 600 999 τῶν
619 965 736 997 οἱπτῶν
756 962 846 1000 πάθη
866 963 886 999 ἡ
906 962 1079 998 ἀλλοίωσίς
1097 959 1222 1001 ἐστιν),
1239 957 1378 989 λεκτέον

392 1015 442 1050 τίς
468 1012 483 1043 ὁ
509 1011 631 1055 τρόπος
654 1009 716 1046 τῆς
741 1008 784 1045 εἰς
812 1007 943 1044 ἄλληλα
968 1004 1176 1049 μεταβολῆς,
1193 1004 1250 1034 καὶ
1277 1001 1381 1034 πότε-

392 1067 445 1097 ρον
473 1054 563 1087 ἅπαν
589 1053 623 1094 ἐξ
650 1052 802 1088 ἅπαντος
827 1048 1001 1096 γίγνεσθαι
1031 1045 1177 1080 δυνατὸν
1203 1044 1223 1082 ἦ
1250 1046 1297 1078 τά
1322 1045 1380 1090 μὲν

392 1098 537 1134 δυνατὸν
563 1098 610 1131 τοὶ
632 1092 661 1128 δ’
691 1091 874 1128 ἀδύνατον.

320 1145 395 1177 Ὅτι
420 1143 477 1188 μὲν
504 1141 559 1174 οὖν
587 1141 728 1174 ἅπαντα
754 1138 895 1183 πέφυκεν
922 1137 966 1174 εἱς
989 1137 1118 1173 ἄλληλα
1136 1133 1379 1179 μεταβάλλειν,

392 1186 547 1233 φανερόν·
575 1187 595 1222 ’ἦ
620 1186 683 1231 γάρ
701 1183 827 1229 γένεσις
844 1182 889 1219 εἰς
910 1181 1051 1213 ἐναντία
1075 1180 1132 1211 καὶ
1151 1178 1185 1219 ἑξ
1205 1178 1380 1217 ἐναντίων,

394 1233 440 1264 τά
463 1227 500 1262 δέ
525 1233 679 1273 στοιχεῖα
704 1226 822 1259 πάντα
848 1226 916 1270 ἔχει
937 1225 1130 1257 ἐναντίωσιν
1149 1223 1227 1267 πρὸς
1251 1221 1382 1258 ἀλληλα

393 1275 451 1307 διὰ
474 1274 515 1306 τό
541 1274 602 1310 τάς
629 1267 789 1315 διαφοράς
822 1270 980 1306 ἐναντίας
1009 1265 1112 1300 εἶναι·
1139 1271 1209 1304 τοῖς
1234 1267 1291 1310 μὲν
1317 1266 1381 1310 γάρ

395 1318 581 1363 ἀμφότεραι
614 1317 785 1355 ἐναντίαι,
817 1314 885 1346 οἷον
918 1314 993 1357 πυρὶ
1024 1314 1082 1343 καὶ
1113 1307 1215 1343 ὕδατι
1239 1310 1300 1353 (τό
1324 1310 1383 1353 μὲν

393 1364 455 1419 γάρ
481 1361 577 1406 ξηρὸν
601 1362 659 1391 καὶ
677 1358 806 1402 θερμόν,
826 1358 865 1391 τὸ
886 1352 917 1388 δ’
939 1358 1036 1403 ὑγρὸν
1061 1357 1118 1387 καὶ
1136 1353 1289 1407 ψυχρόν),
1312 1357 1383 1390 τοῖς

394 1408 422 1440 δ’
443 1408 463 1443 ἡ
490 1405 590 1448 ἑτέρα
615 1402 728 1448 μόνον,
749 1403 816 1434 οἷον
843 1402 914 1446 ἀέρι
938 1403 996 1432 καὶ
1021 1396 1126 1433 ὕδατι
1152 1399 1212 1442 (το
1236 1399 1294 1443 μὲν
1319 1397 1383 1443 γάρ

395 1452 492 1498 ὑγρὸν
516 1452 573 1481 καὶ
598 1447 733 1491 θερμόν,
761 1446 801 1478 τὸ
825 1440 863 1478 δὲ
889 1445 987 1491 ὑγρόν
1011 1446 1069 1477 καὶ
1094 1442 1247 1488 ψυχρόν).
1279 1441 1384 1473 “Deve

393 1494 537 1528 καθόλου
563 1495 620 1538 μὲν
651 1492 788 1535 φανερὸν
820 1489 873 1522 ὅτι
907 1490 974 1522 πᾶν
1008 1489 1045 1520 ἐκ
1077 1487 1207 1524 παντὸς
1235 1484 1385 1532 γίνεσθαι

396 1539 556 1582 πέφυκεν,

857 1620 982 1651 αλεπὸν
1012 1613 1094 1649 ἰδεῖν
1128 1617 1214 1654 πῶς·
1242 1615 1386 1649 ἅπαντα

396 1669 454 1714 μὲν
479 1670 541 1714 γάρ
568 1666 601 1707 ἐξ
628 1664 789 1698 ἀπάντων
821 1675 940 1705 εσται,
966 1659 1083 1694 διοίσει
1115 1657 1152 1693 δέ
1177 1661 1224 1702 τῷ
1257 1660 1386 1693 θᾶττον

394 1715 451 1744 καὶ
470 1706 675 1754 βραδύτερον
699 1711 757 1740 καὶ
775 1710 823 1750 τῷ
839 1709 919 1752 ρᾄν
943 1708 1001 1738 καὶ
1021 1704 1275 1751 χαλεπώτερον.
1300 1703 1388 1736 ’Ὀσα

396 1757 454 1801 μὲν
478 1757 540 1808 γάρ
567 1755 636 1798 ἔχει
659 1752 813 1797 σύμβολα
839 1752 917 1797 πρὸς
938 1752 1081 1792 ἄλληλα,
1101 1753 1229 1828 ταέεἴα
1253 1748 1386 1782 τούτων

397 1803 417 1838 ἡ
443 1799 642 1844 μεταβασις,
662 1796 726 1830 ὅσα
750 1792 787 1829 δὲ
808 1796 854 1840 μή
881 1795 1000 1840 ἕχει,β
1024 1790 1137 1836 αδεῖα,
1179 1794 1215 1825 tol
1240 1794 1282 1826 τό
1305 1793 1386 1838 ῥᾷον

399 1842 484 1876 εἶναι
510 1844 549 1874 τὸ
575 1843 607 1874 ἓν
629 1841 650 1878 ἦ
669 1842 716 1874 τά
740 1842 852 1873 πολλοὶ
869 1840 1110 1885 μεταβαλλειν,
1130 1841 1198 1872 οἷον
1224 1837 1261 1869 ἐκ
1287 1838 1388 1882 πυρὸς

397 1889 455 1933 μὲν
481 1887 578 1919 ἔσται
605 1886 667 1928 ἀήρ
693 1884 836 1930 θατέρου
861 1883 1141 1928 μεταβάλλοντος
1165 1881 1304 1927 (τὸμὲν
1322 1881 1387 1928 γάρ

399 1931 437 1969 ἦν
462 1930 578 1975 θερμὸν
602 1932 660 1962 καὶ
685 1929 796 1974 ξηρόν,
816 1927 856 1961 vd
881 1923 918 1960 δὲ
942 1927 1059 1972 θερμὸν
1083 1929 1141 1959 καὶ
1167 1926 1281 1972 ὑγρόν,
1299 1925 1388 1958 ὥστε

401 1976 438 2008 ἂν
463 1973 619 2019 κρατηθῇ
645 1974 686 2007 τὸ
711 1973 807 2018 ξηρὰν
834 1973 899 2005 ὑπὸ
925 1974 987 2005 τοῦ
1014 1973 1131 2018 ύγροῦ,
1160 1973 1224 2015 ἀήρ
1251 1970 1388 2025 ἔσται),

400 2019 501 2053 πάλιν
526 2014 564 2050 δὲ
592 2017 626 2058 ἐξ
660 2016 754 2061 ἀέρος
787 2012 893 2059 ὕδωρ,
929 2017 986 2049 ἐὰν
1017 2016 1174 2059 κρατηθῇ
1205 2013 1390 2060 τὸοθερμον

399 2064 464 2096 ὑπό
490 2064 552 2095 τοῦ
577 2061 701 2107 ψυχροῦ
728 2061 789 2105 (τὸ
814 2060 872 2105 μὲν
898 2060 962 2107 γάρ
988 2057 1027 2097 ἦν
1053 2060 1170 2105 θερμὸν
1194 2062 1252 2093 καὶ
1274 2058 1387 2106 ὑγρόν,

399 2108 440 2141 τὸ
465 2103 502 2139 δὲ
527 2107 647 2151 ψυχρὸν
678 2107 736 2138 καὶ
762 2104 880 2152 ὑγρόν,
906 2104 994 2138 ὥστε
1019 2105 1302 2148 μεταβάλλοντος
1327 2104 1390 2137 τοῦ

398 2152 518 2194 θερμοῦ
543 2149 627 2196 ὕδωρ
658 2150 786 2193 ἔσται).
823 2149 887 2181 Τὸν
914 2148 1019 2182 αὐτὸν
1045 2144 1083 2181 δὲ
1113 2149 1240 2193 τρόπον
1270 2150 1329 2181 καὶ
1355 2145 1390 2190 ἒξ

399 2191 526 2233 ὕδατος
558 2196 602 2242 γῆ
633 2196 691 2226 καὶ
723 2192 759 2226 ἐκ
789 2195 852 2240 γῆς
884 2195 966 2238 πῦρ·
994 2194 1063 2238 ἔχει
1088 2193 1152 2239 γάρ
1187 2193 1284 2238 ἄμφω
1309 2192 1391 2237 πρὸς

401 2240 496 2285 ἄμφω
521 2240 693 2284 σύμβολα·
721 2238 761 2271 το
786 2238 845 2282 μὲν
865 2238 929 2283 γάρ
950 2233 1035 2280 ὕδωρ
1054 2237 1152 2283 ύγρόν
1176 2238 1235 2270 καὶ
1251 2234 1390 2283 ψυχρόν,

399 2285 419 2320 ἡ
444 2280 482 2316 δὲ
505 2285 550 2330 γῆ
576 2282 697 2328 ψυχρὰν
725 2284 783 2314 καὶ
809 2281 928 2326 ξηρόν,
955 2281 1042 2314 ὥστε
1073 2280 1304 2326 κρατηθέντος
1329 2282 1392 2315 τοῦ

399 2328 499 2374 ὑγροῦ
524 2329 569 2374 γῆ
595 2327 705 2359 ἔσται.
736 2327 801 2358 Καὶ
827 2326 929 2359 πάλιν
955 2327 1027 2358 ἐπεὶ
1053 2326 1094 2358 τὸ
1119 2326 1178 2370 μὲν
1204 2327 1268 2371 πῦρ
1293 2325 1393 2371 ξηρόν

397 2375 455 2404 καὶ
480 2371 614 2416 θερμόν,
642 2372 662 2407 ἡ
687 2366 724 2402 δὲ
748 2371 793 2416 γῆ
818 2370 939 2415 ψυχρὸν
968 2373 1025 2403 καὶ
1051 2369 1170 2415 ξηρόν,
1197 2369 1256 2403 ἒοίν
1280 2369 1347 2415 φθα
1370 2369 1391 2413 ᾖ

399 2416 440 2449 τὸ
464 2415 606 2461 ψυχρόν,
633 2415 696 2459 πῦρ
727 2413 826 2447 ἔστ-αι
858 2416 894 2448 ἐκ
923 2415 998 2461 γῆς.
1031 2414 1135 2447 “ssave
1160 2414 1301 2459 φανερὸν
1358 2425 1392 2447 τι

399 2459 508 2501 κύκλῳ
534 2472 570 2493 τε
597 2460 695 2491 ἔσται
720 2459 740 2495 ἠ
765 2458 891 2504 γένεσις
913 2463 983 2497 τοῖς
1011 2460 1131 2497 οἱπλοῖς
1155 2458 1309 2502 σώμασι,
1334 2459 1393 2491 καὶ

400 2504 521 2548 ῥᾷστος
547 2503 645 2540 οὗτος
669 2503 684 2534 ὁ
707 2502 830 2547 τρόπος
856 2504 919 2541 τῆς
945 2504 1141 2547 μεταβολῆς
1162 2499 1222 2536 διαὶ
1245 2503 1287 2536 τό
1311 2502 1395 2548 σύμ-

401 2548 488 2589 βολα
513 2546 709 2592 ἐνυπάρχειν
734 2552 804 2585 τοῖς
831 2547 960 2593 ἑφεξῆς.

331 2591 390 2624 Ἐκ
416 2592 515 2636 πυρός
544 2587 581 2623 δὲ
606 2588 691 2644 ὕδωρ
715 2593 772 2623 καὶ
798 2591 832 2633 ἐξ
859 2591 952 2635 ἀέρος
977 2592 1041 2637 γῆν
1064 2594 1122 2624 καὶ
1140 2590 1243 2624 πάλιν
1261 2590 1295 2633 ἐξ
1314 2586 1394 2623 ὕδα-

403 2647 461 2673 τος
484 2638 540 2667 καὶ
564 2637 627 2682 γῆς
653 2635 735 2690 αέρα
759 2637 817 2668 καὶ
843 2638 906 2680 πῦρ
933 2632 1109 2681 ἐνδέχεται
1134 2635 1192 2680 μὲν
1221 2634 1391 2682 γενέσθαι,

429 2679 640 2722 αλεπώτερον
666 2675 703 2711 δε
727 2674 786 2711 διαὶ
816 2681 858 2713 *to*
891 2681 1053 2713 πλειόνων
1083 2677 1170 2712 εἶναι
1199 2680 1264 2717 τήν
1289 2691 1397 2725 μετα-

403 2692 526 2764 βολήν·
555 2724 684 2771 ἀνάγκη
709 2722 793 2769 γάρ,
821 2725 847 2756 εἰ
873 2724 972 2757 ἔσται
997 2725 1031 2765 ἐξ
1057 2720 1183 2762 ὕδατος
1209 2725 1287 2769 πῦρ,
1314 2723 1395 2768 φθα-

403 2768 501 2811 ρῆναι
524 2770 582 2799 καὶ
607 2769 647 2802 τὸ
670 2767 792 2811 ψυχρὸν
816 2771 874 2800 καὶ
899 2770 940 2801 ‘ro'
966 2767 1079 2815 ὑγρόν,
1103 2770 1162 2800 καὶ
1187 2768 1290 2801 πάλιν
1312 2769 1340 2800 εἱ
1358 2769 1394 2800 ὲκ

403 2812 465 2856 γῆς
498 2811 580 2856 ἀήρ,
607 2812 774 2857 φθαρῆναι
806 2814 864 2844 καὶ
895 2814 935 2846 τὰ
967 2813 1088 2858 ψυχρὸν
1120 2814 1177 2845 καὶ
1210 2813 1252 2845 τὸ
1282 2811 1393 2858 ξηρόν.

401 2854 574 2894 Ὡσαύτως
593 2852 630 2888 δὲ
654 2858 711 2887 καὶ
730 2856 757 2887 εἰ
778 2856 813 2887 ἐκ
831 2857 931 2900 πυρὸς
955 2860 1012 2890 καὶ
1035 2856 1129 2913 ἀέρος
1148 2853 1233 2902 ὕδωρ
1257 2859 1316 2889 καὶ
1333 2858 1393 2904 γῆ,

407 2899 536 2945 ἀνάγκη
564 2899 736 2945 ἀμφότερα
761 2901 1001 2944 μεταβάλλειν.
1038 2903 1129 2938 Αυτη
1156 2901 1214 2945 μὲν
1240 2899 1297 2934 οὖν
1321 2912 1397 2946 χρο-

405 2943 547 2988 νιωτέρα
573 2946 593 2981 ἠ
617 2944 763 2990 γένεσις·

343 2988 400 3021 ἐάν
425 2983 454 3019 δ’
475 2988 636 3033 ἐκατέρου
660 2987 768 3032 φθαρῇ
795 2987 950 3033 θάτερον,
976 2988 1063 3034 ῥᾴων
1089 2986 1162 3032 μέν,
1183 2986 1242 3020 οὐκ
1267 2989 1312 3026 εἰς
1340 2989 1399 3021 ἀλ-

406 3033 494 3068 ληλα
518 3028 555 3064 δὲ
573 3034 592 3069 ἠ
610 3031 813 3075 μετάβασις,
834 3033 905 3065 ἀλλ’
927 3033 964 3065 ἑκ
989 3033 1088 3077 πυρὸς
1110 3032 1168 3078 μὲν
1193 3034 1251 3065 καὶ
1269 3028 1396 3070 ὕδατος

409 3074 507 3107 ἔσται
532 3077 579 3134 γῆ
611 3078 669 3109 καὶ
700 3075 786 3118 ἀήρ,
813 3076 847 3118 ἐξ
875 3076 969 3120 ἀέρος
998 3073 1037 3109 δὲ
1068 3079 1126 3110 καὶ
1156 3077 1219 3122 γῆς
1245 3078 1309 3120 πῦρ
1338 3078 1398 3109 καὶ

408 3115 506 3162 ὕδωρ.
548 3122 640 3154 Οταν
665 3120 722 3165 μὲν
746 3120 811 3166 γάρ
836 3122 898 3153 τοῦ
924 3116 1051 3159 ὕδατος
1075 3121 1184 3166 φθαρῇ
1210 3121 1251 3154 τὸ
1276 3121 1398 3166 ψυχρὸν

410 3164 472 3195 τοῦ
495 3160 533 3196 δὲ
563 3165 662 3209 πυρὸς
694 3163 734 3197 τὰ
763 3163 879 3207 ξηρόν,
913 3165 979 3209 άηρ
1005 3165 1104 3198 ἔσται
1130 3168 1306 3209 (λείπεται
1333 3165 1398 3211 γάρ

412 3207 473 3238 τοῦ
498 3210 556 3252 μὲν
582 3209 622 3241 τὸ
647 3208 699 3253 θερ
730 3207 763 3240 ὃν
789 3210 851 3240 τοῦ
876 3204 913 3241 δὲ
938 3209 980 3241 τὸ
1006 3209 1135 3255 ὑγρόν),
1163 3209 1249 3242 ὅταν
1274 3206 1311 3242 δὲ
1337 3210 1399 3241 τοῦ

411 3250 470 3326 §ev
500 3252 599 3295 πυρὸς
628 3252 669 3284 τὸ
723 3251 819 3295 ερμόν
849 3254 910 3286 τοῦ
934 3248 964 3284 δ’
993 3249 1119 3291 ὕδατος
1146 3254 1185 3287 τὸ
1212 3253 1328 3300 ὑγρόν,
1354 3254 1399 3299 γῆ

435 3294 471 3326 ιοὶ
494 3297 532 3329 τό
556 3295 729 3328 λείπεσθαι
761 3297 823 3328 τοῦ
853 3297 911 3339 μὲν
938 3297 978 3329 τὸ
1003 3296 1100 3342 ξηρόν
1131 3299 1193 3331 τοῦ
1217 3293 1255 3330 δὲ
1280 3298 1321 3331 τό
1346 3297 1402 3341 ψυ-

412 3351 435 3383 χ
457 3338 503 3371 όν.
540 3339 713 3378 Ὡσαύτως
736 3334 774 3371 δὲ
804 3342 862 3372 καὶ
888 3339 924 3381 ἐξ
951 3339 1045 3385 ἀέρος
1077 3343 1135 3373 καὶ
1159 3342 1222 3388 γῆς
1247 3343 1311 3384 πῦρ
1342 3344 1400 3374 καὶ

416 3383 435 3414 ὑ’
460 3395 519 3427 ωρ·
546 3382 631 3415 ὅταν
656 3384 714 3427 μὲν
739 3382 785 3428 γά
823 3385 884 3417 τοῦ
904 3383 997 3427 ἀέρος
1015 3384 1123 3430 φθαρῇ
1145 3386 1186 3418 τὸ
1202 3385 1320 3430 θερμὸν
1339 3387 1399 3424 τῆς

414 3421 452 3458 δὲ
475 3427 537 3472 γῆς
562 3428 600 3459 τὸ
627 3426 736 3471 ξηρόν,
756 3425 774 3458 ὕ
799 3440 842 3472 ωρ
861 3428 958 3462 ἔσται
980 3430 1156 3471 (λείπεται
1173 3430 1237 3476 γάρ
1263 3430 1324 3463 τοῦ
1369 3430 1401 3462 ἐν

417 3471 457 3502 το
483 3470 579 3516 ὑγρὸν
604 3472 665 3508 τῆς
682 3467 718 3503 δὲ
735 3471 777 3502 τό
795 3471 949 3517 ψυχρόν),
970 3471 1054 3505 ὅταν
1079 3468 1116 3504 δὲ
1142 3474 1203 3506 τοῦ
1228 3474 1287 3517 μὲν
1307 3474 1402 3518 ἀερος

417 3513 457 3545 τό
483 3513 579 3559 ὑγρὸν
605 3515 666 3552 τῆς
690 3510 727 3547 δὲ
775 3516 812 3553 ἧς
838 3517 879 3548 τό
903 3515 1039 3560 ψυχρόν,
1059 3517 1104 3550 πῦ
1148 3513 1206 3550 διά
1226 3519 1268 3550 τὸ
1291 3519 1404 3550 λείπε-

416 3555 494 3589 σθαι
519 3558 580 3589 τοῦ
605 3559 662 3599 μὲν
687 3560 728 3590 τὸ
751 3526 868 3603 θερμὰν
893 3561 956 3597 τῆς
980 3555 1018 3592 δὲ
1043 3562 1083 3594 τὸ
1108 3529 1225 3605 ἕηρόν,
1254 3560 1338 3606 ἅπερ
1363 3560 1402 3598 ἦν

320 839 416 871 Ἐπεὶ
433 833 470 868 δὲ
490 832 661 879 διώρισται
686 831 847 874 πρότερον
869 830 923 862 ὅτι
944 834 1013 866 τοῖς
1037 830 1156 865 ἁπλοῖς
1173 825 1322 871 σώμασιν
1344 824 1378 866 ἐξ
1433 826 1451 845 *
1467 825 1631 863 Quoniam
1649 831 1757 855 autem
1772 825 2018 856 determinatum
2037 832 2084 856 est
2099 825 2186 866 prius
2202 826 2291 867 quod
2307 825 2504 866 simplicibus

1503 868 1688 909 corporibus
1704 878 1742 899 ex
1756 868 1893 900 invicem
1914 869 2086 910 generatio,
2106 869 2203 900 simul
2218 877 2326 901 autem
2342 877 2374 901 et
2393 880 2504 901 secun-

1502 914 1581 943 dum
1605 922 1735 942 sensum
1757 913 1904 944 videntur
1933 911 2080 953 generata
2103 912 2193 955 (non
2217 914 2303 945 enim
2325 921 2406 946 esset
2428 915 2503 946 alte-

1502 956 1597 987 ratio:
1622 956 1799 987 secundum
1829 963 1930 987 tactus
1953 957 2039 987 enim
2061 958 2225 997 passiones
2249 958 2390 989 alteratio
2417 956 2504 1002 est),

1503 1001 1674 1031 dicendum
1706 1000 1778 1041 quis
1805 1001 1922 1031 modus
1955 1001 2132 1032 adinvicem
2159 1002 2450 1041 transmutationis,
2474 1009 2506 1034 et

1504 1051 1613 1075 utrum
1636 1054 1733 1075 omne
1761 1054 1799 1074 ex
1821 1045 1911 1075 omni
1942 1045 2084 1087 generari
2106 1046 2257 1086 possibile
2280 1046 2336 1085 sit,
2361 1053 2417 1077 aut
2442 1047 2506 1078 hoc

1503 1088 1634 1129 quidem
1657 1088 1824 1128 possibile,
1848 1088 1911 1119 hoc
1934 1095 2042 1120 autem
2064 1089 2270 1130 impossibile.

1437 1132 1601 1171 Quoniam
1616 1132 1747 1173 quidem
1763 1131 1858 1172 igitur
1873 1133 1982 1163 omnia
1997 1133 2104 1164 innata
2126 1139 2201 1164 sunt
2216 1133 2393 1165 adinvicem
2408 1141 2507 1166 uana-

1503 1176 1631 1214 mutari,
1647 1175 1853 1207 manifestum
1868 1183 1931 1207 est:
1948 1177 2109 1217 generatio
2128 1177 2260 1218 quidem
2279 1178 2365 1208 enim
2382 1178 2416 1209 in
2431 1188 2508 1210 con-

1504 1220 1596 1251 traria
1626 1227 1657 1251 et
1679 1230 1716 1251 ex
1739 1221 1916 1259 contrariis,
1940 1222 2095 1252 elementa
2124 1228 2232 1252 autem
2260 1222 2370 1253 omnia
2391 1222 2509 1255 habent

1505 1265 1757 1296 contrarietatem
1788 1265 1985 1303 adinvicem,
2009 1266 2084 1306 quia
2114 1265 2304 1297 differentiae
2335 1267 2508 1298 contrariae

1506 1316 1595 1346 sunt3
1619 1309 1668 1339 his
1683 1309 1816 1350 quidem
1839 1309 1925 1339 enim
1949 1309 2060 1340 ambae
2088 1309 2279 1349 contrariae,
2302 1310 2388 1341 verbi
2479 1310 2488 1318 ‘

1505 1353 1570 1394 igni
1594 1360 1625 1384 et
1639 1363 1740 1394 aquae
1759 1351 1836 1395 (hoc
1852 1353 1938 1383 enim
1960 1353 2081 1384 siccum
2104 1360 2135 1384 et
2150 1354 2300 1393 calidum,
2322 1354 2386 1386 hoc
2401 1361 2510 1387 autem

1507 1397 1657 1438 frigidum
1681 1404 1712 1428 et
1733 1396 1936 1440 humidum),
1960 1397 2009 1428 his
2031 1404 2140 1428 autem
2162 1398 2259 1430 altera
2281 1398 2399 1437 solum,
2421 1399 2510 1430 verbi

1506 1442 1605 1482 gratia
1627 1441 1690 1472 aeri
1713 1448 1744 1472 et
1767 1451 1868 1482 aquae
1892 1439 1968 1484 (hoc
1991 1441 2077 1472 enim
2102 1442 2240 1472 calidum
2263 1449 2294 1473 et
2316 1442 2510 1483 humidum,

1507 1487 1571 1517 hoc
1585 1493 1693 1516 autem
1709 1485 1859 1526 frigidum
1875 1492 1906 1516 et
1920 1484 2117 1528 humidum).
2134 1486 2339 1527 Quapropter
2353 1487 2512 1519 univers·-

1507 1531 1578 1562 liter
1593 1530 1724 1572 quidem
1740 1529 1955 1569 manifestum,
1975 1530 2131 1571 quoniam
2145 1541 2243 1562 omne
2259 1541 2296 1562 ex
2311 1530 2402 1562 omni
2416 1541 2510 1572 gene-

1509 1575 1569 1606 rari
1592 1581 1704 1606 natum
1727 1581 1784 1605 est.

1442 1620 1509 1651 Iam
1524 1626 1632 1650 autem
1647 1618 1824 1659 secundum
1839 1618 2098 1659 unumquodque
2121 1628 2188 1649 non
2203 1625 2251 1650 est
2265 1618 2391 1651 difficile
2405 1618 2511 1651 videre

1508 1663 1675 1705 quomodo
1692 1662 1824 1703 quidem
1839 1662 1950 1692 omnia
1965 1672 2002 1693 ex
2020 1662 2170 1694 omnibus
2193 1662 2280 1694 fiant.
2297 1663 2315 1682 *
2329 1662 2440 1695 Differt
2454 1673 2511 1695 au·

1509 1715 1575 1739 tem
1590 1707 1623 1738 in
1640 1706 1731 1738 citius
1759 1713 1790 1737 et
1812 1706 1943 1745 tardius,
1960 1713 1991 1737 et
2013 1706 2134 1737 facilius
2158 1714 2189 1738 et
2211 1706 2380 1738 difficilius.
2404 1708 2511 1746 Quae-

1510 1761 1649 1792 cumque
1661 1750 1748 1782 enim
1763 1750 1880 1781 habent
1891 1750 2076 1792 symbolum
2090 1750 2276 1789 adinvicem,
2287 1751 2380 1783 velox
2392 1751 2511 1783 horum

1511 1802 1558 1827 est
1571 1794 1806 1833 transmutatio,
1818 1804 2039 1836 quaecumque
2055 1802 2163 1826 autem
2177 1805 2244 1826 non
2258 1795 2392 1833 habent,
2407 1796 2510 1827 tarda:

1510 1840 1586 1882 quia
1609 1839 1731 1870 facilius
1755 1846 1801 1870 est
1817 1849 1921 1870 unum
1945 1849 2044 1880 quam
2066 1839 2168 1870 multa
2183 1845 2410 1878 transmutare3
2424 1839 2512 1871 verbi

1510 1884 1608 1926 gratia
1631 1894 1668 1915 ex
1683 1883 1756 1924 igne
1771 1883 1903 1924 quidem
1927 1883 1984 1914 erit
2001 1893 2065 1922 aer,
2081 1883 2179 1914 altero
2203 1890 2413 1916 transmutato
2435 1881 2514 1927 (hoe

1511 1929 1598 1960 enim
1621 1935 1686 1959 erat
1709 1927 1848 1959 calidum
1871 1934 1902 1958 et
1925 1927 2066 1966 siccum,
2089 1927 2152 1958 hoc
2175 1934 2283 1958 autem
2312 1927 2452 1959 calidum
2482 1934 2515 1960 et

1511 1973 1699 2011 humidum;
1722 1978 1931 2013 quapropter,
1956 1971 1981 2002 si
2005 1971 2221 2002 dominabitur
2243 1971 2362 2003 siccum
2385 1972 2426 2003 ab
2453 1971 2514 2004 hu-

1511 2017 1612 2055 mido,
1636 2026 1689 2047 aer
1712 2014 1793 2058 erit).
1814 2016 1936 2047 Rursus
1952 2022 2059 2047 autem
2082 2025 2120 2047 ex
2135 2025 2205 2046 aere
2225 2025 2308 2057 aqua
2323 2015 2392 2055 erit,
2414 2015 2441 2047 si
2456 2016 2514 2048 do-

1512 2061 1684 2092 minabitur
1708 2060 1847 2092 calidum
1869 2070 1887 2090 a
1911 2059 2025 2100 frigido
2049 2059 2126 2102 (hoc
2149 2059 2281 2100 quidem
2303 2059 2391 2092 enim
2412 2059 2516 2093 fuerat

1513 2105 1652 2138 calidum
1667 2111 1698 2136 et
1713 2104 1896 2143 humidum,
1912 2104 1974 2135 hoc
1990 2111 2097 2135 autem
2113 2103 2264 2145 frigidum
2280 2110 2311 2136 et
2324 2104 2515 2144 humidum;

1512 2156 1707 2191 quapropter
1721 2155 1931 2180 transmutato
1953 2147 2055 2179 calido
2079 2158 2162 2190 aqua
2178 2146 2258 2191 erit).
2273 2148 2400 2180 Eodem
2414 2148 2516 2180 modo

1513 2201 1544 2226 et
1559 2204 1597 2226 ex
1619 2203 1702 2235 aqua
1725 2200 1817 2231 terra,
1841 2200 1872 2224 et
1887 2203 1924 2223 ex
1947 2199 2028 2223 terra
2049 2192 2146 2233 ignis:
2170 2191 2288 2224 habent
2310 2192 2396 2224 enim
2418 2193 2516 2224 ambo

1513 2239 1554 2270 ad
1577 2238 1673 2269 ambo
1703 2237 1867 2279 symbola:
1896 2247 1979 2278 aqua
2008 2236 2140 2278 quidem
2169 2236 2302 2268 humida
2331 2243 2364 2269 et
2385 2236 2515 2278 frigida,

1513 2290 1595 2314 terra
1617 2289 1724 2313 autem
1748 2281 1860 2322 frigida
1882 2288 1913 2312 et
1935 2281 2028 2319 sicca,
2051 2287 2246 2322 quapropter
2267 2281 2434 2313 dominato
2457 2281 2517 2313 hu·-

1514 2327 1604 2358 mido
1619 2333 1699 2358 terra
1718 2325 1784 2357 erit.
1802 2326 1843 2356 Et
1858 2335 1966 2356 rursus
1981 2325 2137 2366 quoniam
2151 2325 2232 2366 ignis
2251 2324 2384 2367 quidem
2397 2325 2518 2357 calidus

1515 2378 1546 2402 et
1568 2371 1680 2410 siccus,
1704 2377 1784 2401 terra
1807 2376 1914 2401 autem
1938 2369 2050 2410 frigida
2073 2376 2105 2400 et
2131 2369 2224 2408 sicca,
2245 2369 2271 2400 si
2295 2376 2519 2411 corrumpatur

1514 2415 1685 2456 frigidum,
1709 2413 1790 2455 ignis
1813 2413 1871 2445 erit
1894 2423 1932 2444 ex
1958 2420 2048 2445 terra.
2078 2414 2283 2454 Quapropter
2311 2413 2518 2446 manifestum

1515 2459 1604 2500 quod
1620 2459 1653 2489 in
1670 2458 1802 2490 circuitu
1817 2457 1874 2489 erit
1887 2457 2048 2498 generatio
2063 2457 2259 2498 simplicibus
2275 2457 2474 2499 corporibus,
2486 2464 2518 2490 et

1515 2503 1614 2535 facilis
1629 2502 1680 2534 hic
1697 2502 1814 2533 modus
1837 2501 2119 2541 transmutationis,
2143 2501 2219 2543 quia
2239 2501 2387 2542 symbola
2408 2501 2518 2535 insunt

1515 2547 1576 2587 his,
1600 2557 1682 2588 quae
1706 2546 1864 2587 deinceps.

1447 2590 1463 2607 *
1479 2591 1527 2623 Ex
1542 2591 1614 2632 igne
1630 2597 1738 2622 autern
1753 2600 1870 2632 aquam
1887 2597 1918 2621 et
1932 2600 1969 2620 ex
1984 2599 2054 2620 aere
2072 2596 2198 2628 terram,
2215 2596 2246 2621 et
2259 2599 2368 2621 rursus
2382 2600 2420 2621 ex
2433 2599 2517 2641 aqua

1515 2643 1546 2667 et
1567 2642 1647 2667 terra
1663 2645 1767 2666 aerem
1783 2641 1815 2666 et
1836 2634 1943 2675 ignem
1966 2633 2120 2674 contingit
2133 2633 2265 2675 quidem
2287 2633 2439 2674 generari,
2457 2633 2517 2666 dif-

1514 2679 1628 2711 ficilius
1647 2686 1765 2718 autem,
1785 2679 1940 2719 quoniam
1962 2678 2105 2719 plurium
2128 2685 2175 2709 est
2197 2678 2430 2710 transmutatio.
2452 2678 2516 2710 Ne-

1516 2734 1601 2755 cesse
1625 2723 1722 2762 enim,
1738 2723 1763 2754 si
1779 2723 1837 2754 erit
1855 2733 1893 2754 ex
1911 2732 1995 2763 aqua
2017 2722 2110 2763 ignis,
2126 2722 2288 2764 corrumpi
2312 2729 2343 2754 et
2365 2721 2518 2763 frigidum

1517 2775 1548 2799 et
1562 2768 1749 2806 humidum;
1769 2774 1799 2799 et
1814 2777 1921 2798 rursus
1937 2767 1962 2797 si
1979 2776 2016 2797 ex
2034 2773 2114 2798 terra
2129 2777 2192 2806 aer,
2209 2766 2372 2808 corrumpi
2386 2773 2418 2799 et
2433 2766 2517 2808 frigi-

1517 2813 1595 2843 dum
1619 2819 1649 2843 et
1672 2811 1802 2843 siccum.
1827 2811 1977 2843 Similiter
2005 2817 2111 2842 autem
2135 2818 2167 2842 et
2189 2811 2214 2842 si
2238 2821 2275 2842 ex
2297 2810 2370 2852 igne
2393 2817 2424 2842 et
2446 2820 2517 2842 aere

1517 2866 1600 2897 aqua
1623 2862 1654 2887 et
1676 2863 1773 2887 terra:
1802 2865 1927 2887 necesse
1959 2855 2044 2886 enim
2067 2855 2163 2886 ambo
2193 2854 2405 2887 transmutari.
2428 2854 2517 2887 Haec

1517 2900 1648 2941 quidem
1670 2899 1765 2941 igitur
1787 2899 1946 2940 generatio
1970 2899 2088 2931 tardior
2106 2905 2161 2930 est.

1450 2988 1468 3007 ⁴⁸
1485 2989 1517 3021 Si
1533 2996 1638 3020 autem
1660 2988 1912 3030 uniuscuiusque
1927 2988 2062 3020 alterum
2085 2994 2316 3029 corrumpetur,
2333 2987 2432 3020 facilis
2450 2987 2520 3031 qui-

1519 3034 1613 3071 dem,
1639 3043 1705 3064 non
1729 3033 1906 3064 adinvicem
1929 3039 2036 3064 autem
2063 3032 2120 3064 erit
2141 3032 2380 3072 transmutatum
2403 3032 2459 3064 sed
2481 3041 2519 3064 ex

1519 3077 1590 3118 igne
1613 3077 1743 3118 quidem
1767 3084 1798 3108 et
1825 3087 1862 3108 ex
1885 3087 1968 3118 aqua
2000 3076 2058 3108 erit
2080 3083 2161 3108 terra
2184 3083 2215 3108 et
2240 3086 2307 3115 aer,
2331 3083 2362 3109 et
2388 3086 2426 3108 ex
2448 3085 2520 3109 aem

1520 3129 1551 3152 et
1569 3129 1649 3152 terra
1679 3121 1759 3161 ignis
1782 3128 1813 3152 et
1839 3131 1931 3162 aqua.
1957 3121 2096 3160 Quando
2129 3120 2215 3152 enim
2245 3130 2346 3162 aquae
2368 3119 2520 3162 frigidius

1521 3172 1752 3206 corrumpetur,
1775 3165 1857 3206 ignis
1880 3172 1987 3196 autem
2010 3165 2142 3203 siccitas,
2165 3175 2218 3196 aer
2240 3165 2298 3197 erit
2319 3162 2521 3208 (relinquitur

1521 3210 1606 3240 enim
1629 3209 1724 3240 huius
1748 3209 1879 3250 quidem
1895 3209 2044 3248 calidum,
2067 3209 2162 3240 huius
2185 3216 2293 3241 autem
2316 3206 2520 3251 humidum);

1521 3254 1650 3295 quando
1674 3260 1782 3284 autem
1797 3253 1878 3294 ignis
1894 3255 2024 3295 quidem
2047 3253 2196 3292 calidum,
2217 3263 2318 3295 aquae
2341 3260 2449 3284 autem
2463 3252 2522 3284 hu·

1521 3297 1657 3335 midum,
1680 3304 1760 3329 terra
1784 3298 1857 3329 erit:
1881 3298 1957 3339 quia
1979 3297 2166 3339 relinquitur
2188 3297 2284 3328 huius
2307 3297 2439 3338 quidem
2461 3296 2520 3328 sic-

1522 3351 1607 3380 cum,
1631 3342 1727 3373 huius
1751 3348 1858 3373 autem
1881 3341 2042 3383 frigidum.
2067 3341 2217 3373 Similiter
2230 3348 2338 3373 autem
2352 3347 2383 3372 et
2398 3350 2435 3372 ex
2450 3349 2521 3372 aere

1524 3393 1554 3417 et
1577 3393 1657 3417 terra
1672 3386 1752 3426 ignis
1776 3392 1807 3417 et
1830 3393 1930 3427 aqua;
1946 3385 2076 3427 quando
2100 3385 2186 3417 enim
2202 3385 2280 3416 aeris
2301 3390 2522 3426 corrumpetur

1525 3430 1674 3470 calidum,
1701 3437 1799 3461 terrae
1823 3437 1930 3461 autem
1958 3430 2096 3469 siccum,
2121 3440 2204 3472 aqua
2227 3429 2284 3460 erit
2307 3427 2522 3472 (relinquitur

1524 3474 1609 3504 enim
1625 3474 1720 3505 huius
1737 3474 1918 3513 humidum,
1942 3474 2036 3505 huius
2060 3480 2167 3505 autem
2187 3471 2367 3524 frigidum);
2391 3471 2521 3514 quando

1524 3525 1631 3548 autem
1643 3518 1720 3548 aeris
1732 3518 1914 3556 humidum,
1926 3525 2024 3549 terrae
2039 3525 2146 3549 autem
2162 3517 2322 3558 frigidum,
2337 3517 2432 3557 ignis:
2447 3515 2523 3558 quia

1524 3561 1711 3603 relinquitur
1733 3562 1828 3593 huius
1844 3562 1976 3603 quidem
1990 3562 2139 3601 calidum,
2156 3562 2252 3593 huius
2268 3567 2375 3592 autem
2391 3560 2522 3598 siccum,

2530 831 2614 885 ιω

2536 1667 2550 1681 ι
2561 1667 2631 1691 Tm·
2664 1672 2677 1683 v*

2541 2595 2636 2620 ’'f-

2546 2991 2642 3017 wan.
