2782 4134
103 1403 113 1413 ’
139 1399 290 1428 Philosophus

104 1434 150 1450 om.
164 1434 185 1449 P.

104 1612 114 1621 '
122 1610 214 1633 ct.1ect.
223 1615 253 1636 ix,
261 1608 308 1630 n.6.

106 1820 115 1830 “’
129 1818 198 1841 Num.
212 1824 232 1846 5.

105 1920 116 1931 “
129 1919 190 1941 Lect.
201 1924 225 1940 tx
239 1923 301 1946 seqq.

106 2334 116 2344 ‘¹
130 2335 204 2355 restat
215 2340 236 2355 r.

107 2649 117 2658 ·
136 2647 192 2674 Cap.
205 2653 232 2674 v,
251 2653 274 2668 n.
288 2652 312 2668 22

109 2677 313 2727 ἓῗῆῗῑζὲἔῗὲῑὶἳῐῗ

110 2758 119 2767 ·
133 2757 191 2778 enim
205 2762 251 2779 om.
266 2762 287 2779 Ρ.

111 2857 121 2867 ·
129 2857 164 2879 cr.
171 2857 256 2889 meix.
264 2864 287 2880 n.
293 2863 313 2880 2.

113 3091 123 3101 '¹
129 3091 265 3113 ostendimus
273 3098 285 3113 Ρ
296 3095 316 3113 et

114 3117 181 3139 codd.
190 3123 238 3139 exc.
245 3124 266 3139 Α.

70 3168 76 3175 ⁴
113 3144 123 3153 '¹
133 3143 193 3165 Lect.
207 3150 253 3166 xvi.
262 3155 271 3160 -
282 3144 316 3166 Cf.

113 3169 164 3191 lect.
174 3175 205 3197 tx,
217 3176 239 3192 n.
249 3176 266 3192 ι.

341 231 385 267 52
493 267 498 272 ,
1033 216 1102 254 DE
1133 211 1305 250 CAELO
1335 209 1405 246 ET
1435 204 1629 244 MUNDO
1658 203 1752 239 LIB.
1784 201 1797 236 I

334 307 428 344 primo
449 306 633 333 desumentur
659 310 693 329 ex
718 305 798 336 parte
825 303 919 325 motus
947 294 1063 328 localis3
1093 292 1218 321 secundo
1247 299 1280 318 ex
1300 294 1379 324 parte

335 345 454 375 actionis
475 350 502 372 et
522 341 702 380 passionis.-
716 340 743 367 6.
765 339 836 366 Tres
857 334 1067 377 divisiones-a)
1090 333 1183 359 Omne
1205 337 1309 373 corpus
1329 336 1379 354 ne-

336 394 412 414 cesse
424 389 469 412 ‘est
482 392 542 411 esse
556 381 667 410 finitum
681 385 729 407 aut
742 376 898 410 infinitum3
921 375 948 410 b)
963 380 990 401 et
1011 381 1033 417 st
1049 378 1091 415 est
1109 378 1212 405 corpus
1227 367 1378 412 infinitum,

336 431 385 454 aut
404 430 496 452 totum
517 427 559 450 est
579 426 843 449 anomoeomerum,
865 415 936 442 idest
958 411 1134 440 disslmihum
1163 413 1305 452 partium,
1320 411 1379 449 *aut

336 465 580 494 homoeomerum,
599 460 654 487 hoc
681 463 722 485 est
740 455 873 484 similium
899 452 1036 494 partium}
1062 451 1087 484 c)
1109 454 1136 476 et
1156 457 1179 475 s1
1199 444 1379 488 dlssim1l1um

335 502 468 540 partium,
489 507 538 529 aut
555 498 661 535 species
681 495 804 533 partium
824 493 883 521 eius
904 497 969 519 sunt
989 490 1084 517 finitae
1102 495 1223 515 numero
1245 491 1293 512 aut
1314 482 1378 528 infi-

335 542 420 570 nitae.
443 539 623 568 Manifestum
637 545 704 573 ergo
718 535 770 563 erit
782 530 974 561 universaliter
992 536 1102 572 corpus*
1115 526 1225 553 nullum
1239 532 1300 568 esse
1314 522 1378 550 infi-

336 581 437 615 nitum,
452 580 475 607 si
489 578 541 607 erit
560 578 721 614 probatum,
732 573 829 612 primo
850 570 955 607 species
976 567 1154 595 d1ss1m111um
1180 570 1303 608 partium
1317 570 1378 607 non

336 629 397 649 esse
417 618 558 652 infinitas;
579 615 701 644 secundo
722 622 781 641 non
795 619 855 639 esse
875 608 1015 636 infinitum
1032 614 1145 651 corpus,
1161 609 1378 647 culus-partium

336 658 444 696 species
464 663 530 686 sunt
543 655 653 690 finitae3
675 653 757 681 tertio
777 650 884 678 nullum
906 655 1009 690 corpus¹
1030 645 1162 673 srmihum
1178 649 1302 680 paruum
1317 649 1378 686 esse

336 698 485 727 infinitum.
495 712 515 717 —
529 694 628 732 7.Alia
641 699 729 721 textus
741 689 848 718 divisio.
860 703 879 709 -·
891 687 1061 730 Ostend1tur·
1071 684 1149 721 quod
1162 692 1216 728 non
1231 687 1274 710 est
1283 690 1377 726 posst-

337 738 392 766 bile
407 735 537 774 corporis
557 732 737 762 dissimilium
754 728 881 767 partium
903 735 964 754 esse
979 725 1105 769 infititias
1116 731 1227 768 spectes
1237 726 1376 759 partium.

336 775 484 813 Simplices
502 780 604 802 -motus
624 777 689 800 sunt
709 768 791 802 finiti;
814 775 881 803 ergo
902 763 1200 809 speciesmmphcmm
1222 769 1377 796 corporum

337 822 403 845 sunt
422 815 529 848 finitae;
551 821 629 841 secus
650 814 742 838 essent
766 807 876 843 aliquae
901 813 1008 841 spec1es
1030 811 1201 848 corporum,
1223 809 1297 838 quae
1317 808 1377 827 non

336 856 471 884 haberent
491 852 636 890 proprium
656 855 775 881 motum,
790 846 869 882 quod
882 851 924 873 est
937 843 1120 880 impossibile.
1132 843 1294 885 Primorurn
1309 847 1377 875 ergo

336 892 569 931 componentium
589 889 694 926 species
715 892 779 915 sunt
799 884 903 913 finitae.
917 898 937 904 -·
951 884 1024 911 Cum
1045 889 1140 927 autem
1170 879 1378 924 non-Videatur

335 933 469 971 possibile
499 931 642 959 finitorum
668 927 873 955 elementorum
901 932 962 951 esse
992 928 1209 951 commixuones
1237 919 1376 953 infinitas,

335 982 396 1002 non
419 972 528 1000 videtur
553 969 636 997 etiam
657 965 789 1003 possibile
810 963 927 1000 aliquod
956 968 1061 997 totum,
1084 961 1162 997 quod
1187 964 1378 1003 componatur

336 1022 369 1041 ex
389 1010 503 1040 infinitis
523 1008 667 1045 speciebus
694 1013 846 1041 corporum
868 1002 1030 1030 mixtorum.
1051 1018 1069 1022 -
1090 1002 1116 1028 8.
1135 999 1300 1044 Ostendimr
1321 1007 1376 1043 npn

336 1061 396 1080 esse
413 1049 547 1088 possibile
568 1055 671 1084 corpus
691 1044 831 1083 infinitum
853 1041 1036 1070 dissimilium
1059 1040 1201 1078 partium,
1223 1048 1247 1083 ε]
1268 1047 1378 1076 spectes

331 1090 458 1129 partium
481 1089 536 1116 sint
547 1086 659 1125 finitae.
681 1086 708 1120 a)
726 1084 878 1120 Oporteret
898 1081 974 1109 enim
996 1079 1151 1117 quamlibet
1171 1085 1294 1115 partium
1315 1086 1377 1122 csse

335 1129 473 1158 infinitam
493 1126 647 1155 secundum
668 1122 907 1160 magnitudinem,
929 1127 997 1157 puta
1017 1119 1159 1163 infinitum
1180 1127 1292 1163 aerem,
1314 1117 1377 1162 inti-

334 1169 425 1198 nitum
446 1168 547 1204 ignem,
570 1171 622 1192 etc.
643 1165 685 1191 Ex
705 1163 760 1191 hoc
781 1168 876 1190 autem
900 1160 1026 1197 sequitur
1050 1168 1110 1187 esse
1131 1157 1271 1186 infimtam
1285 1166 1376 1202 gravi-

334 1215 420 1237 tatem
442 1207 485 1235 vel
509 1205 656 1238 levitatem,
680 1203 759 1239 quod
786 1202 848 1229 lect.
873 1209 965 1236 praec.
989 1199 1142 1235 probatum
1174 1204 1215 1225 est
1238 1206 1299 1225 esse
1324 1206 1376 1224 im-

333 1246 475 1284 possibile.
490 1262 509 1266 -
522 1243 644 1272 Solvitur
662 1241 795 1270 obiectio.
818 1239 847 1268 Si
867 1248 926 1268 una
946 1248 1011 1275 pars
1031 1244 1141 1266 tantum
1164 1243 1237 1265 esset
1258 1236 1376 1271 infinita,

334 1290 510 1315 consumeret
530 1283 598 1312 alias
623 1287 740 1319 propter
760 1289 906 1309 excessum
927 1277 1049 1313 virtutis;
1071 1284 1099 1306 et
1120 1276 1307 1305 nihilominus
1328 1277 1378 1304 de-

406 1400 416 1414 ι
473 1408 484 1420 .
531 1400 563 1415 ›·
591 1389 763 1430 ostquam
801 1379 1053 1428 Philosophus
1082 1379 1101 1399 ’ᾖ
1131 1377 1292 1415 ostendit
1331 1376 1376 1414 de

502 1433 507 1438 ”’
547 1437 577 1479 ⁴1⁴
591 1434 740 1483 singulis
769 1432 987 1483 corporibus
1016 1430 1243 1468 naturalibus
1272 1430 1378 1479 quod

509 1486 577 1535 ,ΚΞ
592 1489 734 1525 nullum
750 1498 882 1523 eorum
897 1485 942 1522 sit
956 1485 1142 1522 infinitum
1152 1513 1161 1531 ,
1176 1483 1236 1521 hic
1255 1491 1374 1520 osten-

399 1568 420 1573 t.
470 1535 485 1574 ἴ.
538 1537 574 1568 ³³³¹
594 1541 646 1578 dit
678 1539 871 1577 communi
907 1538 1048 1575 ratione
1090 1537 1193 1586 quod
1233 1538 1376 1574 nullum

336 1608 470 1646 corpus
488 1594 652 1632 naturale
671 1593 716 1630 sit
730 1591 961 1629 infinitum*:
977 1590 1148 1639 probatio
1165 1589 1265 1627 enim
1281 1602 1377 1639 quae

336 1657 390 1687 est
421 1660 488 1698 per
518 1647 685 1684 medium
713 1656 935 1691 commune,
962 1643 1222 1693 perfectiorem
1261 1643 1378 1680 scien-

335 1702 423 1739 tiam
457 1707 593 1737 causat.
627 1699 736 1735 Circa
770 1698 844 1735 hoc
880 1709 968 1745 ergo
1003 1697 1078 1733 duo
1114 1696 1221 1733 facit:
1254 1696 1377 1745 primo

336 1755 422 1792 dicit
449 1754 495 1791 de
523 1765 598 1801 quo
627 1759 680 1788 est
706 1750 879 1796 intenti03
907 1749 1074 1787 secundo
1103 1749 1265 1786 ostendit
1291 1761 1377 1798 pro-

335 1807 517 1856 positum,
546 1805 617 1842 ibi:
644 1805 804 1841 Necesse
831 1803 952 1851 itaque
978 1814 1112 1851 corpus
1138 1814 1248 1839 omne
1267 1803 1286 1822 ‘³‘
1308 1810 1376 1838 etc.

390 1871 423 1896 2.
441 1858 547 1896 Circa
560 1858 724 1906 primum
743 1856 811 1893 tria
825 1856 919 1892 facit.
941 1855 1067 1893 Primo
1091 1855 1252 1892 ostendit
1270 1855 1376 1904 quasi

338 1911 556 1962 epilogando
576 1910 666 1958 quid
685 1909 786 1959 prius
807 1910 826 1930 *
846 1908 890 1946 sit
908 1909 1048 1946 dictum
1067 1915 1096 1953 ας
1117 1908 1244 1945 dicens
1272 1908 1377 1958 quod

335 1964 524 2014 praedicto
553 1964 668 2000 modo
702 1962 1020 1999 considerantibus
1054 1961 1294 1999 manifestum
1323 1970 1378 1999 est

337 2017 437 2066 quod
466 2029 542 2054 non
570 2023 623 2053 est
642 2028 776 2064 corpus
802 2015 1000 2062 infinitum,
1015 2026 1086 2063 per
1113 2026 1156 2051 ea
1176 2027 1271 2063 quae
1292 2021 1380 2052 sunt

335 2070 533 2107 secundum
554 2074 720 2117 partem,
750 2068 843 2105 idest
879 2068 1086 2105 secundum
1119 2068 1290 2117 proprias
1319 2081 1374 2105 ra-

336 2123 453 2159 tiones
479 2121 718 2169 singularium
745 2121 905 2169 partium
932 2120 1107 2167 universi,
1132 2121 1268 2158 scilicet
1296 2134 1376 2158 cor-

335 2175 436 2224 poris
455 2174 558 2223 quod
577 2181 750 2211 movetur
765 2173 998 2222 circulariter,
1020 2182 1055 2211 et
1078 2174 1181 2223 quod
1200 2182 1377 2212 movetur

336 2239 483 2265 sursum
511 2233 573 2264 aut
600 2227 787 2264 deorsum.

390 2281 423 2317 3.
437 2279 610 2317 Secundo
621 2279 686 2316 ibi:
696 2280 746 2316 Et
755 2279 1008 2316 universaliter
1017 2280 1281 2317 intendentibus
1292 2288 1375 2328 etc.,

337 2332 496 2370 ostendit
513 2332 603 2380 quid
621 2332 835 2369 immediate
855 2340 964 2370 restet
981 2334 1001 2354 *
1020 2333 1233 2370 dicendum.
1255 2335 1303 2371 Et
1323 2334 1375 2371 di-

338 2386 384 2422 cit
410 2385 514 2433 quod
541 2385 640 2422 idem
667 2392 790 2434 potest
818 2397 897 2422 esse
925 2385 1165 2422 manifestum
1194 2387 1223 2423 si
1244 2386 1376 2436 aliquis

335 2437 499 2475 intendat
515 2438 776 2483 universaliter,
788 2437 881 2475 idest
894 2451 962 2487 per
975 2439 1145 2476 medium
1160 2452 1376 2478 commune.

337 2491 385 2527 Et
402 2491 474 2527 hoc
493 2502 568 2526 non
588 2491 710 2527 solum
727 2489 743 2519 β
763 2491 971 2528 secundum
996 2491 1074 2529 illas
1094 2491 1255 2529 rationes
1275 2506 1378 2530 com-

338 2555 470 2579 munes
489 2555 583 2590 quae
602 2543 744 2591 positae
759 2551 844 2580 sunt
862 2543 900 2580 in
923 2543 1017 2581 libro
1036 2545 1294 2593 Pizysicorum,
1314 2546 1379 2583 ubi

340 2595 623 2632 determinatum
643 2603 697 2632 est
723 2597 769 2633 de
794 2596 981 2645 principiis
1005 2598 1270 2636 communibus
1299 2612 1378 2636 cor-

339 2659 475 2696 porum
502 2648 722 2685 naturalium
751 2649 802 2696 (in
829 2649 935 2686 tertio
965 2650 1065 2687 enirn
1093 2652 1337 2701 PhJsicorum
1359 2654 1379 2674 *

341 2699 603 2737 determinatur
636 2701 892 2739 universaliter
923 2703 970 2740 de
1004 2703 1148 2742 infinito
1185 2706 1379 2754 quomodo

340 2752 385 2790 sit
412 2759 447 2789 et
473 2753 667 2802 quomodo
687 2766 764 2792 non
791 2754 850 2792 sit:
880 2763 1071 2793 ostensum
1093 2765 1147 2794 est
1170 2758 1270 2795 enim
1291 2760 1310 2780 *
1331 2759 1381 2796 ibi

340 2805 443 2854 quod
469 2805 653 2843 infinitum
673 2815 726 2844 est
752 2807 790 2844 in
817 2808 993 2856 potentia,
1014 2809 1080 2846 sed
1102 2822 1178 2847 non
1207 2811 1244 2848 in
1269 2815 1379 2859 actu).

340 2858 452 2894 Nunc
478 2865 605 2896 autem
634 2858 958 2897 determinandum
988 2870 1042 2898 est
1069 2863 1141 2899 alio
1161 2865 1278 2901 modo
1295 2866 1314 2887 ‘¹‘
1335 2866 1381 2902 de

341 2909 494 2958 infinito,
511 2911 743 2949 ostendendo
759 2912 895 2950 scilicet
908 2913 1166 2953 universaliter
1185 2918 1287 2966 quod
1303 2920 1382 2955 nul—

341 2963 418 2999 lum
438 2975 572 3012 corpus
591 2964 761 3002 sensibile
780 2973 903 3014 potest
922 2978 1001 3004 esse
1021 2967 1207 3006 infinitum
1229 2970 1267 3007 in
1286 2979 1381 3008 actu.

391 3026 427 3061 4.
443 3016 570 3053 Tertio
590 3016 657 3054 ibi:
677 3018 764 3054 Post
779 3019 871 3055 haec
889 3025 1012 3056 autem
1028 3021 1285 3060 intendendum
1302 3032 1383 3071 ete.‚

343 3067 500 3104 ostendit
525 3069 615 3116 quid
634 3070 678 3107 sit
706 3070 1033 3110 determinandum
1057 3073 1273 3112 immediate
1301 3085 1386 3125 post

344 3117 421 3155 ista.
451 3121 498 3156 Et
517 3121 602 3158 dicit
629 3123 730 3171 quod
748 3131 950 3173 postquam
971 3127 1244 3165 ostenderimus
1264 3129 1284 3150 ¹*
1312 3130 1386 3166 hoc

345 3172 445 3219 quod
473 3172 610 3210 dictum
635 3182 698 3222 est,
726 3175 880 3214 intentio
909 3185 1035 3215 nostra
1055 3179 1123 3216 erit
1141 3179 1328 3229 inquirere
1354 3184 1384 3229 *‚

1435 291 1513 317 beret
1528 295 1555 316 et
1569 288 1631 323 ipsa
1644 287 1749 314 habere
1768 283 1934 321 gravitatem
1948 282 1993 309 vel
2014 281 2157 309 levitatem
2179 280 2332 310 infinitam.
2346 298 2366 303 —
2380 292 2408 319 9.
2425 283 2453 318 b)
2468 282 2499 310 Si

1433 335 1526 365 partes
1547 333 1613 354 sunt
1634 324 1761 353 infinitae
1783 322 1942 350 secundum
1971 320 2215 358 magnitudinem,
2238 327 2267 349 et
2286 321 2352 349 loca
2370 321 2500 358 ipsarum

1433 373 1516 395 erunt
1536 365 1661 393 infinita:
1684 372 1752 400 ergo
1773 368 1870 390 motus
1892 360 2025 389 omnium
2051 360 2193 396 partium,
2216 360 2324 397 quippe
2345 361 2396 398 qui
2417 370 2500 390 men-

1433 411 1565 434 surantur
1586 404 1744 431 seeundum
1765 400 2006 438 magnitudinem,
2016 399 2085 435 loci,
2109 406 2194 427 erunt
2214 399 2328 428 infiniti.
2350 401 2408 429 Sed
2428 401 2501 429 nihil

1432 443 1542 473 moveri
1563 449 1658 479 potest
1683 450 1797 470 sursum
1819 446 1868 468 aut
1891 441 2029 468 deorsum
2051 439 2080 467 in
2102 436 2261 467 infinitum:
2284 449 2399 468 sursum
2421 441 2500 469 enim

1432 491 1459 512 et
1481 485 1616 511 deorsum
1638 488 1704 509 sunt
1725 479 1923 508 determinata.
1947 480 2027 515 Item,
2041 479 2072 507 in
2086 479 2165 507 nulla
2185 478 2346 507 mutatione
2367 486 2501 508 movetur

1432 523 1540 560 aliquid
1567 522 1604 550 ad
1632 521 1662 548 id
1689 521 1726 549 ad
1747 520 1828 556 quod
1855 518 1998 556 perveniri
2023 528 2086 547 non
2113 525 2224 555 potest3
2246 528 2308 547 non
2332 525 2376 547 est
2402 526 2501 548 autem

1431 561 1602 600 pertransire
1623 561 1720 588 locum
1738 558 1893 587 infinitum.
1914 559 2017 587 Nullus
2039 568 2108 596 ergo
2130 558 2160 587 in
2180 558 2334 595 hypothesi
2347 565 2422 587 esset
2435 568 2502 588 mo-

1431 609 1476 630 tus
1497 601 1604 635 localis,
1620 600 1700 637 quod
1721 608 1783 627 esse
1804 608 1865 627 non
1885 605 1990 635 potest.
2006 616 2025 620 -
2044 607 2088 627 ro.
2103 599 2130 634 c)
2152 598 2183 626 Si
2203 605 2302 628 autem
2323 598 2431 627 diceret
2449 598 2500 627 ali-

1432 641 1495 678 quis
1522 640 1626 668 infiniti
1647 638 1778 675 corporis
1805 645 1901 675 partes
1927 637 2053 667 infinitas
2074 647 2136 667 non
2161 648 2224 667 esse
2251 638 2421 674 continuas,
2449 639 2502 667 sed

1432 681 1594 714 disiunctas,
1610 679 1680 707 nihil
1694 678 1847 715 proficeret
1860 679 1898 706 ad
1911 678 2061 706 vitandum
2076 678 2299 714 inconveniens;
2315 678 2384 716 quia
2398 687 2502 707 omnes

1432 721 1494 749 illas
1515 719 1640 747 infinitas
1661 725 1756 755 partes
1778 717 1849 745 nihil
1873 718 2010 755 prohibet
2038 718 2124 747 simul
2149 718 2304 756 coniungi,
2327 725 2356 747 et
2376 718 2418 747 sic
2438 718 2502 748 fieri

1431 770 1522 788 unum
1544 758 1714 787 continuum
1735 757 1892 786 infinitum.
1907 774 1928 779 —
1945 767 1989 786 11.
2005 758 2036 794 d)
2050 757 2198 787 Infinitum
2219 764 2336 795 oportet
2357 759 2439 796 quod
2453 767 2501 787 ac-

1431 800 1551 836 cipiatur
1572 798 1731 826 secundum
1752 797 1902 834 propriam
1922 797 2067 826 rationem
2094 798 2157 826 eius
2178 799 2259 836 quod
2279 798 2384 827 dicitur
2404 797 2502 827 infini-

1430 846 1501 868 tum.
1523 838 1553 866 Si
1568 847 1635 875 ergo
1650 846 1756 874 corpus
1770 836 1889 874 ponitur
1902 837 2058 874 infinitum,
2073 844 2190 875 oportet
2203 838 2285 876 quod
2299 838 2335 866 sit
2355 838 2502 867 infinitum

1431 880 1468 908 ad
1489 887 1607 907 omnem
1628 884 1749 914 partem.
1771 878 1838 905 Non
1859 882 1903 905 est
1923 886 1992 915 ergo
2006 877 2145 914 possibile
2159 878 2241 915 quod
2261 877 2292 906 in
2313 887 2437 915 corpore
2457 877 2502 906 in-

1431 918 1512 946 finito
1534 917 1590 946 sint
1610 918 1701 953 plura,
1723 925 1850 954 quorum
1871 917 2105 954 unumquodque
2127 917 2163 946 sit
2183 917 2342 946 infinitum:
2365 918 2503 946 darentur

1431 958 1508 986 enim
1525 958 1608 994 plura
1622 957 1743 992 infinita,
1758 957 1839 993 quod
1853 965 1916 985 esse
1931 966 1994 985 non
2006 963 2112 994 potest.
2127 973 2148 979 -
2166 965 2212 986 η.
2227 957 2343 995 Corpus
2357 957 2502 996 infinitum

1432 1007 1487 1026 non
1498 1002 1594 1035 potest
1608 1006 1670 1025 esse
1684 996 1822 1024 similium
1832 996 1974 1034 partium.
1990 998 2019 1033 a)
2037 996 2198 1034 Cuiuslibet
2210 997 2342 1034 corporis
2362 997 2503 1026 naturalis

1431 1043 1545 1074 oportet
1566 1045 1627 1064 esse
1655 1035 1782 1072 aliquem
1811 1042 1927 1065 motum
1953 1036 2091 1073 localem;
2112 1037 2170 1066 tale
2190 1043 2289 1065 autern
2309 1046 2417 1073 corpus
2437 1036 2503 1066 infi-

1431 1077 1522 1105 nitum
1545 1086 1606 1104 non
1626 1082 1725 1112 posset
1746 1075 1857 1104 moveri
1877 1085 1974 1113 neque
1995 1085 2120 1112 sursum,
2134 1085 2230 1114 neque
2244 1077 2392 1112 deorsum,
2407 1085 2503 1114 neque

1433 1116 1507 1145 circa
1527 1115 1666 1144 medium.
1681 1133 1701 1137 -
1719 1115 1764 1143 13.
1787 1116 1815 1151 b)
1830 1116 1910 1151 Item,
1925 1115 1950 1144 si
1966 1115 2066 1153 aliquo
2081 1117 2172 1145 modo
2193 1123 2370 1152 moveretur,
2384 1116 2504 1145 haberet

1431 1156 1555 1193 aliquem
1572 1162 1686 1184 motum
1700 1154 1754 1183 sibi
1769 1155 1948 1191 naturalem;
1970 1164 2039 1192 ergo
2054 1156 2174 1185 haberet
2186 1155 2315 1193 aliquem
2335 1156 2434 1185 locum
2455 1165 2504 1185 ae-

1432 1196 1547 1233 qualem
1567 1195 1636 1231 sibi,
1659 1195 1690 1223 in
1713 1204 1801 1232 quem
1823 1201 1907 1223 motu
1926 1195 2051 1224 naturali
2071 1196 2216 1232 tenderet;
2238 1204 2307 1233 ergo
2329 1202 2425 1224 essent
2443 1196 2504 1224 duo

1432 1235 1594 1272 corporalia
1614 1235 1679 1263 loca
1699 1234 1820 1270 infinita,
1835 1234 1917 1272 quod
1931 1241 1974 1263 est
1987 1234 2176 1272 impossibile.
2190 1251 2209 1257 -
2223 1235 2303 1264 Haec
2315 1241 2415 1264 tamen
2429 1234 2504 1264 ratio

1432 1275 1562 1312 procedit
1582 1275 1678 1303 solum
1700 1275 1736 1303 de
1757 1281 1841 1303 motu
1860 1281 1950 1303 recto.

1431 1376 1628 1426 supposito
1649 1375 1756 1426 quod
1783 1384 1908 1414 totum
1929 1388 2068 1425 corpus
2090 1376 2259 1414 universi
2278 1388 2358 1414 non
2385 1375 2433 1415 sit
2450 1377 2505 1414 in·

1432 1430 1595 1477 finitum,
1606 1437 1736 1467 utrum
1747 1437 1879 1467 tamen
1892 1437 2015 1467 totum
2030 1441 2170 1479 corpus
2184 1429 2231 1467 sit
2243 1437 2371 1468 tantae
2385 1441 2506 1480 quan-

1432 1483 1554 1531 titatis,
1576 1483 1679 1532 quod
1709 1483 1856 1532 possint
1875 1495 1921 1520 ex
1940 1494 1987 1520 eo
2017 1494 2100 1520 esse
2113 1483 2245 1532 plures
2273 1483 2388 1530 caeli,
2408 1483 2515 1531 idest,

1431 1537 1558 1585 plures
1587 1535 1734 1573 mundi.
1756 1536 1870 1574 Forte
1887 1535 1990 1573 enirn
2009 1543 2136 1586 potest
2153 1537 2174 1556 ¹⁵
2194 1536 2242 1574 de
2271 1537 2347 1574 hoc
2371 1532 2506 1586 aliquis
2533 1544 2544 1554 '

1433 1589 1616 1637 dubitare,
1637 1602 1687 1627 an
1715 1589 1760 1626 sit
1788 1588 1968 1639 possibile
1992 1590 2109 1638 quod,
2130 1588 2226 1627 sicut
2245 1589 2314 1627 iste
2335 1589 2506 1628 mundus

1434 1650 1488 1680 est
1508 1642 1730 1680 constitutus
1745 1642 1845 1680 circa
1863 1655 1947 1690 nos,
1962 1641 2014 1680 ita
2028 1642 2143 1680 etiam
2161 1643 2181 1664 *
2199 1641 2274 1680 sint
2287 1642 2350 1680 alii
2369 1642 2506 1681 mundi
2533 1652 2544 1663 '

1431 1696 1558 1745 plures
1580 1708 1672 1743 uno,
1692 1708 1771 1734 non
1785 1704 1917 1734 tamen
1937 1695 2084 1734 infiniti.
2106 1695 2184 1735 Sed
2203 1703 2411 1746 antequam
2429 1697 2506 1734 hoc

1431 1756 1705 1798 pertractemus
1732 1754 1759 1796 ⁷,
1781 1749 1954 1787 dicemus
1980 1749 2244 1787 universaliter
2263 1750 2311 1787 de
2340 1749 2504 1798 infinito,

1433 1802 1672 1840 ostendendo
1700 1802 1840 1840 scilicet
1868 1803 2142 1841 communibus
2162 1803 2372 1841 rationibus
2399 1803 2514 1857 quod,

1432 1856 1578 1893 nullum
1599 1867 1737 1905 corpus
1765 1856 1812 1893 sit
1838 1855 2043 1894 infinitum.

1490 1910 1522 1947 5.
1543 1909 1694 1947 Deinde
1715 1921 1804 1947 cum
1824 1908 1928 1947 dicit:
1947 1909 2113 1947 Necesse
2130 1909 2256 1959 itaque
2275 1917 2359 1958 etc.,
2380 1915 2507 1948 osten-

1432 1961 1486 1999 dit
1511 1962 1777 2011 propositum:
1806 1970 1844 2000 et
1870 1962 1997 2012 primo
2025 1975 2095 2012 per
2123 1963 2289 2001 rationes
2317 1962 2509 2001 naturales

1432 2015 1767 2062 demonstrativas;
1789 2016 1960 2054 secundo
1979 2028 2049 2066 per
2074 2015 2238 2054 rationes
2259 2015 2417 2065 logicas,
2437 2015 2508 2054 ibi:

1430 2069 1707 2106 Rationabilius
1734 2075 1860 2107 autem
1891 2070 1911 2091 ¹*
1940 2076 2010 2107 etc.
2039 2069 2137 2108 Dico
2175 2076 2306 2108 autem
2343 2069 2510 2108 rationes
2537 2079 2548 2090 ·

1432 2122 1750 2160 demonstrativas
1788 2130 1824 2160 et
1856 2123 2046 2161 naturales
2061 2152 2070 2170 ‚
2105 2134 2204 2172 quae
2233 2129 2437 2160 sumuntur
2463 2134 2510 2160 ex

1430 2175 1594 2224 propriis
1621 2175 1814 2225 principiis
1842 2175 2020 2214 scientiae
2049 2175 2245 2223 naturalis3
2274 2175 2381 2214 cuius
2418 2187 2510 2214 con-

1430 2228 1608 2266 sideratio
1647 2228 1816 2266 consistit
1844 2229 1943 2267 circa
1980 2237 2147 2276 motum,
2177 2236 2215 2267 et
2251 2228 2444 2267 actionem
2472 2236 2511 2268 et

1430 2282 1650 2331 passionem
1667 2312 1676 2330 ‚
1706 2294 1806 2331 quae
1834 2282 1873 2320 in
1901 2290 2011 2320 motu
2041 2282 2276 2331 consistunt,
2304 2289 2346 2320 ut
2374 2281 2511 2320 dicitur

1431 2335 1470 2372 in
1498 2337 1547 2372 111
1567 2336 1717 2384 Phssic.
1740 2337 1760 2357 *
1789 2335 1920 2373 Primo
1949 2348 2040 2384 ergo
2070 2335 2235 2374 ostendit
2258 2335 2407 2373 nullum
2427 2347 2510 2374 cor·
2537 2346 2548 2356 ·

1429 2401 1502 2438 pus
1531 2401 1613 2426 esse
1642 2388 1854 2436 infinitum,
1885 2401 1932 2426 ex
1964 2397 2071 2438 parte
2096 2396 2225 2427 motus
2257 2389 2408 2436 localis,
2442 2388 2509 2439 qui
2554 2387 2564 2420 ἷ
2621 2386 2628 2394 ’

1432 2450 1487 2479 est
1514 2441 1660 2491 primus
1691 2450 1726 2480 et
1755 2441 2094 2480 communissIrnus
2112 2450 2307 2489 motuum3
2336 2443 2508 2481 secundo

1431 2494 1694 2532 universaliter
1722 2493 1736 2517 ὅ
1756 2507 1802 2533 ex
1827 2503 1934 2545 parte
1963 2495 2122 2534 actionis
2149 2503 2187 2534 et
2214 2495 2415 2546 passionis,
2437 2494 2507 2534 ibi:

1436 2549 1546 2591 Quod
1571 2554 1698 2586 autem
1732 2549 1886 2587 omnino
1906 2549 2132 2599 impossibile
2159 2550 2180 2571 *
2204 2557 2274 2587 etc.
2304 2548 2416 2587 Circa
2432 2548 2508 2600 pri·
2536 2559 2546 2569 ·

1432 2614 1541 2639 mum
1569 2602 1647 2639 duo
1677 2602 1782 2640 facit:
1807 2601 1935 2652 primo
1963 2602 2168 2652 praemittit
2193 2602 2382 2653 quasdam
2412 2602 2508 2643 divi-

1433 2655 1575 2702 siones;
1591 2655 1761 2693 secundo
1776 2654 2022 2705 prosequitur
2040 2655 2187 2705 singula
2210 2656 2408 2706 membra,
2433 2655 2507 2694 ibi:

1437 2709 1548 2750 Quod
1573 2708 1722 2757 quidem
1751 2709 1868 2760 igitur
1894 2709 1914 2730 *
1943 2717 2012 2747 etc.

1488 2762 1524 2799 6.
1554 2761 1765 2799 Praemittit
1793 2774 1884 2811 ergo
1913 2762 2039 2813 primo
2068 2769 2144 2800 tres
2172 2761 2391 2800 divisiones.
2408 2759 2510 2805 Qua-

1436 2827 1521 2851 rum
1549 2815 1674 2864 prima
1703 2822 1775 2863 est,
1806 2815 1913 2865 quod
1941 2827 2097 2854 necesse
2137 2823 2193 2854 est
2220 2827 2336 2853 omne
2370 2826 2510 2866 corpus

1435 2875 1499 2904 aut
1523 2880 1606 2905 esse
1626 2868 1776 2906 finitum
1804 2876 1870 2906 aut
1890 2869 1910 2891 *³
1929 2869 2133 2907 infinitum.
2155 2869 2205 2906 Et
2223 2867 2255 2906 si
2277 2867 2437 2918 quidem
2465 2867 2513 2906 sit

1436 2920 1598 2969 finitum,
1628 2922 1817 2959 habemus
1845 2922 2106 2973 propositum:
2136 2922 2167 2960 si
2188 2929 2317 2959 autem
2346 2921 2392 2959 sit
2425 2921 2512 2960 infi-

1438 2973 1579 3021 nitum,
1610 2982 1723 3012 restat
1750 2975 1920 3013 secunda
1950 2975 2108 3023 divisio,
2142 2975 2283 3013 scilicet
2313 2976 2420 3024 quod
2447 2982 2514 3013 aut

1439 3034 1494 3063 est
1512 3035 1635 3064 totum
1658 3039 1995 3066 anomoeomerum
2014 3034 2037 3076 ⁸,
2059 3028 2155 3066 idest
2170 3028 2411 3066 dissimilium
2425 3040 2512 3078 par-

1439 3079 1545 3126 tium,
1576 3080 1671 3118 sicut
1700 3093 1839 3130 corpus
1859 3081 2045 3130 animalis,
2067 3081 2172 3131 quod
2194 3082 2440 3132 componitur
2467 3093 2514 3119 ex

1441 3133 1634 3182 carnibus,
1655 3134 1805 3172 ossibus
1821 3142 1858 3172 et
1872 3135 2016 3182 nervis;
2037 3143 2101 3173 aut
2121 3143 2176 3173 est
2194 3142 2318 3173 totum
2337 3136 2514 3172 homoeo.

1441 3197 1599 3233 merum,
1620 3186 1717 3224 idest
1745 3187 1925 3226 similium
1953 3188 2132 3238 partium,
2152 3188 2250 3227 sicut
2273 3200 2384 3237 aqua,
2406 3186 2514 3225 cuius

401 3315 427 3350 οι)
446 3318 558 3343 ostendit
575 3319 649 3351 quasi
666 3321 821 3354 epilogando
840 3324 902 3355 quid
916 3326 994 3356 prius
1007 3327 1042 3352 sit
1057 3327 1165 3353 dictum.
1178 3343 1197 3348 —
1209 3331 1324 3355 ostendit
1336 3332 1389 3363 epi-

348 3351 460 3383 logando
478 3353 548 3384 quod
561 3354 637 3385 prius
655 3359 693 3380 est
711 3356 807 3381 dictum
827 3358 853 3382 Ρ.

402 3384 426 3418 β)
447 3387 481 3411 Et
498 3387 546 3412 hoc
563 3396 613 3419 non
626 3390 718 3414 solum.
727 3404 745 3409 -
756 3392 790 3415 Et
803 3393 850 3417 hoc
869 3401 917 3418 non
931 3399 969 3419 est
982 3397 1065 3421 solum
1083 3398 1111 3423 P.
1121 3411 1139 3417 —-
1151 3399 1247 3424 Eadem
1262 3401 1306 3426 lin.
1320 3408 1390 3426 com-

347 3427 439 3445 munes
456 3429 507 3446 om.
522 3423 562 3447 CI.
573 3423 638 3448 -Ibi
657 3425 688 3449 de
701 3426 840 3458 principiis
859 3431 1047 3461 communibus,
1069 3433 1101 3458 de
1115 3434 1307 3467 principalibus
1331 3443 1390 3461 cor-

342 3455 454 3486 poribus
473 3457 544 3481 codd.
558 3465 609 3483 exc.
623 3459 704 3490 AEsl,
723 3462 883 3493 corruptione
902 3465 1042 3491 manifesta.

402 3489 429 3524 γ)
449 3490 496 3516 hoc
510 3495 708 3523 pertractemus.
721 3508 739 3513 —
752 3495 799 3520 hoc
813 3505 865 3521 om.
878 3498 1027 3533 BCDFGpl.
1051 3501 1100 3526 Pro
1120 3504 1316 3535 universaliter,
1335 3513 1391 3531 cor-

351 3529 425 3557 rupte
443 3526 599 3552 naturaliter
617 3528 649 3559 1²3
668 3528 698 3553 cf.
712 3534 816 3556 textum.

1497 3332 1522 3367 ὃ)
1543 3335 1738 3361 universaliter.
1751 3350 1770 3355 -
1783 3336 1946 3362 naturaliter
1960 3337 1988 3366 Ρ,
2004 3337 2075 3370 quod
2094 3337 2162 3362 male
2181 3337 2231 3370 legi
2250 3341 2320 3369 patet
2332 3342 2388 3362 tum
2408 3344 2438 3362 ex
2457 3337 2515 3370 ίριι

1445 3368 1568 3394 divisione
1584 3375 1665 3395 textus
1679 3379 1746 3404 quae
1761 3372 1786 3396 in
1801 3371 1850 3397 hoc
1865 3380 1936 3397 num.
1950 3373 2128 3405 praemittitur.
2139 3377 2194 3398 tum
2205 3380 2235 3397 ex
2251 3372 2308 3398 lect.
2319 3380 2375 3405 seq.
2387 3380 2413 3398 n.
2427 3380 2435 3397 ι
2453 3377 2479 3398 et
2490 3379 2515 3398 2.

1498 3403 1520 3437 ε)
1541 3405 1639 3430 scilicet
1652 3407 1723 3438 quod
1741 3410 1790 3431 aut
1808 3410 1847 3432 est
1867 3411 1951 3432 totum
1965 3415 2234 3433 anomoeomerum.-·
2246 3407 2345 3433 scilicet
2358 3415 2413 3433 om.
2425 3408 2514 3440 eodem

1446 3445 1492 3470 pro
1511 3442 1558 3464 aut
1576 3443 1628 3470 est,
1649 3444 1737 3467 autem
1757 3445 1797 3468 est
1814 3442 1923 3475 ABFpl.
1943 3446 2031 3468 autem
2051 3443 2089 3473 G,
2101 3445 2150 3468 aut
2166 3442 2203 3468 nit
2221 3443 2255 3471 P:
2275 3450 2514 3475 proanomoeome·

1446 3481 1514 3503 rum,
1533 3475 1760 3502 anhomiomerum
1780 3478 1836 3503 sive
1854 3478 2058 3512 heterogena-n
2077 3478 2112 3509 P;
2132 3485 2199 3511 quae
2218 3478 2336 3504 similiter
2353 3479 2432 3512 paulo
2449 3478 2514 3504 lnfn

1446 3516 1493 3540 pro
1511 3512 1550 3534 est
1569 3514 1653 3536 totum
1679 3512 1905 3545 homoeomerian,
1924 3513 2002 3539 habet
2019 3517 2059 3539 est
2077 3513 2291 3540 homoeomerian
2314 3514 2370 3540 sive
2389 3514 2515 3548 homoge-

1448 3550 1522 3569 neum
1528 3552 1536 3573 ,-
1550 3545 1581 3570 cf.
1592 3546 1649 3571 lect.
1664 3555 1748 3579 praec.
1762 3553 1815 3574 not.
1829 3556 1864 3581 π,
1885 3554 1910 3574 et
1929 3548 1970 3575 hic
1987 3556 2061 3575 num.
2077 3555 2107 3574 12
2127 3549 2153 3574 in
2171 3547 2230 3575 fine..
