2690 4062
1056 279 1168 316 CAP.
1200 279 1269 328 111,
1300 280 1452 318 LECT.
1481 281 1528 318 v.

2314 294 2396 319 CXIX

870 551 1257 607 LEcT10
1316 552 1715 629 QUINTA

1018 704 1075 734 DE
1098 705 1272 735 HEPSESI
1295 705 1354 736 ET
1378 705 1568 737 MOLYNSI

191 844 307 891 ἕψησις
323 839 353 876 δ’
375 842 448 877 ἐστὶ
475 843 516 876 τὸ
541 845 601 888 μέν
628 842 705 896 ξλον
732 842 830 888 πέψις
849 843 916 876 ύπό
936 842 1145 899 θερμύτητος
1164 844 1266 890 ύγρᾶς
1322 846 1339 865 *
1359 835 1509 887 Hepsesis
1533 854 1639 877 autem
1663 855 1720 887 est,
1737 849 1915 879 secundum
1937 855 2043 880 totum
2066 849 2209 889 quidem,
2225 848 2359 889 digestio
2375 859 2394 879 a

261 890 325 923 τοῦ
349 887 603 935 ἐνυπάρχοντος
626 890 787 932 αορίστου
813 889 846 920 ἑν
872 889 920 930 τῷ
946 901 1049 935 υγρῳ,
1066 890 1210 934 λέγεται
1230 884 1268 920 δὲ

259 933 415 979 τοῦνομα
439 936 556 978 κυρίως
582 932 684 978 μόνον
709 933 765 965 ἐπὶ
792 934 860 965 τῶν
888 928 1075 978 ἑψομένων·4
1102 933 1210 965 τοῦτο
1235 929 1266 965 δ’

261 976 300 1011 ἂν
326 980 392 1021 εἴη,
417 978 530 1023 ὥσπερ
556 981 712 1024 εἴρηται,
740 973 1003 1022 πνευματῶδες,
1031 977 1052 1014 ἦ
1077 975 1267 1016 ὑδατῶδες.

194 1027 203 1045 ῖ
254 1024 299 1055 Ἡ
323 1019 361 1056 δὲ
387 1023 484 1068 πέψις
508 1025 644 1070 γίνεται
663 1022 734 1056 ἀπὸ
760 1023 823 1055 τοῦ
845 1023 880 1054 ἑν
899 1023 947 1064 τῷ
966 1023 1053 1070 ὑγρῷ
1080 1021 1199 1066 πυρός’
1227 1022 1268 1055 τὸ

285 1069 323 1113 cip
343 1069 398 1102 ἐπὶ
417 1069 484 1101 τῶν
507 1067 667 1115 τηγάνων
693 1067 869 1101 ὀπτᾶται·
898 1068 966 1100 ύπό
982 1068 1046 1114 γοὶρ
1065 1067 1127 1100 τοῦ
1146 1065 1268 1108 ἔξωθεν

258 1080 381 1160 θερμοῦ
408 1113 549 1158 πάσχει,
569 1114 603 1146 ἐν
621 1108 693 1155 (ᾆδ’
715 1111 807 1145 ἐστὶν
826 1113 928 1165 ὑγρῷ,
948 1117 1040 1145 ποιεῖ
1059 1111 1166 1143 έκεῖνο
1184 1112 1271 1156 μᾶλ-

257 1163 318 1193 λον
343 1158 463 1204 ξηρὸν,
490 1158 535 1196 εἰς
566 1159 655 1190 αύτό
689 1157 955 1200 ἀναλαμβανον·
982 1156 1024 1189 τὸ
1048 1151 1078 1187 δ’
1106 1155 1267 1200 ἑψόμενον

262 1202 468 1250 τούναντίον
493 1207 602 1235 ποιεῖ’·
628 1203 819 1247 ἐκκρίνεται
842 1202 907 1248 γάρ
927 1199 962 1243 ἐξ
981 1201 1091 1234 αὐτοῦ
1109 1202 1151 1234 τὸ
1169 1201 1268 1246 ὑγρὸν

237 1248 329 1283 *We
354 1249 417 1286 τῆς
444 1246 478 1280 ἑν
503 1249 552 1290 τῷ
579 1246 642 1289 ἔξω
675 1248 763 1294 ύγρῷ
795 1246 998 1291 θερμασίας·
1023 1241 1077 1277 διὸ
1101 1243 1268 1299 ξηρότερα

261 1295 309 1327 τά
333 1292 419 1337 ἑφθοὶ
442 1293 512 1326 τῶν
545 1292 681 1325 ὀπτῶν·
708 1292 747 1324 οὗ
771 1292 836 1336 γοίρ
863 1291 1005 1332 ἀνασπᾷ
1035 1290 1081 1327 εἰς
1107 1291 1202 1322 αυτοὶ
1227 1290 1267 1322 τὸ

261 1339 364 1386 ύγρόν
398 1337 446 1370 τοὶ
469 1336 635 1382 ἑψόμενα·
662 1340 783 1381 κρατεῖ
812 1336 877 1382 γάρ
903 1336 924 1372 ἡ
951 1333 1070 1376 ἔξωθεν
1103 1332 1268 1378 θερμότης

261 1386 326 1423 τῆς
351 1382 466 1422 ἐντός·
492 1383 520 1414 εἰ
544 1377 573 1414 δ’
596 1380 732 1427 ἐκράτει
749 1382 770 1418 ἧ
789 1379 900 1421 ἑντός,
926 1380 1036 1410 εἷλκεν
1062 1377 1103 1411 ἄν
1127 1379 1172 1416 εἰς
1195 1379 1270 1410 ἑαυ-

261 1429 342 1467 τήν.
370 1427 472 1460 Ἐστι
497 1426 526 1459 δ’
548 1426 587 1460 οὗ
614 1427 683 1458 πᾶν
708 1427 807 1470 σῶμα
833 1422 977 1468 ἑψητόν·
1004 1422 1086 1455 οὔτε
1111 1424 1176 1469 γάρ
1195 1423 1228 1454 ὲν
1247 1423 1271 1465 ᾧ

261 1473 365 1520 μηθέν
391 1473 484 1505 ἐστιν
503 1472 617 1518 ύγρόν,
638 1471 708 1503 οἷον
734 1471 768 1502 ἐν
791 1467 911 1508 λίθοις,
931 1467 1003 1501 οὔτ’
1026 1468 1060 1500 ἐν
1084 1467 1132 1505 οἷς
1158 1467 1270 1499 ἔνεστι

287 1522 337 1561 ἐν,
357 1517 428 1552 ἀλλ’
453 1512 630 1549 ἀδύνατον
653 1513 870 1560 κρατηθῆναι
886 1508 946 1545 διαὶ
963 1511 1180 1553 πυκνότητα,
1202 1513 1270 1544 οἷον

260 1531 296 1598 ἓν
314 1568 386 1601 τοῖς
408 1561 533 1603 ξύλοις,
553 1560 626 1593 ἀλλ’
646 1558 712 1593 ὅσα
730 1559 798 1591 τῶν
815 1556 985 1602 σωμάτων
1002 1558 1074 1603 ἔχει
1090 1556 1272 1603 ύγρύτητα

262 1607 460 1646 παθητικήν
485 1606 553 1639 ύπό
577 1605 641 1643 τῆς
658 1605 692 1637 ἑν
713 1605 762 1645 τῷ
789 1605 830 1649 ύγ
853 1604 876 1645 ᾧ
903 1601 1091 1648 πυρώσεως.
1118 1601 1272 1647 Λέγεται

261 1649 300 1686 δὲ
323 1655 383 1686 καὶ
407 1651 530 1697 χρυσᾶς
556 1646 695 1727 ἕζεσθαι
717 1650 776 1680 καὶ
802 1649 902 1691 ξυλον
933 1650 992 1680 καὶΙ
1019 1647 1110 1680 ἄλλα
1136 1648 1270 1688 πολλοὶ,

259 1698 358 1731 κατά
382 1698 444 1742 μὲν
470 1696 534 1734 τήν
566 1695 578 1726 ἰ
604 1694 662 1727 έαν
689 1694 728 1727 οὗ
753 1693 818 1730 τήν
846 1693 980 1733 αὐτην,
1008 1693 1187 1737 μεταφορᾷ
1211 1686 1270 1723 δέ·

263 1743 303 1777 οὗ
319 1744 385 1800 γάρ
405 1745 522 1774 κεῖται
539 1739 701 1785 ὀνόματα
722 1742 801 1776 ταῖς
818 1733 1008 1782 διαφοραῖς.
1035 1738 1102 1768 Καὶ
1120 1738 1169 1769 τά
1187 1737 1274 1783 ὑγρά

263 1783 295 1820 δ’
323 1785 461 1832 εψεσθαι
483 1785 643 1831 λέγομεν,
663 1784 733 1816 οἷον
757 1782 853 1828 γάλα
875 1785 934 1814 καὶ
959 1782 1114 1828 γλεῦκος,
1142 1779 1229 1813 ὅταν
1256 1782 1272 1813 ὀ

263 1833 298 1867 ὃν
324 1833 373 1874 τῷ
399 1831 487 1878 ύγρῷ
537 1842 554 1862 υ
584 1831 619 1868 ὂς
644 1829 689 1866 εἰς
710 1823 798 1865 εἶδός
824 1839 858 1859 τι
884 1826 1091 1872 μεταβάλλῃ
1117 1827 1184 1859 ύπό
1209 1826 1272 1858 τοῦ

262 1876 374 1919 κύκλῳ
397 1878 457 1908 καὶ
483 1842 604 1917 ἔξχὼθιεν
631 1874 732 1918 πυρός
757 1871 1010 1917 θερμαίνοντος,
1028 1870 1118 1904 ὥστε
1144 1869 1272 1915 τρόπον

264 1923 346 1956 τινα
370 1919 615 1965 παραπλήσιον
641 1919 687 1961 τῇ
713 1915 869 1974 εἰρημένῃ
895 1915 1012 1960 ἑψήσει
1037 1919 1138 1948 ποιεῖ.
1169 1914 1273 1953 Τέλος

262 1963 294 2000 δ’
323 1967 362 2000 οὐ
388 1965 502 1999 ταῦτό
528 1965 654 2006 πᾶσιν,
681 1961 740 1996 οὔθ
781 1960 968 2017 ἑψομέναις,
995 1959 1076 1993 οὔτε
1104 1959 1275 2004 πεττομέ-

263 2023 354 2054 νοις,
383 2010 474 2043 ἄλλα
498 2012 569 2047 τοῖς
595 2010 656 2052 μέν
682 2008 763 2052 πρὸς
790 2003 934 2046 ἐδωδήν,
962 2009 1035 2043 τοῖς
1059 2002 1096 2037 δὲ
1123 2006 1203 2048 πρρς
1220 2003 1274 2049 ῥό-

263 2067 376 2102 φησιν,
395 2058 467 2093 τοῖς
492 2050 531 2087 δὲ
556 2055 637 2098 πρὸς
666 2052 770 2089 ἄλλην
839 2054 925 2092 είαν,
948 2047 1022 2082 ἑπεὶ
1047 2051 1106 2081 καὶ
1127 2049 1175 2081 τά
1195 2048 1275 2093 φάρ-

264 2112 362 2148 μακα
392 2098 480 2144 ἕψειν
511 2098 675 2145 λέγομεν·
702 2095 779 2128 ὥσθ’
809 2108 874 2130 οσα
906 2093 1091 2149 παχύτερα
1123 2089 1274 2126 δύναται

262 2144 432 2195 γίνεσθαι,
460 2143 481 2181 ἦ
507 2144 662 2184 ἐλάττω,
689 2140 711 2179 ἦ
737 2141 923 2186 βαρύτερα,
950 2141 971 2176 ἡ
998 2140 1046 2171 τά
1069 2138 1128 2184 μὲν
1159 2138 1274 2171 αὐτῶν

265 2191 440 2232 τοιαῦτα,
475 2190 524 2222 τοὶ
551 2185 580 2222 δ’
609 2186 772 2227 ἐναντία,
799 2181 859 2218 διά
889 2186 931 2217 τᾶ
960 2181 1200 2229 διακρινόμενα
1226 2184 1274 2215 τοὶ

263 2237 325 2281 μὲν
351 2233 582 2280 παχύνεσθαι,
601 2234 650 2266 τά
669 2227 707 2264 δέ
725 2229 970 2270 λεπτύνεσθαι,
991 2228 1100 2274 ὥσπερ
1119 2229 1161 2260 τὰ
1178 2227 1273 2274 γάλα

265 2281 312 2319 εἰς
339 2280 433 2325 ὂρράν
464 2282 524 2311 καὶ
558 2279 707 2318 πυτίαν,
735 2273 855 2308 πάντα
887 2273 999 2319 ἑψητοί
1024 2274 1130 2306 ἐστιν.
1169 2272 1215 2306 Τό
1239 2268 1270 2304 δ’

238 2327 240 2329 ’
265 2319 381 2359 ἔλαιον
399 2324 464 2370 οὐχ
484 2322 605 2369 ἕψεται
623 2321 713 2356 αὖτό
730 2318 804 2353 καθ’
828 2321 931 2361 αὐτὸ,
951 2317 1006 2351 ὅτι
1023 2317 1158 2352 τούτων
1177 2317 1274 2352 οὐθέν

265 2369 338 2404 παίσ
366 2381 407 2403 ει.
435 2371 478 2402 Ἦ
496 2370 556 2414 μὲν
579 2366 638 2402 οὖν
662 2366 759 2400 κατά
776 2366 841 2403 τήν
860 2364 975 2409 ἕψησιν
992 2362 1158 2410 λεγομένη
1178 2361 1275 2407 πέψις

266 2417 356 2449 τοῦτ
388 2414 477 2456 ἐστὶ,
495 2415 554 2446 καὶ
580 2408 679 2446 οὐδέν
700 2407 851 2454 διαφέρει
868 2408 902 2442 ἑν
920 2408 1074 2466 ὀργάνοις
1091 2411 1274 2454 τεχνικοῖς,

267 2459 290 2498 ἦ
314 2463 462 2504 φυσικοῖς
487 2459 548 2492 ἐάν
571 2460 730 2505 γίνηται·
756 2452 816 2489 διαὶ
841 2455 905 2491 τήν
932 2454 1045 2491 αυτὴν
1069 2453 1135 2500 γάρ
1157 2453 1275 2486 αἰτίαν

267 2505 388 2538 πάντα
412 2504 532 2537 ἔσται·
1144 2517 1146 2519 »

196 2639 344 2685 μῶλυσις
360 2632 390 2670 δ’
412 2635 542 2682 ἀπεψία
559 2637 620 2681 μὲν
639 2636 660 2673 ἦ
678 2636 822 2668 ἐναντία
844 2632 980 2678 ἑψήσει·
1003 2633 1052 2670 εἴη
1071 2629 1100 2663 δ’
1124 2629 1163 2663 ἄν
1183 2631 1277 2663 ἐναν-

268 2684 329 2716 τία
345 2681 369 2719 ἦ
388 2694 426 2715 τε
445 2681 564 2726 πρώτη
587 2679 750 2726 λεχθεῖσα
777 2677 907 2722 ἀπεψία
925 2677 989 2710 τοῦ
1007 2677 1040 2709 ἐν
1067 2677 1115 2718 τῷ
1141 2675 1277 2720 σώματι

269 2727 430 2771 ἀορίστου
456 2722 493 2758 δι’
523 2720 654 2757 ἔνδειαν
681 2727 744 2762 τῆς
770 2724 803 2756 ἐν
830 2723 878 2764 τῷ
904 2722 992 2777 ὑγρῷ
1018 2722 1066 2763 τῷ
1091 2719 1186 2764 πέριξ
1206 2719 1278 2765 θερ-

267 2771 438 2818 μότητος.
471 2771 514 2802 ‘fl
537 2765 567 2802 δ’
589 2766 703 2802 ἔνδεια
728 2769 820 2813 μεταὶ
845 2766 1061 2812 ψυχροτητος
1087 2764 1142 2797 ὅτι
1168 2766 1275 2806 ἐστὶν,

268 2819 419 2861 εἴρηται·
445 2817 582 2862 γίνεται
606 2809 644 2846 δὲ
672 2812 732 2846 διαὶ
761 2815 890 2849 κίνησιν
925 2811 1047 2848 ἄλλην·
1074 2809 1277 2854 ἐκκρούεται

266 2862 332 2909 γὰρ
358 2862 379 2899 ἠ
406 2859 600 2901 πέττουσα,
625 2861 683 2891 καὶ
709 2859 730 2896 ἡ
757 2852 871 2890 ἔνδεια
896 2851 924 2887 δ’
950 2854 971 2893 ἦ
996 2853 1055 2887 διὰ
1079 2855 1121 2886 τὸ
1147 2852 1276 2892 πλῆθος

269 2918 333 2944 της
359 2907 391 2939 ἐν
418 2906 466 2947 τῷ
492 2904 581 2951 ύγρῷ
606 2902 841 2950 ψυχρότητος,
869 2899 890 2938 ἦ
915 2895 975 2933 διαὶ
999 2899 1042 2932 τὸ
1067 2896 1102 2931 ἑν
1128 2899 1176 2940 τῷ
1202 2898 1277 2943 ἑψο-

295 2948 529 2992 ένῳ”πλῆθος·
557 2947 641 2981 τότε
665 2948 731 3003 γάρ
760 2946 938 3002 συμβαίνει
964 2945 1028 2982 τήν
1055 2943 1087 2976 ἑν
1114 2944 1161 2985 τῷ·
1189 2944 1276 2998 ὑγρῷ

267 2963 468 3041 θερμότητα
484 2995 590 3027 πλείω
608 2994 667 3038 μέν
686 3003 773 3025 ειναι
791 2993 812 3030 ἢ
830 2990 919 3023 ὥστε
939 2991 986 3034 μή
1006 2989 1157 3030 κινῆσαι,
1177 2988 1277 3021 ἐλατ-

269 3053 318 3074 τω
343 3035 371 3072 δ’
397 3039 420 3077 ἦ
444 3038 522 3071 ὥσθ’
547 3038 717 3083 ὁμαλῦναι
747 3040 806 3070 καὶ
831 3034 1022 3081 συμπέψαι·
1054 3028 1108 3065 8ιό
1137 3033 1277 3079 σκληρό-

225 3117 231 3122 ,
268 3084 352 3131 τέρα
379 3086 438 3130 μὲν
464 3085 512 3116 ταὶ
540 3081 788 3138 μεμωλυσμένα
818 3084 954 3128 γίνεται
979 3080 1046 3112 τῶν
1077 3077 1202 3123 ἑφθῶν,
1231 3078 1279 3111 τοὶ

268 3124 301 3162 δ’
331 3130 418 3176 ὑγρά
448 3124 653 3173 διωρισμένα
685 3127 830 3172 μᾶλλον.
851 3124 990 3169 Ἕψησις
1028 3124 1087 3168 μέν
1125 3121 1181 3156 οὖν
1217 3125 1276 3155 καὶ

269 3174 414 3220 μῶλυσις
440 3174 592 3219 εἴρηται,
622 3174 681 3205 καὶ
707 3174 742 3205 τί
767 3172 855 3213 ἑστι,
881 3172 940 3202 καὶ
966 3166 1024 3202 διαὶ
1049 3171 1083 3201 τί
1110 3166 1222 3201 ἐστιν·

261 3389 269 3397 ,μ
341 3379 347 3383 .
391 3375 397 3393 ,
418 3351 616 3398 eterminat
632 3349 672 3383 de
697 3348 759 3382 alia
783 3348 892 3393 specie
909 3346 1102 3390 digestionis
1128 3355 1211 3388 quae
1229 3343 1276 3376 di-

259 3399 277 3440 4ζ
404 3397 410 3404 ’“
442 3396 527 3429 citur
549 3395 684 3440 hepsesis,
702 3402 735 3427 et
750 3393 787 3426 fit
809 3402 877 3426 tam
901 3391 940 3425 ab
965 3399 1032 3424 arte
1053 3401 1152 3434 quam
1177 3400 1195 3421 a
1219 3399 1276 3420 na-

262 3439 273 3479 [⁴2
442 3449 524 3473 tura.
542 3439 585 3473 Et
608 3438 687 3472 dicit
704 3437 796 3483 quod
819 3436 967 3481 hepsesis
983 3434 1146 3468 secundum
1171 3439 1275 3472 totum,

263 3484 279 3531 ᾗ
443 3484 527 3518 idest
550 3483 758 3516 uniformiter
779 3481 863 3515 facta
886 3482 920 3514 in
940 3479 1095 3513 omnibus
1120 3476 1276 3521 partibus,

391 3525 484 3562 ³⁴¹*ad
516 3527 734 3562 differentiam
765 3526 903 3560 aliamm
936 3524 1159 3567 digestionum
1193 3531 1276 3565 quae

204 3585 274 3608 non
297 3573 382 3606 fiunt
406 3572 584 3618 aequaliter
608 3571 763 3606 omnibus
788 3569 946 3615 partibuS,
973 3567 1025 3600 vel
1048 3565 1210 3600 secundum
1237 3571 1277 3597 to-

202 3626 282 3660 tum,
308 3617 392 3651 idest
405 3618 440 3651 in
457 3616 644 3658 universali,
660 3625 710 3650 est
726 3615 867 3659 digestio
883 3611 1012 3646 humidi
1028 3609 1229 3659 interminati
1246 3616 1278 3640 et

194 3662 346 3704 subtilis,
366 3661 450 3696 facta
466 3673 484 3695 a
504 3661 667 3696 caliditate
692 3661 874 3694 extrinseca
898 3658 1056 3691 existente
1080 3656 1113 3688 in
1138 3652 1276 3687 humido

1390 891 1545 922 caliditate
1575 892 1707 922 humida
1736 893 1928 924 inexistentis
1960 893 2152 924 interminati
2181 893 2215 923 in
2245 893 2390 924 humido.

1390 935 1512 966 Dicitur
1535 942 1642 966 autem
1665 946 1784 967 nomen
1814 937 1941 977 proprie
1971 938 2078 968 solum
2101 938 2133 968 in
2158 937 2287 968 elixatis.
2320 938 2393 968 Hoc

1390 987 1498 1011 autem
1514 980 1624 1021 utique
1641 980 1707 1020 erit,
1717 981 1797 1012 sicut
1813 982 1934 1013 dictum
1950 989 2007 1021 est,
2019 992 2211 1022 spumosum
2226 989 2282 1013 aut
2293 991 2392 1022 aquo-

1390 1035 1473 1056 sum.
1505 1025 1647 1065 Digestio
1677 1032 1783 1056 autem
1806 1025 1842 1057 fit
1871 1027 1910 1057 ab
1934 1036 1973 1057 eo
2001 1026 2058 1067 qui
2085 1026 2119 1056 in
2142 1026 2277 1057 humido
2300 1026 2390 1066 igne:

1391 1079 1473 1110 quae
1496 1076 1604 1100 autem
1627 1069 1659 1099 in
1683 1069 1834 1109 frixoriis,
1858 1077 2017 1110 assantur;
2042 1071 2080 1101 ab
2105 1070 2278 1101 extrinseco
2306 1071 2391 1101 enim

1391 1114 1493 1145 calido
1517 1113 1696 1154 patiuntur;
1720 1114 1753 1144 in
1777 1125 1842 1155 quo
1866 1122 1974 1146 autem
1997 1122 2043 1146 est
2060 1114 2207 1153 humido,
2224 1114 2298 1145 facit
2312 1115 2392 1146 illud

1390 1158 1491 1198 magis
1506 1158 1637 1196 siccum,
1649 1158 1683 1188 in
1698 1158 1805 1199 ipsum
1821 1169 1995 1190 assumens.
2014 1160 2111 1197 Quod
2126 1166 2235 1190 autem
2250 1159 2391 1197 elixatur,

1391 1203 1586 1234 contrarium
1616 1202 1708 1234 facit:
1741 1210 1919 1244 segregatur
1942 1204 2028 1235 enim
2052 1213 2088 1234 ex
2117 1204 2188 1244 ipso
2221 1203 2393 1234 humidum

1390 1257 1408 1278 a
1432 1247 1587 1278 caliditate
1610 1257 1692 1288 quae
1714 1247 1747 1278 in
1771 1248 1944 1279 extrinseco
1971 1248 2117 1279 humido.
2148 1248 2281 1288 Propter
2303 1247 2393 1289 quod

1391 1292 1522 1323 sicciora
1536 1301 1618 1333 quae
1633 1292 1790 1332 hepsesim
1808 1302 1899 1333 passa
1915 1300 1988 1324 sunt
2003 1303 2102 1333 quarn
2117 1299 2202 1323 assa:
2224 1302 2291 1322 non
2307 1292 2394 1322 enim

1390 1337 1552 1368 attrahunt
1572 1337 1606 1367 in
1625 1337 1726 1378 seipsa
1745 1337 1927 1376 humidum,
1943 1347 2025 1378 quae
2040 1337 2198 1377 hepsesim
2214 1336 2392 1377 patiuntur3

1391 1380 1549 1421 praevalet
1579 1382 1664 1412 enim
1689 1391 1771 1422 quae
1799 1382 1837 1412 de
1861 1381 1938 1412 foris
1961 1381 2100 1412 caliditas
2130 1381 2159 1411 ei
2181 1391 2264 1422 quae
2286 1381 2392 1411 intus:

1392 1426 1419 1456 si
1441 1433 1550 1457 autem
1571 1426 1711 1456 vinceret
1737 1436 1820 1467 quae
1847 1426 1933 1456 intus
1947 1449 1956 1464 ,
1984 1426 2120 1456 traheret
2145 1425 2255 1466 utique
2282 1425 2315 1455 in
2342 1434 2391 1455 se-

1392 1470 1504 1511 ipsam.
1528 1471 1586 1501 Est
1601 1477 1709 1501 autern
1732 1480 1798 1500 non
1822 1479 1919 1500 omne
1938 1480 2054 1510 corpus
2073 1470 2212 1510 hepsesis
2231 1469 2394 1510 passibile:

1393 1525 1498 1556 neque
1526 1514 1612 1545 enim
1642 1515 1675 1545 in
1702 1525 1768 1555 quo
1797 1514 1923 1545 nullum
1955 1521 2001 1545 est
2030 1514 2221 1552 humidum,
2250 1514 2338 1544 velut
2360 1513 2393 1543 in

1392 1559 1569 1600 lapidibus3
1593 1569 1698 1600 neque
1726 1559 1759 1589 in
1783 1558 1900 1599 quibus
1922 1559 2004 1589 inest
2027 1556 2171 1601 quidem,
2195 1558 2250 1588 sed
2271 1558 2392 1598 impos-

1394 1604 1483 1634 sibile
1507 1603 1642 1634 obtineri
1668 1610 1797 1644 propter
1826 1603 2083 1643 spissitudinem,
2114 1602 2202 1633 velut
2227 1602 2260 1632 in
2282 1601 2393 1642 lignis;

1393 1649 1449 1679 sed
1478 1658 1701 1689 quaecumque
1732 1657 1904 1688 corporum
1926 1648 2042 1678 habent
2071 1647 2292 1678 humiditatem
2321 1656 2393 1687 pas-

1394 1693 1520 1724 sibilem
1543 1693 1581 1723 ab
1609 1702 1645 1723 ea
1672 1702 1754 1733 quae
1781 1691 1814 1722 in
1839 1692 1973 1722 humido
1997 1691 2159 1732 ignitione.
2191 1691 2313 1722 Dicitur
2339 1701 2394 1721 au—

1393 1745 1460 1769 tem
1483 1744 1514 1768 et
1530 1747 1642 1768 aurum
1667 1736 1826 1777 hepsesim
1849 1736 1930 1777 pati,
1954 1743 1985 1767 et
2000 1737 2135 1776 lignum,
2159 1742 2189 1766 et
2207 1735 2267 1766 alia
2282 1735 2394 1773 multa,

1394 1783 1572 1813 secundum
1595 1781 1735 1822 speciem
1757 1781 1889 1822 quidem
1911 1791 1978 1811 non
2002 1781 2152 1818 eandem,
2180 1779 2394 1820 metaphorice

1394 1834 1522 1858 autem:
1547 1836 1613 1857 non
1634 1826 1719 1857 enim
1741 1825 1822 1856 iacet
1843 1835 1963 1856 nomen
1987 1824 2176 1856 differentiis.
2200 1825 2241 1855 Et
2263 1824 2396 1855 humida

1395 1879 1503 1903 autem
1517 1871 1676 1912 hepsesim
1692 1870 1757 1911 pati
1772 1870 1917 1908 dicimus,
1934 1870 2021 1900 velut
2035 1870 2083 1900 lac
2099 1876 2129 1900 et
2142 1875 2297 1907 mustum,
2321 1878 2395 1898 curn

1395 1917 1451 1958 qui
1474 1917 1508 1947 in
1523 1915 1658 1947 humido
1682 1915 1800 1945 humor
1822 1914 1854 1944 in
1876 1914 2014 1957 speciem
2037 1914 2176 1955 aliquam
2199 1919 2396 1953 permutatur

1395 1962 1434 1992 ab
1451 1971 1490 1992 eo
1507 1961 1563 2002 qui
1578 1960 1612 1991 in
1629 1959 1760 1990 circuitu
1781 1966 1811 1990 et
1827 1959 1865 1990 de
1881 1958 1957 1990 foris
1972 1959 2044 1999 igne
2061 1957 2275 1989 calefaciente:
2300 1966 2396 1997 quare

1395 2006 1497 2037 modo
1520 2005 1663 2046 quodam
1687 2003 1789 2034 simile
1813 2003 1912 2034 dictae
1935 2003 2059 2044 hepsesi
2075 2002 2158 2033 facit.
2182 2002 2268 2032 Finis
2291 2007 2397 2032 autem

1396 2061 1463 2082 non
1486 2050 1573 2081 idem
1596 2049 1757 2087 omnibus,
1773 2058 1876 2089 neque
1899 2047 2033 2086 elixatis,
2057 2057 2160 2088 neque
2184 2045 2319 2086 digestis,
2343 2046 2398 2076 sed

1395 2096 1445 2126 his
1468 2095 1600 2136 quidem
1624 2094 1664 2124 ad
1687 2103 1796 2131 esum,
1825 2092 1873 2123 his
1896 2099 2004 2123 autem
2032 2092 2071 2122 ad
2094 2091 2318 2129 sorbitionem,
2348 2090 2397 2120 his

1395 2147 1503 2171 autem
1528 2139 1567 2170 ad
1583 2138 1678 2169 aliam
1700 2137 1982 2178 opportunitatem,
2007 2135 2160 2177 quoniam
2184 2142 2215 2166 et
2229 2134 2398 2175 pharmaca

1396 2184 1502 2216 elixati
1525 2183 1670 2214 dicimus.
1702 2183 1808 2220 Quare
1832 2191 2054 2222 quaecumque
2083 2180 2240 2220 grossiora
2262 2185 2398 2220 possunt

1394 2229 1474 2268 fieri,
1494 2235 1549 2260 aut
1562 2228 1698 2265 minora,
1711 2233 1766 2257 aut
1780 2225 1932 2267 graviora,
1945 2232 2000 2256 aut
2015 2225 2092 2256 haec
2107 2224 2238 2265 quidem
2252 2224 2397 2264 ipsorum

1395 2274 1481 2312 talia,
1504 2274 1581 2304 haec
1599 2279 1705 2303 autern
1730 2270 1894 2308 contraria,
1907 2276 2037 2310 propter
2052 2269 2084 2300 id
2103 2269 2192 2310 quod
2212 2269 2396 2309 disgregata,

1396 2319 1474 2349 haec
1497 2318 1628 2359 quidem
1658 2315 1845 2357 ingrossari,
1876 2315 1952 2345 haec
1979 2321 2086 2345 autem
2116 2313 2286 2352 subtiliari,
2317 2312 2398 2343 sicut

1395 2364 1445 2394 lac
1458 2363 1492 2394 in
1508 2372 1614 2393 serum
1629 2368 1660 2392 et
1675 2360 1858 2401 coagulum,
1878 2358 1987 2390 omnia
2003 2358 2155 2389 elixabilia
2171 2365 2253 2388 sunt.
2279 2357 2397 2388 Oleum

1396 2414 1506 2439 autem
1528 2417 1595 2438 non
1618 2405 1783 2437 elixabitur
1811 2404 1919 2445 ipsum
1942 2403 2119 2434 secundum
2148 2403 2299 2443 seipsum,
2323 2401 2398 2442 quia

1396 2453 1516 2484 horum
1530 2451 1657 2483 nullum
1673 2450 1800 2491 patitur.
1825 2448 2008 2480 Secundum
2022 2447 2182 2487 hepsesim
2197 2447 2327 2487 quidem
2342 2445 2398 2487 igi-

1397 2505 1451 2529 tur
1473 2497 1556 2528 dicta
1579 2495 1712 2537 digestio
1736 2495 1813 2525 haec
1840 2500 1903 2532 est,
1935 2500 1966 2523 et
1988 2492 2067 2522 nihil
2095 2491 2195 2522 differt
2216 2491 2250 2521 in
2273 2491 2397 2531 organis

1397 2541 1594 2574 naturalibus
1617 2546 1648 2571 et
1671 2538 1883 2570 artificialibus
1906 2536 2064 2578 siquidem
2087 2535 2160 2567 fiat:
2184 2543 2314 2577 propter
2329 2546 2399 2566 ean—

1399 2587 1473 2617 dem
1496 2585 1582 2616 enim
1605 2594 1733 2615 causam
1756 2582 1865 2613 omnia
1888 2587 1990 2616 erunt.

1331 2631 1487 2673 Molynsis
1510 2637 1618 2661 autem
1640 2627 1808 2669 indigestio
1832 2626 1962 2668 quidem
1983 2631 2040 2664 est,
2055 2625 2210 2656 contraria
2225 2631 2332 2656 autem
2346 2625 2399 2656 he-

1398 2676 1491 2717 psesi.
1509 2675 1576 2706 Erit
1591 2680 1700 2704 autern
1715 2672 1825 2713 utique
1843 2670 1997 2702 contraria
2012 2670 2113 2711 prima
2129 2670 2211 2700 dicta
2233 2670 2398 2710 indigestio

1399 2721 1467 2752 eius
1490 2719 1579 2761 quod
1602 2719 1635 2749 in
1655 2727 1787 2758 corpore
1811 2715 2013 2754 interminati,
2027 2721 2156 2755 propter
2176 2714 2335 2745 defectum
2351 2725 2399 2745 ca-

1398 2765 1527 2796 liditatis
1551 2762 1680 2805 quaein
1696 2761 1831 2792 humido
1855 2760 1943 2801 quod
1966 2759 1999 2790 in
2016 2758 2157 2790 circuitu.
2181 2759 2330 2789 Defectus
2345 2769 2399 2790 au-

1397 2817 1464 2842 tem
1488 2819 1562 2840 cum
1586 2807 1753 2848 frigiditate
1783 2804 1872 2846 'quod
1896 2810 1959 2843 est,
1991 2803 2110 2834 dictum
2134 2809 2188 2834 est.
2220 2803 2270 2834 Fit
2292 2810 2398 2834 autem

1398 2861 1529 2896 propter
1545 2859 1672 2883 motum
1688 2851 1803 2882 alium:
1829 2848 1994 2890 expellitur
2009 2848 2093 2878 enim
2113 2847 2264 2887 digerens.
2289 2848 2330 2878 Et
2345 2848 2398 2878 de-

1399 2900 1500 2931 fectus
1523 2904 1651 2935 autem,
1673 2902 1728 2927 aut
1750 2901 1879 2936 propter
1901 2892 2138 2923 multitudinem
2168 2891 2342 2931 frigiditatis
2365 2892 2398 2922 in

1397 2943 1551 2981 humido,
1583 2948 1638 2972 aut
1660 2946 1790 2982 propter
1819 2937 2055 2969 multitudinem
2082 2946 2162 2977 quae
2185 2935 2217 2966 in
2240 2935 2398 2976 hepsesim

1399 2988 1547 3030 patiente.
1572 2987 1666 3017 Tunc
1689 2985 1774 3015 enim
1790 2982 1900 3014 accidit
1923 2992 1993 3012 eam
2017 2990 2098 3022 quae
2120 2980 2153 3010 in
2168 2980 2302 3010 humido
2327 2980 2398 3010 cali-

1399 3033 1539 3071 ditatem,
1563 3030 1752 3071 ampliorem
1774 3027 1905 3069 quidem
1928 3036 1994 3057 esse
2008 3035 2106 3066 quam
2128 3031 2165 3055 ut
2179 3034 2245 3054 non
2260 3030 2397 3063 moveat,

1399 3078 1558 3109 minorem
1573 3082 1680 3106 autem
1699 3083 1796 3114 quam
1813 3078 1848 3102 ut
1863 3071 1983 3111 regulet
2006 3076 2037 3100 et
2053 3069 2242 3109 condigerat.
2266 3069 2398 3108 Propter

1399 3122 1489 3163 quod
1512 3120 1639 3151 duriora
1662 3118 1793 3159 quidem
1816 3126 1897 3157 quae
1921 3114 2093 3155 molynsim
2111 3113 2283 3153 patiuntur,
2300 3112 2395 3151 fiunt,

1398 3176 1497 3208 quam
1509 3163 1668 3205 hepsesim
1683 3169 1788 3202 passa:
1805 3160 1936 3191 humida
1948 3166 2055 3189 autem
2067 3157 2270 3188 determinata
2286 3157 2396 3197 magis,

1399 3209 1549 3250 Hepsesis
1579 3208 1710 3249 quidem
1744 3205 1838 3246 igitur
1870 3211 1901 3234 et
1930 3202 2083 3244 molynsis
2121 3201 2241 3232 dictum
2269 3207 2333 3240 est,
2367 3207 2398 3232 et

1399 3255 1478 3296 quid
1501 3260 1558 3292 est,
1582 3259 1612 3283 et
1633 3257 1764 3292 propter
1786 3249 1864 3290 quid
1886 3254 1942 3278 est.

1332 3340 1501 3375 exteriori:
1522 3345 1657 3382 propter
1673 3335 1763 3381 quod
1780 3345 1903 3367 nomen
1923 3341 1954 3366 et
1974 3332 2056 3365 ratio
2073 3331 2219 3375 hepsesis
2244 3331 2398 3364 convenit

1332 3385 1410 3418 solis
1428 3384 1561 3417 elixatis.
1579 3382 1672 3415 Patet
1687 3388 1796 3413 autem
1813 3390 1852 3412 ex
1869 3378 1928 3411 ista
1941 3376 2130 3410 definitione
2144 3374 2234 3420 quod
2247 3375 2397 3419 superior

1332 3430 1457 3474 species
1471 3426 1663 3471 digestionis
1677 3433 1725 3458 est
1738 3423 1842 3466 magis
1854 3420 2020 3461 naturalis,
2033 3421 2117 3453 sicut
2130 3419 2282 3459 diximus,
2297 3430 2396 3464 quam

1332 3481 1521 3518 sequentes;
1539 3471 1615 3515 quia
1631 3469 1684 3502 ille
1701 3477 1812 3501 motus
1830 3466 1947 3500 dicitur
1962 3464 2129 3504 naturalis,
2143 3465 2199 3509 qui
2216 3472 2266 3497 est
2277 3475 2295 3496 a
2310 3464 2396 3507 prin-

1333 3519 1420 3562 cipio
1445 3516 1632 3555 intrinseco,
1649 3514 1734 3546 sicut
1749 3520 1837 3556 patet
1853 3512 1886 3543 in
1903 3511 1935 3544 11
1950 3510 2084 3555 Physic..·
2108 3509 2261 3553 pepansis
2286 3516 2395 3540 autem

1333 3571 1381 3595 est
1405 3573 1422 3594 a
1447 3559 1608 3593 caliditate
1632 3557 1815 3596 intrinseca,
1835 3554 1978 3599 reliquae
2003 3562 2112 3587 autem
2144 3552 2182 3586 ab
2207 3553 2394 3586 extrinseca.

1333 3605 1519 3639 Humidum
1539 3614 1618 3636 vero
1635 3602 1880 3635 interminatum
1902 3599 1985 3632 circa
2006 3597 2096 3643 quod
2120 3597 2157 3630 fit
2173 3597 2329 3641 hepsesis,
2347 3604 2395 3628 est

1333 3651 1437 3694 magis
1461 3659 1604 3693 aqueum
1627 3646 1678 3680 vel
1703 3655 1909 3690 spumosum,
1927 3642 2017 3688 quod
2034 3642 2190 3686 digeritur
2213 3652 2271 3685 per
2287 3639 2395 3673 calidi-

2419 854 2430 865 ·
2445 853 2500 882 Seq.
2515 859 2566 882 cap.
2581 860 2616 876 in.
