2782 4134
134 689 192 716 Cap.
206 695 222 710 1.

107 1064 118 1073 ·
132 1063 160 1084 id
167 1063 239 1090 prius
252 1068 291 1084 ca.

350 286 425 323 262

404 377 439 403 2.
469 366 538 402 Est
556 372 683 402 autem
709 362 1028 401 considerandum
1048 361 1153 411 quod
1174 361 1220 398 de
1239 372 1415 408 unoquo-

350 431 424 467 que
453 418 559 466 quod
587 418 625 454 in
652 416 823 466 pluribus
851 415 1052 461 invenitur,
1081 413 1185 462 prius
1215 420 1269 449 est
1294 412 1416 448 consi-

351 471 564 509 derandum
583 470 622 507 in
642 469 850 516 communi,
880 480 996 518 quam
1015 467 1063 504 ad
1083 466 1228 514 species
1258 465 1414 501 descen-

351 525 441 562 dere
460 531 492 561 ἐ
524 523 691 572 alioquin
714 529 906 572 oporteret
933 520 1036 557 idem
1057 519 1181 556 dicere
1210 517 1413 564 multoties,

349 578 400 615 ita
420 577 559 614 scilicet
586 577 691 625 quod
710 575 748 612 in
767 574 920 622 singulis
940 573 979 610 id
999 571 1103 621 quod
1132 578 1189 608 est
1208 582 1415 607 commune

350 637 597 679 repeteretur,
624 629 718 665 sicut
736 628 873 677 probat
891 625 1146 673 Philosophus
1165 624 1204 660 in
1224 625 1237 660 I
1258 625 1304 660 de
1321 625 1415 660 Par-

350 684 445 720 tibus
458 682 691 719 Animalium
706 681 736 717 ²¹².
759 681 807 716 Et
821 679 907 716 ideo
927 678 1031 727 prius
1051 677 1217 726 oportuit
1237 676 1283 714 de
1303 689 1416 724 gene-

351 736 494 773 ratione
523 743 559 772 et
579 733 818 782 corruptione
841 732 880 768 in
906 730 1103 768 communi
1123 730 1375 767 determinare
1392 728 1414 777 λ,

350 801 466 838 quam
487 787 534 825 ad
553 795 678 837 partes
698 786 778 822 eius
799 784 1042 822 descendere.
1058 805 1082 811 -
1104 783 1282 821 Similiter
1301 782 1414 819 etiarn

350 841 589 879 considerare
617 847 765 888 oportet
792 845 810 865 μ
839 838 963 887 quod,
993 837 1023 874 si
1051 837 1089 874 in
1117 837 1244 885 aliquo
1277 848 1414 884 genere

350 895 502 944 aliquod
520 893 686 943 primum
706 891 896 929 invenitur
915 890 1018 940 quod
1038 890 1085 927 sit
1104 902 1218 927 causa
1241 889 1414 936 aliorum,

350 948 521 984 eiusdem
557 944 866 983 considerationis
900 952 956 981 est
990 956 1198 980 commune
1226 955 1345 991 genus
1379 949 1416 979 et

349 1001 387 1038 id
416 999 520 1049 quod
548 1006 604 1036 est
634 998 800 1048 primum
832 997 871 1034 in
904 1009 1042 1046 genere
1075 996 1159 1033 illo:
1198 995 1288 1044 quia
1324 995 1415 1033 illud

348 1053 514 1102 primum
529 1052 550 1074 '¹‘
569 1059 623 1088 est
643 1063 757 1088 causa
784 1051 898 1088 totius
926 1050 1084 1099 generis,
1107 1056 1256 1099 oportet
1284 1056 1413 1085 autern

348 1118 437 1143 eum
466 1105 530 1155 qui
559 1104 773 1142 considerat
799 1116 919 1152 genus
948 1103 1113 1152 aliquod,
1143 1115 1276 1140 causas
1301 1101 1414 1139 totius

347 1272 437 1296 decem
451 1270 499 1296 litt.
512 1269 623 1302 reliquit,
642 1269 756 1301 Pergunt
770 1269 862 1294 PCab:
881 1269 918 1293 Et
931 1268 990 1293 ideo
1009 1268 1185 1294 necessarium
1205 1270 1245 1293 est
1257 1270 1294 1296 ut,
1309 1267 1371 1300 quia
1385 1266 1414 1291 hi

347 1309 434 1331 motus
451 1308 640 1337 consequenter
651 1311 679 1329 se
693 1304 790 1329 habent
802 1304 839 1328 ad
856 1304 1064 1337 generationem,
1084 1304 1163 1329 simul
1181 1311 1240 1329 cum
1260 1303 1297 1328 eis
1317 1303 1349 1328 de
1367 1309 1414 1335 ge-

347 1341 484 1366 neratione
502 1343 528 1366 et
545 1340 717 1372 corruptione
740 1342 872 1364 tractetur
890 1340 1043 1370 (tractatur
1061 1339 1119 1364 edd.
1138 1339 1194 1367 ab,
1215 1339 1287 1371 quod
1306 1338 1326 1362 C
1345 1338 1414 1362 male

347 1376 450 1409 corrigit
469 1377 494 1401 in
512 1376 646 1407 tractare)
652 1382 661 1404 ,·
679 1376 700 1399 B
713 1383 791 1400 vero:
811 1375 846 1400 Et
859 1374 918 1400 ideo
938 1381 1041 1400 necesse
1058 1378 1099 1400 est
1111 1374 1183 1407 quod
1201 1374 1230 1399 hi
1248 1376 1336 1399 motus
1350 1381 1413 1399 con-

345 1415 484 1444 sequenter
502 1419 530 1437 se
548 1411 663 1436 habeant
680 1410 717 1435 ad
735 1410 944 1443 generationem,
958 1413 986 1435 et
996 1409 1078 1435 simul
1095 1410 1128 1435 de
1146 1409 1187 1435 his
1205 1413 1232 1434 et
1251 1410 1284 1434 de
1301 1415 1414 1442 genera-

346 1448 418 1472 tione
436 1451 462 1472 et
479 1446 651 1479 corruptione
669 1449 797 1471 tractare.

399 1483 424 1515 κ)
444 1483 515 1515 quod
534 1482 566 1507 de
590 1488 790 1514 unoquoque...
809 1480 974 1506 descendere.
993 1494 1012 1499 —
1028 1480 1100 1513 quod
1119 1480 1323 1512 unumquodque
1342 1479 1415 1512 quod

346 1519 372 1543 in
387 1518 511 1550 pluribus
531 1517 672 1547 invenitur,
688 1517 807 1549 primum
826 1516 1051 1541 considerandum
1070 1518 1110 1541 est
1129 1515 1155 1540 in
1174 1515 1323 1544 communi,
1339 1518 1414 1540 ante-

345 1561 425 1586 quam
449 1553 487 1578 ad
510 1553 609 1585 species
634 1552 811 1578 descendatur
828 1552 850 1576 B
857 1559 864 1582 ;
889 1552 966 1576 etiam
990 1552 1013 1575 A
1038 1551 1100 1584 legit
1124 1551 1309 1576 descendatur.
1327 1564 1346 1569 —
1364 1551 1415 1575 Pro

346 1592 482 1621 oporteret
494 1589 563 1614 idem
579 1588 674 1617 dicere,
690 1587 821 1620 oportebit
835 1587 922 1612 dicere
935 1586 1005 1612 idem
1019 1587 1054 1618 13;
1074 1594 1122 1620 pro
1136 1586 1174 1611 ita
1187 1586 1286 1611 scilicet
1298 1586 1383 1619 quod.
1392 1603 1415 1611 .-

345 1627 524 1656 repeteretur,
545 1624 584 1649 ita
602 1627 628 1648 et
645 1623 745 1648 sciIIcet
763 1623 865 1655 quod...
883 1625 1004 1654 repetam
1023 1622 1065 1647 ed.
1083 1629 1108 1651 a,
1129 1622 1167 1647 ita
1185 1622 1285 1647 scilicet
1299 1622 1415 1654 quod...

346 1663 484 1692 repetatur
503 1659 532 1690 C,
551 1659 590 1684 ita
607 1659 707 1684 scilicet
725 1658 839 1691 quod...
858 1660 992 1690 repetetur
1010 1658 1065 1682 AB.

398 1694 427 1728 λ)
447 1694 633 1720 determinare.
645 1709 664 1713 —-
678 1693 854 1719 determinari
870 1693 915 1718 Ac
935 1698 968 1724 et,
981 1698 1010 1718 ut
1023 1693 1131 1724 videtur,
1146 1693 1175 1723 B,
1193 1692 1238 1725 qui
1256 1693 1353 1725 pergit:
1366 1699 1414 1717 an-

346 1734 452 1763 tequam
471 1730 508 1755 ad
521 1733 616 1762 partes
634 1729 690 1755 eius
710 1729 914 1755 descenderetur
920 1737 929 1759 ‚·
948 1728 980 1753 cf.
999 1733 1053 1753 not.
1073 1728 1191 1761 praeced.

400 1766 428 1800 μ.)
447 1765 618 1791 considerare
642 1768 755 1797 oportet.
777 1779 796 1784 -
820 1764 1043 1790 considerandum
1062 1764 1100 1795 A,
1124 1766 1165 1789 est
1189 1763 1361 1789 considerare
1383 1763 1413 1788 B.

859 284 929 320 DE
959 282 1348 321 GENERATIONE
1378 282 1447 317 ET
1477 281 1861 317 CORRUPTIONE
1891 282 1985 318 LIB.
2017 283 2030 317 I

1470 359 1618 407 generis
1636 365 1648 379 ¹·
1677 360 1930 398 considerare.
1962 362 2010 397 Et
2039 360 2127 397 inde
2157 367 2212 397 est
2239 360 2344 410 quod
2373 361 2545 399 Philoso-

1470 413 1568 461 phus
1588 412 1626 449 in
1645 414 1911 463 Metaphysica
1940 414 2050 451 simul
2079 413 2306 451 determinat
2333 414 2381 451 de
2402 422 2487 452 ente
2506 415 2545 453 in

1471 466 1668 503 communi
1697 474 1734 503 et
1762 467 1809 504 de
1839 475 1925 504 ente
1951 467 2091 516 primo,
2122 467 2226 516 quod
2256 474 2312 504 est
2340 479 2362 503 a
2385 468 2546 505 materia

1471 526 1702 567 separatum.
1739 521 1837 558 Sunt
1871 528 1999 558 autem
2029 520 2068 557 in
2095 532 2233 568 genere
2268 520 2543 568 generabilium

1471 579 1508 608 et
1535 573 1839 622 corruptibilium
1867 574 2060 624 quaedam
2080 574 2205 623 prima
2224 573 2427 622 principia,
2449 573 2545 611 scili-

1471 632 1530 662 cet
1554 626 1754 674 elementa,
1774 639 1874 676 quae
1893 635 1981 664 sunt
2000 640 2115 665 causa
2134 626 2386 675 generationis
2407 634 2443 664 et
2462 639 2545 664 cor-

1471 679 1656 727 ruptionis
1693 688 1728 717 et
1762 681 1990 718 alterationis
2018 681 2057 718 in
2085 680 2266 718 omnibus
2295 680 2374 717 aliis
2409 692 2545 729 corpo-

1471 731 1587 769 ribus.
1618 734 1666 770 Et
1693 733 1784 771 inde
1812 741 1868 771 est
1896 734 2002 783 quod
2029 734 2250 771 Aristoteles
2274 734 2313 771 in
2332 734 2407 770 hoc
2434 731 2564 782 libro,'

1472 785 1536 835 qui
1565 794 1620 823 est
1639 787 1746 824 tertia
1773 799 1861 836 pars
1890 787 2068 824 scientiae
2097 787 2287 834 naturalis,
2319 787 2545 825 determinat

1471 852 1550 876 non
1578 840 1704 876 solum
1726 840 1773 877 de
1792 841 2037 888 generatione
2057 848 2093 878 et
2113 841 2355 890 corruptione
2380 840 2418 878 in
2439 853 2545 878 corn·

1471 893 1578 930 muni
1608 900 1645 929 et
1672 893 1752 930 aliis
1781 894 1950 931 motibus
1976 894 2310 944 consequentibus,
2340 895 2408 932 sed
2429 893 2543 931 etiarn

1471 946 1518 983 de
1547 946 1791 994 generatione
1820 955 1856 983 et
1884 947 2127 996 corruptione
2157 948 2447 985 elementorum.

1523 1000 1593 1036 His
1622 1000 1733 1048 igitur
1759 999 1977 1048 praelibatis
2001 1001 2051 1038 ad
2071 1001 2416 1039 demonstrandum
2440 1001 2460 1023 '¹‘
2488 1001 2544 1038 in-

1468 1053 1678 1090 tentionem
1693 1053 1903 1090 Aristotelis
1923 1054 1961 1090 in
1980 1054 2056 1091 hoc
2074 1053 2183 1102 libr0‚
2204 1054 2467 1092 accedendum
2488 1062 2544 1092 est

1468 1107 1518 1144 ad
1547 1107 1824 1156 expositionem
1855 1107 1934 1144 eius
1954 1104 1978 1144 ε.

1469 1267 1583 1299 Pei-gunt
1602 1267 1655 1292 Ca:
1673 1267 1746 1299 quod
1764 1267 1790 1291 in
1810 1267 1900 1299 aliquo
1918 1273 2016 1300 genere
2033 1266 2144 1299 aliquod
2163 1264 2277 1299 (aliquid
2291 1265 2327 1300 C)
2343 1266 2423 1298 prius
2442 1266 2542 1291 inveni-

1469 1306 1528 1333 tur‚·
1547 1310 1594 1335 pro
1614 1302 1757 1332 invenitur,
1773 1302 1926 1327 inveniatur
1943 1303 1974 1327 B.
1986 1315 2006 1321 -
2018 1301 2054 1326 Ibi
2073 1301 2190 1327 eiusdem
2205 1301 2429 1327 considerationis
2442 1306 2500 1331 etc..
2518 1302 2543 1326 Α

1469 1339 1545 1371 legit:
1563 1338 1680 1363 eiusdem
1699 1337 1922 1363 considerationis
1936 1340 1976 1363 est
1988 1337 2161 1363 considerare
2179 1337 2208 1362 id
2225 1344 2365 1362 commune
2382 1343 2542 1370 consequen-

1469 1377 1511 1399 ter
1529 1377 1556 1399 et
1575 1374 1604 1399 id
1621 1374 1693 1407 quod
1710 1376 1751 1399 est
1763 1373 1929 1406 principium
1949 1373 1976 1398 in
1994 1380 2093 1407 genere
2112 1373 2173 1402 mo,-
2191 1373 2228 1398 B:
2252 1372 2370 1398 eiusdem
2388 1372 2542 1398 considera-

1469 1409 1550 1435 tionis
1568 1412 1609 1434 est
1625 1409 1800 1434 considerare
1818 1409 1885 1434 iilud
1902 1409 1976 1441 quod
1992 1415 2077 1442 genus
2095 1411 2136 1433 est
2153 1411 2180 1433 et
2198 1408 2266 1433 illud
2283 1408 2357 1440 quod
2370 1408 2492 1440 primum
2510 1408 2538 1433 in

1468 1452 1566 1479 genere
1586 1445 1630 1470 illo
1649 1447 1697 1470 est.
1718 1445 1792 1470 PCab
1811 1452 1859 1478 pro
1879 1445 1999 1477 primum
2026 1444 2052 1469 in
2078 1442 2176 1478 genere
2199 1444 2258 1474 1'110,
2282 1443 2380 1469 habent
2402 1450 2542 1469 commune

1469 1481 1496 1506 in
1515 1487 1613 1514 genere
1633 1480 1694 1509 illo,·
1711 1481 1759 1505 sed
1772 1481 1894 1513 primum
1913 1481 2007 1506 melius
2027 1480 2059 1505 ad
2078 1484 2227 1504 contextum
2247 1479 2358 1513 quadrat
2376 1487 2456 1512 quam
2468 1486 2540 1505 com-

1469 1523 1557 1542 mune.

1522 1551 1546 1586 ν)
1567 1552 1650 1577 totius
1671 1552 1785 1585 generis.
1801 1566 1820 1571 -
1838 1552 1920 1577 totius
1944 1551 1991 1576 Ca.
2004 1565 2023 1570 —
2041 1549 2100 1576 Lin.
2119 1559 2175 1584 seq.
2194 1559 2243 1583 pro
2265 1550 2467 1584 Metaphysica,
2490 1557 2540 1576 sua

1468 1587 1658 1621 Metaphysica
1671 1588 1728 1613 P.-
1740 1588 1790 1612 Pro
1804 1588 1876 1620 quod
1889 1591 1930 1613 est
1943 1595 1961 1612 a
1979 1587 2107 1616 materia,
2127 1587 2199 1618 quod
2217 1590 2257 1612 est
2275 1594 2321 1612 ens
2339 1593 2357 1611 a
2375 1585 2492 1612 materia
2509 1586 2540 1611 B.

1523 1621 1547 1656 ξ)
1566 1623 1604 1648 ad
1626 1623 1821 1656 expositionem
1844 1623 1909 1648 eius.
1927 1637 1947 1642 —
1970 1623 1997 1647 In
2020 1621 2110 1648 Anca
2132 1622 2183 1647 hoc
2207 1623 2371 1655 prooemium
2396 1630 2411 1647 a
2429 1621 2540 1647 lectione

1469 1659 1553 1692 prima
1571 1667 1624 1684 non
1643 1659 1778 1690 dividitur;
1797 1659 1842 1684 AB
1861 1659 1931 1684 enim
1956 1659 2060 1691 legunt:
2083 1658 2122 1683 ad
2139 1658 2335 1690 expositionem
2354 1657 2481 1683 eiusdem.
2507 1657 2538 1682 In

1468 1702 1520 1727 quo
1541 1694 1633 1726 primo
1656 1694 1831 1727 Philosophus
1850 1694 1931 1726 ponit
1951 1693 2120 1726 prooemium
2144 1693 2331 1719 demonstrans
2356 1698 2420 1724 etc-5
2445 1692 2539 1718 eodem

1469 1730 1548 1755 modo
1572 1730 1662 1763 legunt
1685 1730 1738 1761 Ca,
1768 1735 1875 1763 excepto
1901 1730 1972 1763 quod
1997 1729 2094 1754 habent
2122 1729 2178 1755 eius
2197 1733 2223 1754 et
2241 1727 2416 1761 Philosophus
2430 1728 2539 1762 primo,

1468 1771 1498 1790 ut
1515 1766 1560 1791 Pb.

2570 1005 2782 1054 Ldeteme'aeandvn
