2782 4134
127 522 136 529 ·
153 520 223 540 etiam
238 525 286 540 om.
301 525 324 540 Α.

128 844 137 852 ”’
153 844 196 865 hoc
210 850 258 865 om.
273 843 338 865 καὶ).

126 1003 137 1013 ’
161 1002 338 1030 quibuscumque

130 1036 153 1051 Α.

127 1109 136 1117 ·
151 1107 174 1129 si
186 1114 233 1129 om.
249 1108 300 1129 rab.

126 1745 135 1753 ·
146 1744 196 1765 sola
214 1743 254 1764 sub
271 1741 321 1763 rab.

124 2484 134 2493 '⁴
148 2484 255 2505 Platonis
271 2490 308 2505 ω.

370 288 444 324 292

368 355 486 391 rimus
503 354 617 402 enim,
634 353 850 391 inducendo
871 353 1058 401 exempla,
1075 353 1249 399 modum,
1266 351 1333 388 sed
1353 363 1431 388 non

368 407 597 453 subiectum;
627 419 706 444 non
726 413 898 443 curantes
924 405 1063 442 scilicet
1081 412 1208 441 utrum
1229 404 1282 440 sic
1301 416 1341 440 se
1366 404 1433 440 ha-

367 461 455 497 beat
482 460 521 497 in
548 460 606 497 his
633 459 812 506 terminis,
842 459 903 495 vel
935 458 974 495 in
1002 457 1308 505 quibuscumque
1338 456 1430 493 aliis.

368 515 416 550 Et
448 521 604 562 propter
630 514 705 550 hoc
738 512 851 549 etiam
878 511 898 533 '¹‘
921 511 959 547 in
982 510 1084 546 libris
1117 509 1282 558 Logicae
1315 509 1431 546 utitur

368 567 550 615 exemplis
565 565 776 603 secundum
792 564 991 613 opiniones
1006 563 1167 599 aliorum
1182 562 1430 611 philosopho-

367 632 470 666 rum;
486 632 595 667 quae
618 631 697 655 non
725 625 812 655 sunt
838 615 1053 653 inducenda
1072 615 1182 663 quasi
1210 616 1284 653 sint
1310 616 1432 653 verba

366 672 586 709 Aristotelis.
608 673 693 708 Hoc
716 670 827 718 igitur
847 681 890 705 ex
918 668 1136 717 praemissis
1161 676 1217 706 est
1244 668 1431 718 accipien-

368 726 476 773 dum,
503 725 607 774 quod
637 723 826 771 corruptio
848 721 1066 770 simpliciter
1085 729 1152 770 est,
1174 734 1274 771 quae
1295 730 1350 759 est
1368 722 1432 760 via

366 779 404 815 in
423 791 502 815 non
522 791 589 815 ens
609 775 846 825 simpliciter;
867 774 1060 822 generatio
1080 775 1310 824 simpliciter,
1332 787 1431 824 quae

368 840 423 869 est
448 832 511 869 via
527 831 564 867 in
580 828 797 878 simpliciter
812 840 890 865 ens,
911 828 1196 865 Determinetur
1212 841 1302 877 ergo
1321 829 1397 865 hoc
1411 828 1431 850 ³⁸

367 885 470 934 quod
500 884 641 921 dictum
677 890 732 918 est
760 882 807 918 de
835 881 1079 928 generatione
1117 889 1153 919 et
1187 881 1430 931 corruptione

366 937 582 987 simpliciter
608 936 670 973 vel
708 935 920 971 secundum
950 934 1058 983 quid,
1089 935 1170 972 sive
1198 935 1237 972 in
1271 935 1357 983 igne
1396 942 1432 971 et

366 1000 488 1038 terra,
523 990 602 1026 sive
630 988 668 1024 in
697 987 964 1036 quibuslibet*
983 988 1064 1025 aliis
1101 988 1288 1035 terminis,
1319 988 1430 1025 dum-

366 1044 483 1081 modo
504 1043 554 1079 ita
582 1054 621 1078 se
650 1041 816 1078 habeant
835 1040 941 1090 quod
967 1053 1091 1078 unum
1111 1041 1156 1078 sit
1186 1054 1252 1078 ens
1273 1048 1309 1078 et
1324 1041 1430 1078 'aliud

365 1110 443 1134 non
481 1108 564 1141 ens;
594 1094 689 1131 sicut
708 1093 738 1130 si
755 1093 775 1115 ’¹‘
795 1094 968 1131 dicamus
995 1094 1131 1132 vivum
1160 1102 1197 1131 et
1215 1101 1426 1142 mortuum,

364 1151 424 1186 vel
441 1148 580 1197 aliquid
591 1147 692 1184 aliud
706 1147 939 1184 huiusmodi.
952 1168 977 1175 —
989 1147 1191 1184 Concludit
1200 1147 1310 1195 igitur
1325 1147 1430 1196 quod

364 1215 440 1239 uno
460 1201 578 1239 modo
600 1200 725 1237 differt
748 1200 968 1249 simpliciter
987 1200 1157 1248 generari
1178 1208 1215 1238 et
1234 1201 1429 1250 corrumpi

366 1264 400 1292 et
428 1268 506 1292 non
534 1253 763 1303 simpliciter,
785 1253 878 1290 sicut
908 1253 1050 1290 dictum
1080 1261 1146 1291 est.

419 1310 453 1345 3.
472 1307 548 1345 Sed
562 1307 714 1344 videtur
728 1307 833 1355 quod
847 1307 945 1343 haec
960 1306 1171 1344 differentia
1185 1319 1264 1344 non
1279 1306 1325 1344 sit
1340 1319 1429 1344 con-

363 1362 532 1399 veniens.
562 1359 634 1397 Via
663 1359 765 1396 enim
802 1371 899 1408 quae
929 1366 985 1396 est
1020 1359 1059 1396 in
1096 1359 1314 1408 simpliciter
1351 1373 1430 1397 non

365 1427 443 1462 ens,
469 1426 586 1463 quam
629 1412 717 1450 dicit
745 1422 829 1449 esse
872 1412 1156 1461 corruptionem
1177 1413 1429 1461 simpliciter,

363 1481 442 1505 non
470 1474 595 1516 potest
621 1465 773 1514 intelligi
793 1465 831 1502 in
859 1465 898 1502 id
918 1465 1024 1514 quod
1053 1473 1109 1503 est
1128 1466 1287 1503 omnino
1316 1466 1429 1504 nihil:

364 1521 452 1570 quia
480 1519 605 1556 omnis
634 1518 811 1556 naturalis
840 1518 1032 1568 corruptio
1066 1519 1110 1557 fit
1135 1531 1205 1568 per
1232 1520 1430 1557 resolutio-

364 1586 453 1611 nem
482 1573 521 1610 in
549 1572 721 1621 aliquam·
752 1571 964 1609 materiam.
996 1571 1174 1609 Similiter
1210 1572 1323 1609 etiarn
1352 1586 1431 1610 non

363 1633 488 1676 potest
516 1625 668 1673 intelligi
695 1637 775 1661 non
804 1637 871 1661 ens
900 1624 1129 1673 simpliciter,
1151 1625 1255 1673 quod
1285 1626 1331 1663 sit
1357 1626 1432 1676 pri-

362 1680 466 1717 vatio
494 1691 590 1728 pura
624 1678 704 1715 sine
741 1678 883 1714 forma:
914 1678 1003 1727 quia
1039 1678 1198 1715 materia
1231 1691 1431 1729 nunquam

365 1732 579 1770 denudatur
598 1732 646 1767 ab
667 1730 774 1767 omni
794 1731 928 1778 forma,
948 1731 999 1768 ita
1019 1731 1125 1780 quod
1144 1731 1190 1768 sit
1217 1732 1287 1768 sub
1309 1730 1390 1770 sola
1410 1732 1430 1754 ’¹‘

362 1785 585 1836 privatione.
616 1785 718 1832 Ergo
757 1790 908 1832 oportet
934 1796 1004 1833 per
1040 1797 1119 1821 non
1157 1796 1224 1821 ens
1256 1784 1295 1822 in
1328 1785 1434 1835 quod

363 1838 482 1876 tendit
509 1836 700 1886 corruptio
740 1837 920 1886 simplex,
955 1836 1104 1885 intelligi
1138 1837 1392 1886 privationem
1420 1837 1433 1859 ⁰

363 1905 460 1941 quae
491 1899 545 1928 est
574 1890 751 1928 adiuncta
779 1889 890 1926 alicui
918 1890 1077 1927 formae.
1109 1890 1273 1928 Cuilibet
1301 1899 1430 1930 autem

362 1947 507 1982 formae
528 1943 687 1981 naturali
707 1955 805 1991 quae
835 1950 890 1980 est
909 1943 947 1980 in
966 1943 1248 1991 generabilibus
1267 1951 1275 1965 ¹
1295 1952 1331 1981 et
1351 1958 1432 1982 cor-

362 1997 611 2047 ruptibilibus,
632 1996 845 2044 adiungitur
871 1996 1052 2045 privatio:
1083 2009 1162 2034 non
1191 2009 1280 2045 ergo
1308 2011 1431 2036 unum

363 2052 508 2088 dicetur
526 2049 646 2098 magis
666 2049 839 2098 generari
853 2050 915 2087 vel
935 2050 1128 2099 corrumpi
1144 2050 1372 2099 simpliciter,
1393 2051 1430 2088 in

362 2105 420 2142 his
440 2101 547 2153 quae*
568 2103 780 2140 adinvicem
810 2111 1037 2151 generantur
1065 2111 1102 2140 et
1121 2113 1430 2154 corrumpuntur,

363 2170 480 2207 quarn
504 2156 616 2193 aliud.
1323 2168 1327 2173 ·

417 2209 633 2247 Dicendum
664 2216 719 2245 est
748 2221 837 2257 ergo
867 2209 971 2258 quod
1009 2221 1088 2246 non
1117 2221 1184 2246 ens
1213 2209 1432 2259 simpliciter

362 2263 575 2311 intelligitur
603 2262 664 2298 hic
683 2262 841 2299 materia
860 2268 873 2282 ’³
902 2274 990 2299 curn
1010 2261 1223 2311 privatione
1253 2263 1431 2302 adiuncta

363 2317 474 2353 alicui
494 2317 652 2353 formae.
676 2315 752 2352 Sed
773 2315 912 2364 duplex
932 2323 988 2352 est
1015 2315 1155 2352 forma:
1176 2328 1254 2353 una
1274 2317 1431 2366 quidem

362 2370 539 2419 perfecta,
562 2381 660 2417 quae
690 2369 855 2418 complet
874 2368 1042 2418 speciem
1072 2369 1228 2407 alicuius
1249 2370 1302 2408 rei
1323 2379 1430 2408 natu-

363 2423 460 2470 ralis,
481 2422 577 2459 sicut
596 2422 720 2458 forma
742 2421 836 2470 ignis
856 2422 918 2459 vel
939 2434 1061 2471 aquae
1093 2430 1158 2460 aut
1175 2423 1343 2461 hominis
1369 2432 1433 2462 aut

363 2476 513 2524 plantae
532 2474 567 2521 *3
594 2475 666 2511 alia
686 2481 813 2512 autem
834 2482 890 2511 est
913 2475 1038 2523 forma
1066 2475 1308 2526 incompleta,
1330 2489 1429 2525 quae

364 2541 487 2577 neque
507 2528 655 2577 perficit
674 2528 839 2576 aliquam
868 2527 1036 2577 speeiem
1061 2530 1285 2576 naturalem,
1307 2542 1431 2578 neque

366 2589 420 2618 est
438 2581 524 2618 finis
553 2580 768 2617 intentionis
798 2587 966 2628 naturae,
997 2581 1064 2618 sed
1092 2593 1133 2618 se
1161 2582 1276 2621 habet
1305 2582 1343 2619 in
1369 2582 1434 2620 via

365 2633 616 2682 generationis
631 2634 693 2671 vel
710 2633 972 2682 corruptionis.
994 2634 1240 2673 Manifestum
1257 2642 1314 2672 est
1329 2635 1430 2673 enirn

365 2687 402 2723 in
430 2686 672 2734 generatione
711 2686 1014 2735 compositorum
1042 2685 1079 2734 ²,
1108 2696 1200 2736 puta
1233 2687 1406 2726 animalis
1423 2719 1432 2737 ‚

367 2740 472 2788 quod
500 2739 595 2776 inter
622 2739 852 2788 principium
880 2739 1144 2789 generationis,
1165 2741 1270 2790 quod
1300 2749 1356 2779 est
1374 2754 1430 2779 se-

366 2805 467 2839 men,
490 2799 526 2829 et
544 2791 717 2829 ultimam
747 2793 910 2829 formam
931 2792 1104 2830 animalis
1133 2794 1325 2843 completi,
1347 2803 1434 2833 sunt

364 2846 504 2882 multae
519 2845 780 2893 generationes
809 2845 970 2893 mediae,
991 2853 1032 2883 ut
1052 2846 1250 2884 Avicenna
1278 2847 1367 2886 dicit
1394 2848 1433 2886 in

364 2911 431 2935 sua
451 2898 702 2947 Sufficientz'a‚·
730 2911 824 2948 quas
853 2911 1007 2936 necesse
1035 2907 1090 2937 est
1117 2900 1309 2938 terminari
1336 2908 1356 2929 ‘⁴
1383 2901 1432 2940 ad

417 3053 441 3087 Θ)
456 3062 509 3087 per
527 3062 578 3080 non
598 3062 676 3080 ens...
692 3055 806 3088 intelligi
820 3056 1012 3088 privationem.
1031 3070 1049 3075 -
1067 3057 1139 3089 quod
1152 3064 1205 3090 per
1224 3064 1275 3083 non
1295 3065 1340 3083 ens
1356 3059 1431 3084 intel-

365 3091 467 3123 ligatur
485 3091 538 3116 id...
554 3090 722 3123 intelligatur
731 3091 852 3123 privatio
867 3092 926 3117 edd.
940 3099 957 3117 a
968 3092 990 3122 h,
1008 3097 1034 3117 et
1047 3093 1148 3118 omisso
1161 3094 1241 3119 altero
1256 3094 1430 3127 intelligatur,

366 3126 400 3157 C,
420 3131 445 3150 et
464 3131 588 3158 expuncto
607 3126 775 3159 intelligatur
795 3126 830 3155 id,
850 3127 878 3152 P.

419 3162 437 3193 ι)
451 3161 559 3194 formae
583 3162 702 3186 naturali
725 3169 792 3194 quae
812 3165 851 3187 est
876 3162 901 3187 in
927 3163 1130 3195 generabilibus.
1149 3178 1168 3183 -
1178 3165 1295 3198 formali
1314 3165 1434 3199 (formae
1476 3172 1487 3176 χ

367 3197 484 3221 naturali
504 3197 551 3225 Pb,
566 3197 675 3230 formae
694 3196 724 3229 C)
745 3197 771 3221 in
791 3198 986 3230 gene-rabilibus
1005 3199 1090 3224 PCab.
1109 3213 1127 3218 —-
1145 3199 1196 3224 Pro
1223 3208 1303 3225 unum
1329 3201 1432 3226 dicetur

367 3232 460 3264 magis,
481 3231 584 3256 dicetur
603 3239 684 3256 unum
703 3232 749 3262 Ca,
771 3233 874 3258 dicetur
893 3234 979 3266 magis
999 3241 1080 3259 unum
1097 3234 1148 3264 Ρὸς
1167 3243 1215 3268 pro
1228 3236 1268 3260 vel
1281 3237 1431 3268 corrumpi,

367 3269 392 3291 et
410 3267 546 3298 corrumpi
564 3267 648 3292 PCab.
660 3281 678 3286 -
692 3270 718 3292 et
735 3271 945 3301 corrumpuntur
958 3277 1037 3302 quam
1057 3271 1146 3302 (quod
1164 3271 1220 3303 Ca)
1234 3271 1310 3296 aliud
1327 3279 1381 3297 om.
1393 3272 1431 3303 Α;

368 3302 399 3325 ad
418 3309 495 3334 quam
515 3302 597 3331 aliud,
617 3302 648 3327 cf.
668 3303 726 3328 lect.
745 3311 754 3327 1
773 3309 826 3329 not.
846 3312 871 3337 φ,
891 3309 917 3329 et
935 3312 952 3329 11
972 3310 1025 3330 not.
1045 3313 1070 3330 α.

421 3338 445 3369 κ)
467 3337 625 3370 intelligitur
648 3337 689 3363 hic
713 3339 834 3364 materia.
852 3352 871 3359 —-
890 3339 1058 3373 intelligatur
1076 3341 1191 3366 materia
1209 3342 1247 3371 Α,
1272 3342 1433 3377 intelligitur

369 3371 432 3396 haec
451 3372 564 3396 materia
583 3372 629 3397 Ca.
647 3387 666 3391 —
685 3374 734 3398 Pro
752 3374 880 3400 adiuncta
898 3375 979 3400 alicui
991 3376 1108 3409 formae,
1129 3377 1257 3403 adiuncta
1271 3378 1362 3411 aliqua
1370 3379 1431 3413 sor-

370 3413 413 3430 ma
432 3407 463 3436 A,
483 3407 529 3431 sed
548 3407 578 3431 cf.
599 3409 676 3439 paulo
695 3410 823 3442 superius.

408 3439 456 3481 .λῇ
473 3442 688 3474 compositorum.
705 3457 724 3462 -
741 3448 930 3477 corruptorum
955 3446 986 3471 A.
1004 3460 1023 3465 —
1042 3447 1092 3472 Pro
1112 3448 1289 3480 principium,
1312 3449 1432 3481 primum

364 3477 528 3507 prmctpium
548 3478 636 3508 PCab3
656 3487 703 3510 pro
723 3480 792 3510 quod
811 3484 850 3505 est
869 3488 964 3510 semen,
983 3483 1054 3514 quod
1073 3486 1112 3508 est
1130 3483 1157 3508 in
1176 3484 1275 3509 semine
1294 3485 1365 3514 Pam,-
1384 3493 1432 3518 pro

370 3511 500 3542 completi.
519 3513 676 3543 completam
694 3514 777 3539 PCab.

424 3547 451 3579 μ)
471 3554 536 3579 quas
550 3554 652 3573 necesse
665 3552 703 3573 est
716 3550 891 3575 terminari.-
900 3559 967 3583 quae
982 3554 1129 3578 necessario
1140 3554 1320 3580 terminantur
1334 3555 1362 3585 P,
1374 3556 1433 3589 quia

371 3581 428 3606 edd.
447 3589 464 3606 a
478 3582 492 3606 b
516 3582 604 3614 legunt
633 3590 698 3614 quas
724 3591 824 3610 necesse
853 3587 1041 3613 terminantur.
1057 3601 1076 3607 -—
1093 3589 1143 3613 Pro
1167 3590 1239 3622 quod
1261 3593 1301 3615 est
1328 3591 1372 3616 via
1395 3591 1434 3616 ad

368 3616 478 3647 speciem
498 3617 624 3649 aliquam,
644 3619 715 3650 quod
733 3623 771 3644 est
790 3620 816 3644 in
836 3621 879 3645 via
898 3621 934 3646 ad
952 3623 1063 3654 speciem
1082 3623 1163 3649 aliam
1182 3625 1213 3649 A.

874 275 944 312 DE
975 273 1363 312 GENERATIONE
1392 273 1463 310 ET
1494 271 1878 309 CORRUPTIONE
1908 273 2002 309 LIB.
2033 273 2047 308 I

1487 350 1633 398 aliquas
1661 350 1822 398 formas,
1856 362 2020 400 quarum
2055 349 2158 386 nulla
2185 349 2273 386 facit
2293 361 2360 387 ens
2389 351 2557 400 comple-

1486 411 1566 440 tum
1597 403 1809 440 secundum
1838 403 2028 452 speciem,
2059 403 2126 439 sed
2157 415 2223 440 ens
2251 402 2554 453 incompletum‚

1486 456 1594 505 quod
1608 463 1665 493 est
1676 456 1741 494 via
1755 456 1805 493 ad
1824 456 1993 505 speciem
2009 455 2189 504 aliquam.
2212 455 2390 493 Similiter
2405 456 2519 494 etiam
2534 457 2554 479 ’¹‘

1487 521 1533 546 ex
1552 516 1660 558 parte
1685 509 1937 558 corruptionis
1957 516 2044 546 sunt
2063 510 2203 546 multae
2224 509 2371 546 formae
2389 509 2554 558 mediae,

1486 575 1585 612 quae
1606 569 1694 599 sunt
1721 563 1868 600 formae
1894 563 1914 584 *
1932 562 2209 611 incompletae:
2244 574 2324 599 non
2353 562 2467 610 enim,
2498 574 2555 599 se·
2583 572 2592 580 ·

1484 623 1616 665 parata
1644 615 1789 664 anima,
1818 628 1957 665 corpus
1985 615 2158 652 animalis
2196 615 2321 652 statim
2355 614 2559 652 resolvitur

1485 669 1524 706 in
1553 670 1757 715 elementa3
1787 669 1855 706 sed
1874 669 1949 706 hoc
1976 669 2020 706 fit
2037 680 2107 718 per
2126 669 2265 705 multas
2290 668 2553 717 corruptiones

1485 722 1643 770 medias,
1665 722 1955 759 succedentibus
1974 722 2046 759 sibi
2064 721 2104 758 in
2123 721 2282 759 materia
2299 726 2312 741 ¹·
2337 721 2463 758 multis
2482 721 2556 766 for-

1486 775 1558 812 mis
1581 775 1824 824 imperfectis,
1845 775 1942 812 sicut
1969 782 2024 812 est
2053 775 2178 812 forma
2202 775 2374 823 corporis
2403 774 2555 822 mortui,

1486 836 1523 866 et
1541 828 1791 878 postmodum
1819 828 2038 877 putrefacti,
2069 835 2105 864 et
2133 829 2188 865 sic
2215 828 2302 865 inde
2331 825 2355 864 ξ.
2387 828 2555 874 Quando

1485 881 1596 930 igitur
1613 893 1683 930 per
1703 881 1987 930 corruptionem
2001 881 2223 931 pervenitur
2242 881 2280 919 in
2298 880 2555 931 privationem

1487 934 1547 971 cui
1566 934 1779 982 adiungitur
1797 934 1879 971 talis
1898 934 2023 971 forma
2042 934 2081 971 in
2100 934 2270 981 materia,
2288 941 2344 972 est
2363 933 2554 983 corruptio

1485 987 1720 1036 simpliciter:
1742 987 1898 1036 quando
1917 999 2013 1024 vero
2033 999 2079 1023 ex
2105 987 2318 1036 privatione
2345 987 2404 1024 cui
2423 987 2556 1024 adiun-

1485 1041 1583 1089 gitur
1595 1040 1616 1062 *
1635 1040 1760 1077 forma
1778 1040 2013 1089 imperfecta,
2034 1052 2132 1089 quae
2153 1047 2232 1077 erat
2251 1041 2317 1078 via
2333 1040 2375 1062 *³¹⁵
2399 1052 2555 1088 genera-

1484 1094 1608 1140 tionis,
1628 1092 1851 1142 pervenitur
1869 1093 1918 1130 ad
1947 1093 2114 1130 formam
2143 1094 2388 1142 completam,
2409 1101 2466 1131 est
2492 1106 2554 1142 ge-

1485 1146 1629 1184 neratio
1660 1146 1888 1195 simpliciter.

1537 1212 1575 1247 4.
1605 1199 1754 1237 Deinde
1784 1211 1872 1236 cum
1902 1198 2010 1236 dicit:
2045 1198 2132 1235 Alio
2166 1204 2292 1236 autem
2320 1198 2432 1236 modo
2467 1205 2554 1247 etc.,

1483 1254 1593 1303 ponit
1611 1252 1824 1290 secundum
1844 1251 2016 1289 modum.
2039 1252 2088 1288 Et
2107 1251 2195 1289 dicit
2214 1251 2321 1300 quod
2341 1251 2414 1288 alio
2435 1250 2555 1289 modo

1485 1307 1552 1344 erit
1579 1302 1772 1356 quaedam
1799 1305 1992 1354 generatio
2026 1312 2063 1342 et
2090 1317 2170 1342 non
2197 1304 2435 1354 simpliciter,
2465 1316 2556 1355 qua-

1484 1360 1690 1408 liscumque
1717 1359 1876 1396 materia
1904 1358 1993 1404 erit,
2023 1357 2120 1396 idest
2148 1357 2261 1395 etiarn
2290 1357 2322 1395 si
2349 1358 2466 1396 habet
2490 1357 2556 1396 ali-

1485 1414 1639 1463 qualem
1667 1420 1843 1450 naturam
1862 1417 1875 1432 ⁰
1894 1411 1933 1449 id
1951 1411 1991 1448 in
2010 1411 2114 1460 quod
2135 1418 2192 1448 est
2211 1411 2416 1460 corruptio,
2445 1410 2557 1449 dum-

1485 1466 1605 1504 modo
1634 1466 1774 1503 habeat
1801 1465 1968 1514 aliquem
1988 1464 2191 1502 defectum.
2213 1463 2309 1502 Illud
2329 1464 2432 1502 enim
2451 1464 2557 1507 cuius

1486 1519 1720 1557 differentiae
1750 1518 1871 1566 magis
1899 1517 2110 1566 significant
2136 1518 2211 1555 hoc
2239 1517 2403 1566 aliquid,
2433 1517 2555 1567 magis

1486 1581 1542 1611 est
1561 1572 1786 1618 substantia3
1815 1571 1908 1609 illud
1928 1578 2057 1608 autem
2082 1570 2188 1608 cuius
2217 1570 2452 1608 differentiae
2476 1583 2558 1609 ma·

1486 1627 1541 1675 gis
1569 1625 1782 1674 significant
1814 1624 2090 1674 privationem,
2119 1623 2239 1672 magis
2275 1631 2331 1661 est
2357 1636 2437 1662 non
2470 1636 2555 1671 ens;

1487 1679 1583 1717 sicut
1614 1678 1780 1716 calidum
1817 1685 1874 1714 est
1906 1677 2106 1726 quoddam
2134 1677 2487 1727 praedicamentum
2514 1677 2556 1726 ³⁸²,

1486 1733 1583 1770 idest
1614 1731 1812 1781 quoddam
1847 1731 2102 1777 affirmatum,
2141 1730 2221 1767 sine
2255 1730 2490 1780 privatione,
2521 1736 2558 1768 et

1488 1794 1544 1823 est
1569 1785 1728 1834 species,
1759 1784 1856 1821 idest
1883 1783 2023 1831 forma,
2053 1783 2234 1831 frigiditas
2262 1790 2390 1821 autem
2410 1791 2466 1822 est
2483 1782 2557 1834 pri-

1486 1838 1602 1876 vatio.
1636 1838 1706 1876 His
1744 1845 1872 1875 autem
1911 1836 2130 1874 differentiis
2169 1835 2348 1874 differunt
2384 1843 2484 1874 terra
2521 1842 2559 1875 et

1486 1892 1596 1940 ignis:
1625 1903 1717 1928 nam
1746 1898 1843 1928 terra
1872 1897 1928 1927 est
1954 1889 2172 1927 naturaliter
2200 1889 2347 1937 frigida,
2371 1889 2468 1939 ignis
2491 1901 2558 1929 au-

1486 1953 1563 1982 tem
1593 1943 1812 1982 naturaliter
1845 1942 1987 1981 calidus
2015 1948 2045 1981 ’‘.
2076 1944 2125 1980 Et
2152 1941 2250 1980 ideov
2269 1942 2364 1991 ignis
2394 1949 2449 1980 est
2476 1946 2558 1981 ma-v

1486 1998 1541 2047 gis
1579 1997 1812 2046 substantia,
1855 2004 1954 2034 terra
1991 2004 2120 2034 autem
2163 1995 2284 2044 magis
2326 1996 2472 2035 accedit
2508 1995 2558 2034 ad

1486 2064 1566 2089 non
1594 2064 1672 2089 ens.

1544 2106 1576 2142 5.
1597 2104 1728 2142 Primo
1758 2110 1886 2141 autem
1916 2109 2066 2152 oportet
2086 2101 2328 2140 considerare
2356 2101 2556 2152 quomodo

1486 2157 1547 2195 hic
1577 2157 1721 2196 dicatur
1749 2156 1855 2206 quod
1883 2155 2061 2204 frigiditas
2090 2155 2136 2193 sit
2162 2155 2347 2206 privatiO‚
2378 2168 2468 2195 cum
2496 2155 2558 2195 fri-

1486 2211 1616 2260 gidum
1646 2218 1682 2248 et
1711 2210 1876 2248 calidum
1906 2209 2092 2248 contrarie
2122 2217 2379 2259 opponantur,
2411 2217 2558 2248 contra-

1487 2265 1631 2302 riorum
1651 2271 1780 2302 autem
1798 2270 2006 2313 utrumque
2026 2269 2041 2294 Ρ
2063 2270 2119 2300 est
2146 2270 2283 2301 natura
2301 2262 2448 2313 aliqua:
2468 2262 2559 2302 alio*-
2607 2307 2610 2310 ‚

1486 2317 1579 2367 quin
1607 2330 1687 2355 non
1716 2324 1841 2355 essent
1868 2317 1907 2356 in
1936 2316 2076 2355 eodem
2098 2329 2250 2365 genere,
2275 2329 2367 2354 nam
2394 2315 2558 2366 privatio

1487 2379 1525 2408 et
1551 2384 1630 2409 non
1651 2383 1718 2408 ens
1738 2383 1817 2408 non
1837 2378 1893 2407 est
1916 2370 1955 2407 in
1973 2382 2124 2418 genere.
2141 2391 2165 2398 -
2181 2369 2398 2408 Dicendum
2419 2377 2475 2408 est
2493 2381 2558 2408 au-

1486 2432 1565 2462 tem
1594 2423 1829 2474 quod‚'sicut
1848 2430 2046 2461 ostensum
2075 2431 2131 2460 est
2153 2423 2192 2460 in
2219 2424 2255 2460 X
2283 2423 2502 2472 Metaphys.
2525 2421 2558 2473 ⁸,

1488 2477 1679 2526 oppositio
1717 2476 1939 2526 privationis
1977 2484 2013 2513 et
2046 2475 2197 2513 habitus
2236 2483 2292 2513 est
2327 2475 2558 2526 principium

1489 2529 1739 2579 oppositionis
1768 2529 2063 2566 contrariorum:
2094 2536 2131 2566 et
2157 2529 2246 2566 ideo
2283 2541 2437 2578 semper
2469 2529 2558 2567 alte·

1488 2595 1573 2620 rum
1591 2583 1611 2604 '¹‘
1632 2582 1907 2620 contrariorum
1927 2589 1982 2619 est
2002 2594 2090 2619 cum
2111 2581 2261 2620 defectu
2286 2589 2321 2619 et
2340 2581 2556 2632 privatione

1488 2637 1655 2685 quadam
1684 2643 1859 2685 respectu
1890 2635 2052 2673 alterius.
2086 2635 2233 2673 Dicitur
2262 2647 2351 2684 ergo
2380 2635 2559 2684 frigidum

1487 2689 1662 2739 privatio,
1683 2702 1762 2727 non
1782 2689 1870 2738 quia
1889 2689 1936 2726 sit
1953 2688 2115 2738 privatio
2143 2701 2253 2738 pura,
2274 2688 2370 2726 sicut
2397 2700 2557 2727 caecum

1489 2750 1553 2780 aut
1572 2742 1739 2789 nudum;
1769 2742 1837 2780 sed
1856 2742 1946 2791 quia
1966 2750 2021 2779 est
2040 2741 2201 2790 qualitas
2221 2741 2403 2780 deficiens
2431 2754 2558 2796 respe-

1489 2803 1550 2834 ctu
1582 2796 1703 2833 calidi.
1724 2795 1836 2834 Unde
1856 2795 1895 2833 in
1923 2795 1998 2832 hoc
2028 2794 2154 2833 differt
2172 2795 2240 2832 iste
2265 2795 2405 2834 modus
2425 2808 2558 2835 secun-

1488 2849 1559 2886 dus
1587 2862 1609 2886 a
1637 2849 1781 2898 primo:
1812 2861 1902 2886 narn
1939 2848 2085 2898 primus
2123 2849 2264 2887 modus
2302 2847 2560 2898 accipiebatur

1488 2903 1700 2940 seeundum
1722 2902 1975 2940 differentiam
2004 2902 2099 2940 entis
2119 2909 2156 2940 et
2183 2914 2263 2940 non
2291 2901 2387 2939 entis
2415 2901 2557 2952 simpli-

1541 3060 1564 3093 ν)
1583 3060 1783 3086 succedentt'bus
1801 3060 1852 3085 sien·
1870 3060 1896 3085 in
1918 3060 2041 3086 materia.
2053 3074 2072 3079 -
2086 3060 2285 3086 succedentibus
2302 3061 2354 3086 sibi
2366 3062 2398 3092 A,
2418 3061 2559 3087 succedenss

1487 3095 1556 3120 tibus
1575 3103 1640 3129 ergo
1660 3096 1686 3121 in
1707 3096 1821 3122 materia
1835 3096 1890 3125 Ca,·
1903 3096 1932 3126 C,
1945 3096 2032 3129 posito
2046 3100 2143 3129 puncto
2158 3100 2219 3129 post
2233 3096 2345 3127 medias,
2360 3096 2450 3130 incipit
2462 3103 2559 3123 novum

1487 3131 1612 3163 phrasim.

1541 3165 1564 3199 ξ)
1584 3170 1609 3192 et
1628 3167 1666 3192 sic
1684 3166 1755 3193 inde.
1768 3181 1786 3186 —
1799 3169 1826 3192 et
1843 3167 1882 3193 sic
1901 3170 1988 3192 tamen
2008 3167 2048 3191 ed.
2064 3174 2089 3197 a,
2109 3170 2135 3191 et
2152 3167 2191 3193 sic
2205 3167 2301 3192 deinde
2314 3167 2343 3198 C,
2358 3170 2384 3192 et
2398 3167 2437 3193 sie
2450 3167 2558 3193 tandem

1482 3202 1519 3235 sit
1539 3202 1660 3226 ultimum
1680 3202 1898 3234 complementum
1922 3202 2065 3228 successive
2085 3202 2136 3231 Pb5
2155 3203 2201 3228 sed
2219 3202 2320 3227 videtur
2345 3202 2432 3228 minus
2451 3203 2484 3228 ad
2502 3210 2559 3228 rem

1488 3245 1567 3270 quam
1581 3241 1608 3262 et
1626 3238 1663 3263 sic
1683 3238 1752 3266 inde,
1772 3238 1851 3262 idest:
1871 3243 1897 3262 et
1909 3238 1947 3262 sic
1962 3238 2104 3263 succedunt
2118 3238 2167 3263 sibi
2182 3238 2247 3263 aliae
2266 3238 2366 3263 formae
2384 3238 2558 3272 imperfectae,

1486 3272 1641 3306 priusquam
1655 3274 1687 3298 ad
1701 3273 1799 3298 formas
1815 3273 2005 3298 elementorum
2014 3274 2146 3305 veniatur5
2159 3274 2238 3299 talem
2252 3281 2315 3298 vem
2330 3281 2439 3299 sensum
2451 3273 2560 3306 requirit

1488 3309 1559 3341 quod
1578 3316 1657 3341 supra
1677 3309 1773 3333 dictum
1793 3314 1846 3339 est,
1867 3316 1918 3334 non
1938 3309 2038 3334 enim...
2055 3309 2147 3334 statim
2167 3309 2311 3334 resolvitur
2329 3309 2356 3334 in
2375 3309 2514 3334 elementa.

1541 3344 1567 3376 ο)
1587 3344 1667 3370 etiam
1686 3344 1711 3369 si
1724 3344 1803 3369 habet
1815 3344 1958 3377 aliqualem
1972 3347 2108 3370 naturam.
2121 3358 2140 3364 -
2153 3344 2177 3370 si
2189 3344 2287 3370 habeat
2299 3345 2416 3378 aliquam
2429 3347 2558 3370 naturam

1489 3379 1575 3410 (viam
1596 3379 1630 3412 C)
1650 3379 1740 3410 PCab5
1759 3379 1779 3405 C
1802 3387 1850 3412 pro
1876 3382 2002 3405 naturam
2026 3379 2128 3413 scripsit
2151 3379 2236 3409 viam,
2262 3379 2323 3413 quia
2347 3387 2408 3405 cum
2426 3386 2444 3405 a
2462 3386 2511 3412 pro
2529 3379 2560 3405 ia

1489 3414 1514 3439 in
1535 3415 1607 3447 quod
1626 3415 1687 3447 legit
1710 3415 1736 3440 in
1757 3415 1786 3440 id
1803 3415 1883 3448 quod.
1900 3429 1920 3434 -
1937 3416 2142 3440 Homoteleuton
2166 3415 2216 3441 hoc
2239 3415 2388 3448 aliquid...
2406 3415 2560 3449 significant

1488 3458 1541 3475 om.
1561 3451 1592 3476 A.

1542 3486 1571 3518 π)
1592 3493 1653 3511 nam
1673 3489 1782 3511 terra...
1796 3486 1909 3512 calidus.
1927 3499 1946 3506 -
1963 3486 1987 3511 si
2004 3489 2093 3511 autem
2113 3489 2188 3511 ter-m
2206 3489 2247 3511 est
2265 3486 2428 3511 natumIiter
2437 3485 2556 3519 frigida,

1490 3521 1560 3553 ignis
1580 3521 1742 3547 naturaliter
1761 3522 1815 3554 (est
1834 3522 1893 3547 add.
1912 3522 1947 3555 Ρ)
1966 3521 2070 3547 calidus
2089 3522 2173 3547 PCab.
2186 3535 2206 3541 -
2220 3521 2270 3546 Pro
2295 3521 2447 3547 substantia
2465 3523 2556 3550 terra,

1488 3557 1700 3582 substantialiter
1718 3557 1760 3582 ed.
1773 3564 1798 3582 a.

1544 3592 1568 3625 ρ)
1590 3596 1739 3625 utrumque.
1757 3606 1776 3611 -
1794 3595 1970 3624 utrorumque
1988 3592 2074 3617 PCab.
2085 3605 2103 3611 -
2116 3593 2173 3618 Lin.
2189 3600 2245 3625 seq.
2260 3592 2302 3617 ed.
2315 3599 2333 3617 a
2351 3590 2493 3624 corrumpit
2509 3597 2556 3624 go-

1492 3634 1554 3652 nere
1574 3627 1599 3652 in
1617 3627 1765 3661 generatio,
1786 3632 1811 3653 et
1824 3628 1946 3660 privatio
1964 3628 1990 3653 ln
2004 3627 2134 3660 primum.

2583 465 2594 476 ⁴¹
2602 467 2679 487 autem
2687 471 2708 491 c,
2719 468 2782 489 aum

2584 492 2655 513 etiam
2668 492 2721 514 rab.

2582 571 2713 618 Pagnediae
2741 572 2782 594 ndd

2582 1053 2592 1061 ·
2607 1051 2760 1080 coniungitur
2770 1058 2782 1074 Δ

2582 1078 2604 1089 ⁵·
2618 1078 2643 1099 in
2658 1078 2697 1100 via
2711 1084 2735 1100 Α.

2583 1678 2615 1727 20
2619 1677 2782 1707 praedicam

2586 2422 2596 2432 ·
2606 2421 2631 2444 S.
2640 2420 2687 2444 Th.
2697 2421 2750 2443 ieet.
2760 2426 2782 2443 vi

2586 2447 2639 2470 Did.
2646 2447 2687 2470 lib.
2697 2447 2738 2475 tx,
2746 2453 2782 2476 ca}

2586 2480 2618 2501 tv,
2626 2474 2671 2497 n.6
2681 2480 2735 2503 sqq.

2587 2586 2597 2595 ·
2615 2585 2683 2607 aliud
2697 2585 2764 2608 reate.
