<?xml version="1.0" encoding="UTF-8"?>
<!DOCTYPE html PUBLIC "-//W3C//DTD XHTML 1.0 Transitional//EN"
    "http://www.w3.org/TR/xhtml1/DTD/xhtml1-transitional.dtd">
<html xmlns="http://www.w3.org/1999/xhtml" xml:lang="en" lang="en">
 <head>
  <title>
</title>
<meta http-equiv="Content-Type" content="text/html;charset=utf-8" />
  <meta name='ocr-system' content='tesseract 3.04.00' />
  <meta name='ocr-capabilities' content='ocr_page ocr_carea ocr_par ocr_line ocrx_word'/>
</head>
<body>
  <div class='ocr_page' id='page_1' title='image "./operaomniaiussui03thom_0450.png"; bbox 0 0 2782 4134; ppageno 0'>
   <div class='ocr_carea' id='block_1_1' title="bbox 147 393 249 421">
    <p class='ocr_par' dir='ltr' id='par_1_1' title="bbox 147 393 249 421">
     <span class='ocr_line' id='line_1_1' title="bbox 147 393 249 421; baseline -0.01 -6"><span class='ocrx_word' id='word_1_1' title='bbox 147 394 159 406; x_wconf 72' lang='lat'>⁴</span> <span class='ocrx_word' id='word_1_2' title='bbox 165 393 199 421; x_wconf 83' lang='lat' dir='ltr'>fit</span> <span class='ocrx_word' id='word_1_3' title='bbox 212 399 249 415; x_wconf 73' lang='lat' dir='ltr'>ra.</span> 
     </span>
    </p>
   </div>
   <div class='ocr_carea' id='block_1_2' title="bbox 139 1130 338 1158">
    <p class='ocr_par' dir='ltr' id='par_1_2' title="bbox 139 1130 338 1158">
     <span class='ocr_line' id='line_1_2' title="bbox 139 1130 338 1158; baseline -0.005 -7"><span class='ocrx_word' id='word_1_4' title='bbox 139 1130 151 1141; x_wconf 69' lang='lat'><em>⁴</em></span> <span class='ocrx_word' id='word_1_5' title='bbox 165 1135 229 1158; x_wconf 82' lang='lat' dir='ltr'>aqua</span> <span class='ocrx_word' id='word_1_6' title='bbox 245 1136 338 1152; x_wconf 41' lang='lat' dir='ltr'>oman.</span> 
     </span>
    </p>
   </div>
   <div class='ocr_carea' id='block_1_3' title="bbox 139 1447 237 1467">
    <p class='ocr_par' dir='ltr' id='par_1_3' title="bbox 139 1447 237 1467">
     <span class='ocr_line' id='line_1_3' title="bbox 139 1447 237 1467; baseline -0.01 0"><span class='ocrx_word' id='word_1_7' title='bbox 139 1447 148 1456; x_wconf 80' lang='lat'><strong>¹</strong></span> <span class='ocrx_word' id='word_1_8' title='bbox 162 1447 188 1467; x_wconf 81' lang='lat' dir='ltr'>ut</span> <span class='ocrx_word' id='word_1_9' title='bbox 200 1451 237 1467; x_wconf 71' lang='lat' dir='ltr'>ra.</span> 
     </span>
    </p>
   </div>
   <div class='ocr_carea' id='block_1_4' title="bbox 381 252 458 299">
    <p class='ocr_par' dir='ltr' id='par_1_4' title="bbox 381 252 458 299">
     <span class='ocr_line' id='line_1_4' title="bbox 381 252 458 299; baseline 0 -11"><span class='ocrx_word' id='word_1_10' title='bbox 381 252 458 299; x_wconf 87' lang='lat'>406</span> 
     </span>
    </p>
   </div>
   <div class='ocr_carea' id='block_1_5' title="bbox 374 328 1444 1864">
    <p class='ocr_par' dir='ltr' id='par_1_5' title="bbox 384 328 1443 642">
     <span class='ocr_line' id='line_1_5' title="bbox 387 328 1442 380; baseline -0.006 -12"><span class='ocrx_word' id='word_1_11' title='bbox 387 338 596 380; x_wconf 86' lang='lat' dir='ltr'>generatur,</span> <span class='ocrx_word' id='word_1_12' title='bbox 616 331 678 367; x_wconf 90' lang='lat' dir='ltr'>vel</span> <span class='ocrx_word' id='word_1_13' title='bbox 698 341 812 379; x_wconf 90' lang='lat' dir='ltr'>supra</span> <span class='ocrx_word' id='word_1_14' title='bbox 829 337 970 366; x_wconf 90' lang='lat' dir='ltr'>terram</span> <span class='ocrx_word' id='word_1_15' title='bbox 988 329 1051 365; x_wconf 90' lang='lat' dir='ltr'>vel</span> <span class='ocrx_word' id='word_1_16' title='bbox 1070 328 1164 364; x_wconf 89' lang='lat' dir='ltr'>infra</span> <span class='ocrx_word' id='word_1_17' title='bbox 1183 334 1335 373; x_wconf 88' lang='lat' dir='ltr'>terram,</span> <span class='ocrx_word' id='word_1_18' title='bbox 1353 338 1442 362; x_wconf 93' lang='lat' dir='ltr'>con-</span> 
     </span>
     <span class='ocr_line' id='line_1_6' title="bbox 385 378 1443 441; baseline -0.007 -20"><span class='ocrx_word' id='word_1_19' title='bbox 385 396 549 433; x_wconf 87' lang='lat' dir='ltr'>sequens</span> <span class='ocrx_word' id='word_1_20' title='bbox 577 391 633 420; x_wconf 90' lang='lat' dir='ltr'>est</span> <span class='ocrx_word' id='word_1_21' title='bbox 660 383 680 405; x_wconf 75' lang='lat'>’¹‘</span> <span class='ocrx_word' id='word_1_22' title='bbox 712 390 754 419; x_wconf 91' lang='lat' dir='ltr'>ut</span> <span class='ocrx_word' id='word_1_23' title='bbox 780 395 880 441; x_wconf 89' lang='lat' dir='ltr'>aqua</span> <span class='ocrx_word' id='word_1_24' title='bbox 907 381 1068 418; x_wconf 88' lang='lat' dir='ltr'>fontium</span> <span class='ocrx_word' id='word_1_25' title='bbox 1098 387 1133 416; x_wconf 90' lang='lat' dir='ltr'>et</span> <span class='ocrx_word' id='word_1_26' title='bbox 1159 379 1368 416; x_wconf 86' lang='lat' dir='ltr'>fluviorum</span> <span class='ocrx_word' id='word_1_27' title='bbox 1397 378 1443 414; x_wconf 89' lang='lat' dir='ltr'>sit</span> 
     </span>
     <span class='ocr_line' id='line_1_7' title="bbox 385 430 1441 484; baseline -0.008 -10"><span class='ocrx_word' id='word_1_28' title='bbox 385 436 522 484; x_wconf 90' lang='lat' dir='ltr'>dulcis,</span> <span class='ocrx_word' id='word_1_29' title='bbox 549 443 681 484; x_wconf 89' lang='lat' dir='ltr'>utpote</span> <span class='ocrx_word' id='word_1_30' title='bbox 708 435 924 484; x_wconf 89' lang='lat' dir='ltr'>propinqua</span> <span class='ocrx_word' id='word_1_31' title='bbox 955 432 1139 482; x_wconf 89' lang='lat' dir='ltr'>principio</span> <span class='ocrx_word' id='word_1_32' title='bbox 1168 430 1441 479; x_wconf 88' lang='lat' dir='ltr'>generationis;</span> 
     </span>
     <span class='ocr_line' id='line_1_8' title="bbox 384 484 1442 539; baseline -0.008 -12"><span class='ocrx_word' id='word_1_33' title='bbox 384 502 484 539; x_wconf 89' lang='lat' dir='ltr'>aqua</span> <span class='ocrx_word' id='word_1_34' title='bbox 512 497 639 526; x_wconf 90' lang='lat' dir='ltr'>autern</span> <span class='ocrx_word' id='word_1_35' title='bbox 659 488 774 525; x_wconf 90' lang='lat' dir='ltr'>maris</span> <span class='ocrx_word' id='word_1_36' title='bbox 794 487 839 524; x_wconf 92' lang='lat' dir='ltr'>sit</span> <span class='ocrx_word' id='word_1_37' title='bbox 862 487 970 533; x_wconf 90' lang='lat' dir='ltr'>salsa,</span> <span class='ocrx_word' id='word_1_38' title='bbox 990 493 1122 533; x_wconf 85' lang='lat' dir='ltr'>utpote</span> <span class='ocrx_word' id='word_1_39' title='bbox 1142 484 1338 521; x_wconf 90' lang='lat' dir='ltr'>residuum</span> <span class='ocrx_word' id='word_1_40' title='bbox 1368 484 1442 520; x_wconf 85' lang='lat' dir='ltr'>exi-</span> 
     </span>
     <span class='ocr_line' id='line_1_9' title="bbox 385 536 1442 590; baseline -0.008 -10"><span class='ocrx_word' id='word_1_41' title='bbox 385 550 485 580; x_wconf 93' lang='lat' dir='ltr'>stens</span> <span class='ocrx_word' id='word_1_42' title='bbox 513 554 703 590; x_wconf 85' lang='lat' dir='ltr'>vaporum</span> <span class='ocrx_word' id='word_1_43' title='bbox 732 542 967 577; x_wconf 89' lang='lat' dir='ltr'>elevatorum</span> <span class='ocrx_word' id='word_1_44' title='bbox 987 550 1010 574; x_wconf 93' lang='lat' dir='ltr'>a</span> <span class='ocrx_word' id='word_1_45' title='bbox 1028 538 1119 584; x_wconf 88' lang='lat' dir='ltr'>sole,</span> <span class='ocrx_word' id='word_1_46' title='bbox 1142 544 1178 573; x_wconf 91' lang='lat' dir='ltr'>et</span> <span class='ocrx_word' id='word_1_47' title='bbox 1195 536 1351 573; x_wconf 91' lang='lat' dir='ltr'>ultimus</span> <span class='ocrx_word' id='word_1_48' title='bbox 1370 544 1442 573; x_wconf 89' lang='lat' dir='ltr'>ter-</span> 
     </span>
     <span class='ocr_line' id='line_1_10' title="bbox 384 589 1364 642; baseline -0.007 -10"><span class='ocrx_word' id='word_1_49' title='bbox 384 595 510 632; x_wconf 87' lang='lat' dir='ltr'>minus</span> <span class='ocrx_word' id='word_1_50' title='bbox 537 595 576 631; x_wconf 91' lang='lat' dir='ltr'>in</span> <span class='ocrx_word' id='word_1_51' title='bbox 604 606 720 642; x_wconf 88' lang='lat' dir='ltr'>quem</span> <span class='ocrx_word' id='word_1_52' title='bbox 749 604 871 640; x_wconf 89' lang='lat' dir='ltr'>aquae</span> <span class='ocrx_word' id='word_1_53' title='bbox 900 598 1100 639; x_wconf 87' lang='lat' dir='ltr'>generatae</span> <span class='ocrx_word' id='word_1_54' title='bbox 1129 589 1364 637; x_wconf 89' lang='lat' dir='ltr'>colliguntur.</span> 
     </span>
    </p>

    <p class='ocr_par' dir='ltr' id='par_1_6' title="bbox 374 643 1444 1864">
     <span class='ocr_line' id='line_1_11' title="bbox 439 643 1442 686; baseline -0.005 -2"><span class='ocrx_word' id='word_1_55' title='bbox 439 649 472 685; x_wconf 90' lang='lat'>8.</span> <span class='ocrx_word' id='word_1_56' title='bbox 493 647 642 684; x_wconf 90' lang='lat' dir='ltr'>Deinde</span> <span class='ocrx_word' id='word_1_57' title='bbox 671 658 758 682; x_wconf 89' lang='lat' dir='ltr'>curn</span> <span class='ocrx_word' id='word_1_58' title='bbox 780 645 883 682; x_wconf 90' lang='lat' dir='ltr'>dicit:</span> <span class='ocrx_word' id='word_1_59' title='bbox 910 643 1019 686; x_wconf 83' lang='lat' dir='ltr'>Quod</span> <span class='ocrx_word' id='word_1_60' title='bbox 1044 648 1171 680; x_wconf 87' lang='lat' dir='ltr'>autem</span> <span class='ocrx_word' id='word_1_61' title='bbox 1198 648 1253 680; x_wconf 85' lang='lat' dir='ltr'>est</span> <span class='ocrx_word' id='word_1_62' title='bbox 1279 643 1316 680; x_wconf 88' lang='lat' dir='ltr'>in</span> <span class='ocrx_word' id='word_1_63' title='bbox 1341 654 1442 679; x_wconf 91' lang='lat' dir='ltr'>com-</span> 
     </span>
     <span class='ocr_line' id='line_1_12' title="bbox 382 695 1442 746; baseline -0.005 -9"><span class='ocrx_word' id='word_1_64' title='bbox 382 701 562 737; x_wconf 89' lang='lat' dir='ltr'>mixtione</span> <span class='ocrx_word' id='word_1_65' title='bbox 590 707 681 746; x_wconf 88' lang='lat' dir='ltr'>etc.,</span> <span class='ocrx_word' id='word_1_66' title='bbox 710 698 923 735; x_wconf 86' lang='lat' dir='ltr'>manifestat</span> <span class='ocrx_word' id='word_1_67' title='bbox 959 696 1064 745; x_wconf 92' lang='lat' dir='ltr'>quod</span> <span class='ocrx_word' id='word_1_68' title='bbox 1093 708 1139 732; x_wconf 87' lang='lat' dir='ltr'>ex</span> <span class='ocrx_word' id='word_1_69' title='bbox 1172 695 1442 733; x_wconf 81' lang='lat' dir='ltr'>commixtione</span> 
     </span>
     <span class='ocr_line' id='line_1_13' title="bbox 381 749 1443 798; baseline -0.005 -8"><span class='ocrx_word' id='word_1_70' title='bbox 381 753 562 790; x_wconf 89' lang='lat' dir='ltr'>terrestris</span> <span class='ocrx_word' id='word_1_71' title='bbox 600 758 775 789; x_wconf 87' lang='lat' dir='ltr'>causatur</span> <span class='ocrx_word' id='word_1_72' title='bbox 801 751 919 787; x_wconf 89' lang='lat' dir='ltr'>salsus</span> <span class='ocrx_word' id='word_1_73' title='bbox 954 761 1079 797; x_wconf 89' lang='lat' dir='ltr'>sapor.</span> <span class='ocrx_word' id='word_1_74' title='bbox 1109 749 1159 786; x_wconf 91' lang='lat' dir='ltr'>Et</span> <span class='ocrx_word' id='word_1_75' title='bbox 1184 749 1293 798; x_wconf 89' lang='lat' dir='ltr'>ponit</span> <span class='ocrx_word' id='word_1_76' title='bbox 1325 750 1443 786; x_wconf 87' lang='lat' dir='ltr'>multa</span> 
     </span>
     <span class='ocr_line' id='line_1_14' title="bbox 383 803 1442 854; baseline -0.004 -11"><span class='ocrx_word' id='word_1_77' title='bbox 383 806 498 854; x_wconf 88' lang='lat' dir='ltr'>signa.</span> <span class='ocrx_word' id='word_1_78' title='bbox 521 806 696 852; x_wconf 89' lang='lat' dir='ltr'>Quorum</span> <span class='ocrx_word' id='word_1_79' title='bbox 715 804 880 853; x_wconf 90' lang='lat' dir='ltr'>primum</span> <span class='ocrx_word' id='word_1_80' title='bbox 911 810 966 840; x_wconf 90' lang='lat' dir='ltr'>est</span> <span class='ocrx_word' id='word_1_81' title='bbox 994 803 1041 840; x_wconf 93' lang='lat' dir='ltr'>de</span> <span class='ocrx_word' id='word_1_82' title='bbox 1069 814 1163 840; x_wconf 89' lang='lat' dir='ltr'>vase</span> <span class='ocrx_word' id='word_1_83' title='bbox 1193 815 1316 850; x_wconf 90' lang='lat' dir='ltr'>cereo,</span> <span class='ocrx_word' id='word_1_84' title='bbox 1337 803 1442 850; x_wconf 90' lang='lat' dir='ltr'>quod</span> 
     </span>
     <span class='ocr_line' id='line_1_15' title="bbox 383 855 1444 906; baseline -0.004 -10"><span class='ocrx_word' id='word_1_85' title='bbox 383 859 413 896; x_wconf 90' lang='lat' dir='ltr'>si</span> <span class='ocrx_word' id='word_1_86' title='bbox 447 859 639 896; x_wconf 89' lang='lat' dir='ltr'>claudatur</span> <span class='ocrx_word' id='word_1_87' title='bbox 668 864 702 893; x_wconf 90' lang='lat' dir='ltr'>et</span> <span class='ocrx_word' id='word_1_88' title='bbox 729 864 892 906; x_wconf 90' lang='lat' dir='ltr'>ponatur</span> <span class='ocrx_word' id='word_1_89' title='bbox 919 856 958 893; x_wconf 93' lang='lat' dir='ltr'>in</span> <span class='ocrx_word' id='word_1_90' title='bbox 996 868 1116 905; x_wconf 89' lang='lat' dir='ltr'>aqua,</span> <span class='ocrx_word' id='word_1_91' title='bbox 1148 855 1252 905; x_wconf 91' lang='lat' dir='ltr'>quod</span> <span class='ocrx_word' id='word_1_92' title='bbox 1289 855 1444 892; x_wconf 86' lang='lat' dir='ltr'>resudat</span> 
     </span>
     <span class='ocr_line' id='line_1_16' title="bbox 381 910 1442 958; baseline -0.003 -10"><span class='ocrx_word' id='word_1_93' title='bbox 381 912 533 949; x_wconf 91' lang='lat' dir='ltr'>interius</span> <span class='ocrx_word' id='word_1_94' title='bbox 572 910 731 948; x_wconf 84' lang='lat' dir='ltr'>efficitur</span> <span class='ocrx_word' id='word_1_95' title='bbox 765 910 896 957; x_wconf 87' lang='lat' dir='ltr'>dulce,</span> <span class='ocrx_word' id='word_1_96' title='bbox 926 917 1110 958; x_wconf 90' lang='lat' dir='ltr'>tanquam</span> <span class='ocrx_word' id='word_1_97' title='bbox 1149 910 1332 958; x_wconf 76' lang='lat' dir='ltr'>deputato</span> <span class='ocrx_word' id='word_1_98' title='bbox 1371 916 1442 945; x_wconf 90' lang='lat' dir='ltr'>ter-</span> 
     </span>
     <span class='ocr_line' id='line_1_17' title="bbox 381 962 1442 1013; baseline -0.002 -12"><span class='ocrx_word' id='word_1_99' title='bbox 381 965 486 1001; x_wconf 91' lang='lat' dir='ltr'>restri</span> <span class='ocrx_word' id='word_1_100' title='bbox 510 976 578 1013; x_wconf 92' lang='lat' dir='ltr'>per</span> <span class='ocrx_word' id='word_1_101' title='bbox 598 975 736 1000; x_wconf 89' lang='lat' dir='ltr'>ceram.</span> <span class='ocrx_word' id='word_1_102' title='bbox 752 983 776 990; x_wconf 93' lang='lat'><em>-</em></span> <span class='ocrx_word' id='word_1_103' title='bbox 792 963 907 1000; x_wconf 93' lang='lat' dir='ltr'>Aliud</span> <span class='ocrx_word' id='word_1_104' title='bbox 942 963 1093 1011; x_wconf 89' lang='lat' dir='ltr'>signum</span> <span class='ocrx_word' id='word_1_105' title='bbox 1114 970 1180 1009; x_wconf 91' lang='lat' dir='ltr'>est,</span> <span class='ocrx_word' id='word_1_106' title='bbox 1208 962 1314 1010; x_wconf 92' lang='lat' dir='ltr'>quod</span> <span class='ocrx_word' id='word_1_107' title='bbox 1342 974 1442 1011; x_wconf 88' lang='lat' dir='ltr'>aqua</span> 
     </span>
     <span class='ocr_line' id='line_1_18' title="bbox 381 1015 1441 1066; baseline -0.002 -12"><span class='ocrx_word' id='word_1_108' title='bbox 381 1017 494 1054; x_wconf 90' lang='lat' dir='ltr'>maris</span> <span class='ocrx_word' id='word_1_109' title='bbox 522 1017 605 1066; x_wconf 92' lang='lat' dir='ltr'>plus</span> <span class='ocrx_word' id='word_1_110' title='bbox 633 1016 820 1065; x_wconf 84' lang='lat' dir='ltr'>ponderat</span> <span class='ocrx_word' id='word_1_111' title='bbox 848 1028 964 1065; x_wconf 92' lang='lat' dir='ltr'>quam</span> <span class='ocrx_word' id='word_1_112' title='bbox 994 1015 1124 1053; x_wconf 89' lang='lat' dir='ltr'>dulcis.</span> <span class='ocrx_word' id='word_1_113' title='bbox 1145 1037 1169 1043; x_wconf 97' lang='lat'>-</span> <span class='ocrx_word' id='word_1_114' title='bbox 1199 1015 1374 1053; x_wconf 90' lang='lat' dir='ltr'>Tertium</span> <span class='ocrx_word' id='word_1_115' title='bbox 1394 1015 1441 1053; x_wconf 92' lang='lat' dir='ltr'>si-</span> 
     </span>
     <span class='ocr_line' id='line_1_19' title="bbox 380 1069 1442 1118; baseline -0.001 -11"><span class='ocrx_word' id='word_1_116' title='bbox 380 1082 496 1118; x_wconf 88' lang='lat' dir='ltr'>gnum</span> <span class='ocrx_word' id='word_1_117' title='bbox 526 1077 599 1116; x_wconf 92' lang='lat' dir='ltr'>est,</span> <span class='ocrx_word' id='word_1_118' title='bbox 630 1069 735 1118; x_wconf 92' lang='lat' dir='ltr'>quod</span> <span class='ocrx_word' id='word_1_119' title='bbox 769 1081 869 1118; x_wconf 92' lang='lat' dir='ltr'>aqua</span> <span class='ocrx_word' id='word_1_120' title='bbox 897 1069 1013 1106; x_wconf 90' lang='lat' dir='ltr'>maris</span> <span class='ocrx_word' id='word_1_121' title='bbox 1049 1076 1104 1106; x_wconf 86' lang='lat' dir='ltr'>est</span> <span class='ocrx_word' id='word_1_122' title='bbox 1131 1069 1297 1117; x_wconf 86' lang='lat' dir='ltr'>grossior</span> <span class='ocrx_word' id='word_1_123' title='bbox 1324 1081 1442 1118; x_wconf 91' lang='lat' dir='ltr'>quam</span> 
     </span>
     <span class='ocr_line' id='line_1_20' title="bbox 379 1122 1441 1171; baseline 0 -11"><span class='ocrx_word' id='word_1_124' title='bbox 379 1135 478 1171; x_wconf 88' lang='lat' dir='ltr'>aqua</span> <span class='ocrx_word' id='word_1_125' title='bbox 501 1122 520 1144; x_wconf 77' lang='lat'>’¹‘</span> <span class='ocrx_word' id='word_1_126' title='bbox 547 1122 768 1170; x_wconf 88' lang='lat' dir='ltr'>fluviorum,</span> <span class='ocrx_word' id='word_1_127' title='bbox 789 1122 839 1159; x_wconf 89' lang='lat' dir='ltr'>ita</span> <span class='ocrx_word' id='word_1_128' title='bbox 867 1123 974 1170; x_wconf 93' lang='lat' dir='ltr'>quod</span> <span class='ocrx_word' id='word_1_129' title='bbox 1002 1134 1121 1160; x_wconf 91' lang='lat' dir='ltr'>naves</span> <span class='ocrx_word' id='word_1_130' title='bbox 1150 1130 1329 1159; x_wconf 88' lang='lat' dir='ltr'>oneratae</span> <span class='ocrx_word' id='word_1_131' title='bbox 1355 1123 1441 1171; x_wconf 93' lang='lat' dir='ltr'>plus</span> 
     </span>
     <span class='ocr_line' id='line_1_21' title="bbox 377 1175 1441 1226; baseline -0.001 -13"><span class='ocrx_word' id='word_1_132' title='bbox 377 1175 656 1226; x_wconf 86' lang='lat' dir='ltr'>profundantur</span> <span class='ocrx_word' id='word_1_133' title='bbox 683 1175 722 1212; x_wconf 94' lang='lat' dir='ltr'>in</span> <span class='ocrx_word' id='word_1_134' title='bbox 749 1175 858 1224; x_wconf 89' lang='lat' dir='ltr'>aquis</span> <span class='ocrx_word' id='word_1_135' title='bbox 886 1176 1096 1213; x_wconf 90' lang='lat' dir='ltr'>fluviorum</span> <span class='ocrx_word' id='word_1_136' title='bbox 1119 1188 1242 1225; x_wconf 84' lang='lat' dir='ltr'>quam</span> <span class='ocrx_word' id='word_1_137' title='bbox 1269 1176 1396 1213; x_wconf 90' lang='lat' dir='ltr'>maris.</span> <span class='ocrx_word' id='word_1_138' title='bbox 1416 1197 1441 1204; x_wconf 96' lang='lat'>-</span> 
     </span>
     <span class='ocr_line' id='line_1_22' title="bbox 379 1228 1440 1278; baseline 0.001 -13"><span class='ocrx_word' id='word_1_139' title='bbox 379 1230 565 1276; x_wconf 88' lang='lat' dir='ltr'>Quartum</span> <span class='ocrx_word' id='word_1_140' title='bbox 592 1229 742 1277; x_wconf 87' lang='lat' dir='ltr'>signum</span> <span class='ocrx_word' id='word_1_141' title='bbox 763 1236 829 1276; x_wconf 90' lang='lat' dir='ltr'>est,</span> <span class='ocrx_word' id='word_1_142' title='bbox 851 1229 957 1278; x_wconf 93' lang='lat' dir='ltr'>quod</span> <span class='ocrx_word' id='word_1_143' title='bbox 977 1242 1063 1276; x_wconf 88' lang='lat' dir='ltr'>ova,</span> <span class='ocrx_word' id='word_1_144' title='bbox 1085 1228 1116 1265; x_wconf 90' lang='lat' dir='ltr'>si</span> <span class='ocrx_word' id='word_1_145' title='bbox 1143 1229 1216 1266; x_wconf 90' lang='lat' dir='ltr'>sint</span> <span class='ocrx_word' id='word_1_146' title='bbox 1234 1229 1358 1278; x_wconf 91' lang='lat' dir='ltr'>plena,</span> <span class='ocrx_word' id='word_1_147' title='bbox 1379 1242 1440 1266; x_wconf 93' lang='lat' dir='ltr'>su-</span> 
     </span>
     <span class='ocr_line' id='line_1_23' title="bbox 375 1282 1439 1341; baseline 0.001 -22"><span class='ocrx_word' id='word_1_148' title='bbox 375 1289 574 1331; x_wconf 87' lang='lat' dir='ltr'>pernatant</span> <span class='ocrx_word' id='word_1_149' title='bbox 593 1282 631 1319; x_wconf 90' lang='lat' dir='ltr'>in</span> <span class='ocrx_word' id='word_1_150' title='bbox 650 1294 750 1341; x_wconf 80' lang='lat' dir='ltr'>aqua</span> <span class='ocrx_word' id='word_1_151' title='bbox 778 1294 876 1330; x_wconf 92' lang='lat' dir='ltr'>quae</span> <span class='ocrx_word' id='word_1_152' title='bbox 895 1282 939 1319; x_wconf 89' lang='lat' dir='ltr'>fit</span> <span class='ocrx_word' id='word_1_153' title='bbox 962 1283 1059 1319; x_wconf 92' lang='lat' dir='ltr'>salsa</span> <span class='ocrx_word' id='word_1_154' title='bbox 1077 1294 1147 1331; x_wconf 90' lang='lat' dir='ltr'>per</span> <span class='ocrx_word' id='word_1_155' title='bbox 1165 1282 1439 1320; x_wconf 84' lang='lat' dir='ltr'>admixtionem</span> 
     </span>
     <span class='ocr_line' id='line_1_24' title="bbox 377 1335 1442 1384; baseline 0.001 -12"><span class='ocrx_word' id='word_1_156' title='bbox 377 1335 462 1372; x_wconf 90' lang='lat' dir='ltr'>salis</span> <span class='ocrx_word' id='word_1_157' title='bbox 490 1341 524 1382; x_wconf 73' lang='grc' dir='ltr'>Ρ,</span> <span class='ocrx_word' id='word_1_158' title='bbox 556 1342 591 1372; x_wconf 89' lang='lat' dir='ltr'>et</span> <span class='ocrx_word' id='word_1_159' title='bbox 619 1335 733 1372; x_wconf 90' lang='lat' dir='ltr'>etiam</span> <span class='ocrx_word' id='word_1_160' title='bbox 771 1343 1016 1384; x_wconf 90' lang='lat' dir='ltr'>supernatant</span> <span class='ocrx_word' id='word_1_161' title='bbox 1047 1335 1086 1372; x_wconf 91' lang='lat' dir='ltr'>in</span> <span class='ocrx_word' id='word_1_162' title='bbox 1116 1335 1224 1373; x_wconf 90' lang='lat' dir='ltr'>mari.</span> <span class='ocrx_word' id='word_1_163' title='bbox 1259 1336 1372 1373; x_wconf 88' lang='lat' dir='ltr'>Unde</span> <span class='ocrx_word' id='word_1_164' title='bbox 1405 1343 1442 1373; x_wconf 88' lang='lat' dir='ltr'>et</span> 
     </span>
     <span class='ocr_line' id='line_1_25' title="bbox 376 1388 1442 1449; baseline 0.001 -24"><span class='ocrx_word' id='word_1_165' title='bbox 376 1401 480 1425; x_wconf 89' lang='lat' dir='ltr'>mare</span> <span class='ocrx_word' id='word_1_166' title='bbox 507 1388 658 1426; x_wconf 89' lang='lat' dir='ltr'>videtur</span> <span class='ocrx_word' id='word_1_167' title='bbox 685 1388 780 1426; x_wconf 92' lang='lat' dir='ltr'>sicut</span> <span class='ocrx_word' id='word_1_168' title='bbox 806 1389 939 1436; x_wconf 88' lang='lat' dir='ltr'>lutum,</span> <span class='ocrx_word' id='word_1_169' title='bbox 959 1397 1117 1448; x_wconf 81' lang='lat' dir='ltr'>propter</span> <span class='ocrx_word' id='word_1_170' title='bbox 1126 1389 1361 1449; x_wconf 87' lang='lat' dir='ltr'>grossitiem.</span> <span class='ocrx_word' id='word_1_171' title='bbox 1393 1390 1442 1426; x_wconf 93' lang='lat' dir='ltr'>Et</span> 
     </span>
     <span class='ocr_line' id='line_1_26' title="bbox 375 1441 1440 1491; baseline 0.001 -13"><span class='ocrx_word' id='word_1_172' title='bbox 375 1442 450 1478; x_wconf 92' lang='lat' dir='ltr'>hoc</span> <span class='ocrx_word' id='word_1_173' title='bbox 477 1441 618 1478; x_wconf 91' lang='lat' dir='ltr'>faciunt</span> <span class='ocrx_word' id='word_1_174' title='bbox 636 1442 821 1489; x_wconf 83' lang='lat' dir='ltr'>salientes,</span> <span class='ocrx_word' id='word_1_175' title='bbox 841 1450 882 1479; x_wconf 91' lang='lat' dir='ltr'>ut</span> <span class='ocrx_word' id='word_1_176' title='bbox 902 1443 1087 1491; x_wconf 87' lang='lat' dir='ltr'>accipiant</span> <span class='ocrx_word' id='word_1_177' title='bbox 1106 1442 1255 1491; x_wconf 89' lang='lat' dir='ltr'>signum</span> <span class='ocrx_word' id='word_1_178' title='bbox 1285 1442 1316 1480; x_wconf 90' lang='lat' dir='ltr'>si</span> <span class='ocrx_word' id='word_1_179' title='bbox 1338 1442 1358 1464; x_wconf 70' lang='lat'>&#39;⁸‘</span> <span class='ocrx_word' id='word_1_180' title='bbox 1386 1443 1440 1480; x_wconf 89' lang='lat' dir='ltr'>sal</span> 
     </span>
     <span class='ocr_line' id='line_1_27' title="bbox 375 1494 1441 1545; baseline 0.002 -14"><span class='ocrx_word' id='word_1_181' title='bbox 375 1495 421 1531; x_wconf 92' lang='lat' dir='ltr'>sit</span> <span class='ocrx_word' id='word_1_182' title='bbox 439 1495 536 1531; x_wconf 90' lang='lat' dir='ltr'>bene</span> <span class='ocrx_word' id='word_1_183' title='bbox 556 1494 727 1532; x_wconf 82' lang='lat' dir='ltr'>mixtum</span> <span class='ocrx_word' id='word_1_184' title='bbox 735 1507 846 1544; x_wconf 91' lang='lat' dir='ltr'>aqua,</span> <span class='ocrx_word' id='word_1_185' title='bbox 868 1508 914 1532; x_wconf 88' lang='lat' dir='ltr'>ex</span> <span class='ocrx_word' id='word_1_186' title='bbox 933 1496 1008 1532; x_wconf 91' lang='lat' dir='ltr'>hoc</span> <span class='ocrx_word' id='word_1_187' title='bbox 1031 1496 1136 1545; x_wconf 90' lang='lat' dir='ltr'>quod</span> <span class='ocrx_word' id='word_1_188' title='bbox 1155 1508 1232 1534; x_wconf 91' lang='lat' dir='ltr'>ova</span> <span class='ocrx_word' id='word_1_189' title='bbox 1259 1508 1441 1545; x_wconf 90' lang='lat' dir='ltr'>superna·</span> 
     </span>
     <span class='ocr_line' id='line_1_28' title="bbox 374 1547 1440 1598; baseline 0.002 -14"><span class='ocrx_word' id='word_1_190' title='bbox 374 1554 464 1585; x_wconf 90' lang='lat' dir='ltr'>tant.</span> <span class='ocrx_word' id='word_1_191' title='bbox 490 1547 604 1596; x_wconf 87' lang='lat' dir='ltr'>Igitur</span> <span class='ocrx_word' id='word_1_192' title='bbox 624 1556 660 1585; x_wconf 90' lang='lat' dir='ltr'>et</span> <span class='ocrx_word' id='word_1_193' title='bbox 678 1561 777 1598; x_wconf 88' lang='lat' dir='ltr'>aqua</span> <span class='ocrx_word' id='word_1_194' title='bbox 796 1548 912 1586; x_wconf 90' lang='lat' dir='ltr'>maris</span> <span class='ocrx_word' id='word_1_195' title='bbox 933 1557 988 1586; x_wconf 91' lang='lat' dir='ltr'>est</span> <span class='ocrx_word' id='word_1_196' title='bbox 1007 1561 1137 1597; x_wconf 88' lang='lat' dir='ltr'>grossa</span> <span class='ocrx_word' id='word_1_197' title='bbox 1154 1562 1224 1598; x_wconf 91' lang='lat' dir='ltr'>per</span> <span class='ocrx_word' id='word_1_198' title='bbox 1243 1549 1440 1586; x_wconf 83' lang='lat' dir='ltr'>admixtio-</span> 
     </span>
     <span class='ocr_line' id='line_1_29' title="bbox 374 1601 1439 1650; baseline 0.002 -12"><span class='ocrx_word' id='word_1_199' title='bbox 374 1613 465 1638; x_wconf 91' lang='lat' dir='ltr'>nem</span> <span class='ocrx_word' id='word_1_200' title='bbox 494 1601 648 1639; x_wconf 88' lang='lat' dir='ltr'>alicuius</span> <span class='ocrx_word' id='word_1_201' title='bbox 677 1602 859 1639; x_wconf 90' lang='lat' dir='ltr'>terrestris</span> <span class='ocrx_word' id='word_1_202' title='bbox 893 1601 1137 1650; x_wconf 87' lang='lat' dir='ltr'>ingrossantis</span> <span class='ocrx_word' id='word_1_203' title='bbox 1161 1609 1186 1639; x_wconf 72' lang='lat'>⁶.</span> <span class='ocrx_word' id='word_1_204' title='bbox 1207 1623 1231 1630; x_wconf 97' lang='lat'>—</span> <span class='ocrx_word' id='word_1_205' title='bbox 1253 1603 1439 1650; x_wconf 90' lang='lat' dir='ltr'>Quintum</span> 
     </span>
     <span class='ocr_line' id='line_1_30' title="bbox 375 1654 1440 1705; baseline 0.003 -14"><span class='ocrx_word' id='word_1_206' title='bbox 375 1654 524 1702; x_wconf 90' lang='lat' dir='ltr'>signum</span> <span class='ocrx_word' id='word_1_207' title='bbox 553 1662 619 1702; x_wconf 89' lang='lat' dir='ltr'>est,</span> <span class='ocrx_word' id='word_1_208' title='bbox 647 1655 752 1704; x_wconf 92' lang='lat' dir='ltr'>quod</span> <span class='ocrx_word' id='word_1_209' title='bbox 771 1655 810 1692; x_wconf 92' lang='lat' dir='ltr'>in</span> <span class='ocrx_word' id='word_1_210' title='bbox 838 1662 970 1703; x_wconf 87' lang='lat' dir='ltr'>stagno</span> <span class='ocrx_word' id='word_1_211' title='bbox 997 1655 1220 1703; x_wconf 88' lang='lat' dir='ltr'>Palestinae,</span> <span class='ocrx_word' id='word_1_212' title='bbox 1250 1656 1356 1705; x_wconf 92' lang='lat' dir='ltr'>quod</span> <span class='ocrx_word' id='word_1_213' title='bbox 1385 1664 1440 1694; x_wconf 92' lang='lat' dir='ltr'>est</span> 
     </span>
     <span class='ocr_line' id='line_1_31' title="bbox 376 1708 1438 1757; baseline 0.003 -13"><span class='ocrx_word' id='word_1_214' title='bbox 376 1708 517 1744; x_wconf 87' lang='lat' dir='ltr'>salsum</span> <span class='ocrx_word' id='word_1_215' title='bbox 535 1708 598 1744; x_wconf 89' lang='lat' dir='ltr'>vel</span> <span class='ocrx_word' id='word_1_216' title='bbox 618 1720 809 1756; x_wconf 88' lang='lat' dir='ltr'>amarum,</span> <span class='ocrx_word' id='word_1_217' title='bbox 835 1708 865 1745; x_wconf 93' lang='lat' dir='ltr'>si</span> <span class='ocrx_word' id='word_1_218' title='bbox 885 1709 970 1757; x_wconf 91' lang='lat' dir='ltr'>quis</span> <span class='ocrx_word' id='word_1_219' title='bbox 992 1709 1221 1747; x_wconf 90' lang='lat' dir='ltr'>immerserit</span> <span class='ocrx_word' id='word_1_220' title='bbox 1238 1709 1438 1747; x_wconf 90' lang='lat' dir='ltr'>hominem</span> 
     </span>
     <span class='ocr_line' id='line_1_32' title="bbox 374 1761 1439 1810; baseline 0.003 -13"><span class='ocrx_word' id='word_1_221' title='bbox 374 1762 437 1798; x_wconf 91' lang='lat' dir='ltr'>vel</span> <span class='ocrx_word' id='word_1_222' title='bbox 465 1761 627 1809; x_wconf 86' lang='lat' dir='ltr'>asinum,</span> <span class='ocrx_word' id='word_1_223' title='bbox 658 1774 736 1798; x_wconf 93' lang='lat' dir='ltr'>non</span> <span class='ocrx_word' id='word_1_224' title='bbox 765 1762 1040 1810; x_wconf 82' lang='lat' dir='ltr'>submergitur;</span> <span class='ocrx_word' id='word_1_225' title='bbox 1070 1770 1107 1800; x_wconf 90' lang='lat' dir='ltr'>et</span> <span class='ocrx_word' id='word_1_226' title='bbox 1134 1762 1360 1800; x_wconf 88' lang='lat' dir='ltr'>vestimenta</span> <span class='ocrx_word' id='word_1_227' title='bbox 1387 1763 1439 1800; x_wconf 91' lang='lat' dir='ltr'>ibi</span> 
     </span>
     <span class='ocr_line' id='line_1_33' title="bbox 374 1814 1439 1864; baseline 0.003 -14"><span class='ocrx_word' id='word_1_228' title='bbox 374 1814 528 1863; x_wconf 84' lang='lat' dir='ltr'>perfusa</span> <span class='ocrx_word' id='word_1_229' title='bbox 555 1815 767 1852; x_wconf 85' lang='lat' dir='ltr'>foedantur.</span> <span class='ocrx_word' id='word_1_230' title='bbox 792 1836 817 1843; x_wconf 92' lang='lat'>-</span> <span class='ocrx_word' id='word_1_231' title='bbox 843 1816 1000 1853; x_wconf 90' lang='lat' dir='ltr'>Sextum</span> <span class='ocrx_word' id='word_1_232' title='bbox 1036 1823 1164 1853; x_wconf 89' lang='lat' dir='ltr'>autem</span> <span class='ocrx_word' id='word_1_233' title='bbox 1203 1816 1354 1864; x_wconf 89' lang='lat' dir='ltr'>signum</span> <span class='ocrx_word' id='word_1_234' title='bbox 1383 1824 1439 1853; x_wconf 89' lang='lat' dir='ltr'>est</span> 
     </span>
    </p>
   </div>
   <div class='ocr_carea' id='block_1_6' title="bbox 375 1974 1438 2222">
    <p class='ocr_par' dir='ltr' id='par_1_7' title="bbox 375 1974 1438 2222">
     <span class='ocr_line' id='line_1_34' title="bbox 429 1974 1416 2011; baseline 0.001 -12"><span class='ocrx_word' id='word_1_235' title='bbox 429 1974 453 2011; x_wconf 85' lang='grc' dir='ltr'>ρ)</span> <span class='ocrx_word' id='word_1_236' title='bbox 472 1974 544 1999; x_wconf 80' lang='lat' dir='ltr'>salis.</span> <span class='ocrx_word' id='word_1_237' title='bbox 562 1988 581 1993; x_wconf 91' lang='lat'>-</span> <span class='ocrx_word' id='word_1_238' title='bbox 599 1975 661 1999; x_wconf 86' lang='lat' dir='ltr'>talis</span> <span class='ocrx_word' id='word_1_239' title='bbox 679 1975 733 1999; x_wconf 87' lang='lat' dir='ltr'>AB.</span> <span class='ocrx_word' id='word_1_240' title='bbox 750 1989 769 1994; x_wconf 96' lang='lat'>—</span> <span class='ocrx_word' id='word_1_241' title='bbox 787 1974 866 2000; x_wconf 87' lang='lat' dir='ltr'>lidem</span> <span class='ocrx_word' id='word_1_242' title='bbox 885 1983 938 2000; x_wconf 89' lang='lat' dir='ltr'>om.</span> <span class='ocrx_word' id='word_1_243' title='bbox 953 1978 979 2000; x_wconf 84' lang='lat' dir='ltr'>et</span> <span class='ocrx_word' id='word_1_244' title='bbox 997 1975 1077 2000; x_wconf 83' lang='lat' dir='ltr'>etiam</span> <span class='ocrx_word' id='word_1_245' title='bbox 1096 1978 1273 2008; x_wconf 78' lang='lat' dir='ltr'>supernatant</span> <span class='ocrx_word' id='word_1_246' title='bbox 1291 1975 1318 2001; x_wconf 86' lang='lat' dir='ltr'>in</span> <span class='ocrx_word' id='word_1_247' title='bbox 1338 1975 1416 2001; x_wconf 84' lang='lat' dir='ltr'>mari.</span> 
     </span>
     <span class='ocr_line' id='line_1_35' title="bbox 429 2009 1438 2051; baseline 0.002 -17.039"><span class='ocrx_word' id='word_1_248' title='bbox 429 2009 455 2042; x_wconf 85' lang='grc' dir='ltr'>σ)</span> <span class='ocrx_word' id='word_1_249' title='bbox 472 2010 593 2051; x_wconf 83' lang='lat' dir='ltr'>Igitur.</span> <span class='ocrx_word' id='word_1_250' title='bbox 609 2010 825 2043; x_wconf 46' lang='lat' dir='ltr'>ingrassantisoe</span> <span class='ocrx_word' id='word_1_251' title='bbox 806 2011 893 2035; x_wconf 79' lang='lat' dir='ltr'>-Hoc</span> <span class='ocrx_word' id='word_1_252' title='bbox 912 2019 965 2035; x_wconf 86' lang='lat' dir='ltr'>om.</span> <span class='ocrx_word' id='word_1_253' title='bbox 976 2011 1028 2035; x_wconf 86' lang='grc' dir='ltr'>ΑΒ.</span> <span class='ocrx_word' id='word_1_254' title='bbox 1045 2011 1094 2041; x_wconf 82' lang='lat' dir='ltr'>Qui</span> <span class='ocrx_word' id='word_1_255' title='bbox 1113 2016 1238 2044; x_wconf 84' lang='lat' dir='ltr'>pergunt.</span> <span class='ocrx_word' id='word_1_256' title='bbox 1259 2011 1388 2041; x_wconf 83' lang='lat' dir='ltr'>Quintum</span> <span class='ocrx_word' id='word_1_257' title='bbox 1402 2011 1438 2036; x_wconf 83' lang='lat' dir='ltr'>si-</span> 
     </span>
     <span class='ocr_line' id='line_1_36' title="bbox 375 2045 1438 2079; baseline 0.002 -9"><span class='ocrx_word' id='word_1_258' title='bbox 375 2052 458 2078; x_wconf 82' lang='lat' dir='ltr'>gnum</span> <span class='ocrx_word' id='word_1_259' title='bbox 468 2045 548 2077; x_wconf 84' lang='lat' dir='ltr'>ponit</span> <span class='ocrx_word' id='word_1_260' title='bbox 557 2052 594 2070; x_wconf 84' lang='lat' dir='ltr'>ex</span> <span class='ocrx_word' id='word_1_261' title='bbox 606 2045 655 2070; x_wconf 85' lang='lat' dir='ltr'>hoc</span> <span class='ocrx_word' id='word_1_262' title='bbox 664 2046 736 2078; x_wconf 81' lang='lat' dir='ltr'>quod</span> <span class='ocrx_word' id='word_1_263' title='bbox 748 2046 774 2070; x_wconf 84' lang='lat' dir='ltr'>in</span> <span class='ocrx_word' id='word_1_264' title='bbox 785 2049 910 2079; x_wconf 78' lang='lat' dir='ltr'>stagnum</span> <span class='ocrx_word' id='word_1_265' title='bbox 920 2047 1044 2078; x_wconf 79' lang='lat' dir='ltr'>palustre</span> <span class='ocrx_word' id='word_1_266' title='bbox 1056 2046 1128 2079; x_wconf 82' lang='lat' dir='ltr'>quod</span> <span class='ocrx_word' id='word_1_267' title='bbox 1136 2047 1235 2072; x_wconf 76' lang='lat' dir='ltr'>salsum</span> <span class='ocrx_word' id='word_1_268' title='bbox 1247 2047 1288 2072; x_wconf 81' lang='lat' dir='ltr'>uel</span> <span class='ocrx_word' id='word_1_269' title='bbox 1299 2054 1438 2076; x_wconf 62' lang='grc' dir='ltr'>αππιαν-κω,-</span> 
     </span>
     <span class='ocr_line' id='line_1_37' title="bbox 375 2081 1437 2115; baseline 0.001 -10"><span class='ocrx_word' id='word_1_270' title='bbox 375 2088 424 2113; x_wconf 86' lang='lat' dir='ltr'>pro</span> <span class='ocrx_word' id='word_1_271' title='bbox 442 2081 634 2114; x_wconf 79' lang='lat' dir='ltr'>submergitur,</span> <span class='ocrx_word' id='word_1_272' title='bbox 660 2082 874 2114; x_wconf 79' lang='lat' dir='ltr'>submergeretur</span> <span class='ocrx_word' id='word_1_273' title='bbox 893 2082 926 2112; x_wconf 88' lang='grc' dir='ltr'>Β;</span> <span class='ocrx_word' id='word_1_274' title='bbox 946 2089 994 2114; x_wconf 86' lang='lat' dir='ltr'>pro</span> <span class='ocrx_word' id='word_1_275' title='bbox 1012 2082 1170 2115; x_wconf 80' lang='lat' dir='ltr'>foedantur,</span> <span class='ocrx_word' id='word_1_276' title='bbox 1189 2082 1366 2108; x_wconf 83' lang='lat' dir='ltr'>sordidantur</span> <span class='ocrx_word' id='word_1_277' title='bbox 1384 2083 1437 2107; x_wconf 85' lang='lat' dir='ltr'>AB.</span> 
     </span>
     <span class='ocr_line' id='line_1_38' title="bbox 429 2116 1438 2150; baseline 0.002 -9"><span class='ocrx_word' id='word_1_278' title='bbox 429 2116 454 2148; x_wconf 87' lang='grc' dir='ltr'>τ)</span> <span class='ocrx_word' id='word_1_279' title='bbox 474 2117 616 2141; x_wconf 86' lang='lat' dir='ltr'>secundum</span> <span class='ocrx_word' id='word_1_280' title='bbox 634 2117 802 2142; x_wconf 79' lang='lat' dir='ltr'>terrestris...</span> <span class='ocrx_word' id='word_1_281' title='bbox 813 2124 998 2149; x_wconf 86' lang='lat' dir='ltr'>quaecumque.</span> <span class='ocrx_word' id='word_1_282' title='bbox 1008 2131 1027 2135; x_wconf 98' lang='lat'>-</span> <span class='ocrx_word' id='word_1_283' title='bbox 1039 2117 1094 2142; x_wconf 87' lang='lat' dir='ltr'>Sed</span> <span class='ocrx_word' id='word_1_284' title='bbox 1111 2124 1149 2142; x_wconf 82' lang='lat' dir='ltr'>ex</span> <span class='ocrx_word' id='word_1_285' title='bbox 1163 2118 1212 2148; x_wconf 86' lang='lat' dir='ltr'>(ex</span> <span class='ocrx_word' id='word_1_286' title='bbox 1224 2126 1278 2143; x_wconf 89' lang='lat' dir='ltr'>om.</span> <span class='ocrx_word' id='word_1_287' title='bbox 1292 2118 1326 2149; x_wconf 79' lang='lat'>133</span> <span class='ocrx_word' id='word_1_288' title='bbox 1350 2118 1438 2150; x_wconf 86' lang='lat' dir='ltr'>legen-</span> 
     </span>
     <span class='ocr_line' id='line_1_39' title="bbox 376 2151 1438 2185; baseline 0.003 -9"><span class='ocrx_word' id='word_1_289' title='bbox 376 2151 438 2176; x_wconf 90' lang='lat' dir='ltr'>dum</span> <span class='ocrx_word' id='word_1_290' title='bbox 453 2151 553 2176; x_wconf 89' lang='lat' dir='ltr'>videtur</span> <span class='ocrx_word' id='word_1_291' title='bbox 569 2152 624 2177; x_wconf 88' lang='lat' dir='ltr'>Sed</span> <span class='ocrx_word' id='word_1_292' title='bbox 643 2152 720 2185; x_wconf 81' lang='lat' dir='ltr'>quia)</span> <span class='ocrx_word' id='word_1_293' title='bbox 742 2153 877 2177; x_wconf 78' lang='lat' dir='ltr'>terrestris</span> <span class='ocrx_word' id='word_1_294' title='bbox 892 2152 1021 2178; x_wconf 84' lang='lat' dir='ltr'>combusti</span> <span class='ocrx_word' id='word_1_295' title='bbox 1035 2153 1231 2178; x_wconf 77' lang='lat' dir='ltr'>admixtionem</span> <span class='ocrx_word' id='word_1_296' title='bbox 1253 2154 1365 2179; x_wconf 79' lang='lat' dir='ltr'>dixerat</span> <span class='ocrx_word' id='word_1_297' title='bbox 1382 2160 1438 2179; x_wconf 78' lang='lat' dir='ltr'>esse</span> 
     </span>
     <span class='ocr_line' id='line_1_40' title="bbox 375 2187 1438 2222; baseline 0.002 -10"><span class='ocrx_word' id='word_1_298' title='bbox 375 2194 482 2212; x_wconf 84' lang='lat' dir='ltr'>causam</span> <span class='ocrx_word' id='word_1_299' title='bbox 501 2187 649 2218; x_wconf 79' lang='lat' dir='ltr'>salsedinis,</span> <span class='ocrx_word' id='word_1_300' title='bbox 669 2187 784 2213; x_wconf 79' lang='lat' dir='ltr'>ostendit</span> <span class='ocrx_word' id='word_1_301' title='bbox 799 2188 926 2222; x_wconf 78' lang='lat' dir='ltr'>(ostendit</span> <span class='ocrx_word' id='word_1_302' title='bbox 940 2196 993 2213; x_wconf 90' lang='lat' dir='ltr'>om.</span> <span class='ocrx_word' id='word_1_303' title='bbox 1003 2188 1034 2221; x_wconf 89' lang='lat' dir='ltr'>B)</span> <span class='ocrx_word' id='word_1_304' title='bbox 1049 2188 1118 2214; x_wconf 88' lang='lat' dir='ltr'>unde</span> <span class='ocrx_word' id='word_1_305' title='bbox 1131 2189 1170 2214; x_wconf 78' lang='lat' dir='ltr'>sic</span> <span class='ocrx_word' id='word_1_306' title='bbox 1187 2189 1332 2214; x_wconf 65' lang='lat' dir='ltr'>combusti«,</span> <span class='ocrx_word' id='word_1_307' title='bbox 1347 2192 1438 2215; x_wconf 82' lang='lat' dir='ltr'>causet</span> 
     </span>
    </p>
   </div>
   <div class='ocr_carea' id='block_1_7' title="bbox 1092 245 1865 286">
    <p class='ocr_par' dir='ltr' id='par_1_8' title="bbox 1092 245 1865 286">
     <span class='ocr_line' id='line_1_41' title="bbox 1092 245 1865 286; baseline -0.008 0"><span class='ocrx_word' id='word_1_308' title='bbox 1092 245 1679 286; x_wconf 92' lang='lat' dir='ltr'>METEOROLOGICORUM</span> <span class='ocrx_word' id='word_1_309' title='bbox 1707 245 1802 281; x_wconf 89' lang='lat' dir='ltr'>LIB.</span> <span class='ocrx_word' id='word_1_310' title='bbox 1833 245 1865 281; x_wconf 90' lang='lat'>11</span> 
     </span>
    </p>
   </div>
   <div class='ocr_carea' id='block_1_8' title="bbox 1496 323 2572 744">
    <p class='ocr_par' dir='ltr' id='par_1_9' title="bbox 1496 323 2572 744">
     <span class='ocr_line' id='line_1_42' title="bbox 1497 323 2572 374; baseline 0.001 -13"><span class='ocrx_word' id='word_1_311' title='bbox 1497 325 1543 361; x_wconf 92' lang='lat' dir='ltr'>de</span> <span class='ocrx_word' id='word_1_312' title='bbox 1563 323 1736 372; x_wconf 88' lang='lat' dir='ltr'>quodam</span> <span class='ocrx_word' id='word_1_313' title='bbox 1756 324 1860 361; x_wconf 88' lang='lat' dir='ltr'>fonte</span> <span class='ocrx_word' id='word_1_314' title='bbox 1881 336 2006 373; x_wconf 91' lang='lat' dir='ltr'>aquae</span> <span class='ocrx_word' id='word_1_315' title='bbox 2026 323 2138 370; x_wconf 85' lang='lat' dir='ltr'>latae,</span> <span class='ocrx_word' id='word_1_316' title='bbox 2153 323 2250 361; x_wconf 87' lang='lat' dir='ltr'>idest</span> <span class='ocrx_word' id='word_1_317' title='bbox 2269 324 2404 372; x_wconf 87' lang='lat' dir='ltr'>salsae,</span> <span class='ocrx_word' id='word_1_318' title='bbox 2423 324 2463 362; x_wconf 91' lang='lat' dir='ltr'>in</span> <span class='ocrx_word' id='word_1_319' title='bbox 2482 337 2572 374; x_wconf 92' lang='lat' dir='ltr'>pro-</span> 
     </span>
     <span class='ocr_line' id='line_1_43' title="bbox 1496 376 2571 426; baseline 0.003 -13"><span class='ocrx_word' id='word_1_320' title='bbox 1496 377 1624 414; x_wconf 89' lang='lat' dir='ltr'>vincia</span> <span class='ocrx_word' id='word_1_321' title='bbox 1645 376 1854 424; x_wconf 85' lang='lat' dir='ltr'>Chaoniae,</span> <span class='ocrx_word' id='word_1_322' title='bbox 1874 377 1940 426; x_wconf 87' lang='lat' dir='ltr'>qui</span> <span class='ocrx_word' id='word_1_323' title='bbox 1953 377 1974 399; x_wconf 68' lang='lat'>‘¹‘</span> <span class='ocrx_word' id='word_1_324' title='bbox 1990 376 2110 414; x_wconf 89' lang='lat' dir='ltr'>effluit</span> <span class='ocrx_word' id='word_1_325' title='bbox 2128 376 2167 413; x_wconf 91' lang='lat' dir='ltr'>in</span> <span class='ocrx_word' id='word_1_326' title='bbox 2186 376 2383 424; x_wconf 88' lang='lat' dir='ltr'>quendam</span> <span class='ocrx_word' id='word_1_327' title='bbox 2402 377 2571 416; x_wconf 88' lang='lat' dir='ltr'>fluvium</span> 
     </span>
     <span class='ocr_line' id='line_1_44' title="bbox 1497 429 2570 480; baseline 0.003 -14"><span class='ocrx_word' id='word_1_328' title='bbox 1497 430 1671 476; x_wconf 84' lang='lat' dir='ltr'>dulcem,</span> <span class='ocrx_word' id='word_1_329' title='bbox 1699 430 1768 468; x_wconf 87' lang='lat' dir='ltr'>sed</span> <span class='ocrx_word' id='word_1_330' title='bbox 1795 442 1876 467; x_wconf 91' lang='lat' dir='ltr'>non</span> <span class='ocrx_word' id='word_1_331' title='bbox 1904 431 2112 467; x_wconf 88' lang='lat' dir='ltr'>habentem</span> <span class='ocrx_word' id='word_1_332' title='bbox 2140 429 2283 478; x_wconf 89' lang='lat' dir='ltr'>pisces;</span> <span class='ocrx_word' id='word_1_333' title='bbox 2313 430 2353 467; x_wconf 87' lang='lat' dir='ltr'>in</span> <span class='ocrx_word' id='word_1_334' title='bbox 2380 442 2459 478; x_wconf 92' lang='lat' dir='ltr'>quo</span> <span class='ocrx_word' id='word_1_335' title='bbox 2487 431 2570 480; x_wconf 88' lang='lat' dir='ltr'>qui-</span> 
     </span>
     <span class='ocr_line' id='line_1_45' title="bbox 1497 482 2572 532; baseline 0.003 -13"><span class='ocrx_word' id='word_1_336' title='bbox 1497 483 1587 520; x_wconf 91' lang='lat' dir='ltr'>dem</span> <span class='ocrx_word' id='word_1_337' title='bbox 1614 482 1748 530; x_wconf 89' lang='lat' dir='ltr'>fluvio,</span> <span class='ocrx_word' id='word_1_338' title='bbox 1777 491 1934 532; x_wconf 91' lang='lat' dir='ltr'>propter</span> <span class='ocrx_word' id='word_1_339' title='bbox 1961 482 2237 520; x_wconf 82' lang='lat' dir='ltr'>admixtionem</span> <span class='ocrx_word' id='word_1_340' title='bbox 2264 483 2398 531; x_wconf 88' lang='lat' dir='ltr'>fontis,</span> <span class='ocrx_word' id='word_1_341' title='bbox 2426 484 2572 527; x_wconf 83' lang='lat' dir='ltr'>inventi</span> 
     </span>
     <span class='ocr_line' id='line_1_46' title="bbox 1497 536 2571 586; baseline 0.003 -14"><span class='ocrx_word' id='word_1_342' title='bbox 1497 543 1585 573; x_wconf 92' lang='lat' dir='ltr'>sunt</span> <span class='ocrx_word' id='word_1_343' title='bbox 1613 536 1818 584; x_wconf 91' lang='lat' dir='ltr'>aliquando</span> <span class='ocrx_word' id='word_1_344' title='bbox 1847 537 1945 574; x_wconf 91' lang='lat' dir='ltr'>sales</span> <span class='ocrx_word' id='word_1_345' title='bbox 1963 549 2035 586; x_wconf 90' lang='lat' dir='ltr'>pro</span> <span class='ocrx_word' id='word_1_346' title='bbox 2064 536 2254 585; x_wconf 90' lang='lat' dir='ltr'>piscibus;</span> <span class='ocrx_word' id='word_1_347' title='bbox 2284 536 2392 574; x_wconf 89' lang='lat' dir='ltr'>cuius</span> <span class='ocrx_word' id='word_1_348' title='bbox 2411 537 2571 585; x_wconf 89' lang='lat' dir='ltr'>quidem</span> 
     </span>
     <span class='ocr_line' id='line_1_47' title="bbox 1497 589 2571 640; baseline 0.002 -14"><span class='ocrx_word' id='word_1_349' title='bbox 1497 601 1598 637; x_wconf 91' lang='lat' dir='ltr'>aqua</span> <span class='ocrx_word' id='word_1_350' title='bbox 1624 589 1784 626; x_wconf 88' lang='lat' dir='ltr'>vertitur</span> <span class='ocrx_word' id='word_1_351' title='bbox 1810 601 1881 638; x_wconf 92' lang='lat' dir='ltr'>per</span> <span class='ocrx_word' id='word_1_352' title='bbox 1910 589 2177 627; x_wconf 89' lang='lat' dir='ltr'>decoctionem</span> <span class='ocrx_word' id='word_1_353' title='bbox 2209 589 2247 626; x_wconf 91' lang='lat' dir='ltr'>in</span> <span class='ocrx_word' id='word_1_354' title='bbox 2275 590 2396 637; x_wconf 87' lang='lat' dir='ltr'>sales,</span> <span class='ocrx_word' id='word_1_355' title='bbox 2427 602 2571 640; x_wconf 90' lang='lat' dir='ltr'>evapo-</span> 
     </span>
     <span class='ocr_line' id='line_1_48' title="bbox 1497 642 2570 682; baseline 0.002 -3"><span class='ocrx_word' id='word_1_356' title='bbox 1497 650 1603 679; x_wconf 87' lang='lat' dir='ltr'>rante</span> <span class='ocrx_word' id='word_1_357' title='bbox 1629 642 1751 679; x_wconf 90' lang='lat' dir='ltr'>calido</span> <span class='ocrx_word' id='word_1_358' title='bbox 1780 650 1818 680; x_wconf 86' lang='lat' dir='ltr'>et</span> <span class='ocrx_word' id='word_1_359' title='bbox 1843 643 2020 680; x_wconf 81' lang='lat' dir='ltr'>humido.</span> <span class='ocrx_word' id='word_1_360' title='bbox 2052 643 2293 680; x_wconf 80' lang='lat' dir='ltr'>Huiusmodi</span> <span class='ocrx_word' id='word_1_361' title='bbox 2315 650 2445 681; x_wconf 87' lang='lat' dir='ltr'>autem</span> <span class='ocrx_word' id='word_1_362' title='bbox 2473 644 2570 682; x_wconf 88' lang='lat' dir='ltr'>sales</span> 
     </span>
     <span class='ocr_line' id='line_1_49' title="bbox 1497 695 2571 744; baseline 0.002 -12"><span class='ocrx_word' id='word_1_363' title='bbox 1497 708 1576 732; x_wconf 92' lang='lat' dir='ltr'>non</span> <span class='ocrx_word' id='word_1_364' title='bbox 1596 703 1683 732; x_wconf 92' lang='lat' dir='ltr'>sunt</span> <span class='ocrx_word' id='word_1_365' title='bbox 1706 695 1828 744; x_wconf 84' lang='lat' dir='ltr'>spissi,</span> <span class='ocrx_word' id='word_1_366' title='bbox 1849 696 1919 734; x_wconf 91' lang='lat' dir='ltr'>sed</span> <span class='ocrx_word' id='word_1_367' title='bbox 1937 696 2094 733; x_wconf 87' lang='lat' dir='ltr'>subtiles</span> <span class='ocrx_word' id='word_1_368' title='bbox 2113 696 2209 733; x_wconf 89' lang='lat' dir='ltr'>sieut</span> <span class='ocrx_word' id='word_1_369' title='bbox 2229 696 2312 738; x_wconf 89' lang='lat' dir='ltr'>nix;</span> <span class='ocrx_word' id='word_1_370' title='bbox 2343 704 2380 734; x_wconf 91' lang='lat' dir='ltr'>et</span> <span class='ocrx_word' id='word_1_371' title='bbox 2398 704 2487 734; x_wconf 90' lang='lat' dir='ltr'>sunt</span> <span class='ocrx_word' id='word_1_372' title='bbox 2506 696 2571 734; x_wconf 90' lang='lat' dir='ltr'>de-</span> 
     </span>
    </p>
   </div>
   <div class='ocr_carea' id='block_1_9' title="bbox 1498 748 2608 798">
    <p class='ocr_par' dir='ltr' id='par_1_10' title="bbox 1498 748 2608 798">
     <span class='ocr_line' id='line_1_50' title="bbox 1498 748 2608 798; baseline 0.003 -13"><span class='ocrx_word' id='word_1_373' title='bbox 1498 749 1650 786; x_wconf 88' lang='lat' dir='ltr'>biliores</span> <span class='ocrx_word' id='word_1_374' title='bbox 1668 748 1763 796; x_wconf 88' lang='lat' dir='ltr'>aliis,</span> <span class='ocrx_word' id='word_1_375' title='bbox 1782 756 1819 787; x_wconf 87' lang='lat' dir='ltr'>et</span> <span class='ocrx_word' id='word_1_376' title='bbox 1838 749 1899 786; x_wconf 89' lang='lat' dir='ltr'>isti</span> <span class='ocrx_word' id='word_1_377' title='bbox 1917 749 1956 786; x_wconf 88' lang='lat' dir='ltr'>in</span> <span class='ocrx_word' id='word_1_378' title='bbox 1969 749 1990 771; x_wconf 49' lang='grc' dir='ltr'>’Β</span> <span class='ocrx_word' id='word_1_379' title='bbox 2009 749 2157 786; x_wconf 90' lang='lat' dir='ltr'>cibariis</span> <span class='ocrx_word' id='word_1_380' title='bbox 2183 749 2305 798; x_wconf 89' lang='lat' dir='ltr'>magis</span> <span class='ocrx_word' id='word_1_381' title='bbox 2329 749 2528 788; x_wconf 85' lang='lat' dir='ltr'>delectant.</span> <span class='ocrx_word' id='word_1_382' title='bbox 2544 771 2569 780; x_wconf 91' lang='lat'>·-</span> <span class='ocrx_word' id='word_1_383' title='bbox 2596 760 2608 771; x_wconf 73' lang='grc'><em>“</em></span> 
     </span>
    </p>
   </div>
   <div class='ocr_carea' id='block_1_10' title="bbox 1498 802 2569 853">
    <p class='ocr_par' dir='ltr' id='par_1_11' title="bbox 1498 802 2569 853">
     <span class='ocr_line' id='line_1_51' title="bbox 1498 802 2569 853; baseline 0.003 -15"><span class='ocrx_word' id='word_1_384' title='bbox 1498 802 1715 851; x_wconf 89' lang='lat' dir='ltr'>Septimum</span> <span class='ocrx_word' id='word_1_385' title='bbox 1743 809 1872 840; x_wconf 89' lang='lat' dir='ltr'>autem</span> <span class='ocrx_word' id='word_1_386' title='bbox 1901 802 2054 850; x_wconf 89' lang='lat' dir='ltr'>signum</span> <span class='ocrx_word' id='word_1_387' title='bbox 2084 810 2159 850; x_wconf 86' lang='lat' dir='ltr'>est,</span> <span class='ocrx_word' id='word_1_388' title='bbox 2190 803 2296 852; x_wconf 93' lang='lat' dir='ltr'>quod</span> <span class='ocrx_word' id='word_1_389' title='bbox 2329 803 2369 841; x_wconf 92' lang='lat' dir='ltr'>in</span> <span class='ocrx_word' id='word_1_390' title='bbox 2395 803 2569 853; x_wconf 87' lang='lat' dir='ltr'>quodam</span> 
     </span>
    </p>
   </div>
   <div class='ocr_carea' id='block_1_11' title="bbox 1496 855 2611 904">
    <p class='ocr_par' dir='ltr' id='par_1_12' title="bbox 1496 855 2611 904">
     <span class='ocr_line' id='line_1_52' title="bbox 1496 855 2611 904; baseline 0.003 -12"><span class='ocrx_word' id='word_1_391' title='bbox 1496 856 1583 892; x_wconf 91' lang='lat' dir='ltr'>loco</span> <span class='ocrx_word' id='word_1_392' title='bbox 1613 855 1747 892; x_wconf 85' lang='lat' dir='ltr'>calami</span> <span class='ocrx_word' id='word_1_393' title='bbox 1767 863 1804 892; x_wconf 90' lang='lat' dir='ltr'>et</span> <span class='ocrx_word' id='word_1_394' title='bbox 1822 855 1968 904; x_wconf 83' lang='lat' dir='ltr'>scirpi*</span> <span class='ocrx_word' id='word_1_395' title='bbox 1988 856 2276 904; x_wconf 91' lang='lat' dir='ltr'>comburuntur,</span> <span class='ocrx_word' id='word_1_396' title='bbox 2298 864 2336 894; x_wconf 92' lang='lat' dir='ltr'>et</span> <span class='ocrx_word' id='word_1_397' title='bbox 2363 869 2500 894; x_wconf 88' lang='lat' dir='ltr'>eorum</span> <span class='ocrx_word' id='word_1_398' title='bbox 2521 857 2570 895; x_wconf 91' lang='lat' dir='ltr'>ci·</span> <span class='ocrx_word' id='word_1_399' title='bbox 2598 868 2611 879; x_wconf 66' lang='lat'><strong>⁴</strong></span> 
     </span>
    </p>
   </div>
   <div class='ocr_carea' id='block_1_12' title="bbox 1495 908 2570 1656">
    <p class='ocr_par' dir='ltr' id='par_1_13' title="bbox 1495 908 2570 1656">
     <span class='ocr_line' id='line_1_53' title="bbox 1496 908 2569 959; baseline 0.003 -13"><span class='ocrx_word' id='word_1_400' title='bbox 1496 908 1566 955; x_wconf 90' lang='lat' dir='ltr'>nis,</span> <span class='ocrx_word' id='word_1_401' title='bbox 1589 908 1682 945; x_wconf 88' lang='lat' dir='ltr'>dum</span> <span class='ocrx_word' id='word_1_402' title='bbox 1702 908 1743 946; x_wconf 91' lang='lat' dir='ltr'>in</span> <span class='ocrx_word' id='word_1_403' title='bbox 1761 921 1864 958; x_wconf 90' lang='lat' dir='ltr'>aqua</span> <span class='ocrx_word' id='word_1_404' title='bbox 1883 909 2122 958; x_wconf 90' lang='lat' dir='ltr'>decoquitur,</span> <span class='ocrx_word' id='word_1_405' title='bbox 2141 917 2231 959; x_wconf 92' lang='lat' dir='ltr'>post</span> <span class='ocrx_word' id='word_1_406' title='bbox 2247 909 2569 958; x_wconf 83' lang='lat' dir='ltr'>infrigidationem</span> 
     </span>
     <span class='ocr_line' id='line_1_54' title="bbox 1497 962 2570 1009; baseline 0.005 -11"><span class='ocrx_word' id='word_1_407' title='bbox 1497 962 1659 999; x_wconf 89' lang='lat' dir='ltr'>efficitur</span> <span class='ocrx_word' id='word_1_408' title='bbox 1681 963 1748 1009; x_wconf 92' lang='lat' dir='ltr'>sal,</span> <span class='ocrx_word' id='word_1_409' title='bbox 1770 963 1983 1000; x_wconf 86' lang='lat' dir='ltr'>secundum</span> <span class='ocrx_word' id='word_1_410' title='bbox 2002 962 2188 1000; x_wconf 86' lang='lat' dir='ltr'>terrestris</span> <span class='ocrx_word' id='word_1_411' title='bbox 2208 964 2399 1002; x_wconf 89' lang='lat' dir='ltr'>combusti</span> <span class='ocrx_word' id='word_1_412' title='bbox 2419 964 2570 1002; x_wconf 82' lang='lat' dir='ltr'>mixtio-</span> 
     </span>
     <span class='ocr_line' id='line_1_55' title="bbox 1496 1015 2569 1064; baseline 0.004 -12"><span class='ocrx_word' id='word_1_413' title='bbox 1496 1028 1599 1063; x_wconf 87' lang='lat' dir='ltr'>nem,</span> <span class='ocrx_word' id='word_1_414' title='bbox 1620 1028 1739 1064; x_wconf 89' lang='lat' dir='ltr'>quam</span> <span class='ocrx_word' id='word_1_415' title='bbox 1759 1015 1905 1052; x_wconf 90' lang='lat' dir='ltr'>dixerat</span> <span class='ocrx_word' id='word_1_416' title='bbox 1932 1027 2016 1053; x_wconf 91' lang='lat' dir='ltr'>esse</span> <span class='ocrx_word' id='word_1_417' title='bbox 2037 1028 2194 1054; x_wconf 87' lang='lat' dir='ltr'>causam</span> <span class='ocrx_word' id='word_1_418' title='bbox 2223 1017 2432 1055; x_wconf 86' lang='lat' dir='ltr'>salsedinis.</span> <span class='ocrx_word' id='word_1_419' title='bbox 2452 1016 2569 1056; x_wconf 90' lang='lat' dir='ltr'>Unde</span> 
     </span>
     <span class='ocr_line' id='line_1_56' title="bbox 1497 1068 2569 1120; baseline 0.004 -14"><span class='ocrx_word' id='word_1_420' title='bbox 1497 1076 1648 1118; x_wconf 89' lang='lat' dir='ltr'>oportet</span> <span class='ocrx_word' id='word_1_421' title='bbox 1666 1068 1772 1118; x_wconf 91' lang='lat' dir='ltr'>quod</span> <span class='ocrx_word' id='word_1_422' title='bbox 1800 1076 1879 1107; x_wconf 89' lang='lat' dir='ltr'>tam</span> <span class='ocrx_word' id='word_1_423' title='bbox 1899 1069 1939 1106; x_wconf 91' lang='lat' dir='ltr'>in</span> <span class='ocrx_word' id='word_1_424' title='bbox 1961 1081 2064 1118; x_wconf 86' lang='lat' dir='ltr'>aqua</span> <span class='ocrx_word' id='word_1_425' title='bbox 2081 1070 2224 1107; x_wconf 91' lang='lat' dir='ltr'>horum</span> <span class='ocrx_word' id='word_1_426' title='bbox 2253 1069 2427 1108; x_wconf 82' lang='lat' dir='ltr'>cinerum</span> <span class='ocrx_word' id='word_1_427' title='bbox 2450 1083 2569 1120; x_wconf 78' lang='lat' dir='ltr'>quam</span> 
     </span>
     <span class='ocr_line' id='line_1_57' title="bbox 1496 1122 2569 1172; baseline 0.004 -13"><span class='ocrx_word' id='word_1_428' title='bbox 1496 1122 1536 1160; x_wconf 94' lang='lat' dir='ltr'>in</span> <span class='ocrx_word' id='word_1_429' title='bbox 1563 1135 1664 1171; x_wconf 86' lang='lat' dir='ltr'>aqua</span> <span class='ocrx_word' id='word_1_430' title='bbox 1692 1122 1818 1169; x_wconf 90' lang='lat' dir='ltr'>maris,</span> <span class='ocrx_word' id='word_1_431' title='bbox 1841 1122 2057 1160; x_wconf 88' lang='lat' dir='ltr'>combustio</span> <span class='ocrx_word' id='word_1_432' title='bbox 2087 1123 2133 1160; x_wconf 91' lang='lat' dir='ltr'>sit</span> <span class='ocrx_word' id='word_1_433' title='bbox 2159 1135 2260 1172; x_wconf 88' lang='lat' dir='ltr'>quae</span> <span class='ocrx_word' id='word_1_434' title='bbox 2298 1131 2428 1162; x_wconf 88' lang='lat' dir='ltr'>causet</span> <span class='ocrx_word' id='word_1_435' title='bbox 2455 1125 2569 1166; x_wconf 79' lang='lat' dir='ltr'>salse-</span> 
     </span>
     <span class='ocr_line' id='line_1_58' title="bbox 1498 1176 2570 1226; baseline 0.003 -13"><span class='ocrx_word' id='word_1_436' title='bbox 1498 1176 1637 1213; x_wconf 89' lang='lat' dir='ltr'>dinem.</span> <span class='ocrx_word' id='word_1_437' title='bbox 1660 1177 1709 1213; x_wconf 93' lang='lat' dir='ltr'>Et</span> <span class='ocrx_word' id='word_1_438' title='bbox 1735 1176 1823 1213; x_wconf 91' lang='lat' dir='ltr'>hinc</span> <span class='ocrx_word' id='word_1_439' title='bbox 1853 1184 1908 1213; x_wconf 91' lang='lat' dir='ltr'>est</span> <span class='ocrx_word' id='word_1_440' title='bbox 1937 1176 2044 1225; x_wconf 95' lang='lat' dir='ltr'>quod</span> <span class='ocrx_word' id='word_1_441' title='bbox 2067 1176 2335 1214; x_wconf 88' lang='lat' dir='ltr'>universaliter</span> <span class='ocrx_word' id='word_1_442' title='bbox 2362 1189 2570 1226; x_wconf 87' lang='lat' dir='ltr'>quaecum-</span> 
     </span>
     <span class='ocr_line' id='line_1_59' title="bbox 1497 1229 2567 1280; baseline 0.004 -15"><span class='ocrx_word' id='word_1_443' title='bbox 1497 1235 1598 1278; x_wconf 62' lang='lat' dir='ltr'>quer</span> <span class='ocrx_word' id='word_1_444' title='bbox 1617 1242 1716 1279; x_wconf 91' lang='lat' dir='ltr'>aqua</span> <span class='ocrx_word' id='word_1_445' title='bbox 1735 1229 1860 1267; x_wconf 89' lang='lat' dir='ltr'>fluens</span> <span class='ocrx_word' id='word_1_446' title='bbox 1888 1229 2050 1267; x_wconf 86' lang='lat' dir='ltr'>fontium</span> <span class='ocrx_word' id='word_1_447' title='bbox 2064 1231 2128 1267; x_wconf 87' lang='lat' dir='ltr'>vel</span> <span class='ocrx_word' id='word_1_448' title='bbox 2147 1230 2360 1268; x_wconf 81' lang='lat' dir='ltr'>fluviorum</span> <span class='ocrx_word' id='word_1_449' title='bbox 2381 1238 2438 1269; x_wconf 90' lang='lat' dir='ltr'>est</span> <span class='ocrx_word' id='word_1_450' title='bbox 2456 1232 2567 1280; x_wconf 77' lang='lat' dir='ltr'>salsa,</span> 
     </span>
     <span class='ocr_line' id='line_1_60' title="bbox 1496 1283 2568 1335; baseline 0.002 -15"><span class='ocrx_word' id='word_1_451' title='bbox 1496 1283 1703 1332; x_wconf 89' lang='lat' dir='ltr'>aliquando</span> <span class='ocrx_word' id='word_1_452' title='bbox 1732 1283 1801 1320; x_wconf 80' lang='lat' dir='ltr'>fuit</span> <span class='ocrx_word' id='word_1_453' title='bbox 1820 1283 1952 1330; x_wconf 87' lang='lat' dir='ltr'>calida,</span> <span class='ocrx_word' id='word_1_454' title='bbox 1973 1291 2106 1332; x_wconf 92' lang='lat' dir='ltr'>utpote</span> <span class='ocrx_word' id='word_1_455' title='bbox 2127 1287 2183 1320; x_wconf 82' lang='lat' dir='ltr'>&#39;ex</span> <span class='ocrx_word' id='word_1_456' title='bbox 2207 1291 2307 1322; x_wconf 86' lang='lat' dir='ltr'>terra</span> <span class='ocrx_word' id='word_1_457' title='bbox 2333 1283 2452 1333; x_wconf 85' lang='lat' dir='ltr'>ignita</span> <span class='ocrx_word' id='word_1_458' title='bbox 2478 1297 2568 1335; x_wconf 62' lang='lat' dir='ltr'>pro-</span> 
     </span>
     <span class='ocr_line' id='line_1_61' title="bbox 1498 1336 2568 1388; baseline 0.004 -15"><span class='ocrx_word' id='word_1_459' title='bbox 1498 1337 1658 1374; x_wconf 90' lang='lat' dir='ltr'>cedens:</span> <span class='ocrx_word' id='word_1_460' title='bbox 1687 1336 1755 1374; x_wconf 86' lang='lat' dir='ltr'>sed</span> <span class='ocrx_word' id='word_1_461' title='bbox 1773 1344 1909 1385; x_wconf 91' lang='lat' dir='ltr'>postea</span> <span class='ocrx_word' id='word_1_462' title='bbox 1931 1337 2028 1385; x_wconf 90' lang='lat' dir='ltr'>ignis</span> <span class='ocrx_word' id='word_1_463' title='bbox 2043 1336 2271 1386; x_wconf 86' lang='lat' dir='ltr'>extinguitur</span> <span class='ocrx_word' id='word_1_464' title='bbox 2289 1337 2385 1375; x_wconf 87' lang='lat' dir='ltr'>infra</span> <span class='ocrx_word' id='word_1_465' title='bbox 2412 1345 2568 1388; x_wconf 74' lang='lat' dir='ltr'>terram,</span> 
     </span>
     <span class='ocr_line' id='line_1_62' title="bbox 1497 1390 2568 1440; baseline 0.006 -13"><span class='ocrx_word' id='word_1_466' title='bbox 1497 1398 1534 1427; x_wconf 91' lang='lat' dir='ltr'>et</span> <span class='ocrx_word' id='word_1_467' title='bbox 1560 1397 1660 1428; x_wconf 86' lang='lat' dir='ltr'>terra</span> <span class='ocrx_word' id='word_1_468' title='bbox 1688 1402 1787 1439; x_wconf 89' lang='lat' dir='ltr'>quae</span> <span class='ocrx_word' id='word_1_469' title='bbox 1817 1402 1863 1427; x_wconf 89' lang='lat' dir='ltr'>ex</span> <span class='ocrx_word' id='word_1_470' title='bbox 1891 1391 2158 1428; x_wconf 87' lang='lat' dir='ltr'>combustione</span> <span class='ocrx_word' id='word_1_471' title='bbox 2196 1390 2240 1428; x_wconf 89' lang='lat' dir='ltr'>fit</span> <span class='ocrx_word' id='word_1_472' title='bbox 2273 1391 2478 1440; x_wconf 77' lang='lat' dir='ltr'>sulphurea</span> <span class='ocrx_word' id='word_1_473' title='bbox 2504 1391 2568 1434; x_wconf 68' lang='lat' dir='ltr'>vd</span> 
     </span>
     <span class='ocr_line' id='line_1_63' title="bbox 1497 1443 2569 1492; baseline 0.005 -12"><span class='ocrx_word' id='word_1_474' title='bbox 1497 1443 1642 1492; x_wconf 88' lang='lat' dir='ltr'>aliquid</span> <span class='ocrx_word' id='word_1_475' title='bbox 1660 1443 1893 1491; x_wconf 90' lang='lat' dir='ltr'>huiusmodi,</span> <span class='ocrx_word' id='word_1_476' title='bbox 1915 1452 2088 1482; x_wconf 88' lang='lat' dir='ltr'>remanet</span> <span class='ocrx_word' id='word_1_477' title='bbox 2111 1450 2124 1465; x_wconf 80' lang='lat'>⁰</span> <span class='ocrx_word' id='word_1_478' title='bbox 2143 1444 2271 1482; x_wconf 85' lang='lat' dir='ltr'>adhuc</span> <span class='ocrx_word' id='word_1_479' title='bbox 2291 1445 2495 1485; x_wconf 78' lang='lat' dir='ltr'>combusta</span> <span class='ocrx_word' id='word_1_480' title='bbox 2517 1445 2569 1489; x_wconf 75' lang='lat' dir='ltr'>ad</span> 
     </span>
     <span class='ocr_line' id='line_1_64' title="bbox 1496 1496 2568 1548; baseline 0.003 -14"><span class='ocrx_word' id='word_1_481' title='bbox 1496 1496 1659 1534; x_wconf 90' lang='lat' dir='ltr'>modum</span> <span class='ocrx_word' id='word_1_482' title='bbox 1687 1497 1799 1534; x_wconf 88' lang='lat' dir='ltr'>calcis</span> <span class='ocrx_word' id='word_1_483' title='bbox 1835 1498 1899 1535; x_wconf 87' lang='lat' dir='ltr'>vel</span> <span class='ocrx_word' id='word_1_484' title='bbox 1929 1497 2080 1535; x_wconf 89' lang='lat' dir='ltr'>cineris:</span> <span class='ocrx_word' id='word_1_485' title='bbox 2109 1499 2213 1537; x_wconf 90' lang='lat' dir='ltr'>unde</span> <span class='ocrx_word' id='word_1_486' title='bbox 2249 1510 2349 1548; x_wconf 86' lang='lat' dir='ltr'>aqua</span> <span class='ocrx_word' id='word_1_487' title='bbox 2380 1498 2568 1539; x_wconf 75' lang='lat' dir='ltr'>transiens</span> 
     </span>
     <span class='ocr_line' id='line_1_65' title="bbox 1495 1550 2569 1600; baseline 0.005 -13"><span class='ocrx_word' id='word_1_488' title='bbox 1495 1562 1565 1599; x_wconf 90' lang='lat' dir='ltr'>per</span> <span class='ocrx_word' id='word_1_489' title='bbox 1592 1563 1680 1588; x_wconf 89' lang='lat' dir='ltr'>eam</span> <span class='ocrx_word' id='word_1_490' title='bbox 1708 1550 1751 1588; x_wconf 91' lang='lat' dir='ltr'>fit</span> <span class='ocrx_word' id='word_1_491' title='bbox 1778 1551 1887 1588; x_wconf 89' lang='lat' dir='ltr'>salsa.</span> <span class='ocrx_word' id='word_1_492' title='bbox 1918 1551 1968 1589; x_wconf 91' lang='lat' dir='ltr'>Et</span> <span class='ocrx_word' id='word_1_493' title='bbox 1985 1563 2066 1589; x_wconf 91' lang='lat' dir='ltr'>non</span> <span class='ocrx_word' id='word_1_494' title='bbox 2085 1553 2213 1589; x_wconf 89' lang='lat' dir='ltr'>solum</span> <span class='ocrx_word' id='word_1_495' title='bbox 2231 1552 2276 1590; x_wconf 86' lang='lat' dir='ltr'>fit</span> <span class='ocrx_word' id='word_1_496' title='bbox 2293 1553 2403 1600; x_wconf 86' lang='lat' dir='ltr'>salsa,</span> <span class='ocrx_word' id='word_1_497' title='bbox 2429 1559 2471 1591; x_wconf 83' lang='lat' dir='ltr'>et</span> <span class='ocrx_word' id='word_1_498' title='bbox 2495 1552 2569 1598; x_wconf 67' lang='lat' dir='ltr'>sal-</span> 
     </span>
     <span class='ocr_line' id='line_1_66' title="bbox 1495 1603 2566 1656; baseline 0.006 -16"><span class='ocrx_word' id='word_1_499' title='bbox 1495 1603 1669 1641; x_wconf 89' lang='lat' dir='ltr'>sedinem</span> <span class='ocrx_word' id='word_1_500' title='bbox 1698 1603 1830 1652; x_wconf 89' lang='lat' dir='ltr'>recipit</span> <span class='ocrx_word' id='word_1_501' title='bbox 1858 1616 1959 1653; x_wconf 88' lang='lat' dir='ltr'>aqua</span> <span class='ocrx_word' id='word_1_502' title='bbox 1988 1617 2035 1642; x_wconf 86' lang='lat' dir='ltr'>ex</span> <span class='ocrx_word' id='word_1_503' title='bbox 2060 1612 2161 1642; x_wconf 85' lang='lat' dir='ltr'>terra</span> <span class='ocrx_word' id='word_1_504' title='bbox 2186 1618 2256 1654; x_wconf 91' lang='lat' dir='ltr'>per</span> <span class='ocrx_word' id='word_1_505' title='bbox 2283 1618 2403 1655; x_wconf 88' lang='lat' dir='ltr'>quam</span> <span class='ocrx_word' id='word_1_506' title='bbox 2422 1605 2566 1656; x_wconf 64' lang='lat' dir='ltr'>uetuit,</span> 
     </span>
    </p>
   </div>
   <div class='ocr_carea' id='block_1_13' title="bbox 1495 1657 2671 1710">
    <p class='ocr_par' dir='ltr' id='par_1_14' title="bbox 1495 1657 2671 1710">
     <span class='ocr_line' id='line_1_67' title="bbox 1495 1657 2671 1710; baseline 0.002 -16"><span class='ocrx_word' id='word_1_507' title='bbox 1495 1657 1562 1694; x_wconf 89' lang='lat' dir='ltr'>sed</span> <span class='ocrx_word' id='word_1_508' title='bbox 1583 1657 1697 1694; x_wconf 89' lang='lat' dir='ltr'>etiam</span> <span class='ocrx_word' id='word_1_509' title='bbox 1726 1657 1820 1694; x_wconf 87' lang='lat' dir='ltr'>alios</span> <span class='ocrx_word' id='word_1_510' title='bbox 1849 1670 2019 1707; x_wconf 85' lang='lat' dir='ltr'>sapores,</span> <span class='ocrx_word' id='word_1_511' title='bbox 2045 1666 2087 1696; x_wconf 92' lang='lat' dir='ltr'>ut</span> <span class='ocrx_word' id='word_1_512' title='bbox 2115 1659 2331 1697; x_wconf 84' lang='lat' dir='ltr'>manifestat</span> <span class='ocrx_word' id='word_1_513' title='bbox 2353 1671 2423 1709; x_wconf 87' lang='lat' dir='ltr'>per</span> <span class='ocrx_word' id='word_1_514' title='bbox 2449 1671 2568 1710; x_wconf 58' lang='lat' dir='ltr'>quae.-</span> <span class='ocrx_word' id='word_1_515' title='bbox 2623 1692 2627 1696; x_wconf 92' lang='lat'>.</span> <span class='ocrx_word' id='word_1_516' title='bbox 2664 1676 2671 1684; x_wconf 90' lang='lat'><strong>·</strong></span> 
     </span>
    </p>
   </div>
   <div class='ocr_carea' id='block_1_14' title="bbox 1495 1710 2290 1761">
    <p class='ocr_par' dir='ltr' id='par_1_15' title="bbox 1495 1710 2290 1761">
     <span class='ocr_line' id='line_1_68' title="bbox 1495 1710 2290 1761; baseline 0.004 -14"><span class='ocrx_word' id='word_1_517' title='bbox 1495 1710 1586 1748; x_wconf 91' lang='lat' dir='ltr'>darn</span> <span class='ocrx_word' id='word_1_518' title='bbox 1615 1711 1808 1760; x_wconf 85' lang='lat' dir='ltr'>exempla:</span> <span class='ocrx_word' id='word_1_519' title='bbox 1840 1719 1876 1748; x_wconf 87' lang='lat' dir='ltr'>et</span> <span class='ocrx_word' id='word_1_520' title='bbox 1903 1711 2024 1749; x_wconf 83' lang='lat' dir='ltr'>littera</span> <span class='ocrx_word' id='word_1_521' title='bbox 2051 1712 2167 1761; x_wconf 81' lang='lat' dir='ltr'>plana</span> <span class='ocrx_word' id='word_1_522' title='bbox 2194 1720 2250 1750; x_wconf 85' lang='lat' dir='ltr'>est</span> <span class='ocrx_word' id='word_1_523' title='bbox 2264 1717 2290 1750; x_wconf 71' lang='lat' dir='ltr'>P.</span> 
     </span>
    </p>
   </div>
   <div class='ocr_carea' id='block_1_15' title="bbox 1547 1763 2584 1815">
    <p class='ocr_par' dir='ltr' id='par_1_16' title="bbox 1547 1763 2584 1815">
     <span class='ocr_line' id='line_1_69' title="bbox 1547 1763 2584 1815; baseline 0.006 -15"><span class='ocrx_word' id='word_1_524' title='bbox 1547 1763 1689 1801; x_wconf 89' lang='lat' dir='ltr'>Ultimo</span> <span class='ocrx_word' id='word_1_525' title='bbox 1718 1771 1849 1802; x_wconf 89' lang='lat' dir='ltr'>autem</span> <span class='ocrx_word' id='word_1_526' title='bbox 1878 1765 2099 1814; x_wconf 89' lang='lat' dir='ltr'>recapitulat</span> <span class='ocrx_word' id='word_1_527' title='bbox 2127 1778 2173 1803; x_wconf 87' lang='lat' dir='ltr'>ea</span> <span class='ocrx_word' id='word_1_528' title='bbox 2201 1778 2300 1815; x_wconf 84' lang='lat' dir='ltr'>quae</span> <span class='ocrx_word' id='word_1_529' title='bbox 2329 1766 2430 1805; x_wconf 74' lang='lat' dir='ltr'>dicta</span> <span class='ocrx_word' id='word_1_530' title='bbox 2456 1774 2584 1806; x_wconf 41' lang='lat' dir='ltr'>suntz.</span> 
     </span>
    </p>
   </div>
   <div class='ocr_carea' id='block_1_16' title="bbox 1495 1817 2278 1867">
    <p class='ocr_par' dir='ltr' id='par_1_17' title="bbox 1495 1817 2278 1867">
     <span class='ocr_line' id='line_1_70' title="bbox 1495 1817 2278 1867; baseline 0.005 -14"><span class='ocrx_word' id='word_1_531' title='bbox 1495 1824 1531 1854; x_wconf 93' lang='lat' dir='ltr'>et</span> <span class='ocrx_word' id='word_1_532' title='bbox 1559 1818 1634 1854; x_wconf 92' lang='lat' dir='ltr'>hoc</span> <span class='ocrx_word' id='word_1_533' title='bbox 1662 1817 1777 1855; x_wconf 88' lang='lat' dir='ltr'>etiam</span> <span class='ocrx_word' id='word_1_534' title='bbox 1807 1825 1863 1855; x_wconf 90' lang='lat' dir='ltr'>est</span> <span class='ocrx_word' id='word_1_535' title='bbox 1889 1819 2050 1867; x_wconf 83' lang='lat' dir='ltr'>planum</span> <span class='ocrx_word' id='word_1_536' title='bbox 2078 1819 2118 1856; x_wconf 90' lang='lat' dir='ltr'>in</span> <span class='ocrx_word' id='word_1_537' title='bbox 2145 1818 2278 1857; x_wconf 87' lang='lat' dir='ltr'>littera.</span> 
     </span>
    </p>
   </div>
   <div class='ocr_carea' id='block_1_17' title="bbox 1491 1976 2568 2223">
    <p class='ocr_par' dir='ltr' id='par_1_18' title="bbox 1491 1976 2568 2223">
     <span class='ocr_line' id='line_1_71' title="bbox 1491 1976 2566 2023; baseline 0.004 -22"><span class='ocrx_word' id='word_1_538' title='bbox 1491 1976 1658 2008; x_wconf 81' lang='lat' dir='ltr'>salsedinem,</span> <span class='ocrx_word' id='word_1_539' title='bbox 1677 1980 1704 2002; x_wconf 85' lang='lat' dir='ltr'>et</span> <span class='ocrx_word' id='word_1_540' title='bbox 1723 1977 1789 2002; x_wconf 74' lang='lat' dir='ltr'>dIca&#39;t</span> <span class='ocrx_word' id='word_1_541' title='bbox 1807 1983 1987 2010; x_wconf 80' lang='lat' dir='ltr'>quaecumque</span> <span class='ocrx_word' id='word_1_542' title='bbox 2005 1977 2091 2002; x_wconf 84' lang='grc' dir='ltr'><strong>ΑΒ.-</strong></span> <span class='ocrx_word' id='word_1_543' title='bbox 2103 1978 2192 2003; x_wconf 77' lang='lat' dir='ltr'>Altera</span> <span class='ocrx_word' id='word_1_544' title='bbox 2207 1977 2252 2004; x_wconf 86' lang='lat' dir='ltr'>lin.</span> <span class='ocrx_word' id='word_1_545' title='bbox 2266 1983 2329 2011; x_wconf 83' lang='lat' dir='ltr'>post</span> <span class='ocrx_word' id='word_1_546' title='bbox 2342 1977 2433 2004; x_wconf 76' lang='lat' dir='ltr'>calida</span> <span class='ocrx_word' id='word_1_547' title='bbox 2449 1977 2488 2005; x_wconf 77' lang='lat' dir='ltr'>Pa</span> <span class='ocrx_word' id='word_1_548' title='bbox 2505 1978 2566 2023; x_wconf 68' lang='lat' dir='ltr'>add.</span> 
     </span>
     <span class='ocr_line' id='line_1_72' title="bbox 1493 2011 1682 2037; baseline 0 -1"><span class='ocrx_word' id='word_1_549' title='bbox 1493 2014 1519 2036; x_wconf 79' lang='lat' dir='ltr'>et</span> <span class='ocrx_word' id='word_1_550' title='bbox 1537 2011 1682 2037; x_wconf 79' lang='lat' dir='ltr'>combusta.</span> 
     </span>
     <span class='ocr_line' id='line_1_73' title="bbox 1546 2047 2568 2081; baseline 0.004 -9"><span class='ocrx_word' id='word_1_551' title='bbox 1546 2047 1572 2080; x_wconf 88' lang='grc' dir='ltr'>υ)</span> <span class='ocrx_word' id='word_1_552' title='bbox 1587 2050 1614 2072; x_wconf 79' lang='lat' dir='ltr'>et</span> <span class='ocrx_word' id='word_1_553' title='bbox 1627 2051 1728 2073; x_wconf 84' lang='lat' dir='ltr'>terra..</span> <span class='ocrx_word' id='word_1_554' title='bbox 1731 2051 1914 2074; x_wconf 80' lang='lat' dir='ltr'>.remanet.—</span> <span class='ocrx_word' id='word_1_555' title='bbox 1894 2048 2000 2080; x_wconf 84' lang='lat' dir='ltr'>—quod</span> <span class='ocrx_word' id='word_1_556' title='bbox 2017 2051 2058 2074; x_wconf 76' lang='lat' dir='ltr'>est</span> <span class='ocrx_word' id='word_1_557' title='bbox 2070 2048 2207 2081; x_wconf 78' lang='lat' dir='ltr'>sulphuris</span> <span class='ocrx_word' id='word_1_558' title='bbox 2222 2049 2264 2074; x_wconf 78' lang='lat' dir='ltr'>vel</span> <span class='ocrx_word' id='word_1_559' title='bbox 2281 2048 2396 2075; x_wconf 74' lang='lat' dir='ltr'>alicuius</span> <span class='ocrx_word' id='word_1_560' title='bbox 2413 2049 2568 2076; x_wconf 61' lang='lat' dir='ltr'>m</span> 
     </span>
     <span class='ocr_line' id='line_1_74' title="bbox 1492 2083 2532 2119; baseline 0.006 -12"><span class='ocrx_word' id='word_1_561' title='bbox 1492 2083 1540 2108; x_wconf 80' lang='lat' dir='ltr'>sed</span> <span class='ocrx_word' id='word_1_562' title='bbox 1558 2086 1633 2108; x_wconf 86' lang='lat' dir='ltr'>terra</span> <span class='ocrx_word' id='word_1_563' title='bbox 1651 2086 1773 2109; x_wconf 85' lang='lat' dir='ltr'>remanet</span> <span class='ocrx_word' id='word_1_564' title='bbox 1791 2084 1876 2109; x_wconf 87' lang='grc' dir='ltr'>ΑΒ.-</span> <span class='ocrx_word' id='word_1_565' title='bbox 1890 2083 1971 2109; x_wconf 84' lang='lat' dir='ltr'>Iidem</span> <span class='ocrx_word' id='word_1_566' title='bbox 1990 2089 2051 2117; x_wconf 82' lang='lat' dir='ltr'>post</span> <span class='ocrx_word' id='word_1_567' title='bbox 2070 2084 2106 2110; x_wconf 84' lang='lat' dir='ltr'>Et</span> <span class='ocrx_word' id='word_1_568' title='bbox 2124 2092 2177 2110; x_wconf 85' lang='lat' dir='ltr'>non</span> <span class='ocrx_word' id='word_1_569' title='bbox 2195 2085 2282 2110; x_wconf 76' lang='lat' dir='ltr'>solum</span> <span class='ocrx_word' id='word_1_570' title='bbox 2296 2093 2351 2111; x_wconf 86' lang='lat' dir='ltr'>om.</span> <span class='ocrx_word' id='word_1_571' title='bbox 2360 2085 2532 2119; x_wconf 56' lang='grc' dir='ltr'>βαύκα-</span> 
     </span>
     <span class='ocr_line' id='line_1_75' title="bbox 1546 2118 2567 2152; baseline 0.003 -9"><span class='ocrx_word' id='word_1_572' title='bbox 1546 2118 1574 2152; x_wconf 84' lang='grc' dir='ltr'>φ)</span> <span class='ocrx_word' id='word_1_573' title='bbox 1589 2122 1616 2143; x_wconf 91' lang='lat' dir='ltr'>et</span> <span class='ocrx_word' id='word_1_574' title='bbox 1628 2119 1719 2144; x_wconf 86' lang='lat' dir='ltr'>littera</span> <span class='ocrx_word' id='word_1_575' title='bbox 1729 2119 1815 2151; x_wconf 84' lang='lat' dir='ltr'>plana</span> <span class='ocrx_word' id='word_1_576' title='bbox 1830 2121 1877 2145; x_wconf 70' lang='lat' dir='ltr'>est.</span> <span class='ocrx_word' id='word_1_577' title='bbox 1886 2119 2003 2151; x_wconf 79' lang='lat' dir='ltr'>-posita</span> <span class='ocrx_word' id='word_1_578' title='bbox 2017 2120 2054 2144; x_wconf 84' lang='lat' dir='ltr'>ad</span> <span class='ocrx_word' id='word_1_579' title='bbox 2068 2119 2195 2150; x_wconf 80' lang='lat' dir='ltr'>litteram,</span> <span class='ocrx_word' id='word_1_580' title='bbox 2211 2123 2237 2145; x_wconf 84' lang='lat' dir='ltr'>et</span> <span class='ocrx_word' id='word_1_581' title='bbox 2244 2121 2332 2152; x_wconf 85' lang='lat' dir='ltr'>plana</span> <span class='ocrx_word' id='word_1_582' title='bbox 2343 2120 2474 2146; x_wconf 71' lang='grc' dir='ltr'>εεΙΑΒ.’-</span> <span class='ocrx_word' id='word_1_583' title='bbox 2484 2119 2567 2146; x_wconf 74' lang='lat' dir='ltr'>fldem</span> 
     </span>
     <span class='ocr_line' id='line_1_76' title="bbox 1492 2154 2566 2189; baseline 0.005 -11"><span class='ocrx_word' id='word_1_584' title='bbox 1492 2161 1541 2187; x_wconf 88' lang='lat' dir='ltr'>pro</span> <span class='ocrx_word' id='word_1_585' title='bbox 1563 2154 1662 2180; x_wconf 88' lang='lat' dir='ltr'>Ultimo</span> <span class='ocrx_word' id='word_1_586' title='bbox 1681 2160 1730 2180; x_wconf 90' lang='lat' dir='ltr'>etc.</span> <span class='ocrx_word' id='word_1_587' title='bbox 1749 2155 1854 2188; x_wconf 85' lang='lat' dir='ltr'>legunt.</span> <span class='ocrx_word' id='word_1_588' title='bbox 1880 2154 1980 2180; x_wconf 84' lang='lat' dir='ltr'>Ultimo</span> <span class='ocrx_word' id='word_1_589' title='bbox 1999 2156 2081 2181; x_wconf 83' lang='lat' dir='ltr'>etiam</span> <span class='ocrx_word' id='word_1_590' title='bbox 2100 2155 2262 2188; x_wconf 77' lang='lat' dir='ltr'>recapitulat</span> <span class='ocrx_word' id='word_1_591' title='bbox 2279 2163 2348 2189; x_wconf 77' lang='lat' dir='ltr'>quae</span> <span class='ocrx_word' id='word_1_592' title='bbox 2366 2156 2450 2183; x_wconf 62' lang='lat' dir='ltr'>dm.</span> <span class='ocrx_word' id='word_1_593' title='bbox 2456 2158 2521 2183; x_wconf 68' lang='lat' dir='ltr'>unt</span> <span class='ocrx_word' id='word_1_594' title='bbox 2538 2155 2566 2183; x_wconf 66' lang='lat' dir='ltr'>h</span> 
     </span>
     <span class='ocr_line' id='line_1_77' title="bbox 1491 2190 2001 2223; baseline 0.002 -8"><span class='ocrx_word' id='word_1_595' title='bbox 1491 2190 1591 2219; x_wconf 80' lang='lat' dir='ltr'>littera,</span> <span class='ocrx_word' id='word_1_596' title='bbox 1611 2193 1638 2215; x_wconf 87' lang='lat' dir='ltr'>et</span> <span class='ocrx_word' id='word_1_597' title='bbox 1656 2190 1705 2216; x_wconf 88' lang='lat' dir='ltr'>hoc</span> <span class='ocrx_word' id='word_1_598' title='bbox 1723 2190 1804 2216; x_wconf 84' lang='lat' dir='ltr'>etiam</span> <span class='ocrx_word' id='word_1_599' title='bbox 1819 2191 1934 2223; x_wconf 76' lang='lat' dir='ltr'>planum</span> <span class='ocrx_word' id='word_1_600' title='bbox 1953 2195 2001 2216; x_wconf 82' lang='lat' dir='ltr'>est.</span> 
     </span>
    </p>
   </div>
   <div class='ocr_carea' id='block_1_18' title="bbox 1029 2757 1892 2995">
    <p class='ocr_par' dir='ltr' id='par_1_19' title="bbox 1029 2757 1892 2995">
     <span class='ocr_line' id='line_1_78' title="bbox 1029 2757 1892 2995; baseline 0 1139"><span class='ocrx_word' id='word_1_601' title='bbox 1029 2757 1892 2995; x_wconf 95' lang='lat' dir='ltr'> </span> 
     </span>
    </p>
   </div>
   <div class='ocr_carea' id='block_1_19' title="bbox 2597 368 2782 428">
    <p class='ocr_par' dir='ltr' id='par_1_20' title="bbox 2597 368 2782 428">
     <span class='ocr_line' id='line_1_79' title="bbox 2597 368 2782 428; baseline 0.005 -32"><span class='ocrx_word' id='word_1_602' title='bbox 2597 368 2782 428; x_wconf 43' lang='lat' dir='ltr'>“qmssoff</span> 
     </span>
    </p>
   </div>
   <div class='ocr_carea' id='block_1_20' title="bbox 2623 428 2782 4134">
    <p class='ocr_par' dir='ltr' id='par_1_21' title="bbox 2623 428 2782 4134">
     <span class='ocr_line' id='line_1_80' title="bbox 2623 428 2782 4134; baseline 0 0"><span class='ocrx_word' id='word_1_603' title='bbox 2623 428 2782 4134; x_wconf 95' lang='lat' dir='ltr'> </span> 
     </span>
    </p>
   </div>
  </div>
 </body>
</html>
