2690 4062
598 311 2012 400 METEOROLOGICORUM

1092 519 1367 584 LIBER
1414 521 1501 585 111

859 887 1737 971 LECTIOPRIMA

938 1073 942 1076 ,
991 1041 1050 1072 DE
1073 1040 1293 1072 ECNEPHIA
1315 1041 1374 1072 ET
1397 1041 1606 1073 TYPHONE

197 1185 430 1237 Περῦςθὲτῶᾪ
456 1184 651 1221 ὗπολοίπων
685 1188 832 1232 εἴπωμεν
865 1189 969 1234 ἔργων
1001 1188 1065 1226 τῆς
1097 1188 1271 1232 ἐκκρίσεως

266 1233 420 1275 ταύτης,
447 1233 508 1266 τὰν
534 1232 747 1280 ὑφηγημένον
773 1229 839 1271 ἤδη
866 1231 994 1277 τρόπον
1017 1232 1196 1279 λέγοντες·

198 1278 243 1314 τὸ
265 1278 331 1326 γὰρ
357 1278 493 1322 πνεῦμα
512 1278 621 1310 τοῦτο
640 1277 870 1322 ἐκκρινόμενον
895 1277 992 1310 κατα
1008 1277 1112 1322 μικροὶ
1128 1277 1188 1320 μὲν
1212 1279 1270 1309 καὶ

265 1318 441 1367 σποράδην
467 1318 690 1368 διαχεόμενον
723 1323 784 1354 καὶ
816 1321 981 1359 πολλάκις
1005 1322 1179 1368 γινόμενον
1212 1323 1271 1354 καὶ

263 1362 429 1400 διαπνέον
452 1368 511 1399 καὶ
535 1368 645 1400 λεπτο
673 1365 846 1422 ερέστερον
872 1365 907 1398 ὃν
932 1366 1078 1420 βροντάς
1099 1369 1191 1398 ποιεῖ
1212 1368 1270 1398 καὶ

214 1423 217 1457 j
267 1411 469 1458 ὀστραπάς·
498 1410 537 1443 ἂν
561 1406 592 1442 δ’
615 1378 736 1456 ἀθιροον
766 1412 826 1443 καὶ
852 1421 1077 1455 πυκνοτερον,
1103 1410 1212 1448 ἦττον
1237 1405 1267 1442 δ’

199 1471 226 1500 ’ἡ
252 1455 401 1503 ’ὶκκριθῇ
431 1455 585 1497 λεπτὸν,
612 1456 766 1500 ἐκνεφίας
793 1455 914 1499 ἄνεμος
945 1457 1100 1502 γίνεται·
1125 1451 1180 1487 διὸ
1211 1457 1271 1487 καὶ

204 1510 207 1511 ’
262 1501 394 1544 βίαιος·
419 1500 463 1533 τό
479 1500 544 1546 γαρ
563 1499 672 1546 τάχος
690 1501 753 1538 τῆς
775 1499 950 1544 ἐκκρίσεως
969 1504 1060 1533 ποιεῖ
1075 1500 1141 1537 τήν
1157 1499 1268 1544 ἰσχύν.

189 1544 300 1581 Ὅταν
324 1545 384 1590 μὶν
410 1543 467 1578 οὗν
492 1543 773 1588 συνακολουθῆσῃ
795 1544 908 1582 πολλή
931 1545 991 1576 καὶ
1007 1545 1149 1590 συνεχής
1167 1544 1272 1588 ἔκκρι-

201 1600 203 1603 ’
262 1602 333 1634 σος,
360 1589 420 1623 τὸν
446 1589 555 1622 αὐτὸν
579 1590 715 1635 γίνεται
748 1588 877 1632 τρόπον
909 1588 1021 1634 ὥσπερ
1054 1588 1140 1622 ὅταν
1166 1587 1270 1621 πάλιν

265 1635 312 1674 αἱς
335 1632 539 1669 τούναντίον
567 1633 718 1678 ὁρμήσῃ·
746 1633 830 1667 τότε
855 1634 922 1680 γάρ
943 1633 1042 1672 ὑετὸς
1065 1636 1125 1666 καὶ
1143 1629 1270 1671 ὕδατος

222 1720 226 1724 ὁ
262 1682 400 1728 γίνεται
432 1679 574 1716 πλῆθος.
613 1678 784 1725 ’Υπάρχει
817 1678 877 1723 μὲν
911 1676 968 1711 οὖν
999 1678 1097 1723 ἄμφω
1128 1673 1270 1722 δυνάμει

204 1732 216 1749 ”
262 1725 386 1759 ταῦτα
413 1722 512 1756 κατα
534 1722 600 1759 τήν
626 1721 727 1760 ὕλην·
754 1722 839 1756 ὅταν
864 1721 895 1754 δ’
923 1723 1012 1769 ἀρχή
1035 1722 1182 1770 γένηται
1206 1723 1269 1760 τῆς

248 1765 438 1813 ’δυνάμεως
474 1768 733 1810 ὀποτερασοῦν,
768 1766 948 1801 ἀκολουθεῖ
977 1766 1269 1812 συνεκκρινόμενον

265 1814 303 1848 ὶκ
326 1814 390 1851 τῆς
417 1812 497 1852 ὕλης
523 1811 690 1855 ὁποτέρου
718 1811 756 1844 οἳν
783 1811 912 1851 πλῆθος
938 1812 1113 1857 ἑνυπάρχη
1138 1813 1268 1853 πλεῖον,

262 1860 322 1892 καὶ
345 1860 480 1905 γίνεται
505 1856 547 1889 ‘ro'
572 1856 632 1900 μὲν
660 1856 795 1902 ὄμβρος,
823 1857 866 1890 τό
890 1855 928 1888 δὲ
954 1858 1017 1895 τῆς
1043 1845 1162 1900 ἐτέρας
1190 1854 1270 1888 ἀνα-

262 1902 452 1949 θυμιάσεως
477 1902 644 1945 ἐκνεφίας.

187 1947 299 1982 Ὅταν
323 1943 362 1981 δὲ
387 1947 430 1980 τό
455 1944 686 1990 ἐκκρινόμενον
713 1946 796 1977 πνεῦ
826 1957 848 1978 α
874 1945 915 1980 τὸ
933 1944 968 1978 ἐν
986 1946 1035 1987 τῷ
1053 1943 1143 1989 νέφει
1169 1943 1270 1989 ἑτέρῳ

200 1997 210 2002 ’“
247 1990 500 2035 Ᾰᾶντιτυπήσῃ,
519 1989 627 2028 οὕτως
651 1988 763 2035 ὥσπερ
810 2002 876 2023 ταν
902 1988 937 2031 ἐξ
955 1990 1067 2035 εὐρέος
1085 1990 1130 2028 εἰς
1150 1988 1270 2021 στενὸν

261 2033 428 2081 βιάζηται
446 2036 463 2068 ό
483 2035 604 2080 ἄνεμος
625 2032 659 2066 ἐν
677 2033 816 2077 πύλαις,
836 2033 858 2072 ἦ
877 2029 985 2073 ὁδοῖς·
1011 2032 1271 2088 συμβαίνειιγσὶρ
1317 2046 1320 2050 ’

224 2088 227 2095 '
261 2081 430 2119 πολλάκις
454 2080 488 2113 ἐν
513 2084 585 2118 τοῖς
609 2078 782 2117 τοιούτοις
809 2077 1027 2118 ἀπωσθέντος
1051 2090 1116 2112 του
1135 2090 1270 2121 πρωτου

237 2131 239 2133 “
288 2137 307 2160 ο
327 2128 378 2160 ίου
403 2126 468 2159 τοῦ
491 2124 630 2170 ῥέοντος
653 2122 815 2169 σώματος
839 2119 900 2157 διαὶ
923 2124 965 2157 τὸ
991 2124 1038 2161 μή
1065 2124 1226 2164 ὖπείκειν,
1249 2121 1270 2159 ἦ

261 2138 325 2205 gig
338 2169 552 2211 στενότητα,
572 2167 594 2206 ἦ
611 2163 671 2200 διαὶ
687 2168 729 2201 τό
747 2169 936 2209 ἀντιπνεῖν,
953 2166 1077 2201 κύκλον
1101 2169 1160 2199 καὶ
1177 2162 1269 2204 δίνην

204 2228 209 2229 ’
260 2215 415 2264 γίνεσθαι
439 2215 503 2248 τοῦ
528 2212 743 2256 πνεύματος·
770 2214 812 2246 τό
837 2213 897 2258 μὲν
921 2213 986 2259 γάρ
1004 2214 1049 2251 εἰς
1067 2212 1109 2245 τὸ
1127 2210 1269 2256 πρόσθεν

205 2272 210 2274 ·
231 2296 233 2298 ,
260 2259 385 2294 κωλύει
402 2258 570 2303 προϊέναι,
589 2258 631 2290 τὸ
651 2251 681 2288 δ’
703 2257 839 2291 ὄπισθεν
858 2258 995 2299 ὲπωθεῖ,
1013 2256 1093 2289 ὥστ’
1117 2255 1271 2302 ἀναγκά-

260 2305 363 2350 ζεται
387 2305 433 2343 εἰς
458 2303 500 2336 τὸ
521 2303 594 2336 πλά
620 2313 683 2343 ιον,
702 2302 724 2346 ᾗ
743 2302 781 2335 οὗ
806 2302 993 2344 κωλύεται,
1015 2300 1186 2347 φέρεσθαι,
1209 2301 1269 2332 καὶ

263 2349 373 2389 οὕτως
399 2350 451 2382 ἀεὶ
477 2347 518 2381 τὸ
549 2348 590 2394 ἐχ
612 2357 730 2390 μενον,
757 2346 816 2385 ἕως
845 2345 884 2379 οἲν
911 2348 944 2379 ἓν
968 2346 1134 2394 γένηται,
1161 2345 1269 2378 τοῦτο

261 2388 295 2427 δ’
317 2394 392 2428 ἔστί
416 2392 556 2430 κύκλος·
585 2393 623 2425 οὗ
647 2392 712 2447 γάρ
739 2393 802 2436 μία
825 2391 914 2435 φοραὶ
937 2390 1133 2437 σχήματος,
1161 2390 1269 2422 τοῦτο

261 2440 323 2472 καὶ
348 2437 436 2471 αὗτό
464 2436 597 2484 ἀνάγκη
622 2439 746 2468 κυκλον
764 2433 862 2468 εἶναι.
894 2436 975 2468 Ἐπί
995 2447 1033 2468 τε
1050 2436 1114 2472 τῆς
1131 2434 1194 2481 γῆς
1212 2431 1269 2466 οὗν

262 2479 324 2517 διὰ
347 2483 467 2517 ταῦτα
499 2484 655 2528 γίνονται
685 2483 715 2513 οἱ
748 2476 854 2520 δῖνοι,
879 2483 937 2513 καὶ
971 2481 1004 2512 ἐν
1037 2483 1108 2516 τοῖς
1141 2478 1270 2522 νέφεσιν

264 2529 387 2574 ὁμοίως
411 2527 510 2559 κατα
534 2526 600 2564 τήν
627 2524 754 2572 ἀρχῆν,

197 2573 288 2612 πλήν
314 2571 383 2614 ὅτι,
409 2570 520 2616 ὥσπερ
546 2570 632 2604 ὅταν
659 2569 813 2613 ἐκνεφίας
837 2571 1000 2616 γίνηται,
1030 2567 1082 2600 ἀεὶ
1108 2567 1150 2599 τό
1175 2565 1270 2611 νέφος

265 2617 456 2662 ὃκκρίνεται
486 2618 545 2648 καὶ
575 2617 707 2662 γίνεται
739 2625 814 2646 συνε
843 2614 882 2652 ἧς
915 2614 1058 2657 ἄνεμος,
1085 2611 1193 2649 οὕτως
1223 2611 1272 2644 ἒν-

264 2660 380 2696 ταῦθα
406 2658 459 2692 ἀεὶ
483 2659 526 2693 τὸ
549 2660 685 2705 συνεχὲς
706 2659 831 2691 ἀκολου
855 2662 886 2690 εἴ
909 2658 972 2690 τοῦ
989 2657 1120 2701 νέφους.
1149 2656 1213 2688 Aroe
1232 2651 1270 2687 δέ

265 2704 471 2743 πυκνότητα
503 2705 542 2736 οὗ
573 2699 760 2748 δυνάμενον
789 2701 983 2747 ἐκκριθῆναι
1009 2701 1050 2733 τό
1076 2701 1211 2744 πνεῦμα
1236 2698 1272 2732 ἐκ

265 2751 330 2784 τοῦ
354 2749 470 2794 νέφους
496 2747 683 2793 στρέφεται
707 2747 767 2791 μὲν
791 2746 902 2788 κύκλῳ
921 2746 963 2779 τό
980 2746 1114 2789 πρῶτον
1132 2740 1192 2777 διαὶ
1207 2744 1271 2781 τήν

262 2793 440 2841 εἰρημένην
468 2794 584 2834 αἰτία,

198 2841 339 2888 φέρεται
362 2834 402 2871 δὲ
423 2837 523 2870 κάτω
556 2833 615 2869 δισὶ
646 2834 774 2870 τό,ἀεὶ
807 2836 856 2868 τοὶ
886 2833 966 2878 νέφη
993 2831 1222 2873 πυκνοῦσθαι,
1250 2832 1272 2875 ’ᾖ

267 2884 429 2918 ἐκπίπτει
454 2882 496 2915 vd
520 2879 654 2925 θερμόν.
681 2881 851 2912 Καλεῖται
876 2875 922 2920 δ’,
943 2878 982 2912 ἂν
1006 2877 1271 2924 ἀχρωμάτιστον

268 2927 304 2973 ᾖ,
331 2928 438 2961 τοῦτο
463 2926 505 2959 τὸ
531 2925 639 2963 πάθος
664 2924 790 2969 τυφών,
811 2924 931 2969 ἄνεμος
957 2923 1015 2965 ὢν,
1034 2925 1102 2955 οἷον
1122 2920 1273 2967 ἐκνεφίας

269 2974 440 3010 ἄπεπτος.

198 3018 344 3063 Βορείοις
370 3012 399 3048 δ’
422 3016 460 3048 οὗ
485 3017 619 3062 γίνεται
644 3012 768 3058 τυφών,
790 3007 868 3046 οὐδὲ
891 3013 1034 3056 νιφετῶν
1054 3011 1159 3044 ὄντων
1186 3008 1274 3042 ὲκνε-

267 3065 365 3109 φίας,
391 3056 452 3092 διαὶ
475 3060 518 3092 τό
544 3058 663 3093 πάντα
692 3058 800 3091 ταῦτ’
825 3055 912 3090 εἶναι
937 3057 1144 3100 πνεύματα,
1170 3055 1212 3087 τὸ
1237 3049 1275 3086 δὲ

268 3107 404 3151 πνεῦμα
429 3104 533 3147 ξηροὶν
559 3101 645 3136 εἶναι
669 3103 728 3134 καὶ
753 3102 876 3148 θερμὴν
896 3100 1135 3146 ἀναθυμίασιν.
1159 3100 1196 3130 '0
1216 3097 1274 3131 οὖν

269 3150 382 3198 πάγος
404 3150 464 3181 καὶ
490 3149 532 3181 τὸ
556 3148 662 3194 ψῦχος
686 3141 747 3180 διαὶ
767 3148 808 3180 τό
833 3150 971 3192 κρατεῖν
989 3146 1160 3187 σβέννυσιν
1179 3142 1275 3180 εὐθύς

267 3194 446 3244 γινομένην
473 3193 525 3225 ἔτι
550 3193 615 3230 τήν
643 3193 681 3233 ἀρ
710 3191 769 3228 η’ν·
797 3191 852 3224 ὅτι
871 3187 909 3223 δέ
933 3195 1067 3245 κρατεῖ,
1086 3185 1209 3226 δῆλον·
1236 3188 1275 3219 οὐ

267 3240 334 3288 γοὶρ
353 3239 392 3272 ἂν
410 3237 452 3278 ἦν
472 3238 620 3281 νιφετός,
641 3204 721 3271 ούέἐ
743 3236 860 3281 βόρεια
877 3235 926 3268 τοὶ
943 3233 1046 3280 υγρά·
1074 3233 1193 3267 ταῦτα
1208 3231 1274 3278 γοὶρ

269 3284 447 3330 συμβαίνει
470 3282 665 3328 κρατούσης
689 3278 775 3315 εἶναι
800 3281 864 3318 τῆς
888 3279 1114 3325 ψυχρότητος.

202 3331 338 3362 Γίνεται
361 3329 422 3374 μὲν
449 3326 506 3360 οὖν
532 3327 657 3371 τυφών,
678 3326 763 3359 ὅταν
788 3325 860 3358 ἑκνε
888 3327 940 3361 ίας
956 3322 1130 3399 γινόὲιενος
1151 3319 1198 3365 μὴ
1220 3315 1277 3350 δύ-

269 3385 375 3412 νηται
400 3372 595 3418 ἐκκριθῆναι
621 3372 684 3404 τοῦ
708 3369 843 3424 νέφους·
864 3335 946 3400 Ἐστι
971 3363 1008 3400 δὲ
1048 3366 1085 3399 ιοὶ
1101 3365 1164 3402 τῆν
1185 3364 1279 3397 ἀντί-

269 3430 401 3463 κρουσιν
429 3420 491 3455 τῆς
517 3415 625 3458 δίνην,
646 3415 731 3449 ὅταν
751 3416 805 3446 επὶ
822 3413 886 3460 γῆς
910 3411 1056 3456 φέρηται
1073 3411 1094 3447 η’
1113 3409 1182 3450 ἕλιξ
1200 3420 1277 3453 συγ-

270 3462 478 3509 κατάγουσα
503 3461 545 3494 τό
571 3460 679 3504 νέφος,
708 3459 746 3492 οὗ
772 3455 940 3502 δυναμένη
969 3454 1195 3491 ἀπολυθῆναι.
1231 3452 1276 3497 ’ῌ

272 3502 311 3539 δέ
333 3505 416 3540 κατ’
434 3506 614 3550 εὐθυωρίαν
634 3506 762 3544 ἐκπνεῖ,
783 3501 898 3544 ταύτῃ
917 3502 965 3541 τῷ
985 3499 1155 3543 πνεύματι
1178 3503 1274 3539 κινεῖ,

272 3553 331 3583 καὶ
364 3552 409 3594 τῇ
442 3550 551 3591 κύκλῳ
584 3549 712 3586 κινήσει
743 3546 878 3592 στρέφει
906 3547 966 3577 καὶ
998 3542 1154 3587 ἀναφέρει
1185 3540 1210 3583 ᾧ
1237 3542 1275 3575 ἂν

274 3597 451 3640 προσπέσῃ
477 3593 690 3638 βιαζόμενον.

1325 1190 1341 1208 *
1357 1193 1405 1223 De
1421 1193 1553 1224 residuis
1576 1199 1684 1224 autem
1707 1193 1849 1225 dicamus
1870 1195 2018 1235 operibus
2041 1196 2266 1239 segregationis
2282 1196 2391 1235 huius,
2419 1204 2429 1214 *

1393 1237 1600 1278 praeinducto
1622 1237 1687 1268 iam
1710 1239 1809 1269 modo
1834 1239 1981 1270 dicentes.

1327 1282 1461 1323 Spiritus
1485 1282 1570 1312 enim
1593 1282 1644 1313 hic
1663 1290 1852 1323 segregatus,
1875 1293 1932 1324 per
1955 1284 2082 1315 modica
2103 1284 2234 1325 quidem
2257 1291 2288 1316 et
2306 1295 2391 1325 spar—

1394 1326 1455 1356 sim
1478 1326 1610 1357 diffusus
1634 1333 1665 1357 et
1687 1337 1780 1368 saepe
1803 1327 1903 1358 factus
1927 1334 1958 1358 et
1978 1327 2112 1368 perflans
2135 1335 2166 1360 et
2189 1329 2392 1360 subtiliorum

1394 1371 1533 1412 partium
1564 1371 1716 1410 existens,
1747 1371 1888 1402 tonitrua
1922 1371 1995 1405 facit
2024 1378 2055 1403 et
2085 1373 2334 1411 coruscationes3
2365 1373 2391 1403 si

1393 1421 1500 1446 autem
1523 1415 1644 1446 multus
1667 1414 1762 1446 fuerit
1785 1422 1815 1446 et
1839 1415 1983 1456 spissior,
2007 1416 2113 1447 minus
2136 1423 2243 1447 autem
2269 1417 2391 1448 subtilis

1394 1465 1582 1499 segregetur,
1607 1458 1774 1499 ecnephias
1796 1458 1832 1490 fit
1853 1466 1984 1498 ventus;
2007 1466 2136 1500 propter
2157 1461 2247 1501 quod
2270 1467 2301 1492 et
2322 1461 2391 1492 vio-

1392 1503 1513 1534 lentus:
1539 1502 1678 1534 celeritas
1702 1503 1788 1533 enim
1811 1503 2034 1543 segregationis
2057 1504 2130 1535 facit
2150 1505 2353 1536 validitatem.

1326 1548 1466 1585 Quando
1490 1547 1622 1588 quidem
1636 1546 1732 1587 igitur
1747 1554 1930 1588 assequatur
1946 1548 2047 1579 multa
2070 1555 2102 1579 et
2125 1549 2274 1580 continua
2288 1559 2392 1589 segre-

1392 1591 1489 1632 gatio,
1505 1591 1620 1622 eodem
1645 1590 1681 1622 fit
1703 1591 1802 1622 modo
1826 1592 2102 1632 quemadmodum
2125 1603 2199 1623 cum
2220 1593 2336 1624 iterum
2358 1593 2391 1623 in

1393 1635 1586 1667 contrarium
1614 1642 1795 1666 moveatur:
1820 1641 1896 1666 tunc
1926 1635 2011 1666 enim
2040 1636 2075 1667 fit
2096 1636 2203 1677 pluvia
2231 1643 2262 1668 et
2291 1647 2392 1678 aquae

1393 1679 1578 1710 multitudo.
1602 1679 1749 1710 Existunt
1771 1679 1903 1721 quidem
1925 1680 2020 1720 igitur
2042 1681 2136 1711 ambo
2160 1680 2236 1719 haec
2250 1682 2392 1722 potentia

1393 1724 1571 1755 secundum
1601 1723 1774 1755 materiam.
1807 1723 1894 1755 Cum
1924 1731 2031 1755 autem
2058 1724 2250 1765 principium
2272 1725 2391 1756 factum

1394 1768 1489 1799 fuerit
1503 1768 1663 1809 potentiae
1680 1768 1921 1809 cuiuscumque,
1939 1768 2142 1809 consequitur
2156 1776 2339 1800 concretum
2354 1779 2391 1800 ex

1393 1812 1538 1851 materia3
1558 1812 1789 1853 cuiuscumque
1803 1819 1911 1843 autem
1926 1812 2020 1843 fuerit
2034 1813 2207 1843 multitudo
2224 1813 2390 1844 inexistens

1392 1857 1540 1898 amplior,
1552 1856 1708 1896 amplius;
1732 1863 1763 1887 et
1777 1855 1813 1887 fit
1826 1856 1903 1887 haec
1919 1857 2049 1898 quidem
2064 1857 2175 1896 imber,
2187 1858 2264 1889 haec
2284 1863 2391 1888 autem

1393 1901 1520 1932 alterius
1543 1900 1749 1931 exhalationis
1773 1901 1950 1941 ecnephias.

1326 1946 1466 1984 Quando
1482 1951 1590 1975 autern
1609 1951 1788 1985 segregatus
1804 1945 1930 1985 spiritus
1947 1944 2002 1986 qui
2018 1944 2051 1975 in
2066 1945 2151 1975 nube
2165 1944 2252 1976 alteri
2268 1952 2389 1977 contra-

1393 1989 1598 2031 percusserit,
1627 1989 1671 2020 sic
1694 1995 1731 2020 ut
1753 1989 1883 2030 quando
1912 1999 1948 2020 ex
1978 1989 2087 2030 amplo
2110 1988 2143 2019 in
2166 1996 2337 2029 angustum
2359 1990 2390 2020 vi

1394 2035 1511 2065 feratur
1533 2040 1646 2064 ventus
1669 2034 1702 2064 in
1725 2033 1844 2074 portis,
1869 2040 1924 2064 aut
1946 2033 2022 2064 viis:
2047 2033 2158 2064 accidit
2188 2033 2274 2064 enim
2296 2044 2388 2074 saepe

1392 2078 1426 2109 in
1441 2078 1567 2115 talibus,
1583 2078 1708 2118 repulsa
1729 2077 1831 2118 prima
1846 2084 1933 2118 parte
1957 2077 2082 2108 fluentis
2099 2077 2239 2118 corporis
2262 2085 2391 2118 propter

1392 2132 1459 2153 non
1483 2122 1669 2160 succedere,
1693 2128 1748 2152 aut
1770 2128 1901 2162 propter
1923 2121 2160 2159 arctitudinem‚
2185 2128 2239 2152 aut
2261 2128 2391 2162 propter

1392 2172 1599 2207 repercutere,
1621 2165 1776 2197 circulum
1792 2171 1822 2196 et
1836 2165 2068 2196 revolutionem
2090 2164 2157 2195 fieri
2173 2165 2316 2206 spiritus;
2339 2166 2390 2196 hic

1391 2211 1524 2252 quidem
1540 2209 1625 2240 enirn
1641 2209 1674 2240 in
1693 2209 1830 2240 anterius
1853 2209 1999 2250 prohibet
2021 2209 2201 2249 procedere,
2217 2209 2268 2240 hic
2283 2216 2390 2240 autem

1391 2254 1550 2296 posterius
1573 2254 1718 2294 impellit,
1735 2263 1832 2294 quare
1856 2253 2058 2294 compellitur
2079 2253 2111 2283 in
2134 2253 2228 2293 latus,
2243 2264 2307 2294 qua
2322 2263 2388 2284 non

1391 2298 1578 2340 prohibetur
1600 2298 1684 2337 fieri,
1708 2304 1739 2329 et
1762 2298 1805 2328 sic
1828 2307 1952 2338 semper
1974 2297 2129 2336 habitum,
2155 2298 2257 2328 donec
2279 2298 2390 2338 utique

1391 2353 1495 2374 unum
1510 2341 1574 2381 fiat,
1590 2342 1640 2373 hic
1655 2349 1761 2373 autem
1781 2348 1828 2372 est
1843 2342 1992 2373 circulus:
2018 2341 2107 2372 cuius
2127 2341 2210 2372 enim
2235 2351 2299 2372 una
2314 2342 2389 2372 latio

1390 2387 1530 2428 figurae,
1553 2387 1616 2417 hoc
1638 2395 1765 2417 necesse
1797 2393 1844 2417 est
1866 2385 2020 2416 circulum
2043 2395 2120 2416 esse.
2152 2385 2253 2426 Super
2275 2392 2390 2416 terram

1392 2432 1488 2472 igitur
1511 2437 1642 2471 propter
1663 2431 1727 2461 hoc
1748 2429 1830 2461 fiunt
1852 2429 2076 2469 revolutiones,
2093 2429 2172 2460 etin
2187 2429 2325 2460 nubibus
2348 2430 2388 2460 si-

1394 2475 1510 2506 militer
1533 2475 1711 2506 secundum
1733 2474 1935 2515 principium.

1325 2572 1542 2603 Veruntamen
1570 2570 1662 2611 quia,
1687 2569 1768 2600 sicut
1796 2569 1926 2609 quando
1959 2567 2125 2608 ecnephias
2155 2567 2255 2598 factus
2278 2567 2390 2606 fuerit,

1393 2624 1518 2655 semper
1540 2614 1640 2645 nubes
1664 2619 1843 2654 segregatur
1862 2618 1892 2644 et
1906 2612 1942 2643 fit
1958 2612 2128 2643 continuus
2142 2618 2266 2651 ventus,
2282 2612 2326 2643 sic
2342 2612 2392 2642 hic

1393 2669 1518 2700 semper
1541 2658 1732 2689 continuum
1761 2657 1936 2698 assequitur
1959 2656 2062 2687 nubis.
2093 2656 2226 2696 Propter
2249 2655 2392 2697 spissitu-

1394 2704 1503 2734 dinem
1526 2709 1634 2734 autem
1663 2712 1729 2732 non
1760 2708 1873 2742 potens
1903 2700 2055 2741 segregari
2079 2699 2205 2740 spiritus
2229 2710 2266 2730 ex
2288 2701 2390 2738 nube,

1393 2747 1526 2779 vertitur
1548 2746 1680 2788 quidem
1703 2745 1820 2777 circulo
1844 2745 1933 2787 quod
1956 2745 2107 2785 primum,
2124 2749 2253 2784 propter
2277 2744 2392 2774 dictam

1396 2801 1533 2824 causam.

1328 2838 1488 2869 Deorsum
1512 2841 1620 2866 autem
1635 2834 1733 2865 fertur
1755 2833 1831 2875 quia
1849 2833 1948 2864 nubes
1972 2842 2096 2872 semper
2110 2831 2305 2872 inspissatur,
2329 2841 2392 2872 qua

1396 2880 1509 2912 excidit
1532 2879 1682 2911 calidum.
1714 2878 1855 2909 Vocatur
1884 2880 2007 2914 autern,
2032 2876 2057 2906 si
2080 2875 2254 2906 incolorata
2280 2875 2390 2913 fuerit,

1395 2926 1473 2956 haec
1501 2923 1606 2965 passio
1639 2923 1783 2965 typhon,
1807 2928 1919 2952 ventus
1943 2920 2094 2959 existens,
2118 2919 2204 2950 velut
2226 2919 2391 2960 ecnephias

1395 2969 1579 3009 indigestus.

1329 3014 1514 3046 Borealibus
1538 3018 1644 3042 autem
1660 3020 1726 3040 non
1741 3009 1776 3041 fit
1796 3009 1930 3051 typhon,
1945 3017 2050 3049 neque
2065 3006 2183 3038 nivosis
2205 3007 2392 3038 habentibus

1397 3057 1582 3097 ecnephias,
1606 3061 1772 3095 propterea
1799 3053 1888 3094 quod
1917 3052 2025 3083 omnia
2047 3051 2124 3082 haec
2147 3050 2274 3092 spiritus
2298 3057 2390 3089 sunt,

1397 3101 1524 3142 spiritus
1548 3106 1654 3130 autem
1677 3098 1758 3129 sicca
1782 3104 1812 3128 et
1828 3096 1926 3128 calida
1942 3102 1988 3126 est
2003 3094 2168 3126 exhalatio.
2194 3094 2275 3126 Gelu
2298 3095 2393 3135 igitur

1398 3152 1428 3176 et
1451 3145 1548 3184 frigus
1571 3149 1700 3183 propter
1721 3141 1862 3172 obtinere
1883 3140 2035 3180 extinguit
2056 3149 2132 3169 mox
2148 3138 2267 3170 factum
2289 3138 2393 3169 adhuc

1377 3188 1607 3230 'principium;
1631 3186 1720 3227 quod
1743 3192 1850 3216 autem
1873 3184 2008 3222 obtinet,
2033 3183 2155 3224 palam:
2181 3192 2284 3224 neque
2308 3182 2393 3213 enim

1397 3233 1507 3273 utique
1524 3237 1604 3261 esset
1619 3229 1768 3260 nivositas
1784 3239 1888 3269 neque
1906 3227 2044 3258 borealia
2057 3227 2205 3258 humida:
2229 3227 2292 3257 hoc
2307 3226 2392 3257 enim

1397 3276 1509 3307 accidit
1531 3285 1597 3305 esse
1620 3274 1781 3304 obtinente
1804 3272 1979 3313 frigiditate.

1330 3323 1381 3353 Fit
1403 3320 1535 3362 quidem
1564 3319 1659 3359 igitur
1686 3317 1829 3359 typhon,
1853 3316 1983 3357 quando
2014 3314 2180 3355 ecnephias
2203 3314 2303 3346 factus
2327 3324 2392 3344 non

1396 3364 1497 3406 possit
1511 3362 1664 3402 segregari
1680 3372 1698 3392 a
1712 3361 1814 3399 nube;
1838 3367 1885 3391 est
1905 3367 2012 3391 autem
2034 3365 2164 3400 propter
2178 3358 2394 3400 repulsionem

1397 3407 1580 3449 gyrationis‚
1598 3416 1672 3438 cum
1695 3405 1735 3436 ad
1751 3412 1864 3436 terram
1888 3404 1989 3434 delata
2011 3403 2106 3434 fuerit
2123 3403 2281 3433 revolutio
2298 3402 2394 3433 simul

1398 3453 1556 3483 deducens
1579 3451 1709 3488 nubem,
1730 3459 1795 3479 non
1820 3455 1932 3489 potens
1960 3447 2090 3478 absolvi.
2115 3447 2188 3484 Qua
2211 3453 2318 3478 autem
2348 3456 2393 3476 se-

1398 3496 1541 3527 cundum
1554 3494 1708 3525 directum
1732 3493 1825 3531 efflat,
1850 3493 1908 3523 hac
1923 3492 2033 3533 spiritu
2058 3498 2176 3530 movet,
2201 3498 2231 3522 et
2252 3490 2392 3522 circulari

1398 3546 1489 3570 motu
1513 3538 1605 3569 vertit
1635 3545 1665 3569 et
1687 3547 1814 3568 sursum
1841 3536 1915 3575 fert,
1944 3536 2134 3577 cuicumque
2164 3535 2306 3566 inciderit
2329 3534 2393 3564 vim

1397 3584 1542 3614 inferens.
