2782 4134
122 1173 131 1182 '
141 1172 251 1194 obiectum
264 1176 330 1192 acor.

121 2024 130 2032 '
146 2022 170 2043 ei
182 2028 209 2050 c,
225 2028 272 2044 om.
287 2026 331 2044 cet.

121 2055 169 2070 exc.
182 2055 206 2071 Α.

120 2393 129 2402 '
145 2393 302 2421 susceptibilia

122 2452 129 2460 ·
146 2435 227 2479 &aqua
241 2451 293 2473 add.
307 2457 328 2473 ι».

356 250 406 286 24

355 316 500 354 infinita
527 314 807 363 magnitudine,
835 312 898 349 vel
927 310 1039 347 etiam
1067 309 1105 346 in
1133 305 1269 344 maiori
1297 315 1413 353 quam

356 370 402 408 sit
427 368 648 417 magnitudo
678 365 846 405 caelestis
875 362 1054 413 corporis.

411 423 447 460 6.
469 421 643 459 Similiter
661 420 811 458 tertium
831 418 935 466 quod
964 414 1110 459 obiicit,
1130 414 1321 449 Averroes
1340 408 1413 445 sol-

356 475 411 514 vit
428 488 497 524 per
515 473 855 523 interemptionem.
886 471 1009 516 Negat
1037 466 1136 503 enim
1165 475 1302 512 corpus
1331 472 1414 497 cae-

357 528 450 566 le'ste
476 528 617 565 habere
640 525 857 564 materiam:
887 522 953 559 sed
973 519 1060 558 dicit
1088 528 1224 566 corpus
1254 515 1412 551 caeleste

359 594 440 619 esse
473 581 684 619 subiectum
712 586 797 616 actu
826 589 891 613 ens
910 582 936 620 ²,
967 573 1015 610 ad
1043 570 1147 620 quod
1172 574 1414 626 comparatur

359 634 486 672 anima
513 634 592 671 eius
620 633 713 670 sicut
741 632 861 668 forma
888 627 936 664 ad
964 624 1172 663 materiam.
1197 622 1247 658 Et
1274 633 1304 657 si
1333 631 1413 668 qui-

330 695 333 698 “
359 688 447 725 dem
475 687 651 734 intelligat
677 683 781 734 quod
810 692 945 729 corpus
978 678 1137 716 caeleste
1169 687 1248 734 non
1275 674 1415 733 habeat

357 741 553 778 materiam
580 737 786 776 secundum
816 733 919 782 quod
945 731 1078 770 dicitur
1104 735 1263 767 materia
1291 738 1413 785 inor-

359 793 446 832 dine
474 794 522 830 ad
544 800 692 829 motum
716 789 777 827 vel
808 785 1078 831 mutationem,
1107 793 1244 820 verum
1272 780 1360 818 dicit
1378 785 1411 815 *z

358 847 411 884 sic
436 846 535 883 enim
564 845 674 882 etiam
700 840 918 879 Aristoteles
945 838 984 875 in
1010 837 1097 874 VIII
1127 843 1164 872 et
1190 835 1259 871 XII
1289 833 1413 870 Meta-

123 910 331 942 ·S-Th·1i¹J-V1,11‚
352 901 463 949 phys.
475 900 495 920 *
511 898 618 947 ponit
637 907 772 944 corpus
792 893 949 930 caeleste
963 891 1105 928 habere
1123 887 1325 945 materiam·
1334 897 1413 922 non

122 937 331 1013 ξῗζὲῗζξξῖὶὲῑὶ
359 952 408 990 ad
428 964 508 989 esse
527 950 594 988 sed
613 950 661 987 ad
680 948 759 991 ubi;
787 946 875 995 quia
895 944 1033 982 scilicet
1055 954 1134 979 non
1163 947 1219 977 est
1243 940 1412 976 subiecta

121 1016 332 1071 tf5·;.¹{„¹>.³:.¹·.¹i=>·

358 1002 653 1042 transmutationi
689 1013 787 1050 quae
825 1006 880 1036 est
908 995 1119 1035 secundum
1149 1005 1251 1040 esse,
1282 993 1349 1030 sed
1379 991 1413 1028 ei

359 1070 455 1108 quae
484 1065 539 1094 est
565 1055 773 1093 secundum
799 1052 877 1089 ubi.
908 1051 948 1088 Si
975 1062 1069 1088 vero
1101 1046 1279 1094 intelligat
1307 1044 1413 1093 quod

359 1122 495 1160 corpus
524 1110 679 1147 caeleste
707 1107 808 1143 nullo
836 1105 955 1142 modo
979 1103 1093 1140 habet
1120 1099 1329 1146 materiam,
1351 1099 1413 1136 vel

358 1164 624 1212 quodcumque
644 1160 853 1197 subiectum
876 1159 911 1204 ’³‘,
940 1156 1136 1194 manifeste
1155 1153 1243 1191 dicit
1262 1153 1410 1189 falsum.

357 1218 464 1254 Patet
486 1215 586 1252 enim
605 1213 710 1263 quod
729 1223 866 1261 corpus
893 1210 983 1247 illud
1013 1216 1067 1246 est
1094 1214 1180 1245 actu
1208 1218 1292 1244 ens:
1321 1205 1413 1243 alio-

358 1270 447 1319 quin
474 1281 551 1306 non
579 1274 704 1315 ageret
730 1266 769 1303 in
795 1266 891 1302 haec
919 1262 1105 1300 inferiora.
1128 1261 1255 1298 Omne
1284 1267 1412 1296 autem

357 1323 459 1372 quod
488 1328 542 1358 est
569 1328 652 1358 actu
680 1331 758 1367 ens,
778 1319 840 1356 vel
869 1324 925 1355 est
951 1323 1067 1363 actus,
1093 1315 1155 1351 vel
1184 1320 1240 1350 est
1266 1314 1414 1350 habens

357 1383 490 1413 actum.
512 1375 602 1411 Non
627 1380 752 1422 potest
780 1379 906 1409 autern
928 1370 999 1407 dici
1027 1368 1131 1418 quod
1160 1379 1300 1416 corpus
1328 1379 1412 1404 eae-

355 1430 445 1466 leste
474 1427 519 1465 sit
546 1434 668 1464 actus:
699 1425 787 1474 quia
814 1424 866 1461 sic
904 1430 1001 1460 esset
1029 1422 1153 1459 forma
1181 1420 1412 1468 subsistens,

357 1489 392 1519 et
420 1489 516 1518 esset
541 1479 682 1528 aliquid
718 1479 946 1516 intellectum
973 1476 1012 1513 in
1041 1483 1148 1522 actu,
1177 1487 1257 1512 non
1285 1482 1415 1512 autem

357 1547 469 1573 sensu
488 1534 777 1583 apprehensum.
799 1532 960 1581 Oportet
979 1538 1068 1578 ergo
1088 1529 1127 1566 in
1147 1540 1309 1577 corpore
1329 1540 1414 1565 cae-

356 1588 438 1626 lesti
463 1599 606 1637 ponere
643 1585 795 1635 aliquod
832 1584 1042 1622 subiectum
1071 1595 1163 1620 suae
1198 1581 1412 1619 actualitati.

356 1662 380 1669 -
400 1642 490 1678 Non
523 1649 650 1678 tamen
679 1646 826 1689 oportet
852 1638 958 1688 quod
985 1636 1083 1674 istud
1112 1635 1325 1674 subiectum
1351 1636 1415 1673 vel

355 1694 510 1732 materia
542 1694 680 1731 habeat
709 1692 978 1742 privationem:
1008 1690 1097 1740 quia
1130 1689 1293 1739 privatio
1322 1689 1414 1726 nihil

357 1747 456 1785 aliud
489 1755 543 1784 est
576 1759 691 1796 quam
718 1745 885 1783 absentia
922 1746 1068 1782 formae
1105 1756 1204 1793 quae
1243 1751 1299 1780 est
1326 1750 1415 1780 nata

355 1801 496 1849 inesse,
533 1800 622 1838 huic
658 1807 783 1837 autem
820 1799 998 1836 materiae
1034 1797 1097 1835 vel
1135 1796 1306 1835 subiecto
1335 1809 1415 1834 non

356 1862 412 1892 est
437 1861 524 1891 nata
550 1853 671 1891 inesse
691 1853 762 1890 alia
789 1853 926 1900 forma,
956 1851 1023 1889 sed
1047 1851 1170 1888 forma
1198 1863 1268 1888 sua
1297 1851 1416 1900 replet

354 1915 472 1945 totam
500 1906 806 1957 potentialitatem
827 1906 1017 1952 materiae,
1039 1917 1127 1942 cum
1157 1903 1203 1942 sit
1221 1905 1415 1954 quaedam

355 1960 476 1998 totalis
497 1968 532 1998 et
550 1960 768 1998 universalis
787 1959 978 2009 perfectio.
1000 1958 1118 2006 Quod
1138 1965 1241 2008 patet
1261 1970 1307 1995 ex
1326 1958 1413 2006 hoc,
1433 1991 1436 1995 .

357 2014 461 2063 quod
486 2014 602 2052 virtus
631 2013 751 2051 activa
775 2013 852 2050 eius
867 2014 886 2033 ⁴·
903 2021 957 2051 est
975 2011 1211 2060 universalis,
1231 2024 1311 2049 non
1329 2024 1414 2061 par-

356 2067 516 2105 ticularis
549 2067 643 2104 sicut
667 2067 783 2105 virtus
811 2067 1030 2104 inferiorum
1066 2078 1290 2115 corporum3
1319 2077 1414 2115 quo-

356 2133 440 2158 rum
460 2121 615 2169 formae,
635 2128 814 2170 tanquam
840 2120 1080 2170 particulares
1101 2119 1314 2167 existentes,
1334 2131 1415 2157 non

355 2181 513 2223 possunt
540 2175 683 2223 replere
719 2182 838 2212 totam
871 2173 1182 2224 potentialitatem
1210 2172 1414 2219 materiae3

355 2227 456 2265 unde
485 2227 596 2265 simul
625 2240 710 2264 cum
737 2240 815 2265 una
843 2227 965 2265 forma
994 2235 1163 2265 remanet
1191 2226 1229 2264 in
1257 2226 1416 2264 materia

355 2280 515 2330 privatio
534 2281 676 2318 formae
696 2281 855 2329 alterius,
873 2294 970 2331 quae
991 2289 1045 2318 est
1064 2289 1152 2330 apta
1171 2287 1259 2318 nata
1277 2280 1413 2318 inesse.

357 2334 459 2371 Sicut
487 2334 599 2372 etiam
618 2334 793 2372 videmus
821 2335 925 2384 quod
946 2347 1107 2384 corpora
1126 2334 1304 2372 inferiora
1327 2342 1415 2372 sunt

356 2387 568 2437 susceptiva
596 2390 615 2407 ³*
645 2388 877 2426 diversarum
915 2389 1139 2437 figurarum:
1175 2389 1243 2426 sed
1277 2400 1415 2438 eorpus

356 2441 446 2478 caeli
475 2453 552 2478 non
572 2448 627 2478 est
654 2442 848 2490 figurabile
869 2444 888 2462 ⁴⁶
913 2442 985 2479 alia
1004 2442 1137 2490 figura.
1160 2441 1223 2478 Sic
1242 2441 1352 2489 igitur
1375 2441 1413 2479 in

357 2506 516 2543 corpore
545 2495 693 2532 caelesti
711 2508 790 2532 non
809 2503 865 2532 est
891 2495 1052 2544 privatio
1073 2495 1231 2532 alicuius
1254 2495 1413 2542 formae,

357 2547 425 2584 sed
459 2548 582 2584 solum
614 2548 774 2596 privatio
809 2548 965 2586 alicuius
1003 2549 1075 2585 ubi.
1110 2548 1222 2586 Unde
1250 2561 1329 2586 non
1358 2557 1413 2586 est

356 2600 534 2637 mutabile
576 2601 785 2638 secundum
822 2602 986 2639 formam
1024 2614 1092 2651 per
1133 2601 1415 2650 generationem

359 2660 395 2690 et
421 2653 718 2702 corruptionem;
747 2654 815 2692 sed
851 2656 973 2692 solum
1010 2655 1218 2693 secundum
1249 2655 1327 2693 ubi.
1358 2657 1415 2693 Ex

358 2718 435 2755 quo
453 2714 555 2755 patet
574 2707 675 2756 quod
704 2708 861 2745 materia
881 2709 1047 2746 caelestis
1074 2709 1242 2758 corporis
1270 2717 1325 2747 est
1344 2709 1416 2747 alia

360 2766 395 2796 et
422 2759 570 2797 alterius
607 2760 759 2798 rationis
787 2774 809 2798 a
838 2762 994 2799 materia
1030 2762 1249 2800 inferiorum
1282 2775 1417 2813 corpo-

359 2824 460 2860 rum,
491 2825 568 2850 non
597 2813 750 2862 quidem
786 2827 854 2864 per
881 2815 1046 2864 aliquam
1076 2816 1414 2865 compositionem,

359 2865 453 2903 sicut
471 2866 704 2916 Philoponus
725 2867 966 2915 existirnavit;
988 2870 1053 2907 sed
1068 2882 1136 2919 per
1154 2870 1415 2908 habitudinem

359 2919 407 2957 ad
435 2919 603 2957 diversas
632 2920 791 2968 formas,
830 2934 991 2971 quarum
1029 2935 1104 2960 una
1138 2931 1193 2960 est
1219 2924 1342 2961 totalis
1381 2932 1417 2962 et

361 3067 418 3085 esse
437 3060 469 3085 sit
487 3066 619 3086 causatum
639 3066 738 3087 tantum
757 3069 787 3087 ex
806 3062 935 3095 principiis
955 3063 1134 3089 essentialibus
1153 3064 1197 3094 rei.
1213 3064 1273 3097 quia
1289 3065 1360 3090 nulla
1374 3073 1415 3090 res

362 3094 453 3120 sufficit
471 3096 541 3128 quod
559 3097 592 3122 sit
611 3097 658 3122 sibi
677 3105 753 3123 causa
779 3098 897 3129 essendi,
917 3098 937 3123 si
957 3098 1049 3124 habeat
1068 3107 1127 3124 esse
1145 3105 1288 3125 causatum.
1308 3101 1417 3134 Oportet

363 3137 423 3163 ergo
442 3132 511 3163 quod
530 3132 590 3156 illud
609 3132 681 3157 cuius
700 3141 759 3158 esse
778 3138 817 3158 est
831 3134 899 3159 aliud
913 3134 944 3159 ab
960 3135 1071 3159 essentia
1087 3143 1132 3159 sua
1151 3135 1236 3166 (sicut
1250 3139 1289 3161 est
1304 3137 1329 3161 in
1344 3137 1417 3162 omni

363 3168 420 3205 ente
432 3167 545 3196 creato),
561 3166 651 3192 habeat
665 3176 723 3193 esse
738 3174 869 3194 causatum
880 3169 910 3194 ab
921 3170 971 3194 alio
983 3180 1005 3195 ».
1022 3170 1122 3196 Summ.
1140 3170 1229 3196 771201.
1239 3172 1257 3196 l.
1271 3172 1307 3203 P„
1319 3172 1369 3203 Qu.
1380 3180 1416 3201 m,

364 3205 433 3225 artic.
447 3208 481 3226 w.
494 3214 512 3219 —
525 3201 563 3226 Cf.
577 3210 648 3227 num.
660 3205 776 3235 praeced.
791 3209 816 3229 et
835 3204 941 3238 Phssic.
957 3206 1022 3235 VIII,
1041 3214 1089 3235 xxi,
1105 3214 1147 3231 nn.
1166 3213 1257 3239 12-14.

418 3236 595 3276 ophim-tum
614 3241 674 3262 actu
694 3245 746 3263 ens.
762 3252 780 3258 —
797 3240 880 3265 solum
899 3244 960 3266 actu
979 3248 1026 3266 ens
1045 3241 1074 3267 Ρ.
1098 3242 1125 3266 ln
1145 3242 1186 3267 cit.
1207 3243 1264 3267 lect.
1286 3243 1342 3268 libri
1361 3244 1416 3268 Vlll

364 3270 470 3304 Physzc.
489 3279 514 3296 n.
531 3279 569 3302 12,
583 3273 690 3297 eandem
702 3274 822 3299 Averrois
836 3276 988 3301 sententiam
1003 3276 1080 3302 refert
1098 3285 1118 3302 s.
1129 3277 1245 3303 Thomas
1260 3278 1309 3303 hoc
1324 3279 1416 3304 modo:

367 3314 379 3327 α
395 3313 488 3338 corpus
506 3307 615 3348 caeleste
628 3307 686 3332 dicit
704 3309 867 3342 (Averroes)
880 3319 930 3335 non
950 3320 1009 3337 esse
1026 3313 1200 3346 compositum
1219 3321 1249 3338 ex
1268 3315 1373 3339 materia
1393 3320 1418 3340 et

365 3339 448 3381 forma
465 3349 539 3374 quasi
558 3349 588 3367 ex
605 3344 716 3375 potentia
734 3349 759 3368 et
777 3350 848 3375 actu3
867 3347 913 3371 sed
932 3347 990 3372 dicit
1013 3347 1098 3380 ipsum
1125 3356 1184 3374 ease
1207 3350 1341 3375 materiam
1360 3355 1418 3375 actu

366 3380 528 3416 existentem,
548 3382 573 3402 et
591 3377 701 3403 sormam
720 3379 775 3403 eius
798 3380 857 3405 dicit
875 3382 985 3407 animam
1005 3383 1097 3415 ipsius;
1117 3384 1150 3409 ita
1169 3390 1255 3410 tamen
1274 3386 1346 3418 quod
1365 3393 1418 3410 non

367 3416 540 3452 constituatur.
555 3412 581 3437 in
605 3420 663 3438 esse
681 3421 726 3446 per
745 3414 866 3445 formam,
886 3418 931 3441 sed
950 3418 1035 3443 solum
1054 3419 1079 3443 in
1099 3420 1206 3446 moveri.
1223 3430 1235 3443 ι
1256 3421 1314 3454 lpse
1332 3426 1417 3446 autem

366 3446 494 3471 Averroes
516 3447 555 3471 his
569 3448 654 3473 verbis
673 3449 790 3481 proponit
804 3457 878 3475 suam
894 3453 1057 3478 sententiam:
1073 3463 1086 3478 ι
1101 3463 1195 3488 corpus
1208 3461 1294 3481 autem
1309 3457 1418 3481 caeleste

367 3486 407 3506 est
425 3482 498 3522 quasi
517 3483 622 3507 materia
640 3483 712 3508 istius
731 3484 828 3510 formae
841 3485 979 3512 abstractae
998 3489 1120 3519 (animae
1132 3491 1286 3523 moventis),
1305 3491 1366 3524 quia
1380 3497 1420 3516 est

367 3521 473 3542 materia
491 3518 600 3542 existens
619 3518 644 3543 in
663 3523 734 3550 actu;
754 3525 779 3544 et
797 3521 854 3545 ideo
873 3529 923 3546 non
943 3523 1096 3549 assimilatur
1115 3526 1235 3551 materiae
1254 3527 1303 3551 nisi
1323 3527 1348 3552 in
1367 3527 1419 3552 hoc

366 3556 473 3593 tantum,
491 3553 550 3585 quia
568 3558 607 3577 est
626 3555 729 3578 materia
747 3554 795 3579 fixa
814 3556 845 3580 ad
864 3557 1035 3589 recipiendum
1055 3559 1173 3586 formam.
1191 3562 1223 3586 Et
1241 3562 1300 3587 ideo
1319 3562 1420 3594 dignius

367 3587 457 3612 dicitur
476 3588 618 3613 subiectum
634 3596 712 3622 quam
727 3590 845 3616 materia:
865 3593 968 3618 materia
981 3594 1048 3619 enirn
1064 3603 1130 3628 quae
1148 3602 1187 3621 est
1198 3596 1246 3626 hic,
1262 3598 1353 3623 dicitur
1367 3606 1421 3623 ma·

1056 230 1126 267 DE
1157 225 1332 264 CAELO
1362 224 1433 261 ET
1462 219 1657 259 MUNDO
1687 217 1781 253 LIB.
1812 216 1826 251 I

1468 299 1540 337 alia
1562 296 1727 347 partialis
1742 295 1778 330 *:
1799 293 1853 330 sic
1870 291 1986 329 enim
2014 289 2210 340 potentiae
2238 289 2545 328 diversificantur
2572 299 2754 328 ‘paruam

1467 351 1681 390 secundum
1711 345 1970 393 diversitatem
1999 351 2155 382 actuum
2184 343 2235 381 ad
2263 355 2362 393 quos
2389 351 2489 382 sunt.

1522 417 1558 452 7.
1580 401 1827 440 Manifestum
1867 406 1925 436 est
1951 398 2063 447 igitur
2100 410 2146 435 ex
2173 397 2232 434 his
2262 397 2368 445 quod
2403 410 2544 447 corpus

1468 457 1561 494 caeli
1581 454 1795 493 secundum
1814 464 1926 490 suam
1945 459 2124 490 naturam
2152 463 2233 488 non
2252 457 2310 488 est
2328 450 2545 489 subiectum

1467 507 1702 559 generationi
1731 514 1768 543 et
1796 505 2042 556 corruptioni,
2062 512 2197 554 utpote
2215 504 2386 554 primum
2414 504 2454 542 in
2481 517 2544 554 ge-

1467 575 1558 600 nere
1587 560 1800 606 mobilium,
1823 567 1860 597 et
1876 558 2246 609 propinquissimum
2265 558 2381 595 rebus
2403 557 2545 596 immo-

1467 616 1616 653 bilibus.
1637 636 1662 643 ·
1683 615 1732 651 Et
1758 613 1848 650 inde
1887 620 1944 650 est
1979 612 2086 662 quod
2113 612 2318 650 minimum
2344 611 2462 649 habet
2496 611 2545 650 de

1468 677 1588 707 motu.
1619 669 1804 705 Movetur
1831 666 1934 704 enim
1961 667 2087 704 solum
2121 673 2232 704 motu
2263 665 2396 714 locali,
2429 665 2496 714 qui
2523 665 2545 687 ⁸
2572 669 2582 680 ’

1467 723 1559 760 nihil
1578 721 1700 759 variat
1714 720 1961 757 intrinsecum
1982 720 2047 758 rei.
2069 721 2119 757 Et
2138 720 2235 758 inter
2254 727 2382 757 motus
2403 719 2546 757 locales

1466 777 1583 813 habet
1599 782 1752 812 motum
1772 773 2009 822 circularem,
2030 774 2097 823 qui
2115 773 2231 811 etiarn
2251 773 2458 811 minimum
2477 785 2545 811 va-

1468 829 1635 867 riationis
1671 828 1804 865 habet:
1834 826 1924 877 quia
1955 827 1996 865 in
2032 835 2143 865 motu
2179 827 2382 877 sphaerico
2418 834 2546 866 totum

1467 896 1547 921 non
1565 889 1688 919 mutat
1707 893 1820 919 suum
1841 881 1908 918 ubi
1933 880 2118 928 subiecto,
2140 881 2209 919 sed
2233 882 2362 918 solum
2381 881 2542 929 ratione,

1466 945 1509 974 ut
1535 936 1721 986 probatur
1747 935 1787 972 in
1813 934 1866 972 VI
1894 934 2046 984 Ηιγείε.
2078 935 2117 982 *3
2147 934 2216 972 sed
2244 942 2370 984 partes
2397 942 2548 973 mutant

1468 991 1534 1028 uhi
1555 989 1752 1028 diversum
1781 987 1897 1025 etiarn
1926 987 2111 1026 subiecto.

1521 1044 1615 1081 Non
1642 1050 1773 1080 tamen
1803 1041 1966 1079 dicimus
1999 1041 2215 1079 secundum
2241 1041 2363 1080 fidem
2391 1041 2548 1080 catholi-

1468 1102 1570 1144 cam,
1599 1096 1707 1146 quod
1735 1096 1886 1135 caelum
1913 1107 2069 1144 semper
2095 1095 2228 1143 fuerit,
2258 1095 2345 1132 licet
2373 1094 2548 1134 dicamus

1467 1150 1572 1201 quod
1599 1161 1755 1199 semper
1773 1148 1820 1187 sit
1835 1150 1855 1171 ¹⁸
1870 1148 2107 1187 duraturum.
2137 1149 2223 1186 Nec
2245 1149 2322 1187 hoc
2341 1155 2398 1186 est
2416 1156 2550 1188 contra
2567 1149 2700 1208 ff„

1468 1203 1836 1243 demonstrationem
1850 1201 2061 1240 Aristotelis
2074 1201 2138 1240 hic
2150 1201 2333 1252 positam:
2348 1214 2431 1241 non
2444 1202 2549 1241 enim
2568 1204 2653 1234 Μ
2665 1207 2710 1229 ⁰⁸⁸·

1468 1258 1630 1296 dicimus
1657 1257 1764 1307 quod
1793 1256 2004 1306 incoeperit
2031 1267 2115 1293 esse
2143 1268 2214 1305 per
2240 1256 2549 1305 generationem,

1467 1312 1535 1350 sed
1563 1324 1634 1361 per
1663 1311 1848 1348 effluxum
1871 1323 1895 1348 a
1913 1309 2041 1360 primo
2069 1309 2272 1360 principio,
2302 1321 2324 1346 a
2352 1322 2433 1359 quo
2460 1321 2550 1360 per-

1466 1356 1748 1404 ficitur³totuin
1768 1377 1852 1402 esse
1871 1363 2049 1402 omnium
2068 1375 2210 1412 rerum,
2222 1362 2321 1401 sicut
2335 1363 2451 1402 etiam
2464 1363 2549 1414 phi·
2673 1364 2694 1391 λ

1467 1419 1620 1470 losophi
1642 1425 1866 1468 posuerunt.
1895 1420 1931 1456 A
1954 1417 2094 1467 quibus
2112 1424 2244 1455 tamen
2267 1417 2308 1455 in
2334 1417 2412 1455 hoc
2440 1417 2551 1457 diffe-

1468 1473 1600 1520 rimus,
1621 1472 1728 1523 quod
1753 1471 1803 1510 illi
1822 1479 1974 1522 ponunt
1992 1472 2122 1509 Deum
2140 1470 2368 1522 produxisse
2397 1471 2550 1511 caelum

1469 1533 1719 1564 coaeternum
1738 1525 1826 1572 sibi3
1852 1537 1925 1563 nos
1943 1532 2074 1563 autem
2092 1524 2276 1575 ponimus
2296 1525 2446 1563 caelum
2464 1537 2557 1564 esse.

1467 1579 1699 1630 productum
1718 1592 1741 1617 a
1755 1580 1842 1617 Deo
1856 1578 2072 1617 secundum
2086 1586 2207 1617 totam
2221 1578 2280 1617 sui
2295 1578 2551 1618 substantiam
2751 1624 2764 1627 ..

1469 1634 1518 1672 ab
1547 1633 1676 1683 aliquo
1705 1632 1959 1671 determinato
1987 1632 2176 1682 principio
2210 1632 2408 1682 temporis.
2756 1611 2782 1732 i

1524 1688 1560 1726 8.
1591 1687 1735 1725 Contra
1763 1686 1871 1736 quod
1898 1694 2028 1724 tamen
2056 1686 2188 1724 obiicit
2206 1685 2443 1736 Simplicius,
2463 1684 2548 1724 Ari-

1469 1741 1611 1779 stotelis
1640 1747 1924 1778 commentator
1941 1746 1980 1788 ²⁸,
2006 1752 2123 1789 super
2141 1740 2244 1778 hunc
2261 1740 2405 1788 locum,
2433 1738 2550 1790 tripli-
2677 1745 2698 1773 Ι*

1470 1795 1572 1833 citer.
1598 1794 1730 1833 Primo
1751 1794 1909 1844 quidem
1931 1793 2023 1843 quia
2042 1794 2150 1832 Deus
2168 1792 2385 1844 produxit*
2399 1793 2552 1832 caelum
2579 1794 2589 1804 ”

1469 1848 1684 1887 secundum
1713 1860 1827 1886 suum
1856 1859 1952 1895 esse,
1974 1859 2055 1885 non
2082 1859 2152 1897 per
2179 1846 2324 1897 aliquid
2351 1846 2457 1889 aliud
2483 1846 2555 1886 ad-
2569 1859 2592 1880 ο

1471 1903 1614 1941 ditum:
1635 1901 1750 1950 unde,
1772 1913 1861 1939 cum
1881 1913 1963 1939 esse
1993 1913 2108 1939 suum
2131 1900 2178 1939 sit
2205 1909 2406 1939 aeternum
2434 1907 2472 1939 et
2493 1899 2554 1940 in—

1469 1955 1665 2004 variabile,
1682 1967 1835 2005 semper
1853 1955 2003 1993 caelum
2023 1955 2072 1993 ab
2092 1954 2177 2004 ipso
2195 1954 2392 2004 processit.
2404 1955 2550 2003 -ltem,

1471 2010 1501 2048 si
1530 2009 1681 2047 bonitas
1718 2009 1792 2047 Dei
1829 2015 1887 2046 est
1915 2021 2031 2047 causa
2060 2021 2210 2056 rerum,
2239 2008 2372 2047 fuisset
2398 2007 2552 2055 bonitas

1471 2064 1544 2102 Dei
1573 2063 1697 2101 otiosa
1726 2070 1762 2100 et
1789 2074 1933 2101 vacans
1953 2070 2160 2112 antequam
2188 2062 2359 2101 mundus
2387 2068 2499 2111 esset,
2519 2060 2552 2101 si

1472 2130 1518 2155 ex
1545 2117 1674 2167 aliquo
1705 2116 1958 2155 determinato
1987 2115 2175 2166 principio
2208 2115 2394 2166 temporis
2420 2115 2551 2155 incoe-
2779 2155 2782 2157 .

1469 2171 1534 2221 pit.
1552 2192 1577 2200 -
1593 2172 1705 2218 Item,
1727 2182 1846 2208 omne
1866 2170 1974 2219 quod
1993 2169 2123 2219 incipit
2139 2171 2159 2192 ¹⁸¹
2175 2182 2258 2208 esse
2277 2170 2318 2208 in
2336 2169 2466 2220 aliqua
2484 2169 2554 2209 de-
2578 2165 2782 2224 Lm*

1470 2224 1671 2262 terminata
1698 2231 1807 2274 parte
1836 2222 2022 2274 temporis
2052 2235 2141 2261 cum
2169 2223 2274 2274 prius
2306 2235 2387 2263 non
2415 2222 2550 2272 fuerit,

1469 2279 1545 2316 hoc
1573 2277 1755 2327 contingit
1775 2277 1809 2316 ei
1838 2290 1884 2315 ex
1904 2277 2040 2316 ordine
2060 2277 2220 2316 alicuius
2239 2276 2449 2327 superioris
2465 2288 2551 2317 mo·

1469 2339 1542 2380 tus,
1563 2344 1609 2369 ex
1637 2344 1717 2382 quo
1747 2331 1930 2380 contingit
1957 2331 2064 2380 quod
2091 2331 2168 2369 hoc
2196 2343 2300 2369 nune
2326 2330 2496 2382 inooepit
2513 2337 2553 2371 et

1470 2398 1549 2424 non
1577 2385 1704 2435 prius;
1726 2385 1824 2423 sicut
1842 2386 1964 2423 homo
1985 2384 2154 2435 incoepit
2181 2396 2265 2423 esse
2290 2396 2394 2423 nunc
2412 2392 2453 2423 et
2466 2396 2551 2424 non

1468 2440 1595 2490 prius,
1625 2439 1839 2478 secundum
1877 2438 2054 2477 ordinem
2089 2437 2341 2477 revolutionis
2378 2437 2550 2477 caelestis

1471 2493 1653 2544 corporis.
1685 2493 1778 2531 Non
1807 2500 1864 2531 est
1891 2499 2022 2530 autem
2057 2492 2149 2531 dare
2177 2492 2347 2542 aliquam
2376 2491 2549 2542 superio-

1471 2561 1553 2586 rem
1582 2547 1865 2586 revolutionem
1893 2553 1959 2585 aut
1986 2554 2140 2584 motum
2166 2546 2265 2584 ultra
2293 2558 2435 2596 corpus
2464 2557 2549 2585 eae·

1470 2602 1573 2640 leste.
1596 2602 1690 2639 Non
1718 2612 1809 2649 ergo
1828 2607 1955 2650 potest
1983 2599 2057 2638 dici
2078 2599 2185 2650 quod
2214 2612 2356 2650 corpus
2384 2598 2479 2639 caeli
2497 2598 2550 2639 ita

1470 2668 1574 2693 nunc
1602 2654 1812 2704 incoeperit
1832 2655 1852 2677 '⁸
1876 2654 1983 2704 quod
2010 2653 2116 2704 prius
2143 2666 2223 2692 non
2252 2653 2375 2692 fuerit.

1524 2721 1560 2758 9.
1573 2709 1652 2747 Sed
1662 2709 1759 2746 haec
1769 2708 2036 2746 necessitatem
2051 2720 2132 2746 non
2145 2708 2301 2746 habent.
2315 2707 2435 2756 Quod
2443 2706 2549 2747 enim

1470 2763 1596 2813 primo
1626 2762 1773 2810 dicitur,
1793 2762 1900 2811 quod
1927 2763 2035 2800 Deus
2054 2761 2130 2810 agit
2157 2774 2227 2812 per
2253 2773 2368 2799 suurn
2397 2772 2482 2799 esae
2509 2766 2548 2799 et

1471 2829 1549 2854 non
1586 2829 1656 2866 per
1693 2816 1835 2866 aliquid
1864 2815 2176 2866 superadditum,
2205 2812 2450 2853 verum'est:
2479 2813 2551 2853 sed

1472 2883 1554 2908 esse
1584 2882 1697 2908 suum
1725 2875 1738 2890 ’
1765 2882 1845 2908 non
1874 2877 1931 2908 est
1959 2869 2178 2908 distinctum
2206 2880 2231 2906 a
2258 2880 2330 2907 suo
2367 2867 2550 2917 intellige·
2677 2879 2691 2898 ν

1471 2936 1532 2971 re,
1553 2923 1648 2962 sicut
1667 2923 1706 2962 in
1734 2923 1868 2971 nobis,
1902 2935 1975 2961 nec
2009 2923 2124 2961 etiam
2151 2934 2175 2960 a
2193 2934 2264 2960 suo
2288 2922 2406 2960 velle:
2444 2920 2550 2961 unde

2695 896 2740 911 ⁴„

2573 936 2751 987 10..sz

2574 996 2601 1013 ...
2615 995 2648 1012 ...

1469 3066 1532 3092 teria
1551 3066 1611 3100 quia
1630 3071 1671 3092 est
1689 3066 1715 3092 in
1734 3065 1849 3099 potentia
1872 3065 1957 3091 foma
1975 3065 2002 3091 in
2021 3072 2054 3090 eo
2072 3063 2137 3096 fixa,
2161 3068 2187 3090 et
2206 3063 2298 3090 dicitur
2323 3063 2471 3099 subiectum
2489 3063 2551 3098 quia

1471 3107 1511 3127 est
1528 3101 1577 3127 fixa
1596 3102 1704 3133 formae,
1719 3106 1745 3127 et
1756 3100 1785 3127 fn
1798 3101 1974 3135 compositum
1989 3108 2019 3126 ex
2033 3100 2141 3126 materia
2155 3105 2181 3126 et
2199 3099 2284 3126 sonna
2295 3108 2320 3125 ι.
2335 3100 2378 3126 De
2391 3098 2552 3126 Suom

1475 3138 1560 3163 Orbis.
1580 3138 1696 3164 Venetiis
1720 3137 1800 3170 ¹⁵4¹·
1821 3145 1879 3171 pag.
1893 3136 1956 3171 467.

1523 3173 1549 3206 κ)
1561 3181 1652 3199 verum
1663 3173 1760 3199 dicit.-
1770 3180 1862 3199 verum
1878 3180 1930 3198 non
1944 3172 2011 3199 dicit
2024 3172 2196 3202 BCDEFGH,
2204 3172 2277 3206 quod
2288 3172 2296 3197 l
2307 3170 2412 3204 corrigit
2423 3170 2548 3203 legendo:

1470 3217 1522 3234 non
1533 3209 1628 3235 habeat
1639 3209 1781 3235 materiam
1825 3209 1851 3234 in
1862 3209 1959 3235 ordirie
1967 3209 2006 3234 ad
2017 3211 2126 3238 motum,
2141 3207 2190 3234 sed
2203 3207 2242 3233 ad
2255 3207 2308 3238 ubi,
2323 3207 2388 3232 bene
2401 3205 2482 3237 dtctt5
2495 3212 2550 3231 non

1471 3246 1538 3270 male
1556 3246 1671 3278 quidem,
1686 3245 1733 3270 sed
1749 3245 1920 3278 praestitisset
1934 3251 2084 3278 expungere
2099 3251 2162 3270 non.
2175 3243 2227 3269 Pro
2238 3243 2278 3269 sic
2290 3242 2360 3268 enin·
2374 3241 2465 3271 etiam
2479 3241 2551 3268 sicut

1470 3280 1550 3306 etiam
1559 3282 1593 3311 Α;
1610 3281 1630 3306 E
1643 3288 1697 3306 om.
1708 3281 1787 3310 enim,
1802 3280 2076 3313 Commium-seq.
2085 3279 2129 3305 lin.
2140 3287 2188 3313 pro
2202 3279 2230 3304 in
2240 3277 2312 3307 vm,
2320 3277 2347 3303 tn
2357 3276 2550 3312 vmffiyaeoe.

1523 3314 1551 3347 λ)
1567 3316 1718 3349 perficitur.
1731 3330 1751 3336 -
1760 3316 1926 3349 producitur
1938 3316 1973 3346 C.
1994 3315 2180 3350 proficiscitur
2197 3319 2247 3340 eet.
2260 3321 2316 3340 exc.
2328 3314 2360 3339 Α.
2371 3326 2392 3333 —
2405 3313 2465 3339 Liri.
2485 3319 2545 3346 aeq.

1471 3359 1519 3384 pro
1534 3351 1559 3376 in
1575 3352 1630 3381 hoc,
1647 3353 1718 3386 quod
1733 3360 1787 3378 om.
1802 3352 1820 3382 Ι,
1835 3352 1862 3377 in
1876 3352 1926 3378 hoc
1938 3353 1995 3378 solo
2010 3350 2104 3382 Asso,
2120 3351 2147 3376 ἐκ
2160 3350 2210 3377 hoc
2222 3350 2328 3376 saeculo
2341 3348 2553 3382 BCDFHpEGe·

1472 3386 1522 3411 Pro
1541 3388 1611 3420 quod
1630 3387 1676 3418 1'111',
1691 3388 1754 3421 qula
1773 3387 1814 3413 5111·
1827 3387 1847 3412 Ρ
1861 3393 1887 3413 et
1901 3388 1977 3413 codd.
1992 3395 2045 3413 exe.
2056 3387 2089 3413 Α.
2099 3400 2120 3406 -
2133 3386 2185 3412 Pro
2202 3388 2384 3415 coaeternum,
2400 3384 2472 3419 quod
2487 3383 2550 3418 legi-

1473 3430 1531 3447 mus
1550 3431 1610 3448 cum
1629 3423 1710 3453 ABG.
1729 3426 1869 3450 coaeterne
1888 3424 1907 3448 Ρ
1927 3429 1953 3449 et
1971 3428 2034 3455 cet„
2053 3424 2197 3449 caeter-na
2215 3421 2256 3447 ed.
2275 3419 2352 3447 1516.

1526 3457 1554 3492 μ)
1578 3459 1679 3484 Contra
1693 3459 1798 3492 quod...
1811 3462 2016 3485 commentator.
2034 3472 2054 3479 —
2067 3458 2170 3484 anm
2183 3457 2256 3491 quod
2270 3460 2361 3482 tamen
2376 3457 2466 3483 obstat
2479 3455 2549 3481 Sint-

1468 3493 1564 3525 plu‘cius
1583 3495 1723 3520 Aristoteli
1741 3498 1767 3521 et
1789 3494 2002 3521 Commentators
2019 3494 2054 3525 Ρ,
2074 3497 2164 3519 contra
2183 3493 2258 3519 codd.
2273 3498 2299 3518 et
2318 3493 2359 3518 ed.
2378 3491 2457 3522 1516.
2483 3498 2552 3525 quae

1472 3534 1558 3553 tamen
1578 3535 1603 3554 et
1622 3530 1678 3562 ipsa
1696 3530 1774 3556 habet
1793 3531 1889 3556 obstat.

1526 3563 1550 3597 ν)
1563 3565 1611 3590 sed
1623 3573 1679 3591 esse
1692 3573 1778 3591 suum.
1792 3580 1811 3586 —
1823 3567 1871 3592 sed
1885 3567 1966 3592 etiam
1979 3572 2036 3592 esse
2048 3572 2125 3592 auum
2139 3565 2168 3591 P.
2182 3578 2201 3585 -
2214 3565 2271 3590 Lin.
2283 3572 2340 3598 seq.
2354 3564 2436 3590 etiam
2450 3570 2504 3589 om.
2517 3562 2551 3588 Α.

1475 3599 1524 3624 Pro
1544 3600 1614 3626 unde
1628 3602 1764 3633 producit.
1786 3602 1856 3627 unde
1871 3602 2010 3635 produxit
2033 3608 2076 3627 res
2094 3602 2123 3627 P.
