2782 4134
127 844 136 853 ·
151 842 222 864 Num.
234 848 256 869 9.

126 954 135 963 ·
150 953 221 974 Num.
235 952 257 973 8.

125 1270 135 1280 ⁸
151 1275 200 1291 eum
216 1274 263 1290 om.
280 1274 317 1289 ra.

126 1534 137 1545 ⁸⁸
153 1534 211 1555 haec
225 1539 261 1555 ΑΒ.

125 1701 134 1710 '¹
147 1701 279 1727 generatur
298 1705 336 1720 AB.

226 1810 234 1825 t

123 2078 131 2086 ·
147 2074 213 2096 nobis
228 2080 275 2096 om.
290 2081 312 2096 Α.

127 2551 136 2559 ·
151 2550 286 2571 tarditatem
302 2556 324 2571 Α.

220 2598 238 2623 λ

127 3237 137 3247 “
152 3238 225 3258 motus
240 3243 278 3258 pa.

368 286 442 331 340

365 364 467 412 tiam,
489 375 577 400 curn
597 362 814 399 adinvicem
834 362 1006 400 dicantur
1024 360 1329 410 quodammodo.
1352 360 1429 397 Sed

365 417 455 465 quia
478 415 636 453 materia
666 427 824 464 presens
851 416 926 452 hoc
954 414 1119 463 requirit,
1140 413 1345 451 dicendum
1376 419 1431 449 est

369 482 472 506 nunc
506 476 662 518 propter
689 480 805 517 quam
834 480 1009 515 causam,
1040 479 1128 504 curn
1158 478 1319 515 corpora
1346 477 1429 502 cae-

365 522 472 559 lestia
499 534 578 558 non
615 521 688 558 sint
725 521 844 558 calida
871 520 910 557 in
938 520 995 556 sui
1024 526 1178 566 natura,
1213 519 1256 556 fit
1293 519 1341 555 ab
1376 518 1429 555 eis

366 575 533 612 caliditas
561 574 600 611 in
628 574 704 611 istis
733 573 982 610 inferioribus.

423 629 455 665 5.
474 627 652 664 Secundo
667 627 737 663 ibi:
765 626 939 663 Videmus
953 626 1077 674 itaque
1092 632 1175 672 etc.,
1187 624 1300 662 solvit
1313 636 1429 673 quae-

366 681 540 718 stionem.
569 681 619 716 Et
638 679 815 716 dividitur
833 678 872 715 in
892 678 986 715 duas
1005 685 1149 727 partes:
1177 677 1303 727 primo
1322 676 1430 727 ponit

366 732 595 783 quaestionis
633 731 882 778 solutionem;
920 731 1089 768 secundo
1122 731 1261 780 probat
1292 742 1430 768 verum

367 799 448 823 esse
478 785 582 835 quod
614 785 652 821 in
681 784 902 833 quaestione
930 784 1242 833 supponebatur,
1276 783 1344 820 ibi:
1374 783 1429 820 Si-

363 852 484 890 gnum
513 844 637 875 autem
664 838 854 886 sufficiens
877 836 898 858 ’¹‘
926 844 995 874 etc.
1026 837 1156 875 Prima
1184 836 1363 875 dividitur
1390 837 1430 873 in

367 893 472 939 duas,
502 891 711 928 secundum
732 890 827 927 duas
845 888 858 910 ⁰
887 902 1021 927 causas
1040 903 1135 939 quas
1164 890 1343 938 assignat:
1373 902 1429 926 se-

366 946 490 982 cunda
523 944 652 1003 incipit
679 942 748 980 ibi:
777 944 829 980 Et
863 943 952 991 quia
984 943 1191 981 ambiens*
1220 951 1290 980 etc.

419 998 529 1034 Circa
546 996 712 1046 primum
733 995 802 1033 tria
825 996 922 1034 facit.
938 996 1069 1034 Primo
1090 996 1254 1044 assignat
1273 1007 1428 1032 causam

364 1058 519 1100 propter
538 1062 653 1098 quam
674 1061 696 1085 a
716 1049 940 1098 corporibus
961 1050 1183 1087 caelestibus
1203 1061 1282 1086 non
1302 1048 1430 1086 calidis

366 1102 619 1150 existentibus,
637 1103 739 1139 calor
753 1102 793 1139 in
806 1102 885 1139 istis
900 1102 1140 1140 inferioribus
1155 1109 1366 1151 generatur.
1381 1102 1430 1138 Εἴ

366 1156 453 1194 dicit
472 1156 576 1204 quod
596 1155 819 1193 sensibiliter
843 1155 1022 1193 videmus
1051 1157 1157 1204 quod
1181 1163 1320 1203 motus,
1342 1154 1431 1204 quia

364 1217 488 1258 potest
508 1209 719 1257 disgregare
740 1220 869 1246 aerem
885 1216 922 1246 et
936 1209 1157 1257 rarefacere,
1172 1216 1298 1258 potest
1316 1208 1430 1245 etiam

365 1275 455 1300 eum
476 1262 496 1283 '¹‘
519 1262 656 1310 ignire:
687 1273 777 1298 nam
806 1261 938 1299 raritas
967 1270 1004 1300 et
1030 1262 1187 1310 igneitas
1223 1274 1262 1299 se
1298 1273 1430 1298 conse—

365 1323 543 1365 quuntur,
563 1315 659 1352 sicut
686 1314 865 1363 frigiditas
894 1322 931 1352 et
962 1315 1183 1365 spissitudo;
1213 1322 1249 1352 et
1276 1322 1431 1364 propter

363 1370 438 1406 hoc
467 1381 511 1405 ea
540 1380 638 1417 quae
667 1368 851 1416 feruntur,
882 1368 978 1406 sicut
1005 1368 1176 1417 sagittae,
1207 1368 1238 1406 si
1265 1368 1431 1405 habeant

363 1423 567 1472 plumbum
583 1429 620 1458 et
635 1434 775 1468 ceram,
788 1434 902 1470 saepe
918 1422 1097 1460 videntur
1111 1421 1309 1471 liquefieri,
1321 1421 1430 1470 quasi

364 1483 472 1512 motu
488 1487 531 1512 ea
548 1474 800 1512 calefaciente.
821 1475 933 1513 Unde
954 1475 1044 1512 nihil
1063 1474 1339 1512 inconveniens
1360 1482 1427 1522 est,

365 1529 395 1565 si
424 1529 572 1566 caelum
601 1540 670 1565 suo
699 1535 807 1565 motu
836 1528 1004 1565 calefacit
1032 1528 1100 1565 ista
1119 1527 1139 1549 '¹‘
1166 1527 1355 1565 inferiora.

418 1583 453 1619 6.
485 1582 663 1619 Secundo
693 1581 761 1618 ibi:
790 1582 884 1618 Eius
912 1582 1061 1630 quidem
1081 1582 1198 1632 igitur
1226 1588 1309 1629 etc„
1339 1580 1429 1618 assi-

364 1643 452 1683 gnat
472 1647 628 1672 causam
648 1646 764 1682 quare
790 1635 893 1671 calor
911 1635 951 1672 in
978 1634 1055 1672 istis
1081 1634 1322 1672 inferioribus
1342 1646 1428 1671 cau·
1444 1656 1446 1658 v

364 1696 466 1725 satur
485 1688 504 1710 ’¹‘
532 1687 652 1736 magis
682 1699 727 1724 ex
754 1695 862 1725 motu
890 1687 992 1736 solis,
1018 1700 1135 1737 quarn
1165 1700 1210 1724 ex
1238 1695 1347 1724 motu
1366 1687 1429 1724 ali-

364 1741 470 1778 cuius
499 1740 650 1778 alterius
680 1741 850 1790 corporis
879 1741 1095 1790 superioris.
1125 1741 1175 1778 Et
1202 1740 1292 1778 dicit
1324 1741 1428 1789 quod

363 1795 420 1832 sol
449 1795 551 1831 solus
580 1793 772 1831 sufficiens
802 1801 857 1831 est
884 1794 1034 1831 facere*
1063 1801 1299 1831 aestuantem
1329 1794 1428 1831 calo-

363 1860 443 1885 rem
471 1848 509 1884 in
546 1847 623 1884 istis
658 1847 918 1884 inferioribus:
957 1860 1047 1884 nam
1086 1848 1188 1884 calor
1222 1847 1285 1896 qui
1313 1847 1356 1884 fit
1385 1859 1429 1884 ex

363 1901 442 1939 aliis
467 1900 690 1950 corporibus
719 1901 954 1948 caelestibus,
986 1908 1041 1938 est
1068 1900 1176 1950 quasi
1204 1900 1430 1938 insensibilis

363 1962 536 2003 respectu
566 1953 698 1990 caloris
718 1953 782 2003 qui
809 1954 852 1991 fit
871 1967 893 1991 a
913 1954 1004 1991 sole.
1032 1954 1156 1991 Huius
1176 1961 1304 1991 autem
1334 1953 1428 1991 ratio

364 2015 429 2055 est,
452 2007 540 2056 quia
568 2014 696 2044 motus
716 2007 781 2055 qui
807 2015 936 2044 causat
953 2008 1226 2045 vehementem
1247 2007 1426 2054 calorem,

363 2068 512 2110 oportet
527 2060 632 2110 quod
647 2060 693 2097 sit
706 2061 830 2108 velox,
848 2068 884 2097 et
898 2061 1003 2110 quod
1017 2061 1256 2110 propinquus
1270 2060 1381 2098 nobis
1395 2060 1426 2098 *.

363 2115 493 2151 Motus
521 2121 650 2151 autem
679 2121 867 2151 astrorum
886 2121 965 2151 tam
984 2114 1148 2151 fixorum
1178 2126 1293 2164 quam
1321 2114 1428 2163 quin-

363 2179 438 2216 que
469 2166 672 2204 errantium
692 2173 705 2187 ¹
733 2179 831 2215 quae
860 2175 947 2204 sunt
975 2180 1088 2217 supra
1126 2168 1264 2215 solem,
1294 2179 1427 2204 secun-

363 2220 456 2258 dum
485 2219 707 2269 opinionem
727 2220 948 2268 Aristotelis,
970 2221 1109 2257 scilicet
1129 2219 1290 2268 Saturni,
1313 2220 1426 2269 Iovis,

362 2273 512 2319 Martis,
541 2273 701 2310 Veneris
730 2281 766 2311 et
794 2273 994 2322 Mercurii,
1026 2282 1080 2311 est
1108 2273 1265 2323 quidem
1293 2274 1424 2322 velox,

362 2334 531 2363 remotus
560 2334 690 2364 tamen
718 2339 739 2363 a
758 2326 869 2364 nobis
898 2328 1028 2375 longe;
1058 2335 1185 2364 motus
1215 2334 1343 2364 autem
1372 2328 1425 2364 lu·

361 2392 445 2428 nae,
466 2380 551 2416 lieet
570 2380 616 2417 sit
633 2380 883 2429 propinquus,
906 2388 1105 2417 esttamen
1124 2380 1270 2427 tardus;
1299 2388 1426 2418 motus

362 2440 490 2470 autern
519 2433 607 2470 solis
635 2433 749 2470 habet
776 2441 982 2482 utrumque
1006 2433 1238 2471 sufficienter
1265 2434 1315 2471 ad
1340 2447 1427 2471 cau-

362 2486 525 2523 sandum
563 2487 729 2523 calorem
758 2486 796 2523 in
824 2486 901 2523 istis
937 2486 1195 2534 inferioribus,
1226 2487 1365 2524 scilicet
1391 2495 1427 2525 et

361 2539 603 2576 velocitatem
624 2547 660 2576 et
673 2539 995 2589 propinquitatem
1013 2539 1044 2576 ³¹².
1057 2561 1081 2568 -
1093 2540 1210 2587 Quod
1225 2547 1352 2577 autem
1367 2540 1427 2577 hic

364 2591 497 2629 dicitur
516 2592 563 2629 de
582 2592 782 2629 velocitate
806 2601 933 2630 motus
953 2592 1041 2630 solis
1055 2591 1078 2638 λ,
1110 2593 1352 2630 referendum
1372 2602 1428 2630 est

364 2644 411 2682 ad
432 2652 580 2682 motum
605 2657 681 2693 quo
710 2653 888 2683 movetur
916 2646 1128 2683 secundum
1158 2653 1307 2683 motum
1328 2646 1427 2684 diur-

364 2710 468 2744 num,
490 2710 568 2735 non
596 2699 644 2736 ad
672 2698 848 2747 proprios
877 2706 1005 2736 motus
1034 2699 1236 2736 stellarum.
1267 2699 1428 2736 Manife-

363 2758 463 2787 stum
485 2758 541 2788 est
566 2751 667 2788 enim
688 2751 794 2800 quod
812 2759 961 2789 motum
981 2752 1160 2789 diurnum
1181 2751 1311 2789 omnia
1330 2760 1428 2789 astra

364 2804 502 2841 eodem
531 2804 713 2853 temporis
747 2805 868 2854 spatio
895 2813 1096 2854 peragunt:
1127 2813 1269 2854 quanto
1299 2813 1426 2843 autem

363 2857 516 2906 aliquod
538 2857 755 2895 caelestium
775 2870 981 2908 corporum
1003 2866 1058 2895 est
1070 2858 1320 2908 propinquius
1341 2871 1427 2896 een—

362 2917 432 2957 tro,
453 2918 556 2947 tanto
586 2911 775 2948 minorem
796 2911 1138 2949 circumferentiam
1160 2911 1299 2960 circuit,
1325 2912 1427 2950 unde

362 2963 504 3000 tardius
519 2971 707 3001 movetur.
722 2965 942 3002 Secundum
958 2973 1086 3002 autem
1097 2965 1272 3015 proprios
1288 2973 1426 3012 motus,

362 3016 452 3053 luna
478 3017 720 3054 velocissime
749 3026 938 3055 movetur.

416 3082 452 3118 7.
474 3070 605 3108 Tertio
635 3071 703 3108 ibi:
732 3072 838 3108 Fieri
863 3077 987 3108 autem
1016 3072 1141 3121 magis
1161 3079 1243 3119 ete.,
1265 3071 1428 3119 assignat

364 3134 517 3160 causam
559 3136 674 3173 quare
703 3125 823 3174 magis
864 3132 1064 3174 generatur
1101 3125 1204 3161 calor
1241 3137 1287 3161 ex
1320 3132 1427 3161 motu

363 3175 479 3223 ipsius
507 3177 638 3214 solaris
667 3179 855 3228 corporis,
886 3191 1004 3228 quam
1034 3190 1078 3215 ex
1106 3185 1215 3215 motu
1243 3178 1427 3227 sphaerae

364 3228 454 3266 eius.
476 3231 525 3267 Et
548 3230 636 3268 dicit
655 3232 759 3281 quod
788 3231 1008 3270 rationabile
1030 3239 1085 3268 est
1103 3231 1208 3281 quod
1228 3230 1393 3268 caliditas
1409 3230 1428 3252 ’¹‘

1082 281 1671 320 METEOROLOGICORUM
1699 281 1793 318 LIB.
1825 282 1839 318 I

1482 360 1550 396 fiat
1577 359 1698 407 magis
1727 372 1815 397 cum
1843 360 1927 410 ipso
1956 360 2068 398 solari
2098 372 2270 410 corpore.
2297 362 2346 398 Et
2373 361 2486 399 huius
2506 362 2553 399 si-

1483 411 1573 449 mile
1601 424 1809 461 possumus
1846 426 1998 451 sumere
2034 426 2079 450 ex
2106 413 2164 450 his
2200 426 2299 463 quae
2327 421 2415 452 sunt
2450 415 2554 464 apud

1483 477 1570 502 nos:
1600 465 1690 514 quia
1725 466 1839 503 etiam
1875 467 1958 515 hic,
1988 479 2054 504 aer
2086 466 2235 504 vicinus
2273 467 2387 504 rebus
2424 468 2553 517 spissis

1484 530 1583 566 quae
1611 519 1781 556 feruntur
1798 532 1869 569 per
1886 520 2121 568 violentiam,
2142 519 2310 557 maxime
2330 520 2374 557 fit
2396 521 2551 558 calidus.

1483 572 1533 608 Et
1550 572 1626 608 hoc
1645 572 1781 610 accidit
1805 572 1919 610 etiarn
1933 573 1954 595 ²¹²
1973 572 2259 610 rationabiliter:
2281 572 2370 622 quia
2387 573 2552 611 maxime

1482 632 1610 661 motus
1648 625 1818 674 corporis
1855 625 1965 663 solidi
1992 625 2012 648 '¹‘
2041 626 2227 674 disgregat
2263 637 2412 672 aerem;
2449 627 2553 664 unde

1483 689 1573 714 curn
1593 677 1720 727 ipsum
1740 691 1879 728 corpus
1903 679 2025 716 solare
2045 679 2091 716 sit
2109 679 2230 727 magis
2249 678 2414 716 solidum
2434 691 2552 728 quam

1484 739 1631 768 ceterae
1650 738 1777 780 partes
1805 732 1989 781 sphaerae
2018 732 2148 781 ipsius,
2174 744 2263 769 curn
2292 744 2372 769 non
2400 732 2447 769 sit
2474 732 2552 770 dia-

1483 785 1678 833 phanum,
1707 785 1828 833 magis
1866 797 1912 822 ex
1948 793 2058 822 motu
2086 785 2166 822 eius
2195 792 2397 833 generatur
2426 786 2550 833 calor,

1485 849 1601 886 quam
1622 849 1667 874 ex
1686 845 1796 874 motu
1814 838 1999 887 sphaerae
2021 838 2101 875 eius
2119 838 2150 875 ²¹⁸.
2177 838 2240 875 Sic
2267 838 2378 886 igitur
2395 846 2553 888 propter

1485 902 1640 927 causam
1669 890 1780 927 istam
1810 890 1975 928 caliditas
1995 903 2017 928 a
2041 892 2121 928 sole
2147 891 2321 940 pertingit
2349 891 2399 929 ad
2422 892 2551 929 locum

1483 943 1610 991 istum,
1631 943 1809 991 quamvis
1828 944 1886 980 sol
1909 956 1989 980 non
2008 944 2054 981 sit
2073 944 2227 982 calidus.

1537 996 1622 1032 Nec
1639 995 1730 1033 huie
1743 1008 1879 1033 causae
1898 995 2220 1045 impedimentum
2233 1004 2400 1047 praestat
2411 997 2432 1019 ’¹‘
2446 997 2552 1046 quod

1483 1049 1573 1085 luna
1602 1056 1659 1085 est
1685 1048 1782 1086 inter
1810 1049 1931 1086 solem
1961 1056 1998 1086 et
2025 1062 2116 1098 nOS,
2147 1062 2246 1100 quae
2281 1049 2446 1088 calefieri
2473 1063 2552 1088 non

1483 1109 1623 1151 potest:
1654 1101 1742 1151 quia
1769 1101 1855 1139 licet
1882 1114 1962 1139 non
1991 1103 2138 1140 calefiat
2165 1115 2188 1140 a
2216 1104 2313 1152 sole,
2343 1103 2471 1152 aliquo
2498 1111 2552 1141 ta-

1485 1167 1576 1192 men
1594 1155 1713 1192 modo
1733 1155 1957 1192 immutatur
1976 1156 2024 1192 ab
2045 1167 2104 1203 eo,
2124 1155 2303 1194 videmus
2324 1156 2428 1194 enim
2447 1157 2553 1205 quod

1485 1207 1717 1245 illuminatur
1755 1208 1803 1245 ab
1838 1220 1905 1254 eo;
1943 1220 2023 1246 non
2057 1220 2211 1258 semper
2247 1216 2377 1246 autem
2415 1209 2552 1248 eadem

1485 1261 1611 1310 specie
1639 1261 1914 1299 immutationis
1942 1261 2166 1299 immutatur
2184 1262 2357 1300 medium
2378 1269 2415 1300 et
2434 1270 2552 1301 extre-

1485 1327 1594 1351 mum
1628 1321 1664 1362 fl,
1703 1314 1799 1352 sicut
1836 1314 1962 1352 radius
1996 1315 2086 1352 solis
2123 1327 2203 1352 non
2234 1315 2450 1353 inflammat
2482 1327 2552 1354 vas

1483 1367 1647 1405 vitreum
1673 1368 1831 1417 plenum
1861 1380 1972 1417 aqua,
2002 1368 2071 1405 sed
2099 1375 2251 1418 stupam
2280 1368 2511 1418 oppositam.
2528 1390 2553 1398 -

1483 1422 1654 1470 Apparet
1674 1420 1788 1458 etiam
1817 1421 1910 1458 ratio
1931 1433 2048 1470 quare
2068 1421 2099 1468 ⁵¹⁶,
2128 1421 2195 1458 ubi
2225 1429 2280 1459 est
2302 1422 2453 1470 umbra,
2473 1433 2553 1460 non
2581 1435 2590 1445 ·

1485 1481 1540 1511 est
1567 1482 1693 1512 tantus
1731 1475 1834 1511 calor
1868 1482 2031 1524 quantus
2069 1482 2125 1511 est
2161 1474 2199 1512 in
2236 1475 2322 1512 loco
2359 1475 2426 1512 ubi
2458 1474 2554 1513 radii

1484 1527 1625 1564 solares
1643 1527 1912 1576 proiiciuntur:
1943 1528 2032 1576 quia
2051 1527 2191 1564 scilicet
2217 1528 2357 1565 umbra
2378 1535 2553 1566 causatur

1484 1593 1529 1617 ex
1558 1580 1685 1630 aliquo
1707 1592 1868 1629 corpore
1888 1579 2065 1630 opposito
2087 1580 2169 1628 soli,
2190 1581 2296 1630 quod
2314 1580 2554 1631 interrumpit

1484 1633 1809 1671 continuationem
1837 1633 2162 1684 transmutationis
2190 1646 2288 1683 quae
2317 1642 2374 1672 est
2402 1647 2425 1672 a
2453 1635 2551 1681 sole;

1484 1687 1552 1724 sed
1581 1686 1678 1724 actio
1708 1685 1797 1724 solis
1833 1681 2010 1735 pertingit
2036 1687 2086 1724 ad
2117 1687 2247 1724 locum
2284 1688 2446 1725 umbrae
2482 1699 2554 1737 per

1483 1739 1679 1789 quandam
1707 1739 2012 1777 reflexionem.-
2034 1740 2118 1776 Nec
2132 1739 2152 1762 '¹‘
2179 1748 2310 1778 tamen
2335 1741 2552 1790 putandum
2579 1753 2591 1764 ·

1484 1801 1539 1830 est
1567 1793 1672 1842 quod
1692 1801 1819 1830 motus
1839 1792 1940 1840 solis,
1961 1792 2188 1852 inquantum
2208 1801 2264 1830 est
2281 1793 2302 1815 ’¹‘
2325 1801 2453 1831 motus
2471 1801 2551 1832 tan-

1483 1854 1578 1894 tum,
1609 1853 1738 1883 causet
1766 1846 1955 1883 calorem:
1985 1845 2053 1883 sed
2081 1846 2311 1896 inquantum
2341 1854 2397 1884 est
2424 1854 2552 1885 motus

1483 1899 1564 1936 talis
1594 1899 1788 1948 corporis,
1822 1898 1861 1936 in
1889 1911 1958 1936 sua
1991 1906 2127 1936 natura
2161 1899 2336 1937 habentis
2371 1899 2553 1937 virtutem

1484 1952 1738 1990 calefaciendi.
1771 1951 1919 1989 Omnes
1947 1952 2052 1989 enim
2081 1953 2228 1990 formae
2262 1965 2470 2002 corporum
2497 1953 2553 1991 in-

1483 2005 1664 2043 feriorum
1693 2005 1926 2043 reducuntur
1946 2005 1984 2042 in
2013 2017 2176 2055 corpora
2196 2006 2370 2044 caelestia
2398 2006 2496 2044 sicut
2512 2005 2552 2044 in

1483 2059 1673 2109 quaedam
1694 2058 1899 2108 principia:
1921 2066 1957 2096 et
1974 2058 2063 2096 inde
2094 2066 2149 2096 est
2168 2058 2274 2107 quod
2298 2058 2450 2097 diversa
2469 2070 2551 2097 cor—

1481 2125 1578 2163 pora
1605 2112 1780 2150 caelestia
1807 2111 1978 2150 diversos
2004 2111 2161 2149 effectus
2179 2112 2219 2150 in
2238 2112 2352 2150 rebus
2376 2124 2553 2162 corpora-

1481 2165 1578 2203 libus
1607 2165 1760 2213 habent,
1782 2177 1860 2202 non
1888 2165 2014 2202 solum
2042 2165 2255 2203 secundum
2275 2165 2455 2214 calidum,
2484 2165 2553 2204 sed

1481 2219 1595 2257 etiam
1624 2218 1837 2256 secundum
1865 2218 1957 2255 alias
1985 2218 2183 2267 passiones
2212 2226 2248 2256 et
2276 2219 2430 2256 fortnas.

1537 2274 1571 2310 8.
1587 2271 1737 2310 Deinde
1754 2284 1843 2309 curn
1864 2270 1968 2309 dicit:
1983 2273 2035 2309 Et
2052 2272 2141 2321 quia
2156 2271 2325 2310 ambiens
2345 2279 2429 2320 etc„
2444 2271 2554 2322 ponit

1479 2325 1675 2375 propriam
1694 2325 1715 2347 ‘¹‘
1743 2337 1899 2362 causam
1919 2325 2115 2363 caliditatis
2143 2333 2343 2374 generatae
2373 2337 2419 2363 ex
2443 2332 2554 2363 motu

1481 2379 1586 2417 solis:
1607 2391 1706 2428 quae
1725 2386 1854 2416 tamen
1873 2390 1953 2415 non
1972 2386 2027 2415 est
2046 2378 2281 2427 universalis,
2302 2378 2370 2416 sed
2388 2378 2554 2429 particu-

1481 2433 1578 2470 laris.
1609 2432 1720 2470 Unde
1745 2431 1834 2469 dicit
1862 2431 1967 2480 quod
1991 2431 2207 2480 frequenter
2233 2431 2328 2480 ignis
2348 2431 2414 2482 qui
2434 2431 2554 2471 ambit

1481 2486 1676 2524 inferiores
1689 2492 1816 2534 partes
1831 2483 1977 2531 mundi,
1999 2496 2045 2521 ex
2059 2492 2167 2522 motu
2183 2484 2354 2533 corporis
2369 2484 2551 2533 caelestiS,

1481 2540 1597 2576 fertur
1617 2537 1783 2586 quadam
1803 2537 1983 2574 violentia
2003 2537 2196 2585 deorsum,
2224 2545 2260 2574 et
2279 2537 2465 2587 spargitur
2482 2549 2553 2587 per

1481 2604 1628 2629 aerem:
1645 2590 1744 2640 quia,
1760 2590 1856 2627 sicut
1874 2602 1988 2639 supra
2002 2589 2022 2612 ’¹‘
2037 2590 2180 2628 dictum
2196 2597 2262 2638 est,
2279 2591 2452 2640 superior
2464 2603 2552 2641 pars
2580 2605 2589 2614 ·

1482 2645 1576 2683 aeris
1586 2644 1606 2667 '¹‘
1616 2652 1654 2682 et
1666 2643 1761 2692 ignis
1771 2643 1965 2692 quendam
1981 2643 2129 2680 fluxum
2143 2643 2259 2681 habet
2270 2656 2315 2681 ex
2326 2652 2436 2682 motu
2445 2643 2550 2682 caeli.
2581 2658 2590 2667 ²

1536 2711 1572 2746 9.
1611 2697 1760 2735 Deinde
1799 2709 1887 2734 cum
1926 2696 2039 2734 dicit:
2083 2697 2243 2747 Signum
2281 2703 2408 2735 autem
2443 2698 2551 2748 saff-

1482 2752 1582 2789 ciens
1605 2759 1688 2798 etc„
1718 2749 1932 2787 manifestat
1960 2750 2066 2798 quod
2095 2750 2266 2799 quaestio
2296 2751 2551 2800 supponebat,

1482 2805 1622 2842 scilicet
1640 2805 1746 2853 quod
1767 2815 1928 2852 corpora
1948 2802 2123 2840 caelestia
2141 2815 2222 2841 non
2241 2811 2328 2841 sunt
2347 2803 2469 2842 calida
2487 2811 2553 2842 aut

1480 2858 1612 2906 ignita:
1643 2865 1679 2894 et
1697 2858 1771 2894 hoc
1788 2869 1860 2906 per
1879 2856 1956 2893 duo
1978 2856 2094 2905 signa.
2116 2856 2290 2894 Primum
2309 2864 2365 2894 est
2392 2857 2482 2907 quia
2499 2856 2552 2895 ibi

1481 2924 1560 2948 non
1589 2917 1773 2960 apparent
1792 2909 1992 2947 *discursus
2021 2917 2211 2947 astrorum
2246 2922 2345 2959 quae
2373 2909 2552 2948 videntur

1482 2964 1665 3011 cadentia,
1686 2975 1783 3012 quae
1814 2975 1858 3000 ex
1882 2962 2061 3011 ignitione
2080 2970 2309 3012 generantur
2328 2962 2366 3000 in
2385 2963 2551 3001 inferiori

1481 3019 1588 3055 loco:
1618 3017 1723 3066 quod
1752 3028 1830 3053 non
1861 3024 1959 3054 esset
1977 3016 2007 3054 si
2037 3028 2199 3066 corpora
2223 3015 2398 3054 caelestia
2427 3025 2552 3055 essent

1482 3070 1602 3108 calida
1621 3077 1686 3107 aut
1705 3069 1818 3118 ignita
1832 3069 1868 3115 *;
1886 3069 1974 3119 quia
1993 3069 2059 3106 ubi
2079 3077 2136 3107 est
2155 3077 2283 3107 motus
2297 3069 2422 3107 maior
2436 3077 2472 3108 et
2485 3081 2551 3108 ve·
2579 3082 2588 3092 ·

1482 3123 1612 3171 locior,
1633 3122 1684 3160 ibi
1705 3122 1810 3160 citius
1829 3122 1970 3172 aliquid
1990 3123 2139 3171 ignitur.
2161 3123 2383 3161 Secundum
2401 3123 2549 3172 signum

1483 3184 1539 3214 est
1571 3177 1676 3226 quod
1696 3176 1763 3223 sol,
1795 3176 1859 3226 qui
1880 3176 2044 3213 maxime
2072 3175 2223 3214 videtur
2242 3188 2324 3214 esse
2344 3176 2486 3214 calidus
2507 3187 2552 3214 ex

1484 3230 1633 3278 effectu,
1662 3229 1812 3267 videtur
1840 3229 1976 3266 coloris
2003 3229 2080 3272 ,albi
2115 3237 2151 3266 et
2177 3241 2256 3266 non
2285 3229 2383 3278 ignei
2402 3235 2425 3266 ’.

416 3343 440 3378 0)
461 3346 604 3370 secundum
623 3346 698 3371 duas.
716 3360 734 3365 -
753 3347 809 3371 Hoc
827 3354 880 3371 om.
894 3346 970 3376 Pssa,·
989 3346 1020 3371 cf.
1041 3347 1099 3371 lect.
1117 3353 1202 3379 praec.
1223 3351 1276 3371 not.
1296 3354 1321 3370 α.
1334 3360 1352 3365 -
1370 3346 1426 3370 Lin.

365 3391 420 3415 seq.
441 3380 532 3412 incipit
549 3389 602 3405 om.
621 3382 652 3406 A.

418 3415 436 3449 ι)
455 3416 495 3440 sol
513 3416 583 3441 solus
602 3416 734 3450 sufficiens
752 3420 791 3442 est
802 3418 906 3450 jacere.
920 3430 939 3437 ·-
952 3417 992 3442 sol
1010 3424 1027 3441 a
1046 3417 1103 3442 loco
1121 3417 1184 3442 solis
1199 3415 1356 3450 (superioris
1368 3424 1427 3442 cor-

360 3453 437 3485 poris
455 3451 488 3486 A)
508 3451 606 3485 sufficit
616 3453 711 3484 facere
730 3452 782 3476 AB.
796 3465 814 3471 ·-
828 3452 907 3477 Iidem
922 3458 981 3485 post
1001 3453 1065 3476 duas
1084 3453 1164 3477 lineas
1178 3460 1225 3485 pro
1245 3455 1364 3485 respectu
1383 3459 1426 3477 ca-

365 3488 436 3516 loris,
447 3494 499 3519 per
517 3487 740 3518 comparationem
759 3487 796 3512 ad
815 3488 944 3515 calorem:
963 3487 995 3513 cf.
1014 3488 1072 3512 lect.
1091 3495 1118 3517 n,
1139 3493 1191 3512 not.
1210 3496 1230 3513 ε.

418 3522 444 3556 κ)
463 3522 553 3546 Motus
572 3525 660 3546 autem
709 3523 866 3547 errantium.
878 3537 897 3541 -
914 3523 988 3548 Unde
1008 3526 1094 3548 motus
1109 3526 1244 3548 astrorum
1258 3523 1382 3557 fixorum
1401 3526 1427 3548 et

365 3558 478 3591 quinque
496 3557 643 3582 errantium
659 3557 705 3585 Pa,
725 3558 771 3582 sed
799 3558 872 3582 Unde
891 3558 932 3582 hic
950 3566 1001 3582 non
1031 3563 1070 3582 est
1093 3559 1124 3583 ad
1144 3566 1207 3583 rem.
1220 3572 1239 3578 -
1258 3559 1321 3583 Post
1341 3562 1428 3583 motus

364 3597 452 3618 autem
472 3593 557 3621 lunae,
578 3593 621 3616 AB
640 3592 735 3617 addunt
753 3599 820 3625 quae
839 3596 878 3617 est
896 3593 942 3617 sub
961 3594 1023 3622 sole,
1043 3593 1210 3618 cohaerenter
1229 3594 1260 3619 ad
1280 3593 1343 3619 illud
1357 3594 1427 3627 quod

365 3629 442 3662 paulo
461 3632 519 3652 ante
538 3627 627 3652 dicitur
645 3634 712 3659 quae
730 3631 792 3652 sunt
810 3635 892 3659 supra
911 3629 1007 3657 solem,·
1027 3628 1058 3653 cf.
1073 3629 1150 3653 etiam
1169 3634 1275 3654 textum.

417 3662 446 3698 λ)
468 3662 565 3688 dicitur
585 3663 617 3687 de
636 3663 773 3688 velocitate
792 3666 878 3688 motus
897 3663 966 3688 solis.
981 3677 999 3681 -
1015 3663 1047 3688 de
1067 3664 1203 3689 velocitate
1222 3665 1322 3689 dicitur
1335 3665 1387 3695 AB,
1403 3669 1427 3689 et

1482 3350 1671 3378 consequenter
1688 3353 1736 3377 pro
1754 3353 1806 3377 quo
1826 3348 1946 3370 movetur
1961 3346 2050 3377 legunt
2069 3351 2120 3376 quo
2135 3347 2291 3373 mouentum·
2309 3351 2377 3377 quae
2391 3343 2467 3369 lectio
2480 3343 2552 3369 vide-

1482 3386 1523 3406 tur
1533 3381 1671 3406 convenire
1686 3388 1746 3405 cum
1756 3380 1787 3405 iis
1800 3388 1868 3413 quae
1882 3386 2028 3414 sequuntur
2039 3380 2077 3404 ad
2085 3380 2213 3412 proprios
2227 3382 2314 3405 motus
2322 3380 2460 3405 stellarum
2475 3383 2524 3405 etc·
2533 3392 2552 3399 ·-

1482 3417 1533 3441 Pro
1558 3416 1731 3450 Manifestum
1751 3419 1791 3441 est
1809 3416 1878 3441 enim
1897 3415 1969 3449 quod
1988 3419 2087 3440 motum
2136 3418 2288 3449 peragunt,
2313 3414 2489 3448 ,Manifestum
2512 3417 2552 3440 est

1481 3452 1551 3477 enim
1570 3452 1642 3484 quod
1661 3454 1747 3476 motus
1767 3451 1880 3477 diurnus
1899 3454 1982 3477 totum
2002 3451 2104 3476 caelum
2129 3451 2220 3476 eodem
2240 3450 2367 3483 temporis
2385 3450 2474 3483 spatio
2487 3456 2551 3482 per-

1482 3495 1498 3512 a
1520 3488 1541 3512 it
1560 3488 1612 3512 AB.

1499 3495 1519 3521 g
1536 3522 1564 3556 μ)
1586 3523 1745 3547 immutatur
1770 3522 1885 3547 medium
1912 3525 1938 3547 et
1961 3525 2122 3547 extremum.
2140 3535 2159 3541 -
2177 3524 2299 3546 mutatur
2324 3520 2440 3546 medium
2459 3522 2551 3545 extre-

1482 3566 1554 3583 mum
1575 3556 1612 3591 (et
1631 3561 1782 3583 extremum
1797 3558 1855 3582 edd.
1868 3564 1885 3582 a
1902 3562 1927 3582 et
1946 3556 2023 3590 1561)
2044 3557 2123 3582 Pa.-—
2137 3557 2188 3581 Pro
2201 3559 2306 3588 stupam
2322 3555 2480 3588 oppositam,
2494 3557 2551 3580 stu-

1478 3601 1543 3626 pam
1561 3600 1611 3625 per
1629 3600 1657 3618 se
1672 3593 1757 3625 ipsum
1776 3594 1821 3617 AB
1840 3597 1969 3624 corrupte.

1535 3628 1560 3662 ν)
1575 3636 1612 3654 ex
1626 3628 1754 3662 effectum
1757 3628 1860 3660 Agnei.
1868 3634 1933 3653 -ex
1946 3627 2039 3661 effectu
2052 3627 2150 3652 caloris
2164 3627 2271 3652 videtur
2283 3625 2400 3660 (videtur
2409 3625 2507 3651 caloris
2517 3624 2549 3659 B)

1482 3664 1568 3689 albior
1588 3671 1638 3689 non
1659 3663 1738 3696 igniti
1756 3664 1810 3688 ΑΒ.

2581 588 2591 597 ·
2606 587 2678 609 etiam
2691 593 2740 610 om.
2754 594 2782 610 n

2581 641 2590 649 ⁴
2606 639 2696 661 solaris
2709 646 2746 662 ΑΒ.

2581 852 2590 860 “
2606 850 2658 872 eiu
2672 855 2721 872 om.
2735 855 2775 872 Aa.

2581 1009 2750 1056 ὶοζῗξέἒαωῖ
2763 1013 2782 1030 2

2606 1752 2696 1774 Nona.

2579 1806 2591 1817 ⁴
2605 1806 2642 1827 eet
2654 1810 2703 1827 om.
2717 1810 2756 1827 ra.

2581 2337 2590 2346 ·
2604 2334 2754 2357 secundam?
2778 2350 2782 2360 .
