2782 4134
339 272 410 316 134

978 268 982 273 '
1024 260 1094 296 DE
1124 255 1298 294 CAELO
1327 253 1398 290 ET
1427 252 1621 289 MUNDO
1652 252 1746 287 LIB.
1777 251 1807 286 Il

1078 461 1379 519 LEcT10
1419 458 1761 537 QUARTA

619 627 893 663 OSTENDITUR
916 624 1033 663 QUAE
1057 623 1123 654 SIT
1147 621 1289 653 CAUSA
1313 619 1435 658 QUOD
1460 619 1504 650 IN
1528 618 1673 650 CAELO
1698 618 1795 649 SINT
1819 616 1983 648 PLURES
2007 613 2231 646 SPHAERAE

1152 677 1475 710 CIRCULARITER
1497 675 1652 707 MOTAE

336 825 431 856 Ἐπεὶ
456 817 483 852 δ’
512 820 570 852 οὐκ
595 818 684 850 ἐ’στιν
710 816 848 848 ἐναντία
871 815 995 849 κίνησις
1020 811 1040 846 ἡ
1065 809 1174 849 κύκλῳ
1201 807 1245 849 τῇ
1271 805 1394 847 κύκλῳ,

409 863 571 898 σκεπτέον
596 858 654 893 διά
677 863 710 892 τί
737 860 869 894 πλείους
894 857 956 888 εἰσὶ
981 856 1098 899 φοραί,

342 952 461 991 καίπερ
495 943 656 990 πόρρωθεν
691 940 903 986 πειρωμένοις
938 935 1106 971 ποιεῖσθαι
1143 935 1205 971 την
1231 933 1394 976 ζήτησιν,

410 993 517 1036 πόρρω
542 992 569 1024 δ’
599 988 661 1033 οὐχ
685 985 773 1018 οὕτω
804 985 853 1026 τῷ
882 982 994 1024 τόπῳ,
1021 981 1107 1014 πολὺ
1131 979 1168 1011 δὲ
1193 980 1321 1023 μᾶλλον
1348 979 1395 1018 τῷ

410 1039 474 1068 τῶν
499 1030 756 1081 συμβεβηκότων
777 1029 895 1066 αὐτοῖς
915 1027 989 1071 πέρι
1011 1025 1156 1102 παῖς-παν
1175 1024 1290 1068 ὀλίγην
1308 1022 1396 1067 ἔχειν

411 1079 572 1117 αἴσθησιν.
602 1076 710 1121 Ὅμως
735 1070 773 1106 δέ
795 1074 959 1119 λέγωμεν.
994 1072 1036 1102 Ἡ
1079 1071 1086 1082 ’
1117 1069 1214 1101 αἰτία
1239 1068 1313 1111 περὶ
1339 1064 1399 1098 αὐ-

409 1125 474 1157 τῶν
500 1117 626 1156 ἐνθένδε
648 1117 799 1157 ληπτέα.
1379 1154 1397 1162 ..

337 1167 504 1202 Ἕκαστόν
530 1170 634 1207 ἐστιν,
652 1165 695 1196 ὥν
723 1164 811 1195 ἐστιν
839 1162 947 1207 ἔργον,
967 1159 1064 1191 ἕνεκα
1089 1158 1151 1190 τοῦ
1177 1157 1287 1202 ἔργου.
1313 1155 1397 1207 §sou

410 1209 438 1243 δ’
467 1212 615 1258 ἐνέργεια
647 1207 834 1242 ἀθανασία·
867 1206 972 1238 τοῦτο
1007 1199 1036 1235 δ’
1066 1201 1138 1235 ἐστὶ
1170 1200 1241 1243 ζωή
1277 1200 1395 1236 ἀΐὸιος.

403 1257 494 1289 ”Ωστ’
516 1255 646 1301 ἀνάγκη
665 1253 712 1294 τῷ
728 1250 800 1292 θείῳ
822 1252 947 1286 κίνησιν
968 1243 1074 1280 ἀΐδιον
1093 1245 1267 1291 ὑπάρχειν.
1300 1244 1398 1275 Ἐπεὶ

409 1297 438 1333 δ’
468 1302 483 1332 ὁ
512 1299 650 1344 οὐρανὸς
681 1296 838 1332 τοιοῦτος
871 1294 985 1336 (σῶμα
1016 1291 1080 1338 γάρ
1112 1303 1147 1324 τι
1177 1289 1305 1331 θεῖον),
1340 1283 1400 1319 διά

410 1346 514 1379 τοῦτο
546 1345 615 1388 ἔχει
647 1341 688 1373 ‘cd
723 1338 897 1386 ἐγκύκλιον
929 1337 1045 1380 σῶμα,
1081 1336 1096 1367 ὃ
1128 1334 1223 1379 φύσει
1254 1335 1398 1365 κινεῖται

408 1389 515 1430 κύκλῳ
543 1388 604 1420 ἀεί.
866 1423 868 1425 ¹

345 1435 406 1467 Διά
429 1437 462 1466 τί
488 1431 542 1465 οὖν
570 1432 631 1476 οὐχ
663 1428 737 1461 ὅλον
764 1427 804 1459 τὸ
829 1427 926 1470 σῶμα
957 1425 1019 1457 τοῦ
1049 1424 1191 1467 οὐρανοῦ
1217 1422 1397 1460 τοιοῦτον;

411 1478 464 1511 ὅτι
490 1476 619 1523 ἀνάγκη
649 1473 756 1517 μένειν
783 1484 816 1503 τι
841 1470 903 1502 τοῦ
935 1468 1093 1513 σώματος
1125 1469 1187 1499 τοῦ
1219 1464 1399 1521 φερομένου

409 1522 516 1554 κύκλω
542 1521 582 1553 τὸ
608 1521 662 1552 ἐπὶ
687 1517 749 1550 τοῦ
766 1515 880 1560 μέσου,
899 1515 1026 1546 τούτου
1051 1508 1079 1543 δ’
1102 1511 1196 1544 οὐθὲν
1216 1512 1326 1544 οἱοντε
1343 1509 1400 1554 μέ-

410 1578 473 1598 νειν
498 1553 625 1610 μόριον,
652 1561 719 1594 οὗθ’
742 1559 822 1597 ὅλως
850 1559 920 1591 οὔτ’
943 1559 998 1590 ἐπὶ
1022 1558 1085 1589 τοῦ
1109 1556 1224 1601 μέσου.
1252 1556 1318 1587 Καὶ
1334 1554 1400 1600 γάρ

414 1611 451 1643 ἅν
477 1611 497 1647 ’ἡ
522 1609 616 1642 κατά
638 1606 731 1651 φύσιν
759 1607 882 1642 κίνησις
915 1601 955 1640 ἦν
988 1602 1097 1635 αὐτοῦ
1131 1601 1185 1634 ἐπὶ
1211 1600 1252 1633 τό
1279 1598 1398 1644 μέσον·

412 1656 504 1699 φύσει
528 1650 565 1686 δὲ
588 1652 696 1692 κύκλῳ
719 1653 879 1682 κινεῖται·
908 1648 945 1680 οὐ
969 1647 1032 1693 γάρ
1061 1645 1099 1678 ἄν
1124 1645 1163 1683 ἦν
1192 1640 1296 1682 ἀΐδιος
1315 1644 1336 1680 ἡ
1353 1645 1402 1674 κί-

412 1711 518 1736 νησις·
547 1697 638 1730 οὐθὲν
668 1694 732 1742 γάρ
762 1693 856 1737 παρὰ
885 1692 980 1735 φύσιν
1016 1685 1135 1724 ἀΐδιον.
1169 1689 1331 1733 ’Ὑστερον
1363 1682 1402 1719 δὲ

413 1744 453 1776 τὸ
478 1742 572 1785 παραὶ
595 1740 688 1784 φύσιν
719 1739 780 1771 τοῦ
811 1737 906 1770 κατά
936 1734 1052 1781 φύσιν,
1077 1737 1135 1767 καὶ
1166 1734 1326 1771 ἔκστασίς
1351 1734 1401 1769 τίς

413 1788 505 1820 ἐστιν
531 1787 563 1819 ὲν
589 1786 632 1828 τῇ
658 1782 784 1830 γενέσει
809 1782 849 1815 τό
868 1781 962 1825 παρά
978 1779 1073 1824 φύσιν
1092 1779 1154 1812 τοῦ
1179 1778 1276 1811 κατά
1292 1777 1400 1821 φύσιν.

407 1831 555 1878 Ἀνάγκη
580 1832 690 1863 τοίνυν
714 1828 777 1872 γῆν
803 1823 906 1858 εἶναι·
928 1826 1035 1858 τοῦτο
1052 1824 1116 1871 γάρ
1136 1821 1251 1868 ἠρεμεῖ
1267 1823 1322 1854 ἐπὶ
1340 1821 1404 1854 τοῦ

413 1875 525 1921 μέσου.
561 1875 627 1906 Νῦν
652 1873 710 1917 μὲν
741 1870 796 1903 οὖν
830 1869 1016 1902 ύποκεῖσθω
1046 1870 1173 1909 τοῦτο,
1203 1866 1341 1911 ὕστερον
1367 1861 1404 1897 δὲ

412 1919 618 1966 λεχθήσεται
643 1919 714 1960 περὶ
740 1916 861 1948 αὐτοῦ.

302 1996 305 1998 .
344 2004 451 2037 Ἀλλά
473 2003 538 2048 μήν
563 2003 591 2034 εἰ
614 2002 696 2047 γῆν,
725 1998 855 2054 ἀνάγκη
880 2000 938 2029 καὶ
964 1998 1028 2040 πῦρ
1053 1994 1156 2029 εἶναι·

351 2051 416 2083 τῶν
440 2049 503 2094 γάρ
530 2045 687 2080 ἐναντίων
712 2045 739 2076 εἱ
763 2042 905 2084 θατερον
931 2041 1043 2087 φύσει,
1071 2040 1203 2087 ἀνάγκη
1227 2041 1286 2071 καὶ
1307 2038 1408 2071 θάτε-

416 2104 468 2138 ρον
494 2088 578 2123 εἶναι
601 2089 706 2135 φύσει,
726 2087 783 2121 ἐάν
809 2098 868 2130 περ
895 2085 917 2130 ’ᾖ
944 2087 1113 2127 ἐναντίον,
1133 2087 1191 2117 καὶ
1217 2081 1301 2116 εἶναί
1326 2095 1407 2116 τινα

417 2137 525 2169 αὐτοῦ
549 2135 660 2180 φύσιν·
687 2135 707 2171 ἦ
731 2133 794 2179 γάρ
821 2132 913 2168 αὖτῆ
939 2130 1001 2168 ὕλη
1027 2132 1094 2162 τῶν
1120 2131 1281 2162 ἐναντίων

351 2184 407 2214 καὶ
432 2182 494 2220 τῇς
518 2179 701 2223 στερήσεως
726 2177 887 2222 πρότερον
906 2177 927 2213 ἡ
947 2174 1157 2219 κατάφασις,
1175 2173 1265 2220 λέγω
1288 2151 1317 2206 5⁸
1339 2173 1407 2205 οἷον

418 2226 458 2258 τὰ
483 2223 598 2269 θερμόν
623 2224 684 2257 τοῦ
713 2222 849 2267 ψυχροῦ.
889 2222 930 2253 Ἤ
954 2215 983 2251 δ’
1012 2219 1135 2264 ἠρεμία
1166 2221 1224 2251 καὶ
1256 2220 1297 2252 ‘ro'
1322 2217 1408 2262 βαρύ

415 2270 575 2316 λέγονται
599 2268 693 2301 κατὰ
715 2267 868 2310 στέρησιν
894 2263 1105 2309 κουφότητος
1130 2265 1188 2295 καὶ
1207 2263 1380 2300 κινήσεως.

347 2314 454 2347 Ἀλλοὶ
501 2314 540 2350 ἢν
565 2315 654 2357 εἴπερ
680 2313 753 2345 ἔστι
778 2313 841 2357 πῦρ
865 2313 922 2342 καὶ
947 2309 1012 2356 γῆ,
1040 2309 1107 2342 ἀνά
1131 2319 1172 2346 κη
1197 2309 1256 2340 καὶ
1280 2307 1330 2340 τοὶ
1353 2318 1411 2350 με·

418 2370 463 2391 τα
487 2359 504 2390 ὓ
541 2358 652 2390 αὐτῶν
688 2354 772 2388 εἶναι
805 2355 969 2400 σώματα·
1003 2355 1107 2387 ἑναντ
1122 2364 1200 2384 ωσιν
1236 2353 1301 2399 γάρ
1338 2351 1353 2384 ἔ
1380 2362 1408 2382 ει

420 2402 561 2435 ἕκαστον
587 2402 652 2434 τῶν
683 2403 857 2446 στοιχείων
890 2399 970 2443 πρὸς
1003 2397 1162 2431 ἕκαστον.
1201 2398 1360 2430 ’Υποκείσ
1382 2408 1408 2427 ω

418 2442 455 2478 δὲ
478 2448 535 2478 καὶ
560 2447 665 2479 τοῦτο
690 2445 764 2489 νῦν),
791 2445 928 2487 ὕστερον
953 2440 990 2475 δὲ
1015 2441 1194 2487 πειρατέον
1220 2437 1341 2482 δεῖξαι.

355 2534 491 2567 Τούτων
515 2529 543 2565 δ’
566 2532 786 2578 ὑπαρχόντων
812 2531 950 2576 φανερὸν
978 2530 1030 2564 ὅτι
1057 2530 1187 2577 ἀνάγκη
1213 2531 1342 2577 γένεσιν
1368 2528 1410 2562 εἶ-

421 2589 475 2610 ναι
499 2574 557 2610 διὰ
581 2578 621 2609 τὸ
647 2573 748 2620 μηδὲν
771 2577 874 2608 οἷόντ’
895 2574 1008 2608 αὐτῶν
1026 2573 1111 2608 εἶναι
1131 2570 1256 2609 ἀίδιον·
1284 2574 1410 2621 πάσχει

421 2622 485 2668 γάρ
508 2623 566 2654 καὶ
591 2626 680 2654 ποιεῖ
704 2622 874 2654 τάναντία
900 2618 958 2652 ὑπ’
978 2619 1147 2662 ἀλλήλων,
1165 2621 1224 2652 καὶ
1242 2618 1413 2665 φθαρτικὰ

425 2666 578 2703 ἀλλήλων
604 2667 709 2698 ἐστίν.

353 2711 427 2743 Ἔτι
452 2706 480 2741 δ’
505 2708 562 2742 οὐκ
587 2710 724 2756 εὔλογον
749 2706 834 2740 εἷναί
859 2721 892 2740 τι
916 2709 1051 2746 κινητὸν
1079 2704 1199 2750 ἀίδιον,
1227 2708 1265 2741 οὗ
1290 2710 1338 2752 μή
1363 2709 1413 2741 ἐν·

424 2750 564 2800 δέχεται
589 2751 672 2786 εἶναι
695 2753 791 2785 κατά
814 2752 906 2797 φύσιν
933 2753 996 2789 τήν
1027 2755 1153 2791 κίνησιν
1181 2749 1307 2786 ἀίδιον·
1334 2752 1415 2787 τού-

426 2810 490 2830 των
514 2793 543 2830 δ’
570 2796 642 2830 ἐστὶ
665 2801 802 2835 κίνησις.
835 2796 912 2830 Ὅτι
937 2798 995 2842 μέν
1023 2800 1132 2830 τοίνυν
1159 2798 1344 2844 ἀναγκαῖον
1371 2794 1414 2830 ε’ἶ-

425 2855 479 2875 ναι
503 2841 646 2889 γένεσιν,
674 2843 709 2874 ἑκ
734 2841 864 2875 τούτων
889 2837 1004 2878 δῆλον.

361 2933 397 2964 Εἰ
421 2931 458 2964 δὲ
474 2931 613 2978 γένεσιν,
634 2932 818 2977 ἀναγκαῖον
843 2933 900 2962 καὶ
927 2932 1029 2968 ἀλλην
1056 2928 1139 2964 εἶναι
1157 2931 1275 2976 φοράν,
1295 2931 1315 2969 ἦ
1333 2934 1412 2976 μίαν

428 2975 448 3012 ἦ
474 2978 622 3013 πλείους·
649 2975 744 3007 κατά
766 2976 828 3020 γάρ
855 2975 918 3011 τήν
945 2976 1005 3007 τοῦ
1031 2974 1108 3007 ὅλου
1129 2976 1291 3014 ὡσαύτως
1311 2977 1415 3023 ἀναγ-

426 3024 521 3052 καῖον
548 3021 633 3066 ἔχειν
658 3020 705 3053 τοὶ
725 3023 879 3064 στοιχεῖα
897 3020 963 3052 τῶν
981 3019 1145 3063 σωμάτων
1165 3021 1245 3064 πρὸς
1267 3022 1411 3059 ἄλληλα.

429 3063 641 3110 Λεχθῆσεται
673 3061 709 3095 δὲ
740 3066 796 3095 καὶ
823 3066 894 3108 περὶ
928 3064 1052 3097 τούτου
1078 3065 1110 3096 ἐν
1136 3070 1207 3103 τοῖς
1239 3066 1413 3110 ἑπομένοις

429 3108 643 3163 σαφέστερον.

363 3153 429 3184 Νῦν
455 3149 493 3184 δε
514 3151 679 3184 τοσοῦτόν
703 3153 775 3184 ἐστι
799 3147 916 3193 δῆλον,
933 3147 992 3184 διά
1015 3155 1094 3185 τίνα
1113 3154 1227 3186 αἰτίαν
1246 3155 1350 3186 πλείω
1370 3154 1417 3187 τοὶ

431 3195 592 3242 ἑγκύκλιά
623 3197 695 3228 ἐστι
726 3195 892 3240 σώματα,
922 3195 973 3229 ὅτι
1005 3197 1134 3242 ἀνάγκη
1160 3198 1287 3244 γένεσιν
1316 3195 1415 3240 εἶναι,

431 3240 556 3286 γένεσιν
582 3236 627 3281 δ’,
653 3242 743 3285 εἴπερ
766 3242 824 3272 καὶ
850 3242 927 3284 πῦρ,
953 3242 1059 3274 τοῦτο
1084 3238 1122 3274 δὲ
1145 3243 1202 3274 καὶ
1228 3242 1356 3285 τᾶλλα,
1375 3244 1418 3275 εἴ·

433 3296 492 3326 περ
515 3286 572 3316 καὶ
596 3285 677 3330 γῆν·
704 3285 836 3322 ταύτην
862 3280 890 3316 δ’
921 3284 973 3318 ὅτι
1001 3286 1130 3332 ἀνάγκη
1157 3287 1264 3331 μένειν
1290 3299 1324 3320 τι
1351 3288 1416 3329 ἀεί,

435 3330 522 3371 εἴπερ
547 3327 706 3360 κινεῖσθαί
732 3340 764 3361 τι
791 3327 853 3361 ἀεί.

426 3466 571 3511 Smorsts.
597 3484 630 3488 -
661 3477 683 3495 1.
706 3469 914 3505 Argumentum
943 3477 970 3498 et
997 3471 1099 3500 divisio
1119 3478 1219 3500 textus.
1245 3489 1262 3494 -
1287 3479 1313 3500 2.
1339 3472 1421 3501 Ratio

374 3506 528 3549 quaerendi
549 3515 621 3542 quae
636 3506 671 3535 sit
684 3508 834 3536 necessitas
856 3510 935 3545 quod
957 3510 986 3537 in
1007 3511 1087 3539 caeio
1108 3511 1164 3539 sint
1182 3512 1263 3540 multi
1278 3518 1305 3540 et
1320 3512 1422 3540 diversi

375 3551 470 3572 motus
491 3545 649 3574 circulares.
670 3562 689 3567 —
711 3547 736 3574 3.
757 3545 915 3576 Difficultas
936 3549 1020 3577 huius
1042 3551 1217 3587 quaestionis
1242 3551 1374 3588 provenit
1396 3558 1423 3580 et

375 3592 408 3611 ex
423 3592 458 3611 eo
479 3585 557 3620 quod
579 3585 707 3613 caelestia
728 3595 849 3622 corpora
869 3588 953 3624 longe
975 3595 1039 3616 sunt
1060 3599 1077 3617 a
1098 3590 1182 3618 nobis
1203 3591 1361 3619 secundum
1380 3591 1421 3619 10-

1450 809 1468 826 *
1492 808 1657 845 Quoniam
1679 814 1787 838 autem
1810 817 1877 838 non
1901 814 1946 838 est
1977 807 2151 838 contrarius
2183 812 2292 837 motus
2315 804 2372 846 qui
2399 803 2519 835 circum

1519 852 1547 882 ei
1571 852 1626 892 qui
1643 851 1772 890 circum,
1793 851 2058 883 considerandum
2077 858 2207 892 propter
2229 850 2307 891 quid
2323 849 2430 890 plures
2445 854 2520 878 sunt

1517 895 1662 927 lationes.

1451 939 1492 970 Et
1514 939 1646 980 quidem
1669 949 1688 970 a
1710 939 1806 979 longe
1828 939 2021 971 tentantibus
2044 939 2145 971 facere
2163 938 2401 980 quaestionem:
2425 937 2521 976 longe

1519 990 1627 1014 autem
1653 993 1720 1013 non
1749 983 1793 1014 sic
1823 989 1928 1022 tanto,
1959 983 2063 1014 multo
2096 989 2204 1014 autem
2236 982 2337 1023 magis
2370 992 2409 1014 eo
2433 980 2523 1022 quod

1518 1027 1731 1058 accidentium
1747 1027 1825 1067 ipsis
1844 1027 1884 1057 de
1907 1027 2042 1058 omnino
2058 1027 2167 1067 paucis
2182 1027 2357 1058 habeamus
2380 1035 2520 1067 sensum.

1518 1074 1669 1102 Attamen
1692 1071 1846 1102 dicamus.
1866 1071 1972 1106 Causa
1988 1078 2096 1102 autem
2111 1071 2151 1102 de
2169 1071 2246 1112 ipsis
2264 1070 2338 1102 hinc
2356 1070 2522 1101 sumenda.

1453 1162 1719 1203 Unumquodque
1742 1167 1804 1200 est,
1828 1171 1970 1202 quorum
1997 1168 2044 1192 est
2076 1171 2177 1202 opus,
2200 1162 2299 1202 gratia
2326 1161 2440 1202 operis.
2463 1160 2524 1192 Dei

1519 1213 1627 1237 autem
1651 1204 1794 1247 operatio
1817 1204 2048 1245 immortalitas,
2068 1205 2145 1236 haec
2163 1213 2272 1237 autem
2295 1212 2341 1237 est
2354 1205 2419 1236 vita
2438 1214 2523 1236 sem-

1520 1250 1658 1292 piterna:
1683 1250 1790 1290 itaque
1814 1258 1940 1280 necesse
1963 1249 2033 1280 Deo
2057 1256 2185 1280 motum
2208 1249 2337 1280 existere
2361 1249 2525 1290 sempiter-

1520 1305 1609 1326 num.
1635 1294 1800 1332 Quoniam
1823 1299 1931 1324 autem
1954 1293 2078 1324 caelum
2092 1293 2154 1325 tale
2174 1291 2306 1336 (corpus
2320 1293 2406 1324 enirn
2421 1292 2526 1335 quod-

1520 1340 1595 1370 dam
1611 1336 1782 1380 divinum),
1797 1344 1928 1378 propter
1940 1337 2002 1368 hoc
2015 1338 2111 1369 habet
2129 1338 2279 1369 circulare
2295 1347 2424 1378 corpus,
2435 1336 2527 1378 quod

1520 1391 1632 1415 natura
1655 1389 1943 1414 circummoveatur
1965 1392 2100 1423 semper.

1453 1429 1586 1470 Propter
1608 1427 1688 1469 quid
1708 1426 1804 1467 igitur
1827 1436 1894 1457 non
1909 1426 2007 1458 totius
2031 1426 2109 1458 caeli
2125 1436 2242 1468 corpus
2265 1424 2340 1457 tale?
2363 1425 2449 1464 Quia
2471 1435 2527 1457 ne*-

1522 1482 1607 1503 cesse
1619 1481 1747 1502 manere
1757 1470 1878 1512 aliquid
1888 1471 2029 1512 corporis
2044 1470 2099 1502 lati
2115 1470 2235 1502 circum
2249 1470 2338 1512 quod
2351 1469 2386 1501 in
2399 1469 2528 1510 medi03

1521 1516 1617 1547 huius
1640 1522 1748 1546 autern
1771 1515 1893 1546 nullam
1916 1515 2066 1556 possibile
2090 1522 2137 1546 est
2159 1525 2287 1546 manere
2309 1521 2448 1556 partem,
2473 1520 2527 1545 ne-

1523 1571 1586 1602 que
1610 1558 1826 1591 universaliter
1852 1569 1957 1600 neque
1979 1559 2013 1590 in
2037 1559 2154 1591 medio.
2178 1559 2196 1579 *
2215 1558 2344 1591 Etenim
2367 1559 2394 1590 si
2415 1567 2527 1590 secun·

1523 1606 1603 1636 dum
1632 1610 1779 1635 naturam
1806 1610 1915 1635 motus
1943 1604 2001 1635 erit
2022 1603 2123 1644 ipsius
2153 1604 2194 1634 ad
2222 1604 2386 1643 medium,
2416 1607 2529 1635 natum

1523 1656 1632 1681 autem
1661 1648 1947 1687 circummovetur‚
1975 1658 2042 1679 non
2070 1648 2182 1690 utique
2210 1654 2291 1680 esset
2318 1647 2530 1689 sempiternus

1524 1700 1642 1724 motus.
1667 1692 1754 1724 Nihil
1777 1692 1864 1723 enim
1886 1699 2008 1733 praeter
2031 1699 2179 1724 naturam
2198 1692 2447 1735 sempiternum:
2470 1701 2528 1733 po-

1525 1737 1637 1769 sterius
1655 1743 1763 1768 autem
1779 1736 1869 1778 quod
1891 1743 2014 1777 praeter
2029 1743 2175 1768 naturam
2191 1747 2230 1768 eo
2245 1737 2335 1778 quod
2351 1735 2530 1768 secundum

1525 1788 1687 1820 naturam;
1711 1788 1742 1812 et
1765 1790 1908 1812 excessus
1934 1780 2066 1822 quidam
2090 1787 2137 1812 est
2158 1780 2191 1812 in
2214 1780 2417 1822 generatione
2439 1779 2531 1823 quod

1525 1833 1647 1867 praeter
1662 1832 1820 1864 naturam,
1835 1825 1903 1855 eius
1918 1825 2008 1866 quod
2023 1825 2201 1856 secundum
2219 1831 2376 1856 naturam.
2394 1825 2531 1866 Nemee

1525 1870 1621 1912 igitur
1643 1876 1758 1901 terram
1781 1877 1863 1900 esse:
1887 1869 1950 1900 hoc
1973 1869 2059 1900 enim
2081 1868 2216 1911 quiescit
2237 1869 2271 1900 in
2294 1869 2414 1900 medio.
2435 1868 2532 1900 Nune

1527 1914 1660 1956 quidem
1674 1914 1770 1955 igitur
1785 1920 1986 1954 supponatur
2003 1913 2077 1953 hoc,
2092 1913 2251 1954 posterius
2275 1920 2383 1945 autem
2398 1913 2531 1945 demon-

1527 1959 1675 1990 strabitur
1698 1959 1737 1989 de
1759 1958 1842 1999 ipso.

1461 2003 1524 2035 Sed
1546 2003 1661 2042 adhuc,
1685 2002 1711 2033 si
1734 2010 1860 2042 terram,
1885 2012 2011 2034 necesse
2035 2009 2066 2034 et
2088 2002 2196 2043 ignem
2220 2012 2296 2033 esse.

1462 2047 1704 2079 Contrariorum
1728 2046 1814 2078 enim
1837 2046 1863 2077 si
1886 2046 2020 2081 alterum
2043 2052 2171 2086 natura,
2194 2055 2320 2078 necesse
2344 2053 2375 2078 et
2398 2045 2534 2078 alterum

1529 2102 1596 2123 esse
1620 2098 1747 2122 natura:
1773 2090 1798 2122 si
1822 2100 1898 2122 vero
1922 2090 1962 2122 sit
1989 2090 2202 2129 contrarium,
2225 2097 2256 2122 et
2279 2100 2347 2122 esse
2370 2089 2533 2132 quandam

1529 2136 1630 2177 ipsius
1653 2141 1814 2167 naturam:
1839 2136 1952 2166 eadem
1974 2135 2061 2166 enim
2083 2134 2215 2166 materia
2237 2135 2481 2167 contrariorum.

2547 841 2577 863 ¹7·

2555 1563 2566 1574 '
2579 1561 2649 1585 Tm.
2665 1561 2698 1584 18.

1461 2181 1503 2212 Et
1526 2180 1702 2221 privatione
1734 2180 1822 2220 prius
1845 2179 2032 2218 affirmatio,
2056 2179 2129 2211 dico
2152 2185 2262 2210 autem
2283 2186 2363 2220 puta
2394 2178 2535 2213 calidum

1529 2225 1659 2266 frigido:
1683 2224 1774 2266 quies
1793 2230 1902 2255 autem
1925 2230 1957 2255 et
1978 2223 2112 2265 gravitas
2141 2222 2290 2255 dicuntur
2311 2233 2368 2265 per
2386 2223 2534 2265 privatio*-

1530 2279 1604 2300 nem
1627 2268 1761 2300 levitatis
1785 2275 1816 2300 et
1838 2274 1957 2300 motus.

1462 2313 1480 2333 ’⁸‘
1503 2313 1565 2345 Sed
1587 2313 1707 2352 adhuc,
1732 2312 1757 2343 si
1781 2312 1913 2354 quidem
1936 2319 1983 2344 est
2005 2312 2086 2352 ignis
2110 2319 2141 2344 et
2163 2318 2259 2351 terra,
2283 2317 2409 2344 necesse
2433 2318 2464 2344 et
2486 2311 2535 2345 in-

1529 2357 1681 2389 termedia
1712 2357 1858 2398 ipsorum
1886 2366 1954 2388 esse
1982 2363 2132 2398 corpora:
2166 2356 2419 2388 contrarietatem
2449 2353 2536 2388 enim

1530 2402 1625 2433 habet
1654 2402 1912 2443 unumquodque
1940 2401 1980 2432 ad
2003 2400 2262 2442 unumquodque
2290 2401 2533 2432 elementorum.

1531 2446 1738 2487 Supponatur
1761 2452 1869 2477 autem
1892 2452 1922 2476 et
1945 2445 2007 2476 hoc
2030 2455 2131 2484 nunc,
2155 2445 2314 2487 posterius
2336 2451 2447 2477 autem
2467 2450 2536 2477 ten·

1531 2491 1666 2522 tandum
1690 2490 1865 2521 ostendere.

1465 2534 1523 2566 His
1547 2542 1655 2566 autem
1678 2534 1900 2572 existentibus,
1923 2533 2129 2565 manifestum
2157 2533 2313 2575 quoniam
2341 2542 2468 2565 necesse
2491 2539 2538 2564 est

1531 2579 1768 2620 generationem
1791 2588 1870 2618 esse,
1895 2587 1934 2610 eo
1957 2578 2046 2619 quod
2070 2578 2195 2609 nullum
2219 2578 2365 2619 ipsorum
2387 2576 2538 2619 possibile

1533 2630 1580 2655 est
1595 2633 1662 2654 esse
1686 2622 1931 2663 sempiternum:
1951 2622 2117 2663 patiuntur
2135 2622 2222 2654 enim
2245 2629 2277 2654 et
2299 2628 2399 2663 agunt
2413 2627 2539 2654 contra·

1533 2668 1578 2699 ria
1602 2668 1640 2699 ab
1665 2667 1811 2706 invicem,
1836 2674 1866 2698 et
1889 2666 2071 2708 corruptiva
2093 2666 2230 2698 invicem
2251 2673 2336 2698 sunt.

1466 2710 1482 2728 *
1505 2712 1620 2744 Adhuc
1643 2719 1750 2743 autem
1774 2722 1840 2743 non
1870 2711 2055 2742 rationabile
2083 2718 2130 2742 est
2161 2721 2228 2742 esse
2256 2710 2388 2752 aliquod
2419 2709 2539 2742 mobile

1534 2756 1783 2798 sempiternum,
1808 2755 1899 2787 cuius
1922 2765 1988 2786 non
2012 2755 2173 2797 contingit*
2188 2765 2255 2787 esse
2278 2754 2457 2787 secundum
2483 2762 2538 2786 na-

1535 2808 1640 2833 turam
1663 2807 1791 2832 motum
1813 2799 2058 2841 sempiternum:
2079 2800 2198 2832 horum
2220 2805 2329 2831 autem
2349 2805 2397 2831 est
2418 2805 2538 2831 motus.

1535 2846 1634 2883 Quod
1657 2845 1787 2887 quidem
1806 2844 1901 2886 igitur
1926 2844 2138 2876 necessarium
2152 2853 2219 2876 esse
2237 2843 2486 2885 generationem,
2502 2852 2540 2874 ex

1536 2890 1585 2921 his
1608 2889 1824 2921 manifestum.

1469 2935 1501 2967 Si
1525 2942 1633 2966 autem
1660 2934 1913 2974 generationem,
1937 2933 2149 2964 necessarium
2172 2939 2203 2964 et
2231 2932 2326 2963 aliam
2349 2941 2417 2963 esse
2448 2931 2540 2963 latio-

1537 2989 1622 3018 nem,
1643 2986 1697 3010 aut
1720 2988 1819 3010 unam
1842 2984 1898 3009 aut
1920 2977 2042 3018 plures:
2067 2977 2245 3008 secundum
2259 2977 2345 3008 enim
2369 2986 2439 3008 eam
2455 2985 2538 3018 quae

1537 3024 1646 3062 totius,
1665 3022 1808 3054 similiter
1831 3021 2042 3053 necessarium
2066 3021 2180 3053 habere
2195 3028 2227 3052 et
2247 3021 2404 3052 elementa
2426 3029 2541 3061 corpo·

1537 3078 1610 3099 rum
1633 3067 1673 3098 ad
1695 3067 1841 3098 invicem.
1865 3066 1995 3098 Dicetur
2018 3073 2126 3097 autem
2148 3073 2180 3097 et
2202 3066 2241 3096 de
2264 3065 2327 3097 hoc
2349 3065 2383 3096 in
2406 3073 2540 3106 sequen·

1537 3112 1621 3143 tibus
1645 3111 1779 3153 planius.

1469 3157 1487 3175 ⁴*
1511 3158 1605 3188 Nunc
1627 3163 1735 3188 autem
1758 3161 1883 3186 tanturn
1907 3154 2111 3186 manifestum
2131 3161 2188 3194 est,
2204 3161 2334 3195 propter
2353 3163 2451 3196 quam
2467 3162 2540 3185 cau-

1538 3211 1606 3232 sam
1629 3201 1721 3242 plura
1744 3206 1818 3231 sunt
1841 3199 2002 3230 circularia
2025 3206 2177 3240 corpora:
2201 3198 2277 3240 quia
2299 3207 2426 3230 necesse
2447 3206 2541 3238 gene-

1539 3245 1694 3277 rationem
1708 3252 1791 3282 esse;
1808 3243 2044 3284 generationem
2063 3251 2171 3275 autem
2187 3243 2212 3274 si
2226 3242 2359 3284 quidem
2374 3249 2405 3273 et
2422 3241 2542 3282 ignem;

1539 3289 1624 3320 hunc
1647 3296 1755 3320 autem
1778 3295 1809 3320 et
1831 3288 1892 3319 alia
1915 3287 1941 3318 si
1964 3287 2095 3329 quidem
2119 3294 2150 3319 et
2172 3293 2303 3325 terram;
2330 3286 2411 3317 hanc
2434 3291 2542 3317 autem

1539 3334 1614 3375 quia
1636 3343 1763 3364 manere
1780 3342 1905 3364 necesse
1922 3339 1967 3364 est
1990 3331 2110 3373 aliquid
2125 3341 2261 3372 semper,
2281 3330 2306 3362 si
2326 3330 2457 3372 quidem
2472 3339 2542 3360 mo-

1540 3377 1604 3408 veri
1628 3377 1747 3419 aliquid
1771 3387 1905 3418 semper.

1476 3482 1541 3501 cum
1553 3484 1561 3509 3
1576 3480 1603 3502 et
1619 3475 1710 3502 multo
1725 3473 1817 3511 magis
1831 3483 1865 3502 ex
1880 3483 1916 3502 eo
1931 3473 2011 3511 quod
2026 3472 2073 3501 illa
2087 3480 2180 3510 pauca
2200 3470 2361 3500 accidentia
2375 3469 2540 3499 caelestium

1476 3522 1633 3550 corporum
1647 3523 1722 3551 quae
1737 3515 1844 3542 cadunt
1856 3514 1909 3542 sub
1921 3522 2039 3542 sensum
2054 3518 2196 3547 nostrum,
2209 3517 2276 3539 sunt
2292 3509 2408 3539 alterius
2422 3507 2543 3538 rationis

1477 3553 1512 3580 ab
1536 3553 1731 3582 accidentibus
1760 3553 1928 3582 inferiorum
1954 3561 2121 3590 corporum.
2142 3568 2162 3573 -
2181 3560 2210 3586 4.
2233 3549 2398 3579 subdivisio
2411 3555 2543 3578 textus.-

1477 3593 1530 3621 Per
1544 3593 1619 3621 viam
1634 3593 1863 3630 compositionis,
1879 3592 2066 3630 procedendo
2087 3590 2193 3620 scilicet
2207 3600 2224 3620 a
2238 3589 2334 3628 primo
2355 3589 2394 3618 ad
2407 3587 2542 3617 ultimum

2562 2318 2572 2327 '
2586 2315 2656 2340 Text.
2670 2322 2709 2346 ¹9—

2565 2716 2574 2726 ·
2590 2713 2658 2738 Tut-
2672 2719 2714 2737 so.

2567 3156 2577 3167 ·
2591 3154 2659 3178 Text.
2673 3159 2711 3177 ax.

2547 810 2556 818 ·
2573 807 2631 836 Cap.
2641 813 2677 830 tu.
2691 806 2764 830 Tat.

2774 2702 2776 2707 ⁴
2777 2597 2782 2689 ..-μ
2772 2247 2782 2586 ΜΗ.
2763 1891 2782 2225 *Μεῌα--ι-Λη-η-
2778 1817 2782 1873 .,,-
2776 1755 2782 1807 .-..
2779 1734 2782 1747 -

2778 1680 2782 1703 --
2775 1512 2782 1674 ..Λα-..-
2778 1434 2782 1501 -—-.
2769 1383 2782 1423 -ss
2768 859 2782 1371 4.-ᾼ-κμ--ι-ῌΛζ--ῌῌ-κ.
