2690 4062
1109 268 1221 304 CAP.
1250 268 1318 315 VI,
1350 268 1502 305 LECT.
1532 268 1585 304 IX

2326 280 2444 306 CXXVII

1071 527 1372 585 LECTIO
1409 529 1631 585 NONA

376 691 727 723 DETERMINATUR
749 691 807 721 DE
831 690 1084 728 QUIBUSDAM
1107 690 1335 722 SPECIEBUS
1359 692 1651 729 QUALITATUM
1674 693 1943 725 PASSIVARUM
1966 694 2009 724 IN
2031 693 2322 726 PARTICULARI

251 842 326 886 περὶ
343 838 383 871 δὲ
407 837 538 880 τήξεως
557 836 630 882 ἅμα
653 838 711 868 καὶ
729 835 863 877 πήξεως
883 835 984 868 ἔσται
1001 830 1119 872 δῆλον.
1146 835 1322 880 Πήγνυται

317 883 347 916 δ’
362 882 436 917 ὅσα
461 882 637 930 πήγνυται
654 880 676 918 ἦ
699 879 826 919 ὕδατος
853 880 951 922 ὄντα,
971 879 992 917 ἦ
1009 881 1073 927 γῆς
1096 883 1154 913 καὶ
1181 880 1321 924 ὕδατος,

315 930 375 960 καὶ
401 929 522 961 ταῦτα
539 926 560 965 ἦ
578 925 684 971 θερμῷ
708 924 834 980 ξηρμῷ,
855 924 876 962 ἦ
893 924 1023 970 ψυχρῷ·
1049 922 1101 957 διὸ
1125 927 1183 957 καὶ
1199 927 1323 961 λύεται

318 977 391 1011 τοῖς
417 973 598 1012 ἐναντίοις,
626 972 691 1006 ὅσα
714 971 838 1003 λυεται
863 970 932 1002 τῶν
958 971 1025 1003 ὑπὸ
1050 970 1171 1014 θερμοῦ
1198 971 1324 1019 παγέν-

317 1029 386 1050 των
413 1016 435 1055 ἢ
461 1018 527 1051 ύπό
553 1016 698 1063 ψυχροῦ·
725 1016 774 1047 τα
797 1016 858 1059 μέν
881 1015 945 1061 γοὶρ
979 1015 1045 1047 dno*
1075 1013 1176 1059 ξηροῦ
1201 1015 1322 1061 θερμοῦ

319 1062 482 1109 παγέντα
509 1063 558 1106 ὑφ’
580 1062 709 1099 ὕδατος
733 1058 870 1100 λύεται,
898 1057 914 1091 ὅ
941 1059 1034 1091 ἐστιν
1060 1060 1159 1105 ὑγρὸν
1185 1059 1225 1105 ψυ
1273 1062 1322 1102 ὸν,

318 1108 368 1139 τοὶ
383 1106 412 1140 δ’
435 1108 501 1141 ὑπὸ
543 1107 646 1153 υχροῦ
664 1103 827 1150 παγέντα
852 1104 918 1136 tin-0*
941 1105 1040 1148 πυρός
1056 1105 1195 1146 λύεται,
1214 1117 1230 1138 ο
1250 1117 1324 1137 εστι

316 1149 450 1198 θερμόν.
483 1151 679 1198 Πηγνυσθαι
708 1147 737 1183 δ’
765 1149 840 1181 ἔνια
871 1143 999 1188 δόξειεν
1027 1147 1066 1180 ὀὲν
1093 1148 1148 1192 ὑφ’
1174 1149 1322 1190 ὕδατος,

318 1195 389 1229 οἷον
415 1198 456 1229 τό
486 1196 567 1241 μέλι
596 1199 638 1229 τό
668 1194 784 1241 ἑφθόν·
811 1191 988 1239 πήγνυται
1012 1188 1042 1224 δ’
1072 1193 1136 1239 οὑχ
1168 1195 1235 1227 ὑπό
1261 1195 1322 1227 τοῦ

278 1237 485 1283 ’·”ῧδῑιῒόἶ.,’
497 1241 570 1274 ἀλλ’
600 1243 666 1274 ὑπο
693 1240 756 1273 τοῦ
782 1237 816 1270 ὲν
849 1237 946 1278 αὐτῷ
978 1235 1117 1282 ψυχροῦ.
1147 1236 1236 1270 ’Ὀσα
1264 1240 1324 1283 μέν

297 1283 379 1320 -οὖν
405 1286 498 1318 ἐστιν
525 1281 668 1327 ὕδατος,
695 1285 734 1318 οὗ
761 1282 937 1327 πήγνυται
963 1283 1031 1314 ύπό
1056 1280 1176 1327 πυρός·
1201 1282 1326 1315 λύεται

317 1332 382 1377 γαρ
409 1332 477 1364 ύπό
502 1332 625 1372 πυρὸς,
653 1331 694 1362 τό
720 1325 748 1361 δ’
778 1327 868 1360 αὐτὸ
894 1327 943 1368 τῷ
970 1327 1066 1368 αὐτῷ
1089 1328 1187 1359 κατα
1211 1325 1324 1360 ταύτὸ

319 1377 382 1408 οὐκ
406 1375 500 1408 ἔστιν
527 1377 639 1407 αἴτιον
665 1374 729 1406 τοῦ
747 1372 917 1406 ἐναντίου.
948 1369 1027 1403 Ἔτι
1052 1372 1100 1413 τῷ
1128 1368 1266 1404 ἀπιέναι
1283 1373 1324 1404 τό

317 1418 436 1465 θερμᾶν
463 1418 654 1466 πήγνυται,
672 1417 761 1450 ὥστε
786 1412 892 1453 δῆλον
909 1413 966 1447 ὅτι
986 1415 1034 1456 τῷ
1060 1414 1201 1448 εἰσιέναι
1225 1414 1326 1452 λυθή-

318 1475 439 1498 σεται·
465 1463 555 1496 ὥστε
589 1463 772 1500 ποιοῦντος
804 1460 868 1493 τοῦ
899 1458 1026 1504 ψυχροῦ
1053 1460 1246 1507 πήγνυται·
1273 1455 1325 1492 διό

319 1509 359 1543 οὖ
385 1508 584 1555 παχύνεται
609 1509 657 1541 τα
689 1505 842 1539 τοιαῦτα
875 1502 1095 1550 πηγνύμενα·
1123 1505 1143 1542 ἡ
1168 1507 1232 1552 γάρ
1262 1503 1328 1536 ποί-

317 1565 432 1602 χυνσις
457 1555 500 1601 ύγ
522 1553 560 1585 οῦ
593 1552 652 1597 μὲν
680 1548 843 1588 ἀπιόντος
875 1549 1030 1593 γίνεται,
1067 1550 1130 1581 τοῦ
1155 1549 1256 1595 ξηροῦ
1288 1547 1326 1581 δὲ

317 1610 489 1643 συνισταμ
509 1608 585 1629 νου·
613 1592 680 1629 fiam
725 1593 763 1627 δὲ
784 1595 853 1626 τῶν
871 1595 913 1638 ὖγ
933 1593 978 1624 ὥν
996 1592 1035 1626 οὗ
1052 1593 1251 1640 παχύνεται
1268 1592 1328 1638 μό-

318 1654 388 1676 νον.
416 1642 507 1675 ’Όσα
530 1637 569 1674 δὲ
593 1652 666 1673 κοιν
717 1640 781 1686 γῆς
805 1640 863 1670 καὶ
889 1639 908 1672 G
934 1649 1031 1681 σει-ος,
1052 1641 1110 1670 καὶ
1133 1639 1201 1671 dm}
1226 1639 1327 1682 πυρᾶς

319 1686 498 1734 πήγνυται
528 1688 587 1718 καὶ
614 1684 681 1718 ύπὸ
711 1684 775 1717 τοῦ
808 1681 956 1736 ψυχροῦ,
985 1682 1183 1729 παχύνεται
1207 1678 1237 1715 δ’
1267 1683 1324 1715 ὐπ’

319 1732 443 1778 ἀμφοῖν
465 1732 539 1764 ἔστι
557 1731 615 1775 μὲν
633 1730 676 1767 ὥς
694 1729 762 1762 τῶν
780 1728 889 1760 αυτὸν
907 1741 928 1761 τ
949 1726 1048 1768 όπον,
1067 1727 1142 1760 ἔστι
1159 1723 1187 1759 δ’
1209 1729 1251 1766 ὥς
1270 1727 1327 1759 ἄλ-

283 1782 285 1785 “
316 1777 397 1818 λως,
417 1777 483 1809 ὑπὸ
509 1776 570 1820 μὲν
587 1773 707 1819 θερμοῦ
725 1774 766 1806 τὸ
788 1773 887 1819 ὐγράν
905 1773 919 1805 ἐ
946 1770 968 1806 σί
993 1784 1091 1810 οντος
1113 1770 1329 1816 (ἐξατμίζον-

319 1833 378 1860 τος
395 1822 460 1868 γοὶρ
486 1820 550 1852 τοῦ
577 1819 680 1866 ὑγροῦ
698 1816 898 1863 παχύνεται
914 1819 955 1850 τό
992 1817 1072 1861 ηρόν
1092 1819 1150 1848 καὶ
1167 1819 1327 1849 συνίστα-

319 1867 422 1907 ται),
450 1865 517 1898 ὑπὸ
542 1859 580 1895 δὲ
606 1864 670 1896 τοῦ
705 1862 830 1908 ψυχροῦ
862 1863 905 1894 τὸ
937 1861 1055 1906 θερμὸν
1088 1860 1324 1902 ἐκθλίβοντος,

318 1909 391 1956 μεθ’
420 1909 459 1942 οὗ
484 1910 527 1942 τὸ
553 1909 653 1955 ὖγρόν
669 1902 935 1951 ’συναπέρχεται
959 1904 1218 1951 συνεξατμίζον.
1238 1905 1326 1938 Ὅσα

319 1956 379 2003 μὲν
397 1952 456 1988 οὖν
476 1954 633 1998 μαλακοὶ,
654 1950 746 1985 ἀλλα
761 1951 810 1996 μή
829 1951 927 1997 ύγρσί,
948 1948 986 1984 οὗ
1005 1949 1215 1995 παχύνεται,
1237 1951 1328 1984 ἄλλα

319 1999 498 2047 πήγνυται
523 1995 674 2075 ἐξιόντος
699 1997 762 2029 τοῦ
781 1995 897 2042 ὑγροῦ,
918 1995 987 2027 οἷον
1014 1996 1030 2027 ὀ
1056 1994 1253 2040 ἁπτόμενος
1274 1994 1329 2027 κέτ

318 2056 362 2090 ρα
391 2056 443 2082 ος·
465 2042 531 2076 ὅσα
569 2043 577 2054 ’
600 2041 688 2088 ὑγροὶ
704 2042 772 2074 τῶν
790 2041 932 2085 μικτῶν,
950 2041 1008 2071 καὶ
1027 2051 1077 2072 πα
1106 2039 1238 2082 ύνεται,
1258 2040 1326 2072 οἷον

345 2056 425 2122 ἅλα.
444 2089 560 2121 Πολλοὶ
572 2082 611 2119 δὲ
626 2088 684 2118 καὶ
699 2087 900 2132 ὑγραίνεται
916 2084 1065 2128 πρῶτον,
1079 2052 1144 2117 ἔσα
1158 2084 1180 2121 ἦ
1194 2084 1325 2131 παχέα,

321 2147 342 2172 η
361 2132 490 2178 σκληροὶ
514 2133 581 2165 ὑπὸ
598 2130 725 2177 ψυχροῦ
744 2129 961 2174 προϋπῆρχεν
980 2127 1079 2171 ὄντα,
1098 2127 1209 2174 ὥσπερ
1234 2132 1293 2161 καὶ
1310 2131 1326 2162 ὁ

318 2177 465 2224 κέραμος
483 2179 524 2210 τό
546 2177 682 2221 πρῶτον
707 2173 904 2219 ὀπτώμενος
926 2173 1062 2218 ἀτμίζει
1084 2175 1143 2205 καὶ
1168 2173 1330 2217 μαλακώ-

320 2235 416 2269 τερος
433 2225 584 2269 γίνεται·
603 2216 657 2253 διό
673 2222 732 2252 καὶ
750 2217 995 2262 διαστρέφεται
1011 2218 1046 2250 ἐν
1065 2221 1141 2256 ταῖς
1157 2220 1324 2262 καμίνοις.

244 2268 334 2302 Ὅσα
359 2270 418 2313 μὲν
441 2265 499 2299 οὖν
517 2266 584 2299 ύπό
602 2265 728 2310 ψυχροῦ
751 2262 927 2310 πήγνυται
945 2263 1013 2294 τῶν
1038 2264 1156 2295 κοινῶν
1180 2264 1244 2309 γῆς
1268 2265 1326 2294 καὶ

319 2309 462 2352 ὕδατος,
486 2312 602 2343 πλεῖον
627 2305 657 2342 δ’
682 2307 835 2355 ἐχόντων
859 2320 936 2354 γης,
959 2306 1008 2339 τοὶ
1032 2308 1091 2351 μέν
1118 2319 1165 2348 τῳ
1192 2309 1234 2340 τὸ
1258 2306 1327 2351 θερ-

320 2358 382 2403 μόν
408 2354 646 2399 ἐξεληλυθέναι
672 2352 888 2400 πηγνύμενα,
908 2353 1027 2384 ταῦτα
1045 2350 1194 2388 τήκεται
1219 2351 1325 2397 θερμῷ

320 2401 485 2438 εἰσιόντος
504 2400 607 2433 ποίλιν
626 2399 689 2432 τοῦ
705 2398 840 2443 θερμοῦ,
857 2398 926 2429 οἷον
945 2398 961 2429 ὀ
980 2397 1086 2434 πηλός
1104 2394 1190 2428 ὅταν
1209 2397 1325 2443 παγῆ·

320 2445 387 2480 ὅσα
412 2444 450 2478 δὲ
474 2443 532 2477 διοὶ
559 2443 655 2488 ψύξιν
688 2445 746 2475 καὶ
773 2443 836 2474 τοῦ
862 2441 982 2486 θερμοῦ
1012 2439 1326 2485 συνεξατμίσαντος

323 2491 494 2531 ἅπαντος,
518 2490 638 2521 ταῦτα
662 2483 691 2520 δ’
715 2487 827 2520 ἄλυτα
852 2488 900 2531 μή
925 2484 1187 2527 ὑπερβαλλούσῃ
1212 2485 1327 2541 θερμό-

321 2548 424 2575 τητι,
453 2534 545 2568 ἄλλα
576 2532 826 2578 μαλάττεται,
861 2531 929 2563 οἷον
960 2526 1092 2574 σίδηρος
1123 2531 1181 2561 καὶ
1212 2541 1324 2575 κερας.

319 2580 476 2618 Τήκεται
500 2573 540 2610 δέ
569 2580 629 2610 καὶ
655 2579 671 2610 0'
699 2577 746 2620 εἰρ
774 2574 918 2621 ασμένος
942 2571 1095 2618 σίδηρος,
1122 2573 1200 2606 ὥσθ’
1230 2576 1328 2621 ύγρός

320 2623 475 2673 γίνεσθαι
498 2624 557 2655 καὶ
583 2622 687 2655 ποίλιν
713 2619 918 2668 πήγνυσθαι.
945 2621 1011 2651 Καὶ
1037 2620 1086 2652 τοὶ
1109 2618 1328 2663 στομώματα

321 2670 477 2703 ποιοῦσιν
503 2666 629 2705 οὕτως·
658 2667 848 2710 ὑφίσταται
872 2666 941 2740 Δξαρ
969 2666 1028 2696 καὶ
1055 2661 1329 2708 ἀποκαθαίρεται

321 2713 420 2747 zaim
446 2714 467 2750 τ’)
493 2713 637 2756 σκωρία·
665 2709 751 2743 ὅταν
777 2707 815 2742 δὲ
837 2721 880 2742 πο
903 2707 1001 2746 λοίκις
1023 2707 1117 2750 πάθῃ
1141 2710 1200 2740 καὶ
1223 2707 1331 2740 καθα-

320 2760 377 2804 ρὸς
401 2755 560 2805 γένηται,
580 2755 689 2788 τοῦτο
708 2754 878 2799 στόμωμα
894 2756 1041 2800 γίνεται.
1068 2753 1114 2784 Οὐ
1140 2754 1275 2784 ποιοῦσι
1292 2747 1329 2784 δέ

323 2802 490 2839 πολλάκις
522 2802 612 2835 αὐτὸ
643 2795 703 2832 δια
734 2801 775 2832 τὸ
810 2798 980 2832 ἀπουσίαν
1012 2797 1166 2844 γίνεσθαι
1198 2797 1329 2834 πολλήν

321 2850 380 2880 καὶ
406 2849 467 2880 τᾶν
488 2845 643 2891 σταθμόν
661 2843 800 2876 ἑλοίττω
821 2841 1151 2886 ἀποκαθαιρομένου.
1179 2842 1280 2873 Ἔστι
1297 2839 1327 2872 δ’

324 2893 469 2937 ἀμείνων
496 2886 629 2935 σίδηρος
654 2890 670 2921 ὁ
697 2888 836 2921 ἐλσίττω
861 2887 948 2933 ἔχων
976 2885 1225 2931 ἀποκάθαρσιν.
1266 2884 1331 2922 Τή-

321 2949 424 2970 κεται
448 2935 486 2968 δέ
509 2938 568 2968 καὶ
593 2936 609 2968 ὁ
635 2933 726 2971 λίθος
746 2935 761 2965 ὀ
780 2935 968 2978 πυρίμαχος
994 2930 1082 2963 ὥστε
1107 2930 1246 2974 στοίζειν
1264 2933 1329 2962 ,καὶ

321 2983 406 3028 ῥεῖν·
435 2981 477 3014 τό
510 2975 547 3012 δὲ
582 2979 796 3024 πηγνύμενον
831 2977 917 3010 ὅταν
948 2977 1032 3022 ῥυῇ,
1059 2975 1162 3008 ποίλιν
1194 2977 1330 3022 γίνεται

322 3025 479 3071 σκληρόν.
517 3026 583 3057 Καὶ
611 3027 645 3057 αἱ
671 3022 776 3068 μύλαι
806 3022 977 3060 τήκονται
1002 3020 1090 3053 ὥστε
1114 3022 1198 3065 ῥεῖν·
1225 3021 1267 3052 τὸ
1293 3015 1330 3052 δὲ

321 3070 396 3117 ῥέον
423 3068 637 3114 πηγνύμενον
657 3070 699 3101 το
718 3069 779 3123 μὲν
805 3069 926 3113 χρῶμα
951 3066 1072 3111 μέλαν,
1093 3063 1207 3109 ὅμοιον
1226 3060 1264 3096 δὲ
1281 3066 1332 3110 γί-

583 3113 592 3124 Ι

322 3127 420 3148 νεται
438 3117 484 3158 τῇ
506 3125 648 3155 τιτανῳ.
676 3115 830 3149 Τηκεται
847 3111 885 3144 δὲ
909 3113 968 3143 καὶ
988 3112 1004 3143 ὁ
1023 3110 1130 3147 πηλὸς
1154 3111 1212 3141 καὶ
1230 3110 1250 3146 ’ἦ
1269 3109 1327 3155 γῆ.

247 3159 336 3193 Ὅσα
361 3155 390 3192 δ’
412 3161 480 3193 niveo*
502 3158 625 3204 θερμοῦ
651 3157 751 3199 ξηροῦ
777 3157 967 3204 πήγνυται,
988 3155 1037 3188 τοὶ
1054 3154 1113 3199 μὲν
1137 3153 1263 3195 ἄλυτα,
1285 3153 1332 3185 τοὶ

322 3201 361 3238 δὲ
384 3204 509 3237 λύεται
535 3203 636 3250 ὑγρῷ.
672 3201 826 3248 Κέραμος
851 3203 912 3245 μέν
938 3198 996 3233 οὖν
1028 3201 1086 3231 καὶ
1109 3197 1211 3230 λίθων
1238 3197 1330 3230 ἐνίων

321 3248 418 3297 γένη,
438 3248 511 3281 ὅσοι
528 3249 597 3281 ύπό
615 3249 718 3292 πυρὸς
735 3248 799 3284 τῆς
815 3247 879 3293 γῆς
901 3243 1143 3292 συγκαυθείσης
1160 3245 1330 3290 γίνονται,

324 3295 393 3327 οἷον
412 3296 442 3326 οἱ
460 3295 592 3337 μυλίαι,
613 3292 740 3331 ἄλυτα,
757 3293 870 3336 νίτρον
887 3286 924 3322 δέ
949 3292 1007 3322 καὶ
1027 3288 1105 3326 ἅλες
1120 3287 1211 3320 λυτοὶ
1228 3287 1329 3333 ὑγρῷ,

324 3339 363 3371 οὗ
377 3340 487 3378 παντὶ
505 3333 556 3379 δὲ,
577 3337 668 3371 ἀλλα
685 3336 814 3381 ψυχρῷ·
842 3331 894 3367 διδ
914 3330 1023 3367 ὕδατι
1041 3335 1100 3365 καὶ
1120 3331 1184 3364 ὅσα
1203 3327 1329 3368 ὕδατος

323 3378 395 3420 εἴδη
430 3381 604 3423 τήκεται,
631 3381 732 3422 ἐλαίῳ
758 3376 787 3412 δ’
817 3379 854 3413 οὖ
881 3378 1049 3416 τήκεται·
1075 3377 1124 3419 τῷ
1150 3377 1213 3423 γοὶρ
1245 3375 1331 3420 ξηρῷ

299 3442 302 3444 .
324 3426 430 3481 θερμῷ
447 3427 604 3459 ἐναντίον
621 3424 746 3482 ψυχρᾶν
773 3424 886 3471 ὑγρόν.
913 3425 950 3455 Εἰ
973 3422 1029 3455 οῦν
1049 3420 1151 3462 ἔπηξε
1173 3419 1330 3464 θάτερον,

324 3471 470 3517 θατερον
493 3470 607 3503 λύσει·
635 3482 726 3504 ουτω
751 3471 816 3516 γαρ
835 3468 1010 3502 τάναντία
1029 3467 1129 3499 ἔσται
1148 3467 1246 3497 αἴτια
1264 3465 1331 3495 τῶν

325 3517 504 3549 ἐναντίων.
531 3515 729 3562 Παχύνεται
747 3514 807 3560 μέν
834 3512 890 3546 οὖν
918 3514 984 3545 ὑπὸ
1011 3512 1112 3556 πυρὸς
1132 3509 1247 3554 μόνον,
1269 3507 1332 3539 ὅσα

326 3556 455 3599 ὕδατος
481 3562 598 3592 πλεῖον
625 3560 695 3605 ἔχει
719 3556 740 3595 ἦ
766 3560 847 3606 γῆς,
875 3557 1052 3603 πήγνυται
1076 3550 1131 3595 δὲ,
1160 3552 1224 3585 ὅσα
1248 3553 1330 3598 γῆς·

324 3600 377 3638 διὸ
402 3608 461 3637 καὶ
488 3605 530 3637 τό
555 3606 668 3649 νίτρον
692 3606 750 3635 καὶ
777 3606 806 3636 οἱ
834 3602 911 3639 ἅλες
936 3602 1000 3648 γῆς
1027 3601 1088 3631 εἱσι
1110 3599 1254 3642 μᾶλλον,
1273 3598 1331 3627 καὶ

322 3649 415 3687 λίθος
439 3650 497 3682 καὶ
514 3648 673 3694 κέραμος.
700 3647 938 3693 Ἀποριύτατα
955 3642 982 3678 δ’
1005 3645 1075 3690 ἔχει
1094 3644 1114 3680 ἡ
1133 3642 1194 3675 τοῦ
1217 3642 1331 3673 ἐλαίου

1377 839 1396 857 '³‘
1412 839 1460 870 De
1481 840 1705 881 liquefactione
1729 849 1836 874 autem
1859 844 1956 875 simul
1978 851 2008 876 et
2022 845 2061 875 de
2077 846 2297 886 coagulatione
2321 846 2377 878 erit
2392 858 2446 888 pa-

1445 884 1519 916 lam.
1545 885 1762 926 Coagulantur
1785 895 1892 919 autem
1916 899 2137 930 quaecumque
2162 891 2369 931 coagulantur
2391 899 2446 923 aut

1446 929 1608 960 existentia
1630 941 1741 971 aquae,
1765 939 1820 963 aut
1842 939 1939 963 terrae
1964 939 1995 964 et
2017 941 2138 974 aquae:
2163 941 2194 965 et
2215 935 2292 966 haec
2316 942 2372 966 aut
2393 935 2446 966 fri-

1445 973 1532 1014 gido,
1549 980 1604 1005 aut
1627 975 1740 1015 calido,
1766 983 1820 1008 aut
1843 977 1938 1015 sicco,
1962 977 2095 1018 Propter
2118 979 2207 1019 quod
2225 986 2257 1010 et
2279 980 2446 1011 solvuntur

1446 1018 1619 1057 contrariis,
1628 1029 1849 1062 quaecumque
1866 1021 2032 1053 solvuntur
2047 1033 2064 1053 a
2075 1022 2176 1053 calido
2193 1024 2444 1064 coagulatorum,

1445 1069 1501 1093 aut
1523 1073 1542 1093 a
1564 1062 1688 1103 frigido.
1719 1065 1808 1102 Quae
1832 1065 1962 1106 quidem
1990 1066 2075 1097 enim
2098 1077 2117 1097 a
2140 1067 2222 1098 sicco
2247 1068 2348 1099 calido
2373 1079 2445 1099 coa-

1446 1107 1553 1147 gulata
1568 1114 1654 1146 sunt,
1678 1109 1716 1139 ab
1732 1119 1815 1150 aqua
1831 1110 2008 1149 solvuntur,
2032 1121 2114 1151 quae
2137 1118 2184 1142 est
2198 1112 2340 1144 humida.
2365 1112 2447 1144 Coa-

1445 1151 1546 1191 gulari
1569 1159 1677 1183 autem
1699 1154 1856 1194 quaedam
1879 1154 1989 1195 utique
2012 1156 2209 1195 putabuntur
2231 1157 2269 1187 ab
2293 1167 2386 1198 aqua,
2410 1164 2446 1188 ut

1446 1195 1510 1226 mel
1534 1196 1701 1227 elixatum:
1726 1198 1910 1238 coagulatur
1933 1205 2040 1230 autem
2063 1210 2127 1231 non
2152 1201 2191 1231 ab
2214 1211 2308 1241 aqua,
2332 1195 2388 1232 sed
2406 1202 2445 1232 ab

1446 1241 1604 1281 eoquod
1634 1241 1667 1271 in
1690 1241 1759 1282 ipsa
1782 1241 1906 1283 frigido.
1938 1243 2168 1285 Quaecumque
2191 1245 2322 1286 quidem
2351 1245 2446 1286 igitur

1446 1290 1522 1315 sunt
1543 1295 1655 1326 aquae,
1673 1296 1738 1316 non
1758 1287 1964 1327 coagulantur
1986 1288 2024 1318 ab
2047 1288 2136 1328 igne:
2170 1289 2338 1320 solvuntur
2360 1290 2446 1320 enim

1445 1330 1484 1360 ab
1503 1329 1585 1369 igne.
1611 1330 1698 1361 ldem
1722 1337 1829 1362 autem
1853 1331 1956 1362 eidem
1979 1342 2035 1372 per
2053 1342 2085 1363 se
2100 1342 2166 1363 non
2189 1333 2247 1364 erit
2261 1344 2355 1364 causa
2371 1344 2446 1365 con-

1446 1373 1540 1405 trarii.
1566 1374 1601 1404 In
1622 1375 1819 1405 abscedendo
1839 1382 1946 1406 autem
1970 1376 2108 1407 calidum
2131 1378 2325 1417 coagulatur,
2348 1388 2446 1419 quare

1447 1418 1554 1458 palam
1569 1419 1659 1459 quod
1674 1418 1707 1449 in
1723 1418 1927 1459 ingrediendo
1947 1420 2099 1452 solvetur:
2125 1431 2220 1462 quare
2243 1422 2374 1453 faciente
2394 1422 2446 1453 fri-

1446 1462 1522 1502 gido
1538 1463 1732 1503 coagulatur.
1757 1463 1890 1504 Propter
1905 1465 1993 1505 quod
2017 1471 2047 1495 et
2060 1475 2127 1495 non
2142 1465 2358 1506 ingrossantur
2372 1466 2447 1498 talia

1448 1507 1623 1547 coagulata.
1644 1507 1834 1548 Ingrossatio
1853 1508 1939 1539 enim
1954 1508 2088 1539 humido
2105 1509 2235 1551 quidem
2251 1511 2384 1542 abeunte
2399 1510 2446 1549 fit,

1448 1551 1532 1582 sicco
1556 1558 1663 1582 autem
1695 1558 1866 1583 constante.
1897 1555 1991 1594 Aqua
2014 1561 2120 1585 autem
2142 1554 2351 1586 humidorum
2370 1565 2447 1586 *non

1447 1595 1642 1637 ingrossatur
1657 1596 1734 1627 sola.
1760 1597 1990 1638 Quaecumque
2013 1605 2119 1629 autem
2144 1599 2327 1630 communia
2349 1606 2447 1630 terrae

1449 1647 1480 1671 et
1494 1650 1606 1681 aquae,
1624 1647 1654 1671 et
1670 1641 1708 1671 ab
1724 1640 1796 1681 igne
1815 1642 2023 1682 coagulantur
2038 1650 2068 1674 et
2083 1653 2102 1673 a
2117 1642 2240 1683 frigido.
2266 1644 2446 1684 Ingrossan-

1447 1691 1500 1715 tur
1523 1691 1630 1716 autem
1653 1685 1691 1716 ab
1716 1685 1889 1716 ambobus:
1919 1693 1964 1717 est
1987 1686 2117 1727 quidem
2139 1694 2175 1718 ut
2198 1688 2312 1718 eodem
2335 1688 2447 1727 modo,

1448 1736 1495 1760 est
1510 1736 1617 1760 autem
1632 1736 1668 1760 ut
1683 1729 1778 1760 aliter.
1790 1732 1819 1760 A
1832 1730 1933 1761 calido
1949 1730 2079 1771 quidem
2094 1731 2264 1762 humidum
2280 1732 2446 1763 educente:

1448 1780 1638 1814 evaporante
1655 1773 1741 1804 enim
1756 1774 1902 1813 humido,
1926 1774 2120 1815 ingrossatur
2135 1776 2252 1807 siccum
2269 1783 2299 1807 et
2315 1783 2446 1807 constat.

1447 1821 1476 1849 A
1489 1818 1603 1858 frigido
1621 1825 1728 1849 autem
1745 1818 1882 1849 calidum
1899 1819 2100 1860 exprimente,
2111 1829 2185 1850 cum
2199 1831 2265 1861 quo
2277 1820 2449 1851 humidum

1447 1862 1564 1894 recedit
1586 1862 1682 1893 simul
1702 1873 1924 1903 coevaporans.
1950 1864 2181 1905 Quaecumque
2204 1865 2335 1905 quidem
2354 1865 2449 1905 igitur

1448 1907 1570 1946 mollia,
1594 1907 1649 1937 sed
1672 1917 1738 1937 non
1757 1907 1899 1945 humida,
1923 1917 1989 1938 non
2004 1908 2231 1948 ingrossantur‚
2255 1910 2310 1939 sed
2333 1919 2448 1949 coagu-

1447 1952 1553 1982 lantur
1568 1958 1701 1982 exeunte
1717 1951 1862 1990 humido,
1882 1952 1968 1982 velut
1984 1959 2103 1983 assatus
2118 1953 2204 1984 later.
2218 1953 2448 1994 Quaecumque

1448 2003 1556 2027 autem
1579 1996 1712 2026 humida
1742 1996 1933 2035 mixtorum,
1965 2003 1996 2027 et
2018 1996 2251 2037 ingrossantur‚
2281 1998 2368 2028 velut
2389 1998 2447 2029 lac.

1448 2041 1550 2072 Multa
1573 2047 1682 2071 autem
1705 2047 1735 2071 et
1758 2040 1981 2071 humectantur
2003 2041 2137 2084 primo,
2151 2051 2372 2083 quaecumque
2395 2049 2449 2073 aut

1448 2095 1556 2126 grossa
1575 2091 1631 2116 aut
1649 2085 1727 2115 dura
1743 2095 1760 2115 a
1776 2084 1890 2125 frigido
1914 2085 2156 2125 praeextiterunt
2171 2086 2270 2117 entia:
2295 2086 2447 2127 quemad-

1449 2130 1585 2160 modum
1608 2136 1638 2160 et
1652 2129 1729 2159 later
1752 2128 1856 2169 primo
1881 2129 1959 2160 dum
1975 2137 2095 2160 assatur
2109 2137 2250 2170 vaporat,
2275 2136 2306 2161 et
2321 2130 2449 2161 mollior

1447 2173 1500 2213 fit;
1524 2180 1655 2215 propter
1677 2173 1767 2214 quod
1791 2180 1821 2204 et
1843 2173 2029 2214 pervertitur
2050 2174 2083 2204 in
2107 2173 2245 2206 caminis.

1382 2264 1614 2303 Quaecumque
1644 2261 1776 2303 quidem
1806 2261 1900 2302 igitur
1931 2272 1949 2292 a
1978 2261 2092 2302 frigido
2123 2263 2330 2302 coagulantur
2360 2273 2447 2294 com-

1447 2307 1595 2338 munium
1620 2313 1718 2338 terrae
1742 2313 1773 2337 et
1788 2317 1900 2347 aquae,
1923 2307 1995 2346 plus
2011 2313 2119 2337 autem
2134 2306 2319 2338 habentium
2337 2314 2446 2347 terrae,

1449 2362 1530 2393 quae
1553 2351 1685 2392 quidem
1703 2351 1735 2381 in
1757 2351 1894 2382 calidum
1918 2350 2106 2391 egrediendo
2131 2352 2348 2391 coagulantur,
2370 2352 2448 2383 haec

1448 2395 1618 2437 liquefiunt
1636 2395 1749 2434 calido,
1766 2395 1959 2435 ingrediente
1974 2395 2090 2426 iterum
2106 2395 2219 2434 calido,
2238 2396 2324 2427 velut
2341 2396 2447 2426 lutum

1450 2451 1525 2472 cum
1550 2440 1753 2480 congelatum
1783 2439 1886 2470 fuerit.
1921 2440 2151 2480 Quaecumque
2181 2446 2288 2470 autem
2319 2447 2448 2480 propter

1449 2484 1717 2525 infrigidationem
1747 2491 1778 2515 et
1801 2484 1903 2515 calido
1927 2483 2022 2514 simul
2046 2484 2160 2515 educto
2184 2484 2284 2523 omni,
2308 2484 2385 2515 haec
2400 2485 2447 2515 in-

1450 2529 1597 2560 solubilia
1621 2535 1705 2567 sunt,
1729 2538 1795 2559 non
1816 2528 2084 2569 superabundanti
2107 2529 2271 2567 caliditate,
2288 2529 2342 2559 sed
2365 2529 2447 2559 mol-

1451 2574 1621 2612 lificantur,
1652 2573 1740 2603 velut
1762 2573 1882 2603 ferrum
1905 2578 1936 2603 et
1957 2582 2066 2603 cornu.
2099 2573 2258 2614 Liquescit
2289 2579 2395 2603 autem
2419 2580 2449 2604 et

1451 2619 1631 2649 laboratum
1654 2617 1792 2654 ferrum,
1816 2623 1853 2648 ut
1875 2616 2046 2647 humidum
2069 2616 2122 2647 fiat
2146 2624 2176 2648 et
2198 2617 2312 2648 iterum
2333 2627 2448 2657 coagu-

1451 2663 1543 2701 letur,
1562 2669 1593 2693 et
1609 2662 1755 2703 chalybes
1777 2661 1896 2692 faciunt
1918 2661 1972 2691 sic.
1999 2661 2146 2692 Subsidet
2167 2661 2252 2691 enim
2274 2662 2396 2700 subtus,
2420 2668 2450 2692 et

1452 2706 1637 2748 purificatur
1659 2706 1777 2737 scoria:
1802 2716 1876 2736 cum
1892 2712 1999 2736 autem
2022 2716 2114 2746 saepe
2130 2706 2265 2746 patiatur
2284 2713 2314 2736 et
2331 2716 2451 2745 purum

1451 2751 1516 2790 fiat,
1540 2752 1602 2782 hoc
1626 2751 1754 2792 chalybs
1780 2749 1825 2781 fit.
1849 2751 1923 2780 Non
1946 2749 2065 2781 faciunt
2087 2757 2194 2780 autem
2218 2760 2309 2790 saepe
2331 2750 2448 2790 ipsum,

1453 2803 1582 2837 propter
1606 2795 1780 2826 absentiam
1799 2794 1865 2825 fieri
1881 2794 2027 2832 multam,
2052 2801 2083 2825 et
2096 2794 2223 2834 pondus
2242 2795 2348 2824 minus
2365 2794 2450 2834 puri-

1452 2840 1545 2871 ficati.
1570 2841 1627 2871 Est
1650 2847 1758 2871 autem
1781 2839 1894 2869 melius
1914 2839 2042 2877 ferrum,
2066 2839 2155 2879 quod
2177 2839 2270 2869 habet
2292 2838 2450 2868 minorem

1453 2885 1717 2926 purificationem.
1748 2883 1908 2928 Liquescit
1931 2889 2036 2913 autem
2065 2889 2096 2913 et
2121 2882 2200 2923 lapis
2230 2882 2449 2923 pyrimachus,

1453 2937 1489 2961 ut
1503 2930 1597 2961 stillet
1612 2935 1643 2960 et
1659 2929 1754 2962 fluat:
1779 2928 1867 2969 quod
1887 2934 1993 2958 autem
2013 2927 2206 2967 coagulatur,
2223 2937 2298 2957 cum
2317 2926 2449 2965 fluxerit,

1452 2975 1569 3005 iterum
1584 2973 1620 3004 fit
1634 2973 1760 3004 durum.
1786 2973 1827 3003 Et
1845 2972 1949 3002 molae
1972 2971 2133 3012 liquantur
2148 2978 2184 3001 ut
2199 2971 2307 3002 fluant.
2333 2970 2448 3001 Fluens

1453 3026 1560 3049 autem
1577 3018 1791 3058 coagulatum,
1805 3017 1911 3047 colore
1926 3015 2056 3056 quidem
2072 3015 2209 3055 nigrum,
2226 3015 2328 3045 simile
2343 3022 2450 3046 autem

1454 3063 1489 3094 fit
1505 3063 1590 3094 calci.
1616 3062 1776 3103 Liquescit
1791 3067 1898 3091 autem
1915 3067 1945 3091 et
1959 3060 2064 3090 lutum
2081 3066 2111 3090 et
2126 3066 2215 3090 terra.

1387 3155 1618 3192 Quaecumque
1642 3158 1748 3182 autem
1765 3161 1783 3180 a
1799 3149 1900 3180 calido
1925 3148 2007 3179 sicco
2031 3148 2247 3188 coagulantur,
2267 3148 2344 3178 haec
2365 3147 2449 3177 inso-

1452 3195 1562 3227 lubilia
1586 3203 1660 3226 sunt
1686 3195 1837 3236 quidem,
1870 3193 1946 3223 haec
1974 3199 2081 3223 autem
2109 3193 2276 3222 solvuntur
2303 3191 2448 3222 humido.

1453 3243 1545 3272 Later
1569 3240 1699 3281 quidem
1723 3239 1836 3279 igitur,
1865 3244 1895 3268 et
1917 3236 2062 3276 lapidum
2088 3236 2290 3277 quorundam
2314 3243 2450 3276 genera;

1452 3288 1673 3326 quachmque
1697 3284 1735 3314 ab
1756 3283 1828 3322 igne
1861 3289 1941 3312 terra
1964 3282 2130 3311 combusta
2152 3280 2248 3319 fiunt,
2270 3280 2358 3311 velut
2380 3290 2450 3310 mo·-

1452 3331 1543 3367 lares,
1567 3328 1758 3359 insolubilia.
1786 3327 1914 3357 Nitrum
1937 3332 2044 3356 autem
2068 3331 2098 3355 et
2121 3324 2199 3355 sales
2223 3324 2369 3355 solubilia
2392 3324 2450 3354 hu-

1452 3374 1552 3411 mido,
1572 3383 1637 3403 non
1656 3372 1744 3402 omni
1761 3378 1878 3409 autern,
1895 3370 1949 3400 sed
1966 3369 2094 3409 frigido:
2111 3376 2240 3409 propter
2260 3369 2348 3409 quod
2369 3378 2450 3409 aqua

1454 3425 1484 3449 et
1507 3426 1728 3459 quaecumque
1758 3425 1858 3456 aquae
1881 3414 1999 3455 species
2022 3413 2218 3454 liquescunt;
2247 3413 2319 3443 oleo
2344 3419 2450 3443 autem

1453 3473 1518 3493 non
1534 3462 1722 3502 liquescunt.
1748 3460 1837 3491 Sicco
1862 3458 1947 3489 enim
1963 3458 2065 3489 calido
2089 3457 2281 3488 contrarium
2301 3456 2450 3496 frigidum

1452 3506 1641 3537 humidum:
1667 3505 1692 3535 si
1716 3514 1789 3544 ergo
1814 3503 1991 3543 coagulavit
2013 3503 2158 3540 alterum,
2183 3501 2316 3532 alterum
2339 3500 2448 3538 solvit;

1454 3551 1497 3581 sic
1514 3550 1598 3580 enim
1614 3548 1767 3580 contraria
1791 3554 1883 3579 erunt
1903 3557 2015 3594 causae
2039 3546 2278 3577 contrariorum.
2295 3543 2311 3559 *
2327 3545 2448 3584 Ingros-

1454 3602 1562 3625 santur
1574 3594 1704 3635 quidem
1719 3593 1814 3633 igitur
1829 3592 1866 3622 ab
1883 3592 1955 3632 igne
1972 3591 2092 3621 solum:
2113 3599 2334 3631 quaecumque
2350 3598 2448 3629 aquae

1454 3639 1526 3680 plus
1543 3639 1658 3669 habent
1674 3647 1770 3678 quam
1787 3643 1901 3675 terrae;
1927 3635 2132 3675 coagulantur
2153 3641 2259 3665 autem
2280 3642 2448 3674 quaecum-

2472 845 2483 856 '
2497 845 2552 872 Seq.
2568 851 2621 874 cap.
2630 852 2661 868 v1.

2477 3548 2486 3557 ·
2501 3547 2557 3575 Cap.
2567 3553 2609 3569 vn.
