2554 4062
195 284 241 309 XX

196 352 356 393 titulus:
399 349 578 403 «Opera
611 361 635 387 a
668 361 700 387 s.
724 346 894 387 Thoma
928 343 1141 390 inchoata,
1177 341 1231 381 ab
1265 339 1357 380 aliis
1390 338 1596 393 perfecta,
1631 336 1701 376 vel
1736 347 1847 389 quae
1882 331 2128 386 imperfecta
2162 334 2333 370 restant.
2360 346 2376 364 ⁷>

197 416 308 455 Inter
339 413 443 452 haec
485 415 626 450 autem
660 423 692 449 s.
718 407 920 448 Doctoris
961 417 1092 459 opera
1134 401 1399 456 imperfecta,
1446 404 1642 440 numerat
1684 402 1837 452 quarto
1883 395 1980 436 loco
2021 391 2382 439 commentarium

194 477 325 530 super
344 473 540 528 primum
582 471 634 511 de
673 469 963 511 Generatione.
1012 465 1179 507 Eruditi
1212 463 1291 503 viri
1327 462 1529 502 iudicium
1565 461 1619 501 de
1653 460 1732 501 hac
1770 472 1814 500 re
1858 456 2155 512 amplectimur
2199 467 2304 502 nos,
2341 459 2383 494 et

198 534 538 590 amplectendum
572 546 668 573 esse
702 543 924 572 censemus
958 529 1012 569 ab
1047 526 1248 576 omnibus
1283 525 1355 579 qui
1390 524 1516 564 huius
1550 523 1610 564 rei
1644 526 1900 578 argumenta
1928 533 2016 560 non
2041 517 2172 559 dubia
2195 529 2381 571 perpen-

197 598 342 645 derint,
377 609 487 650 quae
520 595 661 635 statim
694 592 953 635 subjicimus.

317 659 390 698 IV.
427 658 792 698 COMMENTARIUM
812 666 857 693 IN
889 664 1054 693 LIBRUM
1087 664 1148 697 DE
1182 650 1514 691 GENERArioNE
1547 657 1927 688 ANNUMERANDUM
1960 655 2044 685 EST
2072 655 2208 684 INTER
2231 652 2382 682 OPERA

195 721 447 762 s.THoMAE
479 729 775 758 INCOMPLETA.
800 739 818 746 -
842 716 966 755 Hanc
1000 714 1113 754 enim
1148 711 1465 767 expositionem
1509 708 1776 751 referendam
1811 721 1906 749 esse
1940 707 2050 747 inter
2083 718 2231 760 opera,
2267 715 2380 758 quae

194 781 410 823 inchoavit
442 779 686 835 AngelicuS,
710 777 788 818 sed
822 790 909 817 non
944 777 1035 830 ipse
1068 775 1253 830 perfecit,
1279 773 1488 814 evincitur
1520 772 1659 827 primo
1693 784 1748 811 ex
1769 769 2023 811 auctoritate
2045 774 2242 809 veterum
2276 765 2381 806 scri-

192 850 383 899 ptorum,
425 843 497 896 qui
531 853 707 895 operum
741 839 996 879 s.Doctoris
1041 838 1285 892 catalogum
1332 841 1579 876 texuerunt:
1622 853 1635 869 ι
1660 833 1815 874 certius
1849 833 1962 873 enim
2001 836 2043 872 et
2075 830 2216 886 aptius
2250 842 2381 883 argu-

194 911 382 946 mentum
416 902 604 944 adhiberi
638 902 800 942 nullum
833 906 987 960 potest,
1013 913 1100 954 quo
1136 899 1189 939 de
1212 897 1411 953 genuinis
1435 896 1742 952 germanisque
1763 894 1899 936 sancti
1923 893 2123 935 Thomae
2146 890 2380 947 Aquinatis

193 967 393 1021 operibus
442 964 641 1005 iudicium
680 963 775 1004 ferri
824 969 977 1017 queat,
1022 974 1152 1016 quam
1195 966 1390 1000 veterum
1431 959 1688 1013 scriptorum
1729 956 2047 1004 testimonium;
2088 967 2276 1010 quorum
2309 953 2379 994 alii

191 1027 430 1082 synchroni,
454 1026 676 1067 familiares
709 1038 758 1065 ac
793 1024 998 1079 discipuli,
1023 1035 1230 1078 suppares
1264 1021 1334 1062 alii
1368 1021 1584 1075 simulque
1619 1019 1948 1076 diligentissimi,
1972 1017 2172 1059 Thomae
2197 1029 2379 1071 operum

191 1090 373 1130 indicem
406 1094 478 1128 aut
510 1088 731 1128 elenchum
766 1092 960 1135 texuere‚
1004 1084 1458 1137 accuratissimumque
1502 1088 1550 1123 ut
1586 1087 1806 1131 texerent,
1856 1080 2048 1122 studium
2090 1079 2381 1120 adhibuerunt

190 1164 334 1199 omne,
370 1150 660 1204 optimamque
690 1149 813 1189 crisin
847 1147 931 1203 (De
966 1147 1149 1195 Rubeis,
1183 1147 1379 1194 Diss.11,
1414 1158 1503 1200 cap.
1527 1144 1568 1199 1).
1594 1163 1607 1180 ,
1643 1145 1815 1185 Horum
1848 1150 1994 1184 autem
2029 1142 2225 1183 omnium
2258 1140 2378 1182 testi-

189 1213 332 1253 monia
363 1211 618 1266 singillatim,
653 1224 730 1265 pro
765 1211 824 1251 rei
858 1210 1080 1266 gravitate,
1115 1208 1334 1250 afferenda
1366 1213 1477 1249 sunt.

310 1275 398 1314 Iam
431 1287 559 1328 supra
591 1273 834 1313 audivimus
868 1273 1169 1314 Ptolomaeum
1205 1271 1258 1312 de
1298 1271 1419 1311 Luca
1451 1269 1657 1310 aientem:
1701 1287 1714 1304 ‹
1746 1267 1929 1323 Scripsit
1962 1266 2089 1308 etiam
2124 1278 2256 1320 super
2282 1264 2379 1320 phi-

187 1335 447 1390 losophiam,
480 1335 678 1376 videlicet
709 1335 762 1375 de
798 1335 924 1375 Caelo
958 1341 999 1375 et
1031 1334 1084 1375 de
1123 1333 1421 1382 Generatz‘one,
1457 1331 1537 1373 sed
1571 1344 1659 1372 non
1704 1330 1989 1386 complevit...
2013 1328 2092 1370 sed
2126 1328 2209 1369 hos
2243 1327 2378 1369 libros

188 1397 416 1451 complevit
449 1397 654 1452 Magister
685 1398 835 1438 Petrus
860 1397 914 1438 de
948 1397 1166 1438 Alvernia.
1194 1414 1208 1432 »
1237 1396 1345 1436 Post
1367 1395 1527 1450 ipsum,
1555 1394 1686 1435 alium
1720 1399 1875 1435 testem
1908 1392 2121 1434 habemus
2144 1390 2378 1431 Bartholo-

186 1472 354 1500 maeum
387 1459 440 1499 de
475 1459 633 1514 Capua,
658 1459 950 1514 Logothetam
985 1465 1027 1499 et
1059 1457 1411 1499 Protonotarium
1434 1457 1555 1513 regni
1579 1456 1762 1505 Siciliae,
1787 1455 1909 1497 cuius
1940 1454 2098 1510 pariter
2125 1466 2205 1509 pro
2229 1459 2380 1494 nostra

185 1521 392 1561 sententia
426 1521 668 1576 explicitum
703 1527 767 1562 est
799 1521 1108 1562 testimonium:
1152 1540 1165 1556 ‹
1191 1521 1298 1561 Item
1332 1520 1439 1560 dixit
1471 1519 1587 1560 idem
1620 1518 1741 1560 testis
1764 1517 1885 1573 quod
1920 1517 1987 1558 isti
2010 1522 2112 1558 sunt
2143 1515 2238 1557 libri
2262 1528 2378 1570 quos

186 1582 303 1623 dedit
335 1583 459 1623 frater
495 1583 686 1624 Thomas
724 1583 777 1624 de
816 1584 994 1638 Aquino
1029 1583 1324 1638 praedictus...
1348 1595 1478 1637 super
1504 1581 1614 1622 libro
1652 1581 1707 1622 de
1743 1580 1871 1622 Caelo
1893 1585 1991 1629 tres,
2025 1591 2157 1634 super
2188 1578 2376 1634 primum

185 1645 339 1685 librum
371 1644 422 1685 de
461 1645 750 1693 Generatione,
777 1659 906 1701 super
939 1646 1050 1687 duos
1085 1645 1218 1686 libros
1246 1645 1551 1686 Meteororum.
1578 1662 1591 1679 »
1633 1643 1755 1685 Idem
1787 1648 1968 1684 testatur
1989 1643 2176 1684 Ioannes
2203 1640 2258 1682 de
2284 1640 2375 1682 Co-

182 1707 338 1754 lumna,
372 1707 583 1748 scribens:
616 1727 628 1743 «
654 1708 795 1763 Super
816 1715 901 1749 tres
934 1708 1068 1749 libros
1097 1707 1149 1749 de
1176 1706 1304 1748 Caelo
1336 1710 1381 1748 et
1403 1706 1581 1754 Mundo,
1618 1719 1749 1761 super
1780 1705 1967 1761 primum
1999 1704 2054 1746 de
2089 1703 2388 1746 Generatione.

183 1771 226 1808 et
259 1768 544 1823 Corruptz'one.
577 1788 590 1805 ›
621 1770 802 1811 Disertis
836 1770 992 1819 verbis,
1027 1776 1073 1810 ut
1105 1775 1232 1825 patet,
1268 1775 1466 1810 auctores
1490 1769 1557 1810 isti
1591 1768 1814 1810 affirmant·
1836 1767 1907 1809 vel
1942 1766 2063 1822 quod
2098 1767 2153 1808 D.
2178 1765 2376 1808 Thomas

184 1843 271 1871 non
305 1831 535 1885 complevit
567 1845 692 1873 suum
726 1827 1080 1874 commentarium
1113 1832 1155 1873 in
1189 1832 1343 1873 librum
1377 1831 1430 1872 de
1469 1831 1763 1879 Generatione,
1799 1830 1869 1871 vel
1904 1829 2025 1885 quod
2053 1828 2224 1884 scripsit
2245 1840 2378 1884 super

182 1892 364 1946 primum
397 1892 550 1934 librum
583 1900 747 1935 tantum
781 1895 906 1935 huius
941 1895 1094 1949 operiS.
1323 1895 1326 1899 ’

208 2016 215 2022 .
310 1954 558 2023 Sequuntur
595 1956 728 1996 modo
763 1957 955 2011 quinque
988 1957 1057 1997 alii
1092 1969 1145 1997 ex
1187 1954 1583 1998 nomenclatoribus
1617 1968 1798 2010 operum
1831 1968 1865 1996 s.
1890 1955 2112 2002 Thomae,
2147 1953 2241 2008 qui,
2275 1965 2375 1994 cum

182 2016 426 2084 Simpliciter
449 2017 657 2058 affirment
690 2032 722 2059 s.
746 2019 985 2060 Doctorem
1019 2018 1240 2073 scripsisse
1274 2019 1315 2060 in
1349 2019 1505 2059 librum
1528 2017 1581 2059 de
1609 2018 1903 2063 Generatione,
1931 2016 2066 2058 dubio
2099 2015 2251 2071 procul
2284 2027 2374 2058 non

183 2091 320 2146 magis
354 2078 533 2119 aliorum
568 2080 759 2134 opinioni
782 2081 925 2122 favere
949 2081 1219 2122 existimandi
1249 2087 1349 2122 sunt
1370 2094 1501 2135 quam
1526 2086 1711 2121 nostrae.
1746 2081 1861 2121 Inter
1887 2080 1968 2121 hos
1990 2078 2156 2134 primus
2190 2077 2376 2119 occurrit

183 2140 434 2180 Guillelmus
469 2141 522 2181 de
552 2143 720 2192 Tocco,
756 2143 875 2184 cuius
909 2143 1043 2184 verba
1076 2143 1159 2184 iam
1194 2157 1323 2198 supra
1356 2143 1595 2191 retulimus,
1632 2143 1735 2183 dum
1770 2156 1914 2183 sermo
1949 2148 2040 2183 erat
2073 2140 2128 2182 de
2161 2140 2372 2195 opinione

181 2201 385 2270 Berna'rdi
420 2202 474 2243 de
510 2203 685 2246 Rubeis.
721 2205 927 2259 Sequitur
959 2205 1203 2247 Bernardus
1238 2205 1463 2253 Guidonis,
1493 2205 1613 2246 cuius
1648 2205 1730 2246 hoc
1765 2211 1830 2246 est
1863 2203 2180 2246 testimonium:
2223 2220 2238 2239 ε
2264 2203 2374 2245 Item

181 2269 384 2333 scripsst...
409 2277 536 2319 super
569 2271 653 2307 tres
687 2266 819 2308 libros
852 2267 905 2308 de
936 2267 1062 2308 Caelo
1090 2271 1134 2308 et
1162 2268 1338 2315 Mundo,
1375 2281 1505 2322 super
1538 2267 1694 2308 librum
1727 2266 1781 2308 de
1819 2266 2106 2308 Generatzbne
2137 2268 2183 2307 et
2211 2265 2375 2308 Com-
2417 2258 2420 2262 ’

173 2328 328 2380 ptzone.
357 2344 369 2360 »
411 2326 580 2368 Tertius
615 2334 679 2369 est
711 2329 862 2370 Petrus
905 2330 1143 2385 Rogerius,
1178 2336 1332 2385 postea
1365 2330 1569 2371 Clemens
1603 2330 1686 2371 ΡΡ.
1710 2329 1793 2379 VI,
1829 2329 1902 2384 qui
1938 2329 1980 2370 in
2014 2328 2155 2370 indice
2189 2340 2372 2383 operum

180 2401 212 2428 s.
232 2387 427 2428 Thomae
448 2388 562 2457 ‘haec
596 2390 743 2432 habet:
786 2409 799 2427 ι
824 2391 965 2447 Super
998 2398 1184 2446 quatuor
1216 2393 1350 2434 libros
1382 2392 1436 2433 de
1473 2392 1610 2439 Caelo,
1647 2405 1777 2446 super
1809 2391 1965 2432 librum
1999 2391 2052 2432 de
2087 2390 2375 2432 Generatiom

181 2449 309 2504 (apud
343 2449 562 2518 Oudinum
596 2452 674 2493 loc.
700 2453 795 2507 cit).
821 2471 835 2490 ›
877 2454 1078 2506 Quartus,
1103 2454 1317 2495 Henricus
1340 2454 1395 2495 de
1418 2454 1685 2495 Hervordia:
1717 2471 1732 2491 ι
1759 2453 1941 2509 Scripsit
1973 2454 2022 2495 B.
2046 2452 2296 2494 Thomas
2319 2452 2374 2495 de

187 2511 466 2580 Generatzqne
497 2516 540 2553 et
574 2513 853 2569 Corruptz‘one
885 2515 1155 2569 (Chronicon,
1193 2517 1387 2572 Gotting.
1420 2516 1547 2569 1859,
1572 2530 1670 2572 pag.
1698 2516 1815 2571 207).
1838 2534 1853 2553 »
1894 2516 2059 2569 Quinto
2083 2516 2182 2557 loco
2206 2514 2372 2557 accedit

180 2586 212 2641 s..
238 2573 496 2622 Antoninus,
531 2575 604 2629 qui
638 2576 719 2616 ait:
762 2596 775 2612 «
815 2577 995 2632 Scripsit
1029 2578 1153 2619 etiam
1243 2592 1373 2633 super
1411 2585 1496 2620 tres
1530 2578 1664 2619 libros
1697 2578 1750 2620 de
1785 2578 1914 2620 Caelo
1951 2582 1996 2620 et
2021 2577 2206 2627 Mundo,
2242 2591 2374 2634 super

181 2635 335 2675 librum
367 2634 419 2675 de
463 2636 744 2679 Generatione
776 2642 819 2679 et
853 2639 1149 2694 Corruptzbne,
1185 2654 1315 2696 super
1347 2641 1480 2682 libros
1515 2641 1627 2682 duos
1660 2642 1964 2683 Meteororum.
1992 2659 2006 2679 ι

305 2697 546 2766 Remanent
588 2699 737 2741 ultimo
782 2701 879 2742 loco
914 2702 1002 2743 duo
1042 2708 1198 2751 testes,
1239 2703 1339 2758 qui,
1375 2716 1472 2744 cum
1513 2703 1777 2744 mentionem
1817 2703 1972 2745 faciant
2008 2703 2063 2745 de
2097 2702 2371 2759 expositione

181 2771 212 2798 s.
243 2758 437 2799 Thomae
481 2773 523 2800 in
568 2761 678 2802 duos
722 2762 855 2804 libros
891 2763 943 2804 de
989 2765 1286 2813 Generatione,
1331 2766 1554 2821 negotium
1596 2765 1774 2820 aliquod
1817 2766 1970 2807 saltem
2012 2765 2152 2822 primo
2192 2771 2370 2821 aspectu

181 2820 317 2888 facere
357 2827 550 2890 possunt.
585 2823 752 2865 Primus
789 2832 854 2866 est
889 2826 1095 2868 Nicolaus
1128 2827 1347 2877 Trivetus,
1381 2828 1454 2882 qui
1493 2828 1570 2869 ait:
1612 2846 1626 2864 ‹
1651 2829 1867 2883 Exposuit
1899 2829 2027 2870 etiam
2061 2828 2195 2870 libros
2229 2827 2370 2883 philo-

179 2882 356 2936 sophiae
389 2883 607 2937 plurimos‚
632 2892 734 2940 puta
766 2888 1048 2941 Pkysz'corum
1082 2889 1215 2930 libros
1255 2896 1354 2931 octo
1396 2891 1620 2945 complete,
1660 2890 1783 2932 Caeli
1810 2894 1854 2932 et
1877 2890 2042 2932 Mundi
2070 2891 2268 2946 primum,
2299 2903 2369 2932 se-

181 2943 365 2984 cundum
401 2950 442 2985 et
469 2946 658 3014 tertium,
693 2949 982 2991 Meteororum
1015 2951 1199 3005 primum
1223 2958 1264 2993 et
1286 2952 1537 3002 secundum,
1561 2953 1614 2994 de
1634 2954 1802 2995 Anima
1835 2953 2077 2995 secundum
2110 2959 2152 2994 et
2182 2953 2368 3003 tertium,

179 3005 231 3045 de
269 3006 550 3075 Ger-zeratwne
581 3012 625 3050 et
656 3010 936 3066 Corruptz‘one
967 3012 1101 3054 libros
1134 3013 1267 3063 duos,
1299 3014 1352 3056 de
1377 3015 1516 3056 Sensu
1547 3018 1591 3056 et
1621 3015 1804 3057 Sensato
1837 3022 1915 3057 etc.
1941 3034 1955 3053 »
1995 3016 2120 3058 Alter
2148 3015 2268 3057 testis
2303 3022 2370 3058 est

181 3067 430 3136 Ludovicus
464 3069 517 3110 de
548 3071 796 3122 Valleolefi,
833 3075 905 3129 qui
939 3075 1095 3129 pariter
1132 3076 1278 3118 scribit
1315 3091 1347 3118 s.
1372 3077 1588 3119 Thomam
1633 3078 1941 3125 commentaria
1974 3078 2161 3120 edidisse
2199 3095 2214 3115 ‹
2237 3091 2368 3134 super

182 3128 291 3168 duos
324 3129 454 3199 libros
477 3131 528 3172 de
556 3133 838 3202 Generalione
870 3140 914 3178 et
938 3137 1226 3192 Corruptzbne.
1252 3157 1266 3176 »
1307 3139 1471 3180 Verum
1503 3140 1608 3181 haec
1632 3140 1720 3181 duo
1744 3141 1991 3182 testimonia
2022 3154 2101 3182 nec
2134 3140 2366 3197 infringere

181 3197 362 3258 possunt
390 3206 477 3233 vim
516 3201 726 3265 rationum
766 3211 874 3252 quas
908 3206 1061 3254 postea
1091 3201 1336 3250 afferemus,
1374 3215 1451 3243 nec
1481 3202 1568 3243 ullo
1602 3209 1728 3257 pacto
1775 3203 1943 3245 elevare
1978 3203 2110 3246 fidem
2144 3209 2187 3244 et
2214 3209 2367 3244 aucto-

181 3258 346 3293 ritatem
377 3256 718 3308 praecedentium
752 3261 936 3310 testium,
961 3262 1201 3304 Ptolomaei
1233 3264 1441 3305 Lucensis
1473 3264 1513 3306 in
1536 3265 1683 3320 primis
1708 3271 1749 3306 et
1768 3266 2089 3308 Bartholomaei
2113 3265 2168 3306 de
2193 3265 2366 3320 Capua;

185 3326 366 3381 quorum
388 3316 491 3384 alter
513 3323 697 3369 testatur,
728 3321 836 3363 libro
860 3336 977 3373 xxm,
1013 3338 1102 3379 cap.
1122 3337 1209 3374 vni,
1234 3339 1281 3367 se
1321 3344 1335 3362 ‹
1362 3327 1678 3369 confessionem
1708 3327 1755 3381 (s.
1780 3329 2003 3383 Doctoris)
2037 3326 2210 3382 saepius
2243 3327 2367 3368 audi-

181 3387 308 3443 V1}SC‚
333 3389 427 3417 cum
452 3391 544 3432 ipso
568 3382 700 3422 multo
724 3389 915 3439 tempore
940 3394 1243 3429 conversatum
1267 3401 1361 3429 esse
1393 3389 1582 3431 familiari
1617 3390 1866 3440 ministerio,
1890 3405 1940 3432 36
1963 3389 2098 3445 ipsius
2121 3388 2366 3431 auditorem

183 3435 375 3487 fuisse»;
407 3440 518 3508 ‘alter
564 3455 667 3484 vero
715 3446 832 3487 testis
878 3448 1037 3490 iuratus
1078 3449 1259 3491 habetur
1304 3451 1411 3492 inter
1452 3459 1546 3493 acta
1585 3452 1873 3508 inquisitionis
1913 3465 1992 3508 pro
2041 3452 2367 3494 canonizatione

182 3511 214 3538 s.
239 3499 450 3567 Doctoris,
485 3516 597 3544 anno
640 3507 764 3559 1319,
797 3508 864 3549 die
894 3510 1103 3561 Mercurii,
1135 3513 1162 3553 8
1197 3513 1356 3554 mensis
1388 3515 1589 3570 Augusti.
1621 3516 1801 3570 Insuper
1833 3521 2006 3570 praesto
2041 3520 2106 3555 est
2138 3514 2245 3555 ratio
2281 3528 2368 3570 qua

184 3561 390 3628 explicare
427 3571 595 3634 oportet
630 3568 806 3637 modum
839 3571 1041 3625 loquendi
1079 3588 1167 3628 quo
1203 3575 1267 3616 usi
1299 3582 1397 3616 sunt
1425 3577 1628 3618 Trivetus
1666 3584 1708 3618 et
1735 3577 2084 3625 Valleoletanus;
2121 3589 2258 3631 eaque
2291 3589 2366 3618 ex-

183 3621 405 3674 plicatione
443 3626 651 3676 adhibita,
686 3631 784 3671 nulli
823 3632 999 3675 dubium
1030 3636 1106 3676 erit
1143 3650 1291 3678 eorum
1326 3639 1571 3680 testimonia
1612 3652 1708 3680 cum
1739 3638 1890 3679 ceteris
1930 3653 2015 3679 non
2057 3652 2264 3694 pugnare.
2300 3639 2366 3680 Re
