<?xml version="1.0" encoding="UTF-8"?>
<!DOCTYPE html PUBLIC "-//W3C//DTD XHTML 1.0 Transitional//EN"
    "http://www.w3.org/TR/xhtml1/DTD/xhtml1-transitional.dtd">
<html xmlns="http://www.w3.org/1999/xhtml" xml:lang="en" lang="en">
 <head>
  <title>
</title>
<meta http-equiv="Content-Type" content="text/html;charset=utf-8" />
  <meta name='ocr-system' content='tesseract 3.04.00' />
  <meta name='ocr-capabilities' content='ocr_page ocr_carea ocr_par ocr_line ocrx_word'/>
</head>
<body>
  <div class='ocr_page' id='page_1' title='image "./operaomniaiussui03thom_0053.png"; bbox 0 0 2782 4134; ppageno 0'>
   <div class='ocr_carea' id='block_1_1' title="bbox 0 225 80 2794">
    <p class='ocr_par' dir='ltr' id='par_1_1' title="bbox 0 225 80 2794">
     <span class='ocr_line' id='line_1_1' title="bbox 0 225 80 2794; baseline 0 0"><span class='ocrx_word' id='word_1_1' title='bbox 0 225 80 2794; x_wconf 95' lang='lat' dir='ltr'> </span> 
     </span>
    </p>
   </div>
   <div class='ocr_carea' id='block_1_2' title="bbox 0 3233 167 4134">
    <p class='ocr_par' dir='ltr' id='par_1_2' title="bbox 0 3233 167 4134">
     <span class='ocr_line' id='line_1_2' title="bbox 0 3233 167 4134; baseline 0 0"><span class='ocrx_word' id='word_1_2' title='bbox 0 3233 167 4134; x_wconf 95' lang='lat' dir='ltr'> </span> 
     </span>
    </p>
   </div>
   <div class='ocr_carea' id='block_1_3' title="bbox 1125 217 2467 270">
    <p class='ocr_par' dir='ltr' id='par_1_3' title="bbox 1125 217 2467 270">
     <span class='ocr_line' id='line_1_3' title="bbox 1125 217 2467 270; baseline 0 -16"><span class='ocrx_word' id='word_1_3' title='bbox 1125 217 1237 254; x_wconf 90' lang='lat' dir='ltr'>CAP.</span> <span class='ocrx_word' id='word_1_4' title='bbox 1269 218 1318 265; x_wconf 90' lang='lat'>11,</span> <span class='ocrx_word' id='word_1_5' title='bbox 1349 217 1503 255; x_wconf 92' lang='lat' dir='ltr'>LECT.</span> <span class='ocrx_word' id='word_1_6' title='bbox 1535 218 1585 254; x_wconf 92' lang='lat'>111</span> <span class='ocrx_word' id='word_1_7' title='bbox 2444 235 2467 270; x_wconf 85' lang='lat'><strong>9</strong></span> 
     </span>
    </p>
   </div>
   <div class='ocr_carea' id='block_1_4' title="bbox 1028 447 1748 567">
    <p class='ocr_par' dir='ltr' id='par_1_4' title="bbox 1028 447 1748 567">
     <span class='ocr_line' id='line_1_4' title="bbox 1028 447 1748 567; baseline 0.004 -30"><span class='ocrx_word' id='word_1_8' title='bbox 1028 481 1332 539; x_wconf 88' lang='lat' dir='ltr'>LECTIO</span> <span class='ocrx_word' id='word_1_9' title='bbox 1370 481 1692 567; x_wconf 73' lang='lat' dir='ltr'>TERTIA</span> <span class='ocrx_word' id='word_1_10' title='bbox 1743 447 1748 452; x_wconf 44' lang='lat'><strong>⁴</strong></span> 
     </span>
    </p>
   </div>
   <div class='ocr_carea' id='block_1_5' title="bbox 427 630 2293 731">
    <p class='ocr_par' dir='ltr' id='par_1_5' title="bbox 427 630 2293 731">
     <span class='ocr_line' id='line_1_5' title="bbox 427 630 2293 678; baseline 0.002 -6"><span class='ocrx_word' id='word_1_11' title='bbox 427 638 765 672; x_wconf 75' lang='lat' dir='ltr'>PRAENOTIONES</span> <span class='ocrx_word' id='word_1_12' title='bbox 789 630 1006 676; x_wconf 76' lang='lat' dir='ltr'><strong>QUAEDAM</strong></span> <span class='ocrx_word' id='word_1_13' title='bbox 1029 639 1088 670; x_wconf 83' lang='lat' dir='ltr'>AD</span> <span class='ocrx_word' id='word_1_14' title='bbox 1113 638 1446 671; x_wconf 90' lang='lat' dir='ltr'>OSTENDENDUM</span> <span class='ocrx_word' id='word_1_15' title='bbox 1470 641 1528 671; x_wconf 88' lang='lat' dir='ltr'>EX</span> <span class='ocrx_word' id='word_1_16' title='bbox 1552 641 1711 678; x_wconf 92' lang='lat' dir='ltr'><strong>QUIBUS</strong></span> <span class='ocrx_word' id='word_1_17' title='bbox 1734 642 1947 674; x_wconf 86' lang='lat' dir='ltr'>PARTIBUS</span> <span class='ocrx_word' id='word_1_18' title='bbox 1970 642 2293 675; x_wconf 81' lang='lat' dir='ltr'>PRINCIPALIBUS</span> 
     </span>
     <span class='ocr_line' id='line_1_6' title="bbox 965 696 1751 731; baseline 0.004 -3"><span class='ocrx_word' id='word_1_19' title='bbox 965 696 1214 728; x_wconf 88' lang='lat' dir='ltr'>PERFECTIO</span> <span class='ocrx_word' id='word_1_20' title='bbox 1238 698 1439 729; x_wconf 89' lang='lat' dir='ltr'>UNIVERSI</span> <span class='ocrx_word' id='word_1_21' title='bbox 1466 698 1751 731; x_wconf 90' lang='lat' dir='ltr'>INTEGRETUR</span> 
     </span>
    </p>
   </div>
   <div class='ocr_carea' id='block_1_6' title="bbox 248 813 2696 883">
    <p class='ocr_par' dir='ltr' id='par_1_6' title="bbox 248 813 2696 883">
     <span class='ocr_line' id='line_1_7' title="bbox 248 813 2696 883; baseline 0.003 -21"><span class='ocrx_word' id='word_1_22' title='bbox 248 831 326 876; x_wconf 74' lang='grc' dir='ltr'>Περὶ</span> <span class='ocrx_word' id='word_1_23' title='bbox 350 829 411 875; x_wconf 76' lang='grc' dir='ltr'>μὲν</span> <span class='ocrx_word' id='word_1_24' title='bbox 437 827 495 863; x_wconf 75' lang='grc' dir='ltr'>οὖν</span> <span class='ocrx_word' id='word_1_25' title='bbox 519 830 584 867; x_wconf 77' lang='grc' dir='ltr'>τῆς</span> <span class='ocrx_word' id='word_1_26' title='bbox 610 830 673 862; x_wconf 79' lang='grc' dir='ltr'>τοῦ</span> <span class='ocrx_word' id='word_1_27' title='bbox 695 830 828 883; x_wconf 60' lang='grc' dir='ltr'>παντὸς</span> <span class='ocrx_word' id='word_1_28' title='bbox 847 829 990 874; x_wconf 82' lang='grc' dir='ltr'>φύσεως,</span> <span class='ocrx_word' id='word_1_29' title='bbox 1009 828 1071 863; x_wconf 74' lang='grc' dir='ltr'>εἴτ’</span> <span class='ocrx_word' id='word_1_30' title='bbox 1094 829 1232 874; x_wconf 78' lang='grc' dir='ltr'>ἄπειρός</span> <span class='ocrx_word' id='word_1_31' title='bbox 1254 831 1329 863; x_wconf 80' lang='grc' dir='ltr'>ἐστι</span> <span class='ocrx_word' id='word_1_32' title='bbox 1358 831 1362 871; x_wconf 94' lang='grc' dir='ltr'>Ι</span> <span class='ocrx_word' id='word_1_33' title='bbox 1386 831 1404 849; x_wconf 65' lang='lat'>⁴*</span> <span class='ocrx_word' id='word_1_34' title='bbox 1423 832 1472 863; x_wconf 91' lang='lat' dir='ltr'>De</span> <span class='ocrx_word' id='word_1_35' title='bbox 1495 832 1594 864; x_wconf 91' lang='lat' dir='ltr'>totius</span> <span class='ocrx_word' id='word_1_36' title='bbox 1618 833 1750 874; x_wconf 91' lang='lat' dir='ltr'>quidem</span> <span class='ocrx_word' id='word_1_37' title='bbox 1774 834 1870 875; x_wconf 87' lang='lat' dir='ltr'>igitur</span> <span class='ocrx_word' id='word_1_38' title='bbox 1894 842 2023 875; x_wconf 88' lang='lat' dir='ltr'>natura,</span> <span class='ocrx_word' id='word_1_39' title='bbox 2045 835 2071 867; x_wconf 92' lang='lat' dir='ltr'>si</span> <span class='ocrx_word' id='word_1_40' title='bbox 2087 835 2220 877; x_wconf 91' lang='lat' dir='ltr'>quidem</span> <span class='ocrx_word' id='word_1_41' title='bbox 2243 813 2404 868; x_wconf 79' lang='lat' dir='ltr'>infinitum</span> <span class='ocrx_word' id='word_1_42' title='bbox 2429 837 2468 869; x_wconf 88' lang='lat' dir='ltr'>sit</span> <span class='ocrx_word' id='word_1_43' title='bbox 2496 842 2504 849; x_wconf 87' lang='grc'>·</span> <span class='ocrx_word' id='word_1_44' title='bbox 2521 839 2578 868; x_wconf 81' lang='lat' dir='ltr'>Cap.</span> <span class='ocrx_word' id='word_1_45' title='bbox 2595 846 2620 863; x_wconf 46' lang='lat'>¹¹⁴</span> <span class='ocrx_word' id='word_1_46' title='bbox 2641 841 2696 870; x_wconf 83' lang='lat' dir='ltr'>Seq.</span> 
     </span>
    </p>
   </div>
   <div class='ocr_carea' id='block_1_7' title="bbox 317 873 1330 1011">
    <p class='ocr_par' dir='ltr' id='par_1_7' title="bbox 317 873 1330 1011">
     <span class='ocr_line' id='line_1_8' title="bbox 317 873 1327 922; baseline -0.001 -14"><span class='ocrx_word' id='word_1_47' title='bbox 317 874 415 909; x_wconf 79' lang='grc' dir='ltr'>κατσὶ</span> <span class='ocrx_word' id='word_1_48' title='bbox 430 875 473 908; x_wconf 74' lang='grc' dir='ltr'>τᾶ</span> <span class='ocrx_word' id='word_1_49' title='bbox 487 873 631 921; x_wconf 83' lang='grc' dir='ltr'>μέγεθος</span> <span class='ocrx_word' id='word_1_50' title='bbox 648 874 719 907; x_wconf 77' lang='grc' dir='ltr'>εἴτε</span> <span class='ocrx_word' id='word_1_51' title='bbox 738 886 956 918; x_wconf 77' lang='grc' dir='ltr'>πεπέρανται</span> <span class='ocrx_word' id='word_1_52' title='bbox 974 875 1034 908; x_wconf 75' lang='grc' dir='ltr'>τὸν</span> <span class='ocrx_word' id='word_1_53' title='bbox 1053 874 1194 907; x_wconf 79' lang='grc' dir='ltr'>σύνολον</span> <span class='ocrx_word' id='word_1_54' title='bbox 1213 876 1327 922; x_wconf 83' lang='grc' dir='ltr'>ὄγκον,</span> 
     </span>
     <span class='ocr_line' id='line_1_9' title="bbox 318 915 1330 965; baseline -0.001 -11"><span class='ocrx_word' id='word_1_55' title='bbox 318 919 459 965; x_wconf 77' lang='grc' dir='ltr'>ὕστερον</span> <span class='ocrx_word' id='word_1_56' title='bbox 485 918 733 952; x_wconf 77' lang='grc' dir='ltr'>ἐπισκεπτέον·</span> <span class='ocrx_word' id='word_1_57' title='bbox 759 922 833 965; x_wconf 77' lang='grc' dir='ltr'>περὶ</span> <span class='ocrx_word' id='word_1_58' title='bbox 851 915 890 952; x_wconf 80' lang='grc' dir='ltr'>δὲ</span> <span class='ocrx_word' id='word_1_59' title='bbox 912 920 980 953; x_wconf 85' lang='grc' dir='ltr'>τῶν</span> <span class='ocrx_word' id='word_1_60' title='bbox 1006 920 1086 954; x_wconf 79' lang='grc' dir='ltr'>κατ’</span> <span class='ocrx_word' id='word_1_61' title='bbox 1107 915 1195 958; x_wconf 76' lang='grc' dir='ltr'>εἶδος</span> <span class='ocrx_word' id='word_1_62' title='bbox 1219 920 1330 953; x_wconf 79' lang='grc' dir='ltr'>αὐτοῦ</span> 
     </span>
     <span class='ocr_line' id='line_1_10' title="bbox 318 960 1232 1011; baseline 0.002 -14"><span class='ocrx_word' id='word_1_63' title='bbox 318 967 441 1011; x_wconf 80' lang='grc' dir='ltr'>μορίων</span> <span class='ocrx_word' id='word_1_64' title='bbox 465 965 522 997; x_wconf 82' lang='grc' dir='ltr'>νῦν</span> <span class='ocrx_word' id='word_1_65' title='bbox 547 963 700 1011; x_wconf 80' lang='grc' dir='ltr'>λέγωμεν</span> <span class='ocrx_word' id='word_1_66' title='bbox 728 964 836 1010; x_wconf 74' lang='grc' dir='ltr'>ἀρχήν</span> <span class='ocrx_word' id='word_1_67' title='bbox 862 964 1088 1010; x_wconf 74' lang='grc' dir='ltr'>ποιησάμενοι</span> <span class='ocrx_word' id='word_1_68' title='bbox 1114 960 1232 1002; x_wconf 69' lang='grc' dir='ltr'>τήνδε.</span> 
     </span>
    </p>
   </div>
   <div class='ocr_carea' id='block_1_8' title="bbox 247 1051 1332 1372">
    <p class='ocr_par' dir='ltr' id='par_1_8' title="bbox 248 1051 1332 1192">
     <span class='ocr_line' id='line_1_11' title="bbox 248 1051 1332 1101; baseline 0 -13"><span class='ocrx_word' id='word_1_69' title='bbox 248 1053 370 1089; x_wconf 73' lang='grc' dir='ltr'>Πάντα</span> <span class='ocrx_word' id='word_1_70' title='bbox 393 1053 460 1101; x_wconf 81' lang='grc' dir='ltr'>γσὶρ</span> <span class='ocrx_word' id='word_1_71' title='bbox 485 1051 536 1086; x_wconf 68' lang='grc' dir='ltr'>τά</span> <span class='ocrx_word' id='word_1_72' title='bbox 559 1054 684 1100; x_wconf 82' lang='grc' dir='ltr'>φυσικοὶ</span> <span class='ocrx_word' id='word_1_73' title='bbox 707 1053 858 1099; x_wconf 66' lang='grc' dir='ltr'>σώματα</span> <span class='ocrx_word' id='word_1_74' title='bbox 887 1055 946 1086; x_wconf 82' lang='grc' dir='ltr'>καὶ</span> <span class='ocrx_word' id='word_1_75' title='bbox 971 1053 1098 1101; x_wconf 84' lang='grc' dir='ltr'>μεγέθη</span> <span class='ocrx_word' id='word_1_76' title='bbox 1128 1054 1204 1087; x_wconf 83' lang='grc' dir='ltr'>καθ’</span> <span class='ocrx_word' id='word_1_77' title='bbox 1235 1055 1332 1088; x_wconf 80' lang='grc' dir='ltr'>αὐτοὶ</span> 
     </span>
     <span class='ocr_line' id='line_1_12' title="bbox 315 1096 1330 1146; baseline -0.001 -14"><span class='ocrx_word' id='word_1_78' title='bbox 315 1100 444 1138; x_wconf 78' lang='grc' dir='ltr'>κινητσὲ</span> <span class='ocrx_word' id='word_1_79' title='bbox 464 1100 611 1145; x_wconf 79' lang='grc' dir='ltr'>λέγομεν</span> <span class='ocrx_word' id='word_1_80' title='bbox 642 1096 731 1132; x_wconf 79' lang='grc' dir='ltr'>εἶναι</span> <span class='ocrx_word' id='word_1_81' title='bbox 763 1099 862 1132; x_wconf 69' lang='grc' dir='ltr'>κατὰ</span> <span class='ocrx_word' id='word_1_82' title='bbox 884 1098 1013 1133; x_wconf 86' lang='grc' dir='ltr'>τόπον·</span> <span class='ocrx_word' id='word_1_83' title='bbox 1039 1099 1105 1138; x_wconf 75' lang='grc' dir='ltr'>τήν</span> <span class='ocrx_word' id='word_1_84' title='bbox 1137 1098 1214 1146; x_wconf 66' lang='grc' dir='ltr'>γάρ’</span> <span class='ocrx_word' id='word_1_85' title='bbox 1233 1100 1330 1145; x_wconf 79' lang='grc' dir='ltr'>φύσιν</span> 
     </span>
     <span class='ocr_line' id='line_1_13' title="bbox 315 1141 1023 1192; baseline 0.001 -16"><span class='ocrx_word' id='word_1_86' title='bbox 315 1143 616 1192; x_wconf 52' lang='grc' dir='ltr'>κινήσΜ,ἆρχῆν</span> <span class='ocrx_word' id='word_1_87' title='bbox 642 1141 729 1177; x_wconf 82' lang='grc' dir='ltr'>εἷναί</span> <span class='ocrx_word' id='word_1_88' title='bbox 779 1156 863 1190; x_wconf 83' lang='grc' dir='ltr'>αμεν</span> <span class='ocrx_word' id='word_1_89' title='bbox 890 1142 996 1178; x_wconf 80' lang='grc' dir='ltr'>αὖτοῖ</span> <span class='ocrx_word' id='word_1_90' title='bbox 1015 1169 1023 1177; x_wconf 93' lang='grc'><strong>.</strong></span> 
     </span>
    </p>

    <p class='ocr_par' dir='ltr' id='par_1_9' title="bbox 247 1156 1328 1278">
     <span class='ocr_line' id='line_1_14' title="bbox 247 1156 1328 1234; baseline 0 -12"><span class='ocrx_word' id='word_1_91' title='bbox 247 1183 413 1224; x_wconf 52' lang='lat' dir='ltr'>flavam</span> <span class='ocrx_word' id='word_1_92' title='bbox 436 1192 564 1231; x_wconf 81' lang='grc' dir='ltr'>κίνησις</span> <span class='ocrx_word' id='word_1_93' title='bbox 591 1189 651 1228; x_wconf 80' lang='grc' dir='ltr'>ὅση</span> <span class='ocrx_word' id='word_1_94' title='bbox 676 1156 776 1222; x_wconf 54' lang='grc' dir='ltr'>κατὲ</span> <span class='ocrx_word' id='word_1_95' title='bbox 797 1189 922 1232; x_wconf 84' lang='grc' dir='ltr'>τόπον,</span> <span class='ocrx_word' id='word_1_96' title='bbox 945 1189 986 1227; x_wconf 79' lang='grc' dir='ltr'>ἧν</span> <span class='ocrx_word' id='word_1_97' title='bbox 1010 1190 1183 1234; x_wconf 77' lang='grc' dir='ltr'>καλοῦμεν</span> <span class='ocrx_word' id='word_1_98' title='bbox 1209 1189 1328 1234; x_wconf 80' lang='grc' dir='ltr'>φοροίν,</span> 
     </span>
     <span class='ocr_line' id='line_1_15' title="bbox 318 1232 1084 1278; baseline -0.001 -11"><span class='ocrx_word' id='word_1_99' title='bbox 318 1232 341 1272; x_wconf 73' lang='grc' dir='ltr'><strong>ἦ</strong></span> <span class='ocrx_word' id='word_1_100' title='bbox 364 1232 480 1269; x_wconf 76' lang='grc' dir='ltr'><strong>εὐθεῖα</strong></span> <span class='ocrx_word' id='word_1_101' title='bbox 505 1237 526 1276; x_wconf 81' lang='grc' dir='ltr'><strong>ἥ</strong></span> <span class='ocrx_word' id='word_1_102' title='bbox 550 1234 661 1277; x_wconf 77' lang='grc' dir='ltr'>κύκλῳ</span> <span class='ocrx_word' id='word_1_103' title='bbox 687 1233 709 1273; x_wconf 77' lang='grc' dir='ltr'>ἦ</span> <span class='ocrx_word' id='word_1_104' title='bbox 735 1233 771 1268; x_wconf 79' lang='grc' dir='ltr'>ἐκ</span> <span class='ocrx_word' id='word_1_105' title='bbox 797 1234 932 1268; x_wconf 74' lang='grc' dir='ltr'>τούτων</span> <span class='ocrx_word' id='word_1_106' title='bbox 957 1233 1084 1278; x_wconf 72' lang='grc' dir='ltr'>μικτή·</span> 
     </span>
    </p>

    <p class='ocr_par' dir='ltr' id='par_1_10' title="bbox 251 1275 1331 1372">
     <span class='ocr_line' id='line_1_16' title="bbox 251 1275 1330 1327; baseline -0.003 -13"><span class='ocrx_word' id='word_1_107' title='bbox 251 1280 365 1314; x_wconf 67' lang='grc' dir='ltr'>ἁπλαῖ</span> <span class='ocrx_word' id='word_1_108' title='bbox 386 1279 452 1327; x_wconf 82' lang='grc' dir='ltr'>γοὶρ</span> <span class='ocrx_word' id='word_1_109' title='bbox 475 1282 584 1316; x_wconf 82' lang='grc' dir='ltr'>αὗται</span> <span class='ocrx_word' id='word_1_110' title='bbox 608 1276 670 1313; x_wconf 76' lang='grc' dir='ltr'>δύο</span> <span class='ocrx_word' id='word_1_111' title='bbox 696 1279 810 1325; x_wconf 84' lang='grc' dir='ltr'>μόναι.</span> <span class='ocrx_word' id='word_1_112' title='bbox 838 1281 952 1313; x_wconf 78' lang='grc' dir='ltr'>Αἴτιον</span> <span class='ocrx_word' id='word_1_113' title='bbox 977 1275 1009 1311; x_wconf 79' lang='grc' dir='ltr'>δ’</span> <span class='ocrx_word' id='word_1_114' title='bbox 1035 1278 1090 1312; x_wconf 83' lang='grc' dir='ltr'>ὅτι</span> <span class='ocrx_word' id='word_1_115' title='bbox 1113 1280 1172 1311; x_wconf 76' lang='grc' dir='ltr'>καὶ</span> <span class='ocrx_word' id='word_1_116' title='bbox 1197 1279 1247 1311; x_wconf 73' lang='grc' dir='ltr'>τοὶ</span> <span class='ocrx_word' id='word_1_117' title='bbox 1271 1290 1330 1322; x_wconf 83' lang='grc' dir='ltr'>με·</span> 
     </span>
     <span class='ocr_line' id='line_1_17' title="bbox 315 1322 1331 1372; baseline -0.003 -14"><span class='ocrx_word' id='word_1_118' title='bbox 315 1323 400 1372; x_wconf 80' lang='grc' dir='ltr'>γέθη</span> <span class='ocrx_word' id='word_1_119' title='bbox 425 1328 547 1360; x_wconf 80' lang='grc' dir='ltr'>ταῦτα</span> <span class='ocrx_word' id='word_1_120' title='bbox 580 1326 680 1359; x_wconf 82' lang='grc' dir='ltr'>σὶπλὸἰ</span> <span class='ocrx_word' id='word_1_121' title='bbox 703 1324 827 1370; x_wconf 86' lang='grc' dir='ltr'>μόνον,</span> <span class='ocrx_word' id='word_1_122' title='bbox 854 1323 876 1362; x_wconf 79' lang='grc' dir='ltr'>ἧ</span> <span class='ocrx_word' id='word_1_123' title='bbox 901 1324 933 1357; x_wconf 84' lang='grc' dir='ltr'>τ’</span> <span class='ocrx_word' id='word_1_124' title='bbox 962 1322 1079 1356; x_wconf 79' lang='grc' dir='ltr'>εὐθεῖαι</span> <span class='ocrx_word' id='word_1_125' title='bbox 1103 1325 1162 1356; x_wconf 81' lang='grc' dir='ltr'>καὶ</span> <span class='ocrx_word' id='word_1_126' title='bbox 1188 1324 1209 1361; x_wconf 74' lang='grc' dir='ltr'><strong>ἡ</strong></span> <span class='ocrx_word' id='word_1_127' title='bbox 1239 1335 1331 1367; x_wconf 80' lang='grc' dir='ltr'>περι-</span> 
     </span>
    </p>
   </div>
   <div class='ocr_carea' id='block_1_9' title="bbox 247 1368 1329 1506">
    <p class='ocr_par' dir='ltr' id='par_1_11' title="bbox 247 1368 1329 1506">
     <span class='ocr_line' id='line_1_18' title="bbox 341 1368 432 1408; baseline -0.033 0"><span class='ocrx_word' id='word_1_128' title='bbox 341 1382 357 1403; x_wconf 78' lang='grc' dir='ltr'>ι</span> <span class='ocrx_word' id='word_1_129' title='bbox 378 1368 432 1408; x_wconf 73' lang='grc' dir='ltr'>ἧς.</span> 
     </span>
     <span class='ocr_line' id='line_1_19' title="bbox 247 1380 1017 1459; baseline -0.001 -12"><span class='ocrx_word' id='word_1_130' title='bbox 247 1380 376 1456; x_wconf 51' lang='grc' dir='ltr'>Κύκλος</span> <span class='ocrx_word' id='word_1_131' title='bbox 419 1416 452 1450; x_wconf 74' lang='grc' dir='ltr'>ἐν</span> <span class='ocrx_word' id='word_1_132' title='bbox 479 1415 536 1449; x_wconf 83' lang='grc' dir='ltr'>οὖν</span> <span class='ocrx_word' id='word_1_133' title='bbox 562 1416 655 1450; x_wconf 76' lang='grc' dir='ltr'>ἐστὶν</span> <span class='ocrx_word' id='word_1_134' title='bbox 681 1415 702 1451; x_wconf 74' lang='grc' dir='ltr'>ἡ</span> <span class='ocrx_word' id='word_1_135' title='bbox 729 1415 805 1459; x_wconf 81' lang='grc' dir='ltr'>περὶ</span> <span class='ocrx_word' id='word_1_136' title='bbox 830 1414 873 1447; x_wconf 76' lang='grc' dir='ltr'>τὸ</span> <span class='ocrx_word' id='word_1_137' title='bbox 898 1412 1017 1457; x_wconf 88' lang='grc' dir='ltr'>μέσον,</span> 
     </span>
     <span class='ocr_line' id='line_1_20' title="bbox 249 1453 1329 1506; baseline -0.003 -13"><span class='ocrx_word' id='word_1_138' title='bbox 249 1456 367 1494; x_wconf 57' lang='lat' dir='ltr'>effoeta</span> <span class='ocrx_word' id='word_1_139' title='bbox 411 1461 420 1473; x_wconf 84' lang='lat'>&#39;</span> <span class='ocrx_word' id='word_1_140' title='bbox 449 1461 470 1499; x_wconf 77' lang='grc' dir='ltr'><em>ἦ</em></span> <span class='ocrx_word' id='word_1_141' title='bbox 494 1461 562 1494; x_wconf 78' lang='grc' dir='ltr'>ἄνω</span> <span class='ocrx_word' id='word_1_142' title='bbox 586 1462 645 1493; x_wconf 79' lang='grc' dir='ltr'>καὶ</span> <span class='ocrx_word' id='word_1_143' title='bbox 670 1458 782 1492; x_wconf 78' lang='grc' dir='ltr'>κάτω.</span> <span class='ocrx_word' id='word_1_144' title='bbox 809 1457 907 1506; x_wconf 75' lang='grc' dir='ltr'>Λέγω</span> <span class='ocrx_word' id='word_1_145' title='bbox 932 1453 962 1490; x_wconf 83' lang='grc' dir='ltr'>δ’</span> <span class='ocrx_word' id='word_1_146' title='bbox 986 1458 1054 1491; x_wconf 77' lang='grc' dir='ltr'>ἅνω</span> <span class='ocrx_word' id='word_1_147' title='bbox 1079 1458 1140 1503; x_wconf 79' lang='grc' dir='ltr'>μὲν</span> <span class='ocrx_word' id='word_1_148' title='bbox 1166 1457 1231 1495; x_wconf 71' lang='grc' dir='ltr'>τήν</span> <span class='ocrx_word' id='word_1_149' title='bbox 1259 1458 1329 1492; x_wconf 75' lang='grc' dir='ltr'>ἀπὸ</span> 
     </span>
    </p>
   </div>
   <div class='ocr_carea' id='block_1_10' title="bbox 316 1499 1094 1551">
    <p class='ocr_par' dir='ltr' id='par_1_12' title="bbox 316 1499 1094 1551">
     <span class='ocr_line' id='line_1_21' title="bbox 316 1499 1094 1551; baseline -0.003 -13"><span class='ocrx_word' id='word_1_150' title='bbox 316 1505 381 1538; x_wconf 75' lang='grc' dir='ltr'>τοῦ</span> <span class='ocrx_word' id='word_1_151' title='bbox 405 1505 525 1551; x_wconf 74' lang='grc' dir='ltr'>μέσου,</span> <span class='ocrx_word' id='word_1_152' title='bbox 550 1505 649 1538; x_wconf 76' lang='grc' dir='ltr'>κάτω</span> <span class='ocrx_word' id='word_1_153' title='bbox 674 1499 713 1537; x_wconf 79' lang='grc' dir='ltr'>δὲ</span> <span class='ocrx_word' id='word_1_154' title='bbox 738 1503 803 1542; x_wconf 69' lang='grc' dir='ltr'>τὴν</span> <span class='ocrx_word' id='word_1_155' title='bbox 830 1504 885 1536; x_wconf 79' lang='grc' dir='ltr'>ἐπὶ</span> <span class='ocrx_word' id='word_1_156' title='bbox 912 1503 954 1536; x_wconf 84' lang='grc' dir='ltr'><strong>τό</strong></span> <span class='ocrx_word' id='word_1_157' title='bbox 979 1503 1094 1548; x_wconf 83' lang='grc' dir='ltr'>μέσον.</span> 
     </span>
    </p>
   </div>
   <div class='ocr_carea' id='block_1_11' title="bbox 240 1591 1329 2179">
    <p class='ocr_par' dir='ltr' id='par_1_13' title="bbox 240 1591 1328 1730">
     <span class='ocr_line' id='line_1_22' title="bbox 240 1591 1328 1642; baseline -0.003 -14"><span class='ocrx_word' id='word_1_158' title='bbox 240 1594 338 1629; x_wconf 65' lang='lat' dir='ltr'>&#39;flue’</span> <span class='ocrx_word' id='word_1_159' title='bbox 367 1592 501 1642; x_wconf 76' lang='grc' dir='ltr'>ἀνάγκη</span> <span class='ocrx_word' id='word_1_160' title='bbox 527 1595 646 1628; x_wconf 74' lang='grc' dir='ltr'>πᾶσαν</span> <span class='ocrx_word' id='word_1_161' title='bbox 679 1591 768 1626; x_wconf 84' lang='grc' dir='ltr'>εἶναι</span> <span class='ocrx_word' id='word_1_162' title='bbox 797 1593 863 1631; x_wconf 74' lang='grc' dir='ltr'>τήν</span> <span class='ocrx_word' id='word_1_163' title='bbox 897 1593 1012 1630; x_wconf 84' lang='grc' dir='ltr'>οἱπλῆν</span> <span class='ocrx_word' id='word_1_164' title='bbox 1037 1593 1142 1639; x_wconf 74' lang='grc' dir='ltr'>φορὰν</span> <span class='ocrx_word' id='word_1_165' title='bbox 1169 1593 1234 1630; x_wconf 76' lang='grc' dir='ltr'>τήν</span> <span class='ocrx_word' id='word_1_166' title='bbox 1267 1593 1328 1638; x_wconf 81' lang='grc' dir='ltr'>μὲν</span> 
     </span>
     <span class='ocr_line' id='line_1_23' title="bbox 316 1634 1328 1686; baseline -0.003 -12"><span class='ocrx_word' id='word_1_167' title='bbox 316 1639 388 1674; x_wconf 71' lang='grc' dir='ltr'>ἀπὸ</span> <span class='ocrx_word' id='word_1_168' title='bbox 413 1641 476 1674; x_wconf 84' lang='grc' dir='ltr'>τοῦ</span> <span class='ocrx_word' id='word_1_169' title='bbox 501 1639 621 1686; x_wconf 84' lang='grc' dir='ltr'>μέσου,</span> <span class='ocrx_word' id='word_1_170' title='bbox 647 1639 713 1676; x_wconf 76' lang='grc' dir='ltr'>τὴν</span> <span class='ocrx_word' id='word_1_171' title='bbox 737 1634 768 1671; x_wconf 83' lang='grc' dir='ltr'>δ’</span> <span class='ocrx_word' id='word_1_172' title='bbox 797 1639 855 1672; x_wconf 80' lang='grc' dir='ltr'>ἐπὶ</span> <span class='ocrx_word' id='word_1_173' title='bbox 881 1639 923 1673; x_wconf 78' lang='grc' dir='ltr'>τὸ</span> <span class='ocrx_word' id='word_1_174' title='bbox 947 1637 1070 1683; x_wconf 78' lang='grc' dir='ltr'>μέσον,</span> <span class='ocrx_word' id='word_1_175' title='bbox 1096 1639 1163 1676; x_wconf 69' lang='grc' dir='ltr'>τήν</span> <span class='ocrx_word' id='word_1_176' title='bbox 1188 1634 1227 1671; x_wconf 80' lang='grc' dir='ltr'>δὲ</span> <span class='ocrx_word' id='word_1_177' title='bbox 1252 1640 1328 1683; x_wconf 81' lang='grc' dir='ltr'>περὶ</span> 
     </span>
     <span class='ocr_line' id='line_1_24' title="bbox 315 1684 501 1730; baseline -0.005 -11"><span class='ocrx_word' id='word_1_178' title='bbox 315 1684 360 1719; x_wconf 75' lang='grc' dir='ltr'>τό</span> <span class='ocrx_word' id='word_1_179' title='bbox 383 1684 501 1730; x_wconf 85' lang='grc' dir='ltr'>μέσον.</span> 
     </span>
    </p>

    <p class='ocr_par' dir='ltr' id='par_1_14' title="bbox 245 1727 1328 1860">
     <span class='ocr_line' id='line_1_25' title="bbox 245 1727 1328 1775; baseline -0.003 -11"><span class='ocrx_word' id='word_1_180' title='bbox 245 1731 315 1765; x_wconf 66' lang='lat' dir='ltr'>tal</span> <span class='ocrx_word' id='word_1_181' title='bbox 344 1729 453 1764; x_wconf 78' lang='grc' dir='ltr'>ἔοικεν</span> <span class='ocrx_word' id='word_1_182' title='bbox 485 1727 756 1770; x_wconf 75' lang='grc' dir='ltr'>ἧκολουθηκέναι</span> <span class='ocrx_word' id='word_1_183' title='bbox 789 1729 886 1762; x_wconf 81' lang='grc' dir='ltr'>κατοί</span> <span class='ocrx_word' id='word_1_184' title='bbox 917 1727 1021 1775; x_wconf 81' lang='grc' dir='ltr'>λόγον</span> <span class='ocrx_word' id='word_1_185' title='bbox 1051 1729 1159 1762; x_wconf 81' lang='grc' dir='ltr'>τοῦτο</span> <span class='ocrx_word' id='word_1_186' title='bbox 1184 1733 1257 1768; x_wconf 81' lang='grc' dir='ltr'>τοῖς</span> <span class='ocrx_word' id='word_1_187' title='bbox 1292 1727 1328 1770; x_wconf 76' lang='grc' dir='ltr'>ἐξ</span> 
     </span>
     <span class='ocr_line' id='line_1_26' title="bbox 318 1771 1328 1822; baseline -0.004 -12"><span class='ocrx_word' id='word_1_188' title='bbox 318 1771 443 1822; x_wconf 70' lang='grc' dir='ltr'>ἀρχῆς·</span> <span class='ocrx_word' id='word_1_189' title='bbox 471 1775 513 1809; x_wconf 87' lang='grc' dir='ltr'>τό</span> <span class='ocrx_word' id='word_1_190' title='bbox 538 1787 578 1809; x_wconf 80' lang='grc' dir='ltr'>τε</span> <span class='ocrx_word' id='word_1_191' title='bbox 607 1774 673 1821; x_wconf 82' lang='grc' dir='ltr'>γοὶρ</span> <span class='ocrx_word' id='word_1_192' title='bbox 703 1774 803 1818; x_wconf 81' lang='grc' dir='ltr'>σῶμα.</span> <span class='ocrx_word' id='word_1_193' title='bbox 838 1772 1053 1811; x_wconf 81' lang='grc' dir='ltr'>ἀπετελέσθη</span> <span class='ocrx_word' id='word_1_194' title='bbox 1087 1773 1120 1806; x_wconf 84' lang='grc' dir='ltr'>ἑν</span> <span class='ocrx_word' id='word_1_195' title='bbox 1150 1775 1239 1820; x_wconf 75' lang='grc' dir='ltr'>τρισὶ</span> <span class='ocrx_word' id='word_1_196' title='bbox 1270 1776 1328 1806; x_wconf 78' lang='grc' dir='ltr'>καὶ</span> 
     </span>
     <span class='ocr_line' id='line_1_27' title="bbox 317 1820 641 1860; baseline 0.006 -8"><span class='ocrx_word' id='word_1_197' title='bbox 317 1820 338 1858; x_wconf 78' lang='grc' dir='ltr'>ἡ</span> <span class='ocrx_word' id='word_1_198' title='bbox 362 1823 491 1860; x_wconf 86' lang='grc' dir='ltr'>κίνησις</span> <span class='ocrx_word' id='word_1_199' title='bbox 517 1821 641 1854; x_wconf 81' lang='grc' dir='ltr'>αὐτοῦ.</span> 
     </span>
    </p>

    <p class='ocr_par' dir='ltr' id='par_1_15' title="bbox 241 1858 1329 1910">
     <span class='ocr_line' id='line_1_28' title="bbox 241 1858 1329 1910; baseline -0.005 -11"><span class='ocrx_word' id='word_1_200' title='bbox 241 1864 341 1900; x_wconf 67' lang='grc' dir='ltr'>Ἐπεὶ</span> <span class='ocrx_word' id='word_1_201' title='bbox 365 1860 406 1899; x_wconf 78' lang='grc' dir='ltr'>δὲ</span> <span class='ocrx_word' id='word_1_202' title='bbox 429 1867 499 1899; x_wconf 78' lang='grc' dir='ltr'>τῶν</span> <span class='ocrx_word' id='word_1_203' title='bbox 525 1865 696 1910; x_wconf 75' lang='grc' dir='ltr'>σωμάτων</span> <span class='ocrx_word' id='word_1_204' title='bbox 722 1863 772 1896; x_wconf 83' lang='grc' dir='ltr'>τοὶ</span> <span class='ocrx_word' id='word_1_205' title='bbox 794 1863 855 1908; x_wconf 83' lang='grc' dir='ltr'>μέν</span> <span class='ocrx_word' id='word_1_206' title='bbox 880 1864 974 1896; x_wconf 77' lang='grc' dir='ltr'>ἐστιν</span> <span class='ocrx_word' id='word_1_207' title='bbox 1004 1864 1102 1896; x_wconf 82' lang='grc' dir='ltr'>οἱπλᾶ</span> <span class='ocrx_word' id='word_1_208' title='bbox 1127 1863 1175 1896; x_wconf 79' lang='grc' dir='ltr'>τοὶ</span> <span class='ocrx_word' id='word_1_209' title='bbox 1198 1858 1236 1896; x_wconf 79' lang='grc' dir='ltr'>δὲ</span> <span class='ocrx_word' id='word_1_210' title='bbox 1253 1863 1329 1896; x_wconf 79' lang='grc' dir='ltr'>σόν-</span> 
     </span>
    </p>

    <p class='ocr_par' dir='ltr' id='par_1_16' title="bbox 315 1905 1327 1955">
     <span class='ocr_line' id='line_1_29' title="bbox 315 1905 1327 1955; baseline 0 -14"><span class='ocrx_word' id='word_1_211' title='bbox 315 1908 403 1944; x_wconf 81' lang='grc' dir='ltr'>θετα</span> <span class='ocrx_word' id='word_1_212' title='bbox 428 1912 466 1944; x_wconf 79' lang='grc' dir='ltr'>ἐκ</span> <span class='ocrx_word' id='word_1_213' title='bbox 487 1911 621 1944; x_wconf 77' lang='grc' dir='ltr'>τούτων</span> <span class='ocrx_word' id='word_1_214' title='bbox 642 1909 750 1955; x_wconf 85' lang='grc' dir='ltr'>(λέγω</span> <span class='ocrx_word' id='word_1_215' title='bbox 775 1905 805 1941; x_wconf 79' lang='grc' dir='ltr'>δ’</span> <span class='ocrx_word' id='word_1_216' title='bbox 828 1909 926 1942; x_wconf 83' lang='grc' dir='ltr'>οἱπλόἱ</span> <span class='ocrx_word' id='word_1_217' title='bbox 947 1907 1012 1941; x_wconf 81' lang='grc' dir='ltr'>ὅσοι</span> <span class='ocrx_word' id='word_1_218' title='bbox 1035 1907 1198 1947; x_wconf 75' lang='grc' dir='ltr'>κινήσεως</span> <span class='ocrx_word' id='word_1_219' title='bbox 1217 1908 1327 1954; x_wconf 72' lang='grc' dir='ltr'>ἀρχήν</span> 
     </span>
    </p>

    <p class='ocr_par' dir='ltr' id='par_1_17' title="bbox 315 1953 1326 1999">
     <span class='ocr_line' id='line_1_30' title="bbox 315 1953 1326 1999; baseline -0.002 -11"><span class='ocrx_word' id='word_1_220' title='bbox 315 1954 332 1988; x_wconf 76' lang='grc' dir='ltr'><strong>ἔ</strong></span> <span class='ocrx_word' id='word_1_221' title='bbox 359 1967 388 1989; x_wconf 76' lang='grc' dir='ltr'>ει</span> <span class='ocrx_word' id='word_1_222' title='bbox 411 1956 511 1990; x_wconf 71' lang='grc' dir='ltr'>κατὰ</span> <span class='ocrx_word' id='word_1_223' title='bbox 558 1955 647 1998; x_wconf 75' lang='grc' dir='ltr'>όσιν,</span> <span class='ocrx_word' id='word_1_224' title='bbox 675 1956 745 1988; x_wconf 74' lang='grc' dir='ltr'>οἷον</span> <span class='ocrx_word' id='word_1_225' title='bbox 771 1954 836 1999; x_wconf 79' lang='grc' dir='ltr'>πῦρ</span> <span class='ocrx_word' id='word_1_226' title='bbox 860 1955 921 1986; x_wconf 81' lang='grc' dir='ltr'>καὶ</span> <span class='ocrx_word' id='word_1_227' title='bbox 944 1954 1010 1999; x_wconf 79' lang='grc' dir='ltr'>γῆν</span> <span class='ocrx_word' id='word_1_228' title='bbox 1034 1955 1093 1986; x_wconf 77' lang='grc' dir='ltr'>καὶ</span> <span class='ocrx_word' id='word_1_229' title='bbox 1119 1953 1168 1986; x_wconf 80' lang='grc' dir='ltr'>τοὶ</span> <span class='ocrx_word' id='word_1_230' title='bbox 1191 1953 1326 1988; x_wconf 77' lang='grc' dir='ltr'>τούτων</span> 
     </span>
    </p>

    <p class='ocr_par' dir='ltr' id='par_1_18' title="bbox 315 1998 1329 2048">
     <span class='ocr_line' id='line_1_31' title="bbox 315 1998 1329 2048; baseline -0.005 -13"><span class='ocrx_word' id='word_1_231' title='bbox 315 2003 346 2035; x_wconf 74' lang='grc' dir='ltr'>εἴ</span> <span class='ocrx_word' id='word_1_232' title='bbox 367 2015 388 2040; x_wconf 87' lang='grc' dir='ltr'>η</span> <span class='ocrx_word' id='word_1_233' title='bbox 413 2003 475 2034; x_wconf 69' lang='grc' dir='ltr'>καὶ</span> <span class='ocrx_word' id='word_1_234' title='bbox 499 2013 548 2035; x_wconf 82' lang='grc' dir='ltr'>τοι</span> <span class='ocrx_word' id='word_1_235' title='bbox 570 2001 719 2048; x_wconf 79' lang='grc' dir='ltr'>συγγενῆ</span> <span class='ocrx_word' id='word_1_236' title='bbox 746 1998 918 2043; x_wconf 75' lang='grc' dir='ltr'>τούτοις),</span> <span class='ocrx_word' id='word_1_237' title='bbox 948 1999 1080 2046; x_wconf 75' lang='grc' dir='ltr'>ἀνάγκη</span> <span class='ocrx_word' id='word_1_238' title='bbox 1106 2000 1166 2031; x_wconf 81' lang='grc' dir='ltr'>καὶ</span> <span class='ocrx_word' id='word_1_239' title='bbox 1190 1999 1256 2037; x_wconf 81' lang='grc' dir='ltr'>τοὶς</span> <span class='ocrx_word' id='word_1_240' title='bbox 1280 2010 1329 2031; x_wconf 90' lang='grc' dir='ltr'>κι-</span> 
     </span>
    </p>

    <p class='ocr_par' dir='ltr' id='par_1_19' title="bbox 298 2040 1326 2091">
     <span class='ocr_line' id='line_1_32' title="bbox 298 2040 1326 2091; baseline -0.005 -10"><span class='ocrx_word' id='word_1_241' title='bbox 298 2047 429 2090; x_wconf 63' lang='grc' dir='ltr'>,νῆσεις</span> <span class='ocrx_word' id='word_1_242' title='bbox 454 2042 542 2079; x_wconf 76' lang='grc' dir='ltr'>εἶναι</span> <span class='ocrx_word' id='word_1_243' title='bbox 566 2046 630 2085; x_wconf 84' lang='grc' dir='ltr'>τοὶς</span> <span class='ocrx_word' id='word_1_244' title='bbox 655 2045 714 2091; x_wconf 85' lang='grc' dir='ltr'>μὲν</span> <span class='ocrx_word' id='word_1_245' title='bbox 743 2045 856 2083; x_wconf 81' lang='grc' dir='ltr'>οἱπλᾶς</span> <span class='ocrx_word' id='word_1_246' title='bbox 882 2043 947 2082; x_wconf 82' lang='grc' dir='ltr'>τοὶς</span> <span class='ocrx_word' id='word_1_247' title='bbox 967 2040 1004 2076; x_wconf 71' lang='grc' dir='ltr'>δὲ</span> <span class='ocrx_word' id='word_1_248' title='bbox 1022 2042 1147 2088; x_wconf 84' lang='grc' dir='ltr'>μικτοίς</span> <span class='ocrx_word' id='word_1_249' title='bbox 1166 2056 1250 2085; x_wconf 87' lang='grc' dir='ltr'>πως,</span> <span class='ocrx_word' id='word_1_250' title='bbox 1268 2045 1326 2076; x_wconf 81' lang='grc' dir='ltr'>καὶ</span> 
     </span>
    </p>

    <p class='ocr_par' dir='ltr' id='par_1_20' title="bbox 316 2084 1325 2136">
     <span class='ocr_line' id='line_1_33' title="bbox 316 2084 1325 2136; baseline -0.005 -11"><span class='ocrx_word' id='word_1_251' title='bbox 316 2093 385 2126; x_wconf 82' lang='grc' dir='ltr'>τῶν</span> <span class='ocrx_word' id='word_1_252' title='bbox 410 2091 471 2136; x_wconf 85' lang='grc' dir='ltr'>μὲν</span> <span class='ocrx_word' id='word_1_253' title='bbox 506 2092 623 2124; x_wconf 70' lang='grc' dir='ltr'>ἁπλῶν</span> <span class='ocrx_word' id='word_1_254' title='bbox 654 2091 789 2132; x_wconf 75' lang='grc' dir='ltr'>ἁπλᾶς,</span> <span class='ocrx_word' id='word_1_255' title='bbox 816 2089 941 2134; x_wconf 81' lang='grc' dir='ltr'>μικταὶς</span> <span class='ocrx_word' id='word_1_256' title='bbox 973 2084 1012 2121; x_wconf 79' lang='grc' dir='ltr'>δὲ</span> <span class='ocrx_word' id='word_1_257' title='bbox 1044 2090 1112 2122; x_wconf 83' lang='grc' dir='ltr'>τῶν</span> <span class='ocrx_word' id='word_1_258' title='bbox 1142 2088 1325 2131; x_wconf 84' lang='grc' dir='ltr'>συνθέτων,</span> 
     </span>
    </p>

    <p class='ocr_par' dir='ltr' id='par_1_21' title="bbox 314 2130 978 2179">
     <span class='ocr_line' id='line_1_34' title="bbox 314 2130 978 2179; baseline -0.006 -9"><span class='ocrx_word' id='word_1_259' title='bbox 314 2135 480 2170; x_wconf 76' lang='grc' dir='ltr'>κινεῖσθαι</span> <span class='ocrx_word' id='word_1_260' title='bbox 504 2130 542 2168; x_wconf 76' lang='grc' dir='ltr'>δὲ</span> <span class='ocrx_word' id='word_1_261' title='bbox 565 2135 665 2168; x_wconf 70' lang='grc' dir='ltr'>κατὰ</span> <span class='ocrx_word' id='word_1_262' title='bbox 687 2134 731 2168; x_wconf 71' lang='grc' dir='ltr'>τὸ</span> <span class='ocrx_word' id='word_1_263' title='bbox 756 2135 978 2179; x_wconf 78' lang='grc' dir='ltr'>ἐπικρατοῦν.</span> 
     </span>
    </p>
   </div>
   <div class='ocr_carea' id='block_1_12' title="bbox 204 2276 1329 2962">
    <p class='ocr_par' dir='ltr' id='par_1_22' title="bbox 204 2276 1329 2962">
     <span class='ocr_line' id='line_1_35' title="bbox 309 2276 1326 2316; baseline -0.003 -7"><span class='ocrx_word' id='word_1_264' title='bbox 309 2280 462 2309; x_wconf 66' lang='lat' dir='ltr'>Smorsm.</span> <span class='ocrx_word' id='word_1_265' title='bbox 481 2295 517 2300; x_wconf 97' lang='lat'><strong>—</strong></span> <span class='ocrx_word' id='word_1_266' title='bbox 545 2287 570 2307; x_wconf 85' lang='lat' dir='ltr'>x.</span> <span class='ocrx_word' id='word_1_267' title='bbox 591 2278 808 2316; x_wconf 78' lang='lat' dir='ltr'><strong>Argumentum</strong></span> <span class='ocrx_word' id='word_1_268' title='bbox 828 2283 857 2306; x_wconf 91' lang='lat' dir='ltr'>et</span> <span class='ocrx_word' id='word_1_269' title='bbox 878 2276 982 2306; x_wconf 88' lang='lat' dir='ltr'>divisio</span> <span class='ocrx_word' id='word_1_270' title='bbox 1003 2283 1106 2306; x_wconf 86' lang='lat' dir='ltr'>textus.</span> <span class='ocrx_word' id='word_1_271' title='bbox 1121 2294 1141 2300; x_wconf 89' lang='lat'><em>-</em></span> <span class='ocrx_word' id='word_1_272' title='bbox 1154 2278 1198 2306; x_wconf 93' lang='lat' dir='ltr'>De</span> <span class='ocrx_word' id='word_1_273' title='bbox 1219 2277 1326 2315; x_wconf 91' lang='lat' dir='ltr'>quibus</span> 
     </span>
     <span class='ocr_line' id='line_1_36' title="bbox 248 2317 1329 2358; baseline -0.004 -9"><span class='ocrx_word' id='word_1_274' title='bbox 248 2326 278 2350; x_wconf 80' lang='lat' dir='ltr'>et</span> <span class='ocrx_word' id='word_1_275' title='bbox 291 2329 352 2358; x_wconf 85' lang='lat' dir='ltr'>quo</span> <span class='ocrx_word' id='word_1_276' title='bbox 367 2319 471 2349; x_wconf 83' lang='lat' dir='ltr'>ordine</span> <span class='ocrx_word' id='word_1_277' title='bbox 484 2318 668 2347; x_wconf 86' lang='lat' dir='ltr'>tractandum</span> <span class='ocrx_word' id='word_1_278' title='bbox 690 2324 742 2346; x_wconf 88' lang='lat' dir='ltr'>est.</span> <span class='ocrx_word' id='word_1_279' title='bbox 758 2335 777 2340; x_wconf 83' lang='grc'>-</span> <span class='ocrx_word' id='word_1_280' title='bbox 792 2325 820 2346; x_wconf 89' lang='lat'>2.</span> <span class='ocrx_word' id='word_1_281' title='bbox 835 2318 944 2346; x_wconf 87' lang='lat' dir='ltr'>Textus</span> <span class='ocrx_word' id='word_1_282' title='bbox 966 2317 1135 2346; x_wconf 86' lang='lat' dir='ltr'>subdivisio.</span> <span class='ocrx_word' id='word_1_283' title='bbox 1147 2335 1167 2339; x_wconf 98' lang='lat'>—</span> <span class='ocrx_word' id='word_1_284' title='bbox 1179 2318 1204 2346; x_wconf 86' lang='lat'>3.</span> <span class='ocrx_word' id='word_1_285' title='bbox 1222 2317 1329 2346; x_wconf 84' lang='lat' dir='ltr'>Omnia</span> 
     </span>
     <span class='ocr_line' id='line_1_37' title="bbox 247 2357 1327 2399; baseline -0.004 -9"><span class='ocrx_word' id='word_1_286' title='bbox 247 2369 377 2399; x_wconf 78' lang='lat' dir='ltr'>corpora</span> <span class='ocrx_word' id='word_1_287' title='bbox 391 2359 540 2388; x_wconf 75' lang='lat' dir='ltr'>naturalia</span> <span class='ocrx_word' id='word_1_288' title='bbox 554 2364 711 2387; x_wconf 75' lang='lat' dir='ltr'>moventur</span> <span class='ocrx_word' id='word_1_289' title='bbox 725 2358 903 2386; x_wconf 74' lang='lat' dir='ltr'>naturaliter</span> <span class='ocrx_word' id='word_1_290' title='bbox 917 2363 996 2386; x_wconf 85' lang='lat' dir='ltr'>motu</span> <span class='ocrx_word' id='word_1_291' title='bbox 1011 2358 1116 2386; x_wconf 83' lang='lat' dir='ltr'>locali:</span> <span class='ocrx_word' id='word_1_292' title='bbox 1130 2364 1235 2386; x_wconf 87' lang='lat' dir='ltr'>natura</span> <span class='ocrx_word' id='word_1_293' title='bbox 1248 2357 1327 2386; x_wconf 87' lang='lat' dir='ltr'>enim</span> 
     </span>
     <span class='ocr_line' id='line_1_38' title="bbox 247 2397 1327 2438; baseline -0.004 -8"><span class='ocrx_word' id='word_1_294' title='bbox 247 2406 292 2430; x_wconf 70' lang='lat' dir='ltr'>est</span> <span class='ocrx_word' id='word_1_295' title='bbox 304 2399 483 2438; x_wconf 85' lang='lat' dir='ltr'>principium</span> <span class='ocrx_word' id='word_1_296' title='bbox 505 2405 604 2428; x_wconf 90' lang='lat' dir='ltr'>motus</span> <span class='ocrx_word' id='word_1_297' title='bbox 625 2398 658 2431; x_wconf 86' lang='lat' dir='ltr'>in</span> <span class='ocrx_word' id='word_1_298' title='bbox 676 2398 718 2427; x_wconf 89' lang='lat' dir='ltr'>eis</span> <span class='ocrx_word' id='word_1_299' title='bbox 739 2398 770 2427; x_wconf 90' lang='lat' dir='ltr'>in</span> <span class='ocrx_word' id='word_1_300' title='bbox 791 2397 898 2436; x_wconf 86' lang='lat' dir='ltr'>quibus</span> <span class='ocrx_word' id='word_1_301' title='bbox 919 2404 978 2434; x_wconf 90' lang='lat' dir='ltr'>est,</span> <span class='ocrx_word' id='word_1_302' title='bbox 1000 2404 1099 2427; x_wconf 90' lang='lat' dir='ltr'>motus</span> <span class='ocrx_word' id='word_1_303' title='bbox 1113 2404 1211 2427; x_wconf 88' lang='lat' dir='ltr'>autem</span> <span class='ocrx_word' id='word_1_304' title='bbox 1226 2398 1327 2427; x_wconf 80' lang='lat' dir='ltr'>localis</span> 
     </span>
     <span class='ocr_line' id='line_1_39' title="bbox 248 2436 1328 2479; baseline -0.005 -8"><span class='ocrx_word' id='word_1_305' title='bbox 248 2447 293 2471; x_wconf 77' lang='lat' dir='ltr'>est</span> <span class='ocrx_word' id='word_1_306' title='bbox 311 2441 425 2479; x_wconf 83' lang='lat' dir='ltr'>primus</span> <span class='ocrx_word' id='word_1_307' title='bbox 446 2440 521 2469; x_wconf 86' lang='lat' dir='ltr'>inter</span> <span class='ocrx_word' id='word_1_308' title='bbox 544 2439 619 2468; x_wconf 83' lang='lat' dir='ltr'>alios</span> <span class='ocrx_word' id='word_1_309' title='bbox 639 2445 747 2468; x_wconf 88' lang='lat' dir='ltr'>motus.</span> <span class='ocrx_word' id='word_1_310' title='bbox 770 2455 790 2461; x_wconf 97' lang='lat'>-</span> <span class='ocrx_word' id='word_1_311' title='bbox 809 2448 839 2474; x_wconf 91' lang='lat'>4.</span> <span class='ocrx_word' id='word_1_312' title='bbox 861 2438 992 2468; x_wconf 84' lang='lat' dir='ltr'>Solvitur</span> <span class='ocrx_word' id='word_1_313' title='bbox 1019 2436 1184 2468; x_wconf 87' lang='lat' dir='ltr'>difficultas.</span> <span class='ocrx_word' id='word_1_314' title='bbox 1214 2438 1328 2476; x_wconf 85' lang='lat' dir='ltr'>Duplex</span> 
     </span>
     <span class='ocr_line' id='line_1_40' title="bbox 249 2478 1327 2520; baseline -0.004 -9"><span class='ocrx_word' id='word_1_315' title='bbox 249 2487 293 2511; x_wconf 70' lang='lat' dir='ltr'>ert</span> <span class='ocrx_word' id='word_1_316' title='bbox 312 2480 488 2520; x_wconf 87' lang='lat' dir='ltr'>principium</span> <span class='ocrx_word' id='word_1_317' title='bbox 510 2487 626 2509; x_wconf 84' lang='lat' dir='ltr'>motus:</span> <span class='ocrx_word' id='word_1_318' title='bbox 648 2479 785 2514; x_wconf 76' lang='lat' dir='ltr'>activum,</span> <span class='ocrx_word' id='word_1_319' title='bbox 801 2479 884 2517; x_wconf 90' lang='lat' dir='ltr'>quod</span> <span class='ocrx_word' id='word_1_320' title='bbox 901 2485 944 2508; x_wconf 89' lang='lat' dir='ltr'>est</span> <span class='ocrx_word' id='word_1_321' title='bbox 958 2478 1020 2516; x_wconf 89' lang='lat' dir='ltr'>ipse</span> <span class='ocrx_word' id='word_1_322' title='bbox 1034 2485 1146 2515; x_wconf 87' lang='lat' dir='ltr'>motor;</span> <span class='ocrx_word' id='word_1_323' title='bbox 1164 2478 1327 2518; x_wconf 77' lang='lat' dir='ltr'>passivum,</span> 
     </span>
     <span class='ocr_line' id='line_1_41' title="bbox 249 2519 1328 2559; baseline -0.003 -8"><span class='ocrx_word' id='word_1_324' title='bbox 249 2527 278 2551; x_wconf 87' lang='lat' dir='ltr'>et</span> <span class='ocrx_word' id='word_1_325' title='bbox 296 2528 343 2551; x_wconf 85' lang='lat' dir='ltr'>est</span> <span class='ocrx_word' id='word_1_326' title='bbox 361 2527 467 2551; x_wconf 83' lang='lat' dir='ltr'>natura</span> <span class='ocrx_word' id='word_1_327' title='bbox 487 2520 578 2559; x_wconf 90' lang='lat' dir='ltr'>ipsius</span> <span class='ocrx_word' id='word_1_328' title='bbox 600 2519 752 2558; x_wconf 89' lang='lat' dir='ltr'>corporis,</span> <span class='ocrx_word' id='word_1_329' title='bbox 778 2520 940 2549; x_wconf 86' lang='lat' dir='ltr'>secundum</span> <span class='ocrx_word' id='word_1_330' title='bbox 969 2528 1059 2557; x_wconf 87' lang='lat' dir='ltr'>quarn</span> <span class='ocrx_word' id='word_1_331' title='bbox 1086 2526 1189 2548; x_wconf 89' lang='lat' dir='ltr'>natum</span> <span class='ocrx_word' id='word_1_332' title='bbox 1215 2526 1258 2548; x_wconf 87' lang='lat' dir='ltr'>est</span> <span class='ocrx_word' id='word_1_333' title='bbox 1278 2519 1328 2548; x_wconf 87' lang='lat' dir='ltr'>tali</span> 
     </span>
     <span class='ocr_line' id='line_1_42' title="bbox 204 2559 1327 2592; baseline -0.004 0"><span class='ocrx_word' id='word_1_334' title='bbox 204 2566 214 2582; x_wconf 62' lang='lat' dir='ltr'><em>s</em></span> <span class='ocrx_word' id='word_1_335' title='bbox 247 2561 294 2592; x_wconf 84' lang='lat' dir='ltr'>vel</span> <span class='ocrx_word' id='word_1_336' title='bbox 313 2561 365 2591; x_wconf 78' lang='lat' dir='ltr'>tali</span> <span class='ocrx_word' id='word_1_337' title='bbox 389 2567 473 2591; x_wconf 92' lang='lat' dir='ltr'>motu</span> <span class='ocrx_word' id='word_1_338' title='bbox 497 2560 619 2590; x_wconf 89' lang='lat' dir='ltr'>moveri.</span> <span class='ocrx_word' id='word_1_339' title='bbox 641 2577 661 2583; x_wconf 89' lang='lat'>-—</span> <span class='ocrx_word' id='word_1_340' title='bbox 683 2561 710 2589; x_wconf 92' lang='grc'>5.</span> <span class='ocrx_word' id='word_1_341' title='bbox 731 2560 799 2589; x_wconf 83' lang='lat' dir='ltr'>Alia</span> <span class='ocrx_word' id='word_1_342' title='bbox 818 2566 912 2589; x_wconf 87' lang='lat' dir='ltr'>textus</span> <span class='ocrx_word' id='word_1_343' title='bbox 937 2559 1107 2589; x_wconf 88' lang='lat' dir='ltr'>subdivisio.</span> <span class='ocrx_word' id='word_1_344' title='bbox 1123 2577 1143 2582; x_wconf 96' lang='lat'>-</span> <span class='ocrx_word' id='word_1_345' title='bbox 1163 2559 1263 2588; x_wconf 79' lang='lat' dir='ltr'>Motus</span> <span class='ocrx_word' id='word_1_346' title='bbox 1284 2560 1327 2588; x_wconf 90' lang='grc' dir='ltr'>Ιο-</span> 
     </span>
     <span class='ocr_line' id='line_1_43' title="bbox 249 2600 1328 2638; baseline -0.003 -6"><span class='ocrx_word' id='word_1_347' title='bbox 249 2602 323 2632; x_wconf 74' lang='lat' dir='ltr'>calis</span> <span class='ocrx_word' id='word_1_348' title='bbox 343 2607 394 2631; x_wconf 76' lang='lat' dir='ltr'>aut</span> <span class='ocrx_word' id='word_1_349' title='bbox 413 2607 458 2632; x_wconf 76' lang='lat' dir='ltr'>est</span> <span class='ocrx_word' id='word_1_350' title='bbox 477 2601 645 2635; x_wconf 77' lang='lat' dir='ltr'>circularis,</span> <span class='ocrx_word' id='word_1_351' title='bbox 667 2606 718 2630; x_wconf 81' lang='lat' dir='ltr'>aut</span> <span class='ocrx_word' id='word_1_352' title='bbox 738 2606 845 2635; x_wconf 81' lang='lat' dir='ltr'>rectus,</span> <span class='ocrx_word' id='word_1_353' title='bbox 861 2606 911 2629; x_wconf 77' lang='lat' dir='ltr'>aut</span> <span class='ocrx_word' id='word_1_354' title='bbox 925 2609 966 2629; x_wconf 74' lang='lat' dir='ltr'>ex·</span> <span class='ocrx_word' id='word_1_355' title='bbox 980 2606 1101 2638; x_wconf 82' lang='lat' dir='ltr'>utroque</span> <span class='ocrx_word' id='word_1_356' title='bbox 1116 2600 1236 2629; x_wconf 75' lang='lat' dir='ltr'>mixtus.</span> <span class='ocrx_word' id='word_1_357' title='bbox 1252 2601 1328 2629; x_wconf 87' lang='lat' dir='ltr'>Nam</span> 
     </span>
     <span class='ocr_line' id='line_1_44' title="bbox 249 2640 1327 2680; baseline -0.003 -8"><span class='ocrx_word' id='word_1_358' title='bbox 249 2649 350 2672; x_wconf 84' lang='lat' dir='ltr'>motus</span> <span class='ocrx_word' id='word_1_359' title='bbox 370 2642 516 2680; x_wconf 81' lang='lat' dir='ltr'>simplices</span> <span class='ocrx_word' id='word_1_360' title='bbox 535 2651 598 2671; x_wconf 90' lang='lat' dir='ltr'>non</span> <span class='ocrx_word' id='word_1_361' title='bbox 619 2648 687 2670; x_wconf 90' lang='lat' dir='ltr'>sunt</span> <span class='ocrx_word' id='word_1_362' title='bbox 708 2640 765 2670; x_wconf 89' lang='lat' dir='ltr'>nisi</span> <span class='ocrx_word' id='word_1_363' title='bbox 786 2641 866 2670; x_wconf 85' lang='lat' dir='ltr'>duo:</span> <span class='ocrx_word' id='word_1_364' title='bbox 898 2640 1102 2678; x_wconf 83' lang='lat' dir='ltr'>specificantur</span> <span class='ocrx_word' id='word_1_365' title='bbox 1124 2640 1203 2670; x_wconf 88' lang='lat' dir='ltr'>enim</span> <span class='ocrx_word' id='word_1_366' title='bbox 1229 2647 1327 2670; x_wconf 90' lang='lat' dir='ltr'>motus</span> 
     </span>
     <span class='ocr_line' id='line_1_45' title="bbox 249 2681 1327 2720; baseline -0.003 -8"><span class='ocrx_word' id='word_1_367' title='bbox 249 2682 358 2712; x_wconf 79' lang='lat' dir='ltr'>locales</span> <span class='ocrx_word' id='word_1_368' title='bbox 379 2683 540 2712; x_wconf 88' lang='lat' dir='ltr'>secundum</span> <span class='ocrx_word' id='word_1_369' title='bbox 562 2681 794 2720; x_wconf 82' lang='lat' dir='ltr'>magnitudines,</span> <span class='ocrx_word' id='word_1_370' title='bbox 823 2688 891 2710; x_wconf 90' lang='lat' dir='ltr'>sunt</span> <span class='ocrx_word' id='word_1_371' title='bbox 911 2688 1010 2710; x_wconf 90' lang='lat' dir='ltr'>autem</span> <span class='ocrx_word' id='word_1_372' title='bbox 1031 2682 1108 2710; x_wconf 91' lang='lat' dir='ltr'>duae</span> <span class='ocrx_word' id='word_1_373' title='bbox 1127 2687 1242 2710; x_wconf 81' lang='lat' dir='ltr'>tantum</span> <span class='ocrx_word' id='word_1_374' title='bbox 1264 2690 1327 2710; x_wconf 89' lang='lat' dir='ltr'>ma-</span> 
     </span>
     <span class='ocr_line' id='line_1_46' title="bbox 248 2721 1328 2762; baseline -0.002 -10"><span class='ocrx_word' id='word_1_375' title='bbox 248 2722 416 2762; x_wconf 76' lang='lat' dir='ltr'>gnitudines</span> <span class='ocrx_word' id='word_1_376' title='bbox 436 2722 592 2760; x_wconf 79' lang='lat' dir='ltr'>simplices,</span> <span class='ocrx_word' id='word_1_377' title='bbox 613 2722 760 2751; x_wconf 81' lang='lat' dir='ltr'>circularis</span> <span class='ocrx_word' id='word_1_378' title='bbox 781 2728 811 2751; x_wconf 91' lang='lat' dir='ltr'>et</span> <span class='ocrx_word' id='word_1_379' title='bbox 829 2728 917 2751; x_wconf 84' lang='lat' dir='ltr'>recta.</span> <span class='ocrx_word' id='word_1_380' title='bbox 932 2739 952 2744; x_wconf 90' lang='lat'><em>-</em></span> <span class='ocrx_word' id='word_1_381' title='bbox 966 2723 995 2750; x_wconf 88' lang='lat'>6.</span> <span class='ocrx_word' id='word_1_382' title='bbox 1014 2722 1174 2750; x_wconf 83' lang='lat' dir='ltr'>Solvuntur</span> <span class='ocrx_word' id='word_1_383' title='bbox 1194 2728 1252 2750; x_wconf 89' lang='lat' dir='ltr'>tres</span> <span class='ocrx_word' id='word_1_384' title='bbox 1274 2721 1328 2750; x_wconf 92' lang='lat' dir='ltr'>dif-</span> 
     </span>
     <span class='ocr_line' id='line_1_47' title="bbox 249 2762 1328 2801; baseline -0.003 -8"><span class='ocrx_word' id='word_1_385' title='bbox 249 2763 405 2794; x_wconf 72' lang='lat' dir='ltr'>ficultates:</span> <span class='ocrx_word' id='word_1_386' title='bbox 427 2770 456 2792; x_wconf 88' lang='lat' dir='ltr'>et</span> <span class='ocrx_word' id='word_1_387' title='bbox 476 2763 572 2800; x_wconf 84' lang='lat' dir='ltr'>prima</span> <span class='ocrx_word' id='word_1_388' title='bbox 592 2762 712 2801; x_wconf 89' lang='lat' dir='ltr'>quidem</span> <span class='ocrx_word' id='word_1_389' title='bbox 734 2769 837 2791; x_wconf 88' lang='lat' dir='ltr'>contra</span> <span class='ocrx_word' id='word_1_390' title='bbox 857 2762 1090 2791; x_wconf 82' lang='lat' dir='ltr'>convenientiam</span> <span class='ocrx_word' id='word_1_391' title='bbox 1112 2762 1199 2791; x_wconf 89' lang='lat' dir='ltr'>huius</span> <span class='ocrx_word' id='word_1_392' title='bbox 1219 2763 1328 2799; x_wconf 91' lang='lat' dir='ltr'>proba-</span> 
     </span>
     <span class='ocr_line' id='line_1_48' title="bbox 248 2802 1329 2841; baseline -0.004 -7"><span class='ocrx_word' id='word_1_393' title='bbox 248 2802 347 2835; x_wconf 76' lang='lat' dir='ltr'>tionis.</span> <span class='ocrx_word' id='word_1_394' title='bbox 367 2820 388 2826; x_wconf 90' lang='lat'><em>-</em></span> <span class='ocrx_word' id='word_1_395' title='bbox 407 2803 473 2833; x_wconf 84' lang='lat' dir='ltr'>Alia</span> <span class='ocrx_word' id='word_1_396' title='bbox 493 2810 596 2833; x_wconf 85' lang='lat' dir='ltr'>contra</span> <span class='ocrx_word' id='word_1_397' title='bbox 624 2803 682 2832; x_wconf 90' lang='lat' dir='ltr'>hoc</span> <span class='ocrx_word' id='word_1_398' title='bbox 710 2803 792 2841; x_wconf 90' lang='lat' dir='ltr'>quod</span> <span class='ocrx_word' id='word_1_399' title='bbox 820 2810 887 2831; x_wconf 89' lang='lat' dir='ltr'>sunt</span> <span class='ocrx_word' id='word_1_400' title='bbox 914 2803 995 2831; x_wconf 91' lang='lat' dir='ltr'>solae</span> <span class='ocrx_word' id='word_1_401' title='bbox 1017 2803 1091 2831; x_wconf 90' lang='lat' dir='ltr'>duae</span> <span class='ocrx_word' id='word_1_402' title='bbox 1113 2802 1329 2840; x_wconf 84' lang='lat' dir='ltr'>magnitudines</span> 
     </span>
     <span class='ocr_line' id='line_1_49' title="bbox 251 2842 1328 2882; baseline -0.002 -9"><span class='ocrx_word' id='word_1_403' title='bbox 251 2842 405 2882; x_wconf 70' lang='lat' dir='ltr'>simplices.</span> <span class='ocrx_word' id='word_1_404' title='bbox 428 2861 448 2866; x_wconf 98' lang='lat'><em>-</em></span> <span class='ocrx_word' id='word_1_405' title='bbox 471 2843 572 2873; x_wconf 83' lang='lat' dir='ltr'>Tertia</span> <span class='ocrx_word' id='word_1_406' title='bbox 599 2850 702 2873; x_wconf 89' lang='lat' dir='ltr'>contra</span> <span class='ocrx_word' id='word_1_407' title='bbox 730 2844 787 2872; x_wconf 90' lang='lat' dir='ltr'>hoc</span> <span class='ocrx_word' id='word_1_408' title='bbox 815 2843 897 2881; x_wconf 91' lang='lat' dir='ltr'>quod</span> <span class='ocrx_word' id='word_1_409' title='bbox 922 2842 1028 2871; x_wconf 89' lang='lat' dir='ltr'>dicitur</span> <span class='ocrx_word' id='word_1_410' title='bbox 1051 2850 1150 2872; x_wconf 86' lang='lat' dir='ltr'>morus</span> <span class='ocrx_word' id='word_1_411' title='bbox 1181 2842 1328 2872; x_wconf 84' lang='lat' dir='ltr'>circularis</span> 
     </span>
     <span class='ocr_line' id='line_1_50' title="bbox 253 2883 1325 2921; baseline 0.001 -10"><span class='ocrx_word' id='word_1_412' title='bbox 253 2890 316 2912; x_wconf 67' lang='lat' dir='ltr'>ete</span> <span class='ocrx_word' id='word_1_413' title='bbox 336 2889 434 2913; x_wconf 83' lang='lat' dir='ltr'>motus</span> <span class='ocrx_word' id='word_1_414' title='bbox 454 2884 585 2921; x_wconf 84' lang='lat' dir='ltr'>simplex.</span> <span class='ocrx_word' id='word_1_415' title='bbox 600 2901 620 2906; x_wconf 98' lang='lat'>-</span> <span class='ocrx_word' id='word_1_416' title='bbox 642 2893 670 2921; x_wconf 90' lang='lat'>7.</span> <span class='ocrx_word' id='word_1_417' title='bbox 685 2883 840 2912; x_wconf 84' lang='lat' dir='ltr'>Distinctio</span> <span class='ocrx_word' id='word_1_418' title='bbox 862 2883 1039 2921; x_wconf 89' lang='lat' dir='ltr'>simplicium</span> <span class='ocrx_word' id='word_1_419' title='bbox 1059 2890 1205 2912; x_wconf 88' lang='lat' dir='ltr'>motuum.</span> <span class='ocrx_word' id='word_1_420' title='bbox 1219 2901 1240 2905; x_wconf 96' lang='lat'>—</span> <span class='ocrx_word' id='word_1_421' title='bbox 1258 2883 1325 2912; x_wconf 82' lang='lat' dir='ltr'>Alia</span> 
     </span>
     <span class='ocr_line' id='line_1_51' title="bbox 253 2923 1326 2962; baseline 0.002 -12"><span class='ocrx_word' id='word_1_422' title='bbox 253 2925 347 2951; x_wconf 70' lang='lat' dir='ltr'>teum</span> <span class='ocrx_word' id='word_1_423' title='bbox 366 2923 534 2954; x_wconf 82' lang='lat' dir='ltr'>subdivisio.</span> <span class='ocrx_word' id='word_1_424' title='bbox 543 2941 564 2947; x_wconf 85' lang='lat'>-</span> <span class='ocrx_word' id='word_1_425' title='bbox 577 2925 676 2953; x_wconf 84' lang='lat' dir='ltr'>Motus</span> <span class='ocrx_word' id='word_1_426' title='bbox 690 2924 837 2953; x_wconf 88' lang='lat' dir='ltr'>circularis</span> <span class='ocrx_word' id='word_1_427' title='bbox 858 2923 962 2953; x_wconf 90' lang='lat' dir='ltr'>dicitur</span> <span class='ocrx_word' id='word_1_428' title='bbox 982 2924 1033 2962; x_wconf 84' lang='lat' dir='ltr'>qui</span> <span class='ocrx_word' id='word_1_429' title='bbox 1046 2930 1089 2953; x_wconf 81' lang='lat' dir='ltr'>est</span> <span class='ocrx_word' id='word_1_430' title='bbox 1102 2925 1184 2953; x_wconf 87' lang='lat' dir='ltr'>circa</span> <span class='ocrx_word' id='word_1_431' title='bbox 1196 2924 1326 2952; x_wconf 82' lang='lat' dir='ltr'>medium</span> 
     </span>
    </p>
   </div>
   <div class='ocr_carea' id='block_1_13' title="bbox 255 3018 1330 3444">
    <p class='ocr_par' dir='ltr' id='par_1_23' title="bbox 255 3018 1330 3444">
     <span class='ocr_line' id='line_1_52' title="bbox 376 3018 1328 3069; baseline 0.002 -15"><span class='ocrx_word' id='word_1_432' title='bbox 376 3038 384 3051; x_wconf 51' lang='grc' dir='ltr'>η</span> <span class='ocrx_word' id='word_1_433' title='bbox 400 3038 409 3047; x_wconf 87' lang='lat'>.</span> <span class='ocrx_word' id='word_1_434' title='bbox 519 3025 696 3068; x_wconf 87' lang='lat' dir='ltr'>ostquam</span> <span class='ocrx_word' id='word_1_435' title='bbox 711 3018 969 3069; x_wconf 90' lang='lat' dir='ltr'>Philosophus</span> <span class='ocrx_word' id='word_1_436' title='bbox 989 3018 1154 3056; x_wconf 90' lang='lat' dir='ltr'>ostendit</span> <span class='ocrx_word' id='word_1_437' title='bbox 1171 3018 1328 3056; x_wconf 87' lang='lat' dir='ltr'>univer-</span> 
     </span>
     <span class='ocr_line' id='line_1_53' title="bbox 476 3071 1326 3122; baseline 0.005 -16"><span class='ocrx_word' id='word_1_438' title='bbox 476 3071 495 3078; x_wconf 77' lang='grc'>““</span> <span class='ocrx_word' id='word_1_439' title='bbox 521 3082 608 3108; x_wconf 89' lang='lat' dir='ltr'>sum</span> <span class='ocrx_word' id='word_1_440' title='bbox 636 3083 720 3109; x_wconf 85' lang='lat' dir='ltr'>esse</span> <span class='ocrx_word' id='word_1_441' title='bbox 746 3073 959 3122; x_wconf 87' lang='lat' dir='ltr'>perfectum</span> <span class='ocrx_word' id='word_1_442' title='bbox 989 3081 1025 3110; x_wconf 90' lang='lat' dir='ltr'>et</span> <span class='ocrx_word' id='word_1_443' title='bbox 1053 3072 1201 3110; x_wconf 88' lang='lat' dir='ltr'>ratione</span> <span class='ocrx_word' id='word_1_444' title='bbox 1235 3085 1326 3110; x_wconf 88' lang='lat' dir='ltr'>suae</span> 
     </span>
     <span class='ocr_line' id='line_1_54' title="bbox 497 3124 1328 3172; baseline 0.007 -13"><span class='ocrx_word' id='word_1_445' title='bbox 497 3124 781 3172; x_wconf 87' lang='lat' dir='ltr'>corporeitatis</span> <span class='ocrx_word' id='word_1_446' title='bbox 814 3134 852 3164; x_wconf 85' lang='lat' dir='ltr'>et</span> <span class='ocrx_word' id='word_1_447' title='bbox 878 3126 1025 3164; x_wconf 90' lang='lat' dir='ltr'>ratione</span> <span class='ocrx_word' id='word_1_448' title='bbox 1054 3139 1147 3164; x_wconf 87' lang='lat' dir='ltr'>suae</span> <span class='ocrx_word' id='word_1_449' title='bbox 1174 3126 1328 3164; x_wconf 89' lang='lat' dir='ltr'>univer-</span> 
     </span>
     <span class='ocr_line' id='line_1_55' title="bbox 407 3175 1324 3230; baseline 0.008 -19.307"><span class='ocrx_word' id='word_1_450' title='bbox 407 3203 413 3214; x_wconf 34' lang='lat'>.</span> <span class='ocrx_word' id='word_1_451' title='bbox 465 3176 487 3201; x_wconf 55' lang='grc' dir='ltr'>ἕν’</span> <span class='ocrx_word' id='word_1_452' title='bbox 522 3175 651 3224; x_wconf 82' lang='lat' dir='ltr'>sitatis,</span> <span class='ocrx_word' id='word_1_453' title='bbox 666 3177 729 3214; x_wconf 91' lang='lat' dir='ltr'>hic</span> <span class='ocrx_word' id='word_1_454' title='bbox 747 3179 912 3217; x_wconf 89' lang='lat' dir='ltr'>ostendit</span> <span class='ocrx_word' id='word_1_455' title='bbox 931 3193 977 3218; x_wconf 84' lang='lat' dir='ltr'>ex</span> <span class='ocrx_word' id='word_1_456' title='bbox 996 3180 1135 3230; x_wconf 91' lang='lat' dir='ltr'>quibus</span> <span class='ocrx_word' id='word_1_457' title='bbox 1153 3180 1324 3230; x_wconf 84' lang='lat' dir='ltr'>partibus</span> 
     </span>
     <span class='ocr_line' id='line_1_56' title="bbox 255 3227 1325 3283; baseline 0.007 -19"><span class='ocrx_word' id='word_1_458' title='bbox 255 3227 336 3265; x_wconf 91' lang='lat' dir='ltr'>eius</span> <span class='ocrx_word' id='word_1_459' title='bbox 363 3229 546 3277; x_wconf 88' lang='lat' dir='ltr'>perfectio</span> <span class='ocrx_word' id='word_1_460' title='bbox 575 3229 780 3278; x_wconf 89' lang='lat' dir='ltr'>integratur</span> <span class='ocrx_word' id='word_1_461' title='bbox 797 3237 826 3268; x_wconf 80' lang='lat'>“.</span> <span class='ocrx_word' id='word_1_462' title='bbox 852 3233 902 3270; x_wconf 94' lang='lat' dir='ltr'>Et</span> <span class='ocrx_word' id='word_1_463' title='bbox 924 3233 1051 3283; x_wconf 88' lang='lat' dir='ltr'>primo</span> <span class='ocrx_word' id='word_1_464' title='bbox 1071 3234 1160 3272; x_wconf 92' lang='lat' dir='ltr'>dicit</span> <span class='ocrx_word' id='word_1_465' title='bbox 1180 3234 1227 3272; x_wconf 93' lang='lat' dir='ltr'>de</span> <span class='ocrx_word' id='word_1_466' title='bbox 1247 3247 1325 3283; x_wconf 92' lang='lat' dir='ltr'>quo</span> 
     </span>
     <span class='ocr_line' id='line_1_57' title="bbox 255 3281 1324 3337; baseline 0.006 -18"><span class='ocrx_word' id='word_1_467' title='bbox 255 3289 312 3319; x_wconf 90' lang='lat' dir='ltr'>est</span> <span class='ocrx_word' id='word_1_468' title='bbox 338 3281 518 3329; x_wconf 83' lang='lat' dir='ltr'>intenti03</span> <span class='ocrx_word' id='word_1_469' title='bbox 553 3284 724 3321; x_wconf 89' lang='lat' dir='ltr'>secundo</span> <span class='ocrx_word' id='word_1_470' title='bbox 758 3286 923 3323; x_wconf 86' lang='lat' dir='ltr'>ostendit</span> <span class='ocrx_word' id='word_1_471' title='bbox 953 3288 1218 3337; x_wconf 86' lang='lat' dir='ltr'>propositum,</span> <span class='ocrx_word' id='word_1_472' title='bbox 1251 3287 1303 3325; x_wconf 92' lang='lat' dir='ltr'>ibi</span> <span class='ocrx_word' id='word_1_473' title='bbox 1311 3301 1324 3336; x_wconf 52' lang='lat'>⁴:</span> 
     </span>
     <span class='ocr_line' id='line_1_58' title="bbox 258 3335 1034 3386; baseline 0.006 -13"><span class='ocrx_word' id='word_1_474' title='bbox 258 3335 396 3373; x_wconf 87' lang='lat' dir='ltr'>Omnia</span> <span class='ocrx_word' id='word_1_475' title='bbox 424 3336 523 3374; x_wconf 88' lang='lat' dir='ltr'>enim</span> <span class='ocrx_word' id='word_1_476' title='bbox 547 3337 711 3386; x_wconf 81' lang='lat' dir='ltr'>physica</span> <span class='ocrx_word' id='word_1_477' title='bbox 739 3349 904 3386; x_wconf 84' lang='lat' dir='ltr'>corpora</span> <span class='ocrx_word' id='word_1_478' title='bbox 924 3340 944 3361; x_wconf 77' lang='lat'>*</span> <span class='ocrx_word' id='word_1_479' title='bbox 965 3348 1034 3378; x_wconf 90' lang='lat' dir='ltr'>etc.</span> 
     </span>
     <span class='ocr_line' id='line_1_59' title="bbox 308 3388 1330 3444; baseline 0.006 -17"><span class='ocrx_word' id='word_1_480' title='bbox 308 3388 420 3427; x_wconf 88' lang='lat' dir='ltr'>Circa</span> <span class='ocrx_word' id='word_1_481' title='bbox 446 3390 617 3440; x_wconf 91' lang='lat' dir='ltr'>primum</span> <span class='ocrx_word' id='word_1_482' title='bbox 647 3390 969 3430; x_wconf 85' lang='lat' dir='ltr'>considerandum</span> <span class='ocrx_word' id='word_1_483' title='bbox 997 3400 1053 3431; x_wconf 90' lang='lat' dir='ltr'>est</span> <span class='ocrx_word' id='word_1_484' title='bbox 1081 3395 1204 3444; x_wconf 88' lang='lat' dir='ltr'>quod,</span> <span class='ocrx_word' id='word_1_485' title='bbox 1234 3395 1330 3432; x_wconf 89' lang='lat' dir='ltr'>sicut</span> 
     </span>
    </p>
   </div>
   <div class='ocr_carea' id='block_1_14' title="bbox 304 3016 521 3224">
    <p class='ocr_par' dir='ltr' id='par_1_24' title="bbox 304 3016 521 3224">
     <span class='ocr_line' id='line_1_60' title="bbox 304 3016 521 3224; baseline 0 -130"><span class='ocrx_word' id='word_1_486' title='bbox 304 3016 521 3224; x_wconf 95' lang='lat' dir='ltr'>   </span> 
     </span>
    </p>
   </div>
   <div class='ocr_carea' id='block_1_15' title="bbox 242 3576 1326 3649">
    <p class='ocr_par' dir='ltr' id='par_1_25' title="bbox 242 3576 1326 3649">
     <span class='ocr_line' id='line_1_61' title="bbox 306 3576 1326 3614; baseline 0.004 -12"><span class='ocrx_word' id='word_1_487' title='bbox 306 3576 334 3612; x_wconf 85' lang='grc' dir='ltr'>α)</span> <span class='ocrx_word' id='word_1_488' title='bbox 354 3583 393 3602; x_wconf 79' lang='lat' dir='ltr'>ex</span> <span class='ocrx_word' id='word_1_489' title='bbox 410 3577 505 3610; x_wconf 75' lang='lat' dir='ltr'>quibus</span> <span class='ocrx_word' id='word_1_490' title='bbox 518 3578 645 3610; x_wconf 75' lang='lat' dir='ltr'>partibus</span> <span class='ocrx_word' id='word_1_491' title='bbox 664 3578 721 3604; x_wconf 78' lang='lat' dir='ltr'>eius</span> <span class='ocrx_word' id='word_1_492' title='bbox 734 3579 867 3613; x_wconf 74' lang='lat' dir='ltr'>perfectio</span> <span class='ocrx_word' id='word_1_493' title='bbox 893 3580 1054 3614; x_wconf 76' lang='lat' dir='ltr'>integratur.</span> <span class='ocrx_word' id='word_1_494' title='bbox 1067 3593 1086 3599; x_wconf 87' lang='lat'>·-</span> <span class='ocrx_word' id='word_1_495' title='bbox 1097 3587 1135 3605; x_wconf 83' lang='lat' dir='ltr'>ex</span> <span class='ocrx_word' id='word_1_496' title='bbox 1153 3580 1247 3613; x_wconf 80' lang='lat' dir='ltr'>quibus</span> <span class='ocrx_word' id='word_1_497' title='bbox 1260 3588 1326 3613; x_wconf 80' lang='lat' dir='ltr'>per-</span> 
     </span>
     <span class='ocr_line' id='line_1_62' title="bbox 242 3613 1326 3649; baseline 0.004 -12"><span class='ocrx_word' id='word_1_498' title='bbox 242 3613 331 3646; x_wconf 79' lang='lat' dir='ltr'>fectio</span> <span class='ocrx_word' id='word_1_499' title='bbox 350 3613 504 3647; x_wconf 82' lang='lat' dir='ltr'>integratur</span> <span class='ocrx_word' id='word_1_500' title='bbox 522 3614 598 3639; x_wconf 90' lang='lat' dir='ltr'>codd.</span> <span class='ocrx_word' id='word_1_501' title='bbox 618 3622 673 3640; x_wconf 88' lang='lat' dir='ltr'>exc.</span> <span class='ocrx_word' id='word_1_502' title='bbox 691 3615 760 3640; x_wconf 87' lang='lat' dir='ltr'>AsE.</span> <span class='ocrx_word' id='word_1_503' title='bbox 778 3629 799 3635; x_wconf 88' lang='lat'>—·</span> <span class='ocrx_word' id='word_1_504' title='bbox 817 3615 880 3641; x_wconf 89' lang='lat' dir='ltr'>Post</span> <span class='ocrx_word' id='word_1_505' title='bbox 899 3621 951 3641; x_wconf 91' lang='lat' dir='ltr'>tres</span> <span class='ocrx_word' id='word_1_506' title='bbox 971 3616 1052 3641; x_wconf 83' lang='lat' dir='ltr'>lineas</span> <span class='ocrx_word' id='word_1_507' title='bbox 1072 3624 1121 3649; x_wconf 89' lang='lat' dir='ltr'>pro</span> <span class='ocrx_word' id='word_1_508' title='bbox 1140 3616 1326 3641; x_wconf 69' lang='lat' dir='ltr'>dixeruntin-</span> 
     </span>
    </p>
   </div>
   <div class='ocr_carea' id='block_1_16' title="bbox 395 3665 752 3699">
    <p class='ocr_par' dir='ltr' id='par_1_26' title="bbox 395 3665 752 3699">
     <span class='ocr_line' id='line_1_63' title="bbox 395 3665 752 3699; baseline 0.003 -8"><span class='ocrx_word' id='word_1_509' title='bbox 395 3665 465 3699; x_wconf 89' lang='lat' dir='ltr'>Opp.</span> <span class='ocrx_word' id='word_1_510' title='bbox 484 3666 516 3691; x_wconf 91' lang='lat' dir='ltr'>D.</span> <span class='ocrx_word' id='word_1_511' title='bbox 531 3666 646 3692; x_wconf 67' lang='lat' dir='ltr'>Tamus</span> <span class='ocrx_word' id='word_1_512' title='bbox 665 3667 697 3692; x_wconf 87' lang='lat' dir='ltr'>T.</span> <span class='ocrx_word' id='word_1_513' title='bbox 712 3668 752 3693; x_wconf 88' lang='lat'>111.</span> 
     </span>
    </p>
   </div>
   <div class='ocr_carea' id='block_1_17' title="bbox 1387 878 2468 1368">
    <p class='ocr_par' dir='ltr' id='par_1_27' title="bbox 1455 878 2467 1053">
     <span class='ocr_line' id='line_1_64' title="bbox 1456 878 2467 918; baseline 0.004 -10"><span class='ocrx_word' id='word_1_514' title='bbox 1456 878 1635 908; x_wconf 91' lang='lat' dir='ltr'>secundum</span> <span class='ocrx_word' id='word_1_515' title='bbox 1650 879 1916 918; x_wconf 79' lang='lat' dir='ltr'>magnitudinem,</span> <span class='ocrx_word' id='word_1_516' title='bbox 1934 880 1999 911; x_wconf 91' lang='lat' dir='ltr'>sive</span> <span class='ocrx_word' id='word_1_517' title='bbox 2023 879 2152 912; x_wconf 89' lang='lat' dir='ltr'>finitum</span> <span class='ocrx_word' id='word_1_518' title='bbox 2170 881 2350 912; x_wconf 91' lang='lat' dir='ltr'>secundum</span> <span class='ocrx_word' id='word_1_519' title='bbox 2365 888 2467 913; x_wconf 84' lang='lat' dir='ltr'>totam</span> 
     </span>
     <span class='ocr_line' id='line_1_65' title="bbox 1455 922 2467 967; baseline 0.005 -15"><span class='ocrx_word' id='word_1_520' title='bbox 1455 922 1596 962; x_wconf 89' lang='lat' dir='ltr'>molem,</span> <span class='ocrx_word' id='word_1_521' title='bbox 1621 923 1780 964; x_wconf 88' lang='lat' dir='ltr'>posterius</span> <span class='ocrx_word' id='word_1_522' title='bbox 1804 923 2047 956; x_wconf 86' lang='lat' dir='ltr'>intendendum.</span> <span class='ocrx_word' id='word_1_523' title='bbox 2073 923 2088 940; x_wconf 80' lang='grc'><strong><em>*</em></strong></span> <span class='ocrx_word' id='word_1_524' title='bbox 2106 925 2155 956; x_wconf 90' lang='lat' dir='ltr'>De</span> <span class='ocrx_word' id='word_1_525' title='bbox 2178 925 2227 956; x_wconf 89' lang='lat' dir='ltr'>his</span> <span class='ocrx_word' id='word_1_526' title='bbox 2251 932 2360 957; x_wconf 86' lang='lat' dir='ltr'>autem</span> <span class='ocrx_word' id='word_1_527' title='bbox 2383 937 2467 967; x_wconf 84' lang='lat' dir='ltr'>quae</span> 
     </span>
     <span class='ocr_line' id='line_1_66' title="bbox 1455 967 2467 1011; baseline 0.004 -13"><span class='ocrx_word' id='word_1_528' title='bbox 1455 967 1634 998; x_wconf 89' lang='lat' dir='ltr'>secundum</span> <span class='ocrx_word' id='word_1_529' title='bbox 1653 968 1793 1009; x_wconf 90' lang='lat' dir='ltr'>speciem</span> <span class='ocrx_word' id='word_1_530' title='bbox 1809 969 1908 1010; x_wconf 90' lang='lat' dir='ltr'>ipsius</span> <span class='ocrx_word' id='word_1_531' title='bbox 1933 970 2084 1010; x_wconf 88' lang='lat' dir='ltr'>partibus,</span> <span class='ocrx_word' id='word_1_532' title='bbox 2102 980 2188 1001; x_wconf 91' lang='lat' dir='ltr'>nunc</span> <span class='ocrx_word' id='word_1_533' title='bbox 2208 969 2362 1010; x_wconf 84' lang='lat' dir='ltr'>dicamus,</span> <span class='ocrx_word' id='word_1_534' title='bbox 2382 971 2467 1011; x_wconf 91' lang='lat' dir='ltr'>prin-</span> 
     </span>
     <span class='ocr_line' id='line_1_67' title="bbox 1455 1012 1845 1053; baseline 0.008 -11"><span class='ocrx_word' id='word_1_535' title='bbox 1455 1012 1577 1053; x_wconf 89' lang='lat' dir='ltr'>cipium</span> <span class='ocrx_word' id='word_1_536' title='bbox 1601 1012 1749 1044; x_wconf 80' lang='lat' dir='ltr'>facientes</span> <span class='ocrx_word' id='word_1_537' title='bbox 1773 1013 1845 1045; x_wconf 87' lang='lat' dir='ltr'>hoc.</span> 
     </span>
    </p>

    <p class='ocr_par' dir='ltr' id='par_1_28' title="bbox 1387 1056 2468 1190">
     <span class='ocr_line' id='line_1_68' title="bbox 1387 1056 2468 1100; baseline 0.004 -13"><span class='ocrx_word' id='word_1_538' title='bbox 1387 1056 1508 1088; x_wconf 80' lang='lat' dir='ltr'>omnia</span> <span class='ocrx_word' id='word_1_539' title='bbox 1531 1057 1619 1088; x_wconf 90' lang='lat' dir='ltr'>enim</span> <span class='ocrx_word' id='word_1_540' title='bbox 1642 1057 1774 1099; x_wconf 85' lang='lat' dir='ltr'>physica</span> <span class='ocrx_word' id='word_1_541' title='bbox 1803 1068 1937 1099; x_wconf 88' lang='lat' dir='ltr'>corpora</span> <span class='ocrx_word' id='word_1_542' title='bbox 1961 1066 1991 1090; x_wconf 89' lang='lat' dir='ltr'>et</span> <span class='ocrx_word' id='word_1_543' title='bbox 2022 1059 2257 1100; x_wconf 83' lang='lat' dir='ltr'>magnitudines</span> <span class='ocrx_word' id='word_1_544' title='bbox 2288 1060 2468 1091; x_wconf 90' lang='lat' dir='ltr'>secundum</span> 
     </span>
     <span class='ocr_line' id='line_1_69' title="bbox 1455 1101 2467 1142; baseline 0.004 -10"><span class='ocrx_word' id='word_1_545' title='bbox 1455 1101 1559 1142; x_wconf 82' lang='lat' dir='ltr'>seipsa</span> <span class='ocrx_word' id='word_1_546' title='bbox 1581 1102 1715 1133; x_wconf 84' lang='lat' dir='ltr'>mobilia</span> <span class='ocrx_word' id='word_1_547' title='bbox 1730 1102 1867 1134; x_wconf 88' lang='lat' dir='ltr'>dicimus</span> <span class='ocrx_word' id='word_1_548' title='bbox 1881 1113 1948 1134; x_wconf 90' lang='lat' dir='ltr'>esse</span> <span class='ocrx_word' id='word_1_549' title='bbox 1973 1104 2150 1135; x_wconf 87' lang='lat' dir='ltr'>secundum</span> <span class='ocrx_word' id='word_1_550' title='bbox 2166 1105 2292 1136; x_wconf 90' lang='lat' dir='ltr'>locum:</span> <span class='ocrx_word' id='word_1_551' title='bbox 2319 1111 2467 1136; x_wconf 81' lang='lat' dir='ltr'>naturam</span> 
     </span>
     <span class='ocr_line' id='line_1_70' title="bbox 1450 1146 2303 1190; baseline 0.005 -14"><span class='ocrx_word' id='word_1_552' title='bbox 1450 1146 1537 1177; x_wconf 90' lang='lat' dir='ltr'>enim</span> <span class='ocrx_word' id='word_1_553' title='bbox 1561 1146 1756 1188; x_wconf 89' lang='lat' dir='ltr'>principium</span> <span class='ocrx_word' id='word_1_554' title='bbox 1779 1155 1887 1179; x_wconf 90' lang='lat' dir='ltr'>motus</span> <span class='ocrx_word' id='word_1_555' title='bbox 1912 1158 1978 1179; x_wconf 87' lang='lat' dir='ltr'>esse</span> <span class='ocrx_word' id='word_1_556' title='bbox 2002 1149 2138 1180; x_wconf 87' lang='lat' dir='ltr'>dicimus</span> <span class='ocrx_word' id='word_1_557' title='bbox 2161 1149 2194 1180; x_wconf 91' lang='lat' dir='ltr'>in</span> <span class='ocrx_word' id='word_1_558' title='bbox 2216 1149 2303 1190; x_wconf 90' lang='lat' dir='ltr'>ipsis.</span> 
     </span>
    </p>

    <p class='ocr_par' dir='ltr' id='par_1_29' title="bbox 1387 1190 2467 1368">
     <span class='ocr_line' id='line_1_71' title="bbox 1387 1190 2467 1236; baseline 0.004 -15"><span class='ocrx_word' id='word_1_559' title='bbox 1387 1190 1504 1222; x_wconf 89' lang='lat' dir='ltr'>Omnis</span> <span class='ocrx_word' id='word_1_560' title='bbox 1528 1198 1637 1222; x_wconf 84' lang='lat' dir='ltr'>autem</span> <span class='ocrx_word' id='word_1_561' title='bbox 1660 1199 1769 1223; x_wconf 90' lang='lat' dir='ltr'>motus</span> <span class='ocrx_word' id='word_1_562' title='bbox 1793 1194 1971 1224; x_wconf 91' lang='lat' dir='ltr'>secundum</span> <span class='ocrx_word' id='word_1_563' title='bbox 1986 1194 2107 1232; x_wconf 91' lang='lat' dir='ltr'>locum,</span> <span class='ocrx_word' id='word_1_564' title='bbox 2132 1204 2231 1236; x_wconf 89' lang='lat' dir='ltr'>quem</span> <span class='ocrx_word' id='word_1_565' title='bbox 2253 1204 2408 1225; x_wconf 86' lang='lat' dir='ltr'>vocamus</span> <span class='ocrx_word' id='word_1_566' title='bbox 2423 1194 2467 1224; x_wconf 90' lang='lat' dir='ltr'>la-</span> 
     </span>
     <span class='ocr_line' id='line_1_72' title="bbox 1454 1235 2421 1275; baseline 0.004 -9"><span class='ocrx_word' id='word_1_567' title='bbox 1454 1235 1588 1275; x_wconf 87' lang='lat' dir='ltr'>tionem,</span> <span class='ocrx_word' id='word_1_568' title='bbox 1613 1243 1669 1268; x_wconf 87' lang='lat' dir='ltr'>aut</span> <span class='ocrx_word' id='word_1_569' title='bbox 1692 1244 1795 1268; x_wconf 90' lang='lat' dir='ltr'>rectus</span> <span class='ocrx_word' id='word_1_570' title='bbox 1820 1245 1875 1269; x_wconf 85' lang='lat' dir='ltr'>aut</span> <span class='ocrx_word' id='word_1_571' title='bbox 1898 1238 2057 1269; x_wconf 89' lang='lat' dir='ltr'>circularis</span> <span class='ocrx_word' id='word_1_572' title='bbox 2081 1246 2136 1270; x_wconf 87' lang='lat' dir='ltr'>aut</span> <span class='ocrx_word' id='word_1_573' title='bbox 2159 1249 2195 1269; x_wconf 85' lang='lat' dir='ltr'>ex</span> <span class='ocrx_word' id='word_1_574' title='bbox 2219 1238 2421 1270; x_wconf 78' lang='lat' dir='ltr'>hismixtus.</span> 
     </span>
     <span class='ocr_line' id='line_1_73' title="bbox 1387 1280 2467 1325; baseline 0.003 -14"><span class='ocrx_word' id='word_1_575' title='bbox 1387 1280 1555 1321; x_wconf 90' lang='lat' dir='ltr'>Simplices</span> <span class='ocrx_word' id='word_1_576' title='bbox 1581 1281 1668 1312; x_wconf 86' lang='lat' dir='ltr'>enim</span> <span class='ocrx_word' id='word_1_577' title='bbox 1691 1281 1724 1312; x_wconf 88' lang='lat' dir='ltr'>hi</span> <span class='ocrx_word' id='word_1_578' title='bbox 1749 1283 1815 1313; x_wconf 93' lang='lat' dir='ltr'>duo</span> <span class='ocrx_word' id='word_1_579' title='bbox 1840 1283 1918 1314; x_wconf 86' lang='lat' dir='ltr'>soli:</span> <span class='ocrx_word' id='word_1_580' title='bbox 1944 1293 2038 1314; x_wconf 86' lang='lat' dir='ltr'>causa</span> <span class='ocrx_word' id='word_1_581' title='bbox 2062 1290 2185 1322; x_wconf 87' lang='lat' dir='ltr'>autem,</span> <span class='ocrx_word' id='word_1_582' title='bbox 2209 1283 2285 1325; x_wconf 89' lang='lat' dir='ltr'>quia</span> <span class='ocrx_word' id='word_1_583' title='bbox 2308 1283 2467 1324; x_wconf 86' lang='lat' dir='ltr'>magnitu-</span> 
     </span>
     <span class='ocr_line' id='line_1_74' title="bbox 1455 1325 2424 1368; baseline 0.003 -12"><span class='ocrx_word' id='word_1_584' title='bbox 1455 1325 1544 1357; x_wconf 90' lang='lat' dir='ltr'>dines</span> <span class='ocrx_word' id='word_1_585' title='bbox 1567 1326 1645 1357; x_wconf 80' lang='lat' dir='ltr'>istae</span> <span class='ocrx_word' id='word_1_586' title='bbox 1669 1326 1830 1368; x_wconf 90' lang='lat' dir='ltr'>simplices</span> <span class='ocrx_word' id='word_1_587' title='bbox 1853 1328 1962 1359; x_wconf 90' lang='lat' dir='ltr'>solum</span> <span class='ocrx_word' id='word_1_588' title='bbox 1985 1335 2069 1367; x_wconf 88' lang='lat' dir='ltr'>sunt,</span> <span class='ocrx_word' id='word_1_589' title='bbox 2094 1335 2178 1360; x_wconf 86' lang='lat' dir='ltr'>recta</span> <span class='ocrx_word' id='word_1_590' title='bbox 2202 1335 2232 1359; x_wconf 86' lang='lat' dir='ltr'>et</span> <span class='ocrx_word' id='word_1_591' title='bbox 2256 1328 2424 1359; x_wconf 85' lang='lat' dir='ltr'>circularis.</span> 
     </span>
    </p>
   </div>
   <div class='ocr_carea' id='block_1_18' title="bbox 1386 1416 2468 2220">
    <p class='ocr_par' dir='ltr' id='par_1_30' title="bbox 1388 1416 2270 1459">
     <span class='ocr_line' id='line_1_75' title="bbox 1388 1416 2270 1459; baseline 0 -11"><span class='ocrx_word' id='word_1_592' title='bbox 1388 1416 1562 1448; x_wconf 82' lang='lat' dir='ltr'>circulatio</span> <span class='ocrx_word' id='word_1_593' title='bbox 1587 1417 1719 1458; x_wconf 86' lang='lat' dir='ltr'>quidem</span> <span class='ocrx_word' id='word_1_594' title='bbox 1742 1417 1839 1458; x_wconf 88' lang='lat' dir='ltr'>igitur</span> <span class='ocrx_word' id='word_1_595' title='bbox 1862 1425 1908 1449; x_wconf 91' lang='lat' dir='ltr'>est</span> <span class='ocrx_word' id='word_1_596' title='bbox 1931 1418 1987 1459; x_wconf 94' lang='lat' dir='ltr'>qui</span> <span class='ocrx_word' id='word_1_597' title='bbox 2012 1418 2092 1448; x_wconf 85' lang='lat' dir='ltr'>circa</span> <span class='ocrx_word' id='word_1_598' title='bbox 2116 1418 2270 1449; x_wconf 89' lang='lat' dir='ltr'>medium.</span> 
     </span>
    </p>

    <p class='ocr_par' dir='ltr' id='par_1_31' title="bbox 1388 1461 2468 1583">
     <span class='ocr_line' id='line_1_76' title="bbox 1388 1461 2468 1503; baseline 0.003 -11"><span class='ocrx_word' id='word_1_599' title='bbox 1388 1462 1506 1493; x_wconf 88' lang='lat' dir='ltr'>Rectus</span> <span class='ocrx_word' id='word_1_600' title='bbox 1529 1468 1638 1492; x_wconf 83' lang='lat' dir='ltr'>autem</span> <span class='ocrx_word' id='word_1_601' title='bbox 1653 1461 1710 1503; x_wconf 87' lang='lat' dir='ltr'>qui</span> <span class='ocrx_word' id='word_1_602' title='bbox 1726 1472 1855 1493; x_wconf 89' lang='lat' dir='ltr'>sursum</span> <span class='ocrx_word' id='word_1_603' title='bbox 1879 1469 1909 1493; x_wconf 93' lang='lat' dir='ltr'>et</span> <span class='ocrx_word' id='word_1_604' title='bbox 1933 1463 2094 1493; x_wconf 89' lang='lat' dir='ltr'>deorsum.</span> <span class='ocrx_word' id='word_1_605' title='bbox 2111 1462 2193 1494; x_wconf 86' lang='lat' dir='ltr'>Dico</span> <span class='ocrx_word' id='word_1_606' title='bbox 2214 1470 2323 1494; x_wconf 83' lang='lat' dir='ltr'>autem</span> <span class='ocrx_word' id='word_1_607' title='bbox 2339 1472 2468 1495; x_wconf 88' lang='lat' dir='ltr'>sursum</span> 
     </span>
     <span class='ocr_line' id='line_1_77' title="bbox 1455 1505 2468 1550; baseline 0.002 -12"><span class='ocrx_word' id='word_1_608' title='bbox 1455 1506 1588 1548; x_wconf 86' lang='lat' dir='ltr'>quidem</span> <span class='ocrx_word' id='word_1_609' title='bbox 1619 1516 1695 1537; x_wconf 90' lang='lat' dir='ltr'>eum</span> <span class='ocrx_word' id='word_1_610' title='bbox 1718 1507 1774 1548; x_wconf 91' lang='lat' dir='ltr'>qui</span> <span class='ocrx_word' id='word_1_611' title='bbox 1798 1517 1817 1537; x_wconf 87' lang='lat' dir='ltr'>a</span> <span class='ocrx_word' id='word_1_612' title='bbox 1841 1507 1967 1538; x_wconf 89' lang='lat' dir='ltr'>medio:</span> <span class='ocrx_word' id='word_1_613' title='bbox 1993 1507 2145 1538; x_wconf 88' lang='lat' dir='ltr'>deorsum</span> <span class='ocrx_word' id='word_1_614' title='bbox 2176 1514 2284 1538; x_wconf 82' lang='lat' dir='ltr'>autem</span> <span class='ocrx_word' id='word_1_615' title='bbox 2308 1518 2383 1540; x_wconf 88' lang='lat' dir='ltr'>eum</span> <span class='ocrx_word' id='word_1_616' title='bbox 2412 1505 2468 1550; x_wconf 80' lang='lat' dir='ltr'>qui</span> 
     </span>
     <span class='ocr_line' id='line_1_78' title="bbox 1455 1550 1673 1583; baseline 0 -1"><span class='ocrx_word' id='word_1_617' title='bbox 1455 1551 1495 1582; x_wconf 86' lang='lat' dir='ltr'>ad</span> <span class='ocrx_word' id='word_1_618' title='bbox 1519 1550 1673 1583; x_wconf 84' lang='lat' dir='ltr'>medium.</span> 
     </span>
    </p>

    <p class='ocr_par' dir='ltr' id='par_1_32' title="bbox 1387 1594 2468 1717">
     <span class='ocr_line' id='line_1_79' title="bbox 1387 1594 2468 1637; baseline 0.004 -11"><span class='ocrx_word' id='word_1_619' title='bbox 1387 1594 1406 1613; x_wconf 60' lang='lat'>³</span> <span class='ocrx_word' id='word_1_620' title='bbox 1430 1595 1541 1637; x_wconf 83' lang='lat' dir='ltr'>Itaque</span> <span class='ocrx_word' id='word_1_621' title='bbox 1574 1606 1701 1627; x_wconf 86' lang='lat' dir='ltr'>necesse</span> <span class='ocrx_word' id='word_1_622' title='bbox 1735 1605 1868 1627; x_wconf 87' lang='lat' dir='ltr'>omnem</span> <span class='ocrx_word' id='word_1_623' title='bbox 1899 1606 1967 1627; x_wconf 88' lang='lat' dir='ltr'>esse</span> <span class='ocrx_word' id='word_1_624' title='bbox 1997 1596 2176 1637; x_wconf 87' lang='lat' dir='ltr'>simplicem</span> <span class='ocrx_word' id='word_1_625' title='bbox 2206 1597 2360 1629; x_wconf 81' lang='lat' dir='ltr'>lationem</span> <span class='ocrx_word' id='word_1_626' title='bbox 2387 1598 2468 1630; x_wconf 85' lang='lat' dir='ltr'>hanc</span> 
     </span>
     <span class='ocr_line' id='line_1_80' title="bbox 1455 1641 2468 1682; baseline 0.003 -10"><span class='ocrx_word' id='word_1_627' title='bbox 1455 1641 1588 1682; x_wconf 87' lang='lat' dir='ltr'>quidem</span> <span class='ocrx_word' id='word_1_628' title='bbox 1612 1651 1630 1671; x_wconf 84' lang='lat' dir='ltr'>a</span> <span class='ocrx_word' id='word_1_629' title='bbox 1644 1641 1764 1680; x_wconf 87' lang='lat' dir='ltr'>medio,</span> <span class='ocrx_word' id='word_1_630' title='bbox 1789 1641 1870 1672; x_wconf 90' lang='lat' dir='ltr'>hanc</span> <span class='ocrx_word' id='word_1_631' title='bbox 1894 1648 2002 1673; x_wconf 85' lang='lat' dir='ltr'>autem</span> <span class='ocrx_word' id='word_1_632' title='bbox 2026 1642 2066 1672; x_wconf 87' lang='lat' dir='ltr'>ad</span> <span class='ocrx_word' id='word_1_633' title='bbox 2083 1641 2238 1681; x_wconf 87' lang='lat' dir='ltr'>medium,</span> <span class='ocrx_word' id='word_1_634' title='bbox 2263 1642 2344 1674; x_wconf 83' lang='lat' dir='ltr'>hanc</span> <span class='ocrx_word' id='word_1_635' title='bbox 2360 1650 2468 1675; x_wconf 85' lang='lat' dir='ltr'>autem</span> 
     </span>
     <span class='ocr_line' id='line_1_81' title="bbox 1455 1685 1716 1717; baseline 0 0"><span class='ocrx_word' id='word_1_636' title='bbox 1455 1686 1536 1717; x_wconf 85' lang='lat' dir='ltr'>circa</span> <span class='ocrx_word' id='word_1_637' title='bbox 1559 1685 1716 1717; x_wconf 89' lang='lat' dir='ltr'>medium.</span> 
     </span>
    </p>

    <p class='ocr_par' dir='ltr' id='par_1_33' title="bbox 1387 1730 2467 1774">
     <span class='ocr_line' id='line_1_82' title="bbox 1387 1730 2467 1774; baseline 0.003 -13"><span class='ocrx_word' id='word_1_638' title='bbox 1387 1730 1428 1761; x_wconf 86' lang='lat' dir='ltr'>Et</span> <span class='ocrx_word' id='word_1_639' title='bbox 1451 1731 1576 1762; x_wconf 89' lang='lat' dir='ltr'>videtur</span> <span class='ocrx_word' id='word_1_640' title='bbox 1595 1730 1686 1772; x_wconf 90' lang='lat' dir='ltr'>sequi</span> <span class='ocrx_word' id='word_1_641' title='bbox 1710 1731 1889 1762; x_wconf 89' lang='lat' dir='ltr'>secundum</span> <span class='ocrx_word' id='word_1_642' title='bbox 1912 1730 2070 1762; x_wconf 85' lang='lat' dir='ltr'>rationem</span> <span class='ocrx_word' id='word_1_643' title='bbox 2087 1730 2149 1762; x_wconf 90' lang='lat' dir='ltr'>hoc</span> <span class='ocrx_word' id='word_1_644' title='bbox 2169 1731 2218 1762; x_wconf 89' lang='lat' dir='ltr'>his</span> <span class='ocrx_word' id='word_1_645' title='bbox 2235 1741 2317 1772; x_wconf 86' lang='lat' dir='ltr'>quae</span> <span class='ocrx_word' id='word_1_646' title='bbox 2341 1743 2360 1763; x_wconf 87' lang='lat' dir='ltr'>a</span> <span class='ocrx_word' id='word_1_647' title='bbox 2382 1733 2467 1774; x_wconf 90' lang='lat' dir='ltr'>prin-</span> 
     </span>
    </p>

    <p class='ocr_par' dir='ltr' id='par_1_34' title="bbox 1422 1775 2468 1861">
     <span class='ocr_line' id='line_1_83' title="bbox 1422 1775 2468 1817; baseline 0.003 -11"><span class='ocrx_word' id='word_1_648' title='bbox 1422 1778 1426 1780; x_wconf 74' lang='grc'>’</span> <span class='ocrx_word' id='word_1_649' title='bbox 1455 1775 1557 1817; x_wconf 88' lang='lat' dir='ltr'>cipio:</span> <span class='ocrx_word' id='word_1_650' title='bbox 1590 1775 1708 1806; x_wconf 89' lang='lat' dir='ltr'>etenim</span> <span class='ocrx_word' id='word_1_651' title='bbox 1739 1782 1770 1807; x_wconf 89' lang='lat' dir='ltr'>et</span> <span class='ocrx_word' id='word_1_652' title='bbox 1801 1785 1918 1816; x_wconf 90' lang='lat' dir='ltr'>corpus</span> <span class='ocrx_word' id='word_1_653' title='bbox 1949 1776 2127 1816; x_wconf 86' lang='lat' dir='ltr'>perfectum</span> <span class='ocrx_word' id='word_1_654' title='bbox 2159 1782 2205 1807; x_wconf 90' lang='lat' dir='ltr'>est</span> <span class='ocrx_word' id='word_1_655' title='bbox 2233 1776 2266 1807; x_wconf 92' lang='lat' dir='ltr'>in</span> <span class='ocrx_word' id='word_1_656' title='bbox 2298 1777 2398 1808; x_wconf 90' lang='lat' dir='ltr'>tribus</span> <span class='ocrx_word' id='word_1_657' title='bbox 2437 1784 2468 1810; x_wconf 89' lang='lat' dir='ltr'>et</span> 
     </span>
     <span class='ocr_line' id='line_1_84' title="bbox 1454 1820 1861 1861; baseline 0 -10"><span class='ocrx_word' id='word_1_658' title='bbox 1454 1827 1564 1852; x_wconf 88' lang='lat' dir='ltr'>motus</span> <span class='ocrx_word' id='word_1_659' title='bbox 1587 1820 1698 1861; x_wconf 88' lang='lat' dir='ltr'>ipsius.</span> <span class='ocrx_word' id='word_1_660' title='bbox 1847 1820 1861 1827; x_wconf 71' lang='grc'><em>“</em></span> 
     </span>
    </p>

    <p class='ocr_par' dir='ltr' id='par_1_35' title="bbox 1386 1865 2468 2220">
     <span class='ocr_line' id='line_1_85' title="bbox 1386 1865 2467 1908; baseline 0.002 -12"><span class='ocrx_word' id='word_1_661' title='bbox 1386 1865 1403 1884; x_wconf 95' lang='grc'>*</span> <span class='ocrx_word' id='word_1_662' title='bbox 1419 1865 1586 1904; x_wconf 88' lang='lat' dir='ltr'>Quoniam</span> <span class='ocrx_word' id='word_1_663' title='bbox 1609 1872 1717 1897; x_wconf 88' lang='lat' dir='ltr'>autem</span> <span class='ocrx_word' id='word_1_664' title='bbox 1742 1874 1917 1905; x_wconf 88' lang='lat' dir='ltr'>corporum</span> <span class='ocrx_word' id='word_1_665' title='bbox 1940 1865 2018 1896; x_wconf 84' lang='lat' dir='ltr'>haec</span> <span class='ocrx_word' id='word_1_666' title='bbox 2042 1865 2174 1906; x_wconf 90' lang='lat' dir='ltr'>quidem</span> <span class='ocrx_word' id='word_1_667' title='bbox 2198 1872 2273 1897; x_wconf 90' lang='lat' dir='ltr'>sunt</span> <span class='ocrx_word' id='word_1_668' title='bbox 2296 1866 2467 1908; x_wconf 82' lang='lat' dir='ltr'>simplicia,</span> 
     </span>
     <span class='ocr_line' id='line_1_86' title="bbox 1454 1908 2468 1953; baseline 0.001 -11"><span class='ocrx_word' id='word_1_669' title='bbox 1454 1911 1531 1942; x_wconf 85' lang='lat' dir='ltr'>haec</span> <span class='ocrx_word' id='word_1_670' title='bbox 1554 1917 1663 1942; x_wconf 87' lang='lat' dir='ltr'>autem</span> <span class='ocrx_word' id='word_1_671' title='bbox 1691 1910 1872 1950; x_wconf 83' lang='lat' dir='ltr'>composita</span> <span class='ocrx_word' id='word_1_672' title='bbox 1903 1920 1939 1940; x_wconf 86' lang='lat' dir='ltr'>ex</span> <span class='ocrx_word' id='word_1_673' title='bbox 1970 1910 2019 1941; x_wconf 89' lang='lat' dir='ltr'>his</span> <span class='ocrx_word' id='word_1_674' title='bbox 2050 1908 2145 1953; x_wconf 91' lang='lat' dir='ltr'>(dico</span> <span class='ocrx_word' id='word_1_675' title='bbox 2174 1917 2282 1942; x_wconf 87' lang='lat' dir='ltr'>autem</span> <span class='ocrx_word' id='word_1_676' title='bbox 2312 1911 2468 1953; x_wconf 83' lang='lat' dir='ltr'>simplicia</span> 
     </span>
     <span class='ocr_line' id='line_1_87' title="bbox 1453 1955 2468 1997; baseline 0.002 -11"><span class='ocrx_word' id='word_1_677' title='bbox 1453 1965 1678 1997; x_wconf 85' lang='lat' dir='ltr'>quaecumque</span> <span class='ocrx_word' id='word_1_678' title='bbox 1702 1962 1811 1986; x_wconf 89' lang='lat' dir='ltr'>motus</span> <span class='ocrx_word' id='word_1_679' title='bbox 1828 1955 2022 1996; x_wconf 90' lang='lat' dir='ltr'>principium</span> <span class='ocrx_word' id='word_1_680' title='bbox 2045 1955 2163 1986; x_wconf 90' lang='lat' dir='ltr'>habent</span> <span class='ocrx_word' id='word_1_681' title='bbox 2179 1956 2358 1987; x_wconf 90' lang='lat' dir='ltr'>secundum</span> <span class='ocrx_word' id='word_1_682' title='bbox 2377 1964 2468 1988; x_wconf 89' lang='lat' dir='ltr'>natu-</span> 
     </span>
     <span class='ocr_line' id='line_1_88' title="bbox 1452 1999 2468 2042; baseline 0.002 -12"><span class='ocrx_word' id='word_1_683' title='bbox 1452 2010 1534 2039; x_wconf 83' lang='lat' dir='ltr'>ram,</span> <span class='ocrx_word' id='word_1_684' title='bbox 1551 2007 1629 2041; x_wconf 89' lang='lat' dir='ltr'>puta</span> <span class='ocrx_word' id='word_1_685' title='bbox 1652 1999 1760 2040; x_wconf 85' lang='lat' dir='ltr'>ignem</span> <span class='ocrx_word' id='word_1_686' title='bbox 1776 2007 1806 2031; x_wconf 91' lang='lat' dir='ltr'>et</span> <span class='ocrx_word' id='word_1_687' title='bbox 1829 2007 1944 2030; x_wconf 84' lang='lat' dir='ltr'>terram</span> <span class='ocrx_word' id='word_1_688' title='bbox 1969 2006 1999 2031; x_wconf 92' lang='lat' dir='ltr'>et</span> <span class='ocrx_word' id='word_1_689' title='bbox 2015 1999 2133 2031; x_wconf 86' lang='lat' dir='ltr'>horum</span> <span class='ocrx_word' id='word_1_690' title='bbox 2150 2000 2270 2041; x_wconf 88' lang='lat' dir='ltr'>species</span> <span class='ocrx_word' id='word_1_691' title='bbox 2286 2008 2317 2032; x_wconf 91' lang='lat' dir='ltr'>et</span> <span class='ocrx_word' id='word_1_692' title='bbox 2333 2009 2468 2042; x_wconf 86' lang='lat' dir='ltr'>cognata</span> 
     </span>
     <span class='ocr_line' id='line_1_89' title="bbox 1453 2043 2466 2088; baseline 0.001 -12"><span class='ocrx_word' id='word_1_693' title='bbox 1453 2043 1540 2088; x_wconf 87' lang='lat' dir='ltr'>his),</span> <span class='ocrx_word' id='word_1_694' title='bbox 1566 2054 1693 2076; x_wconf 91' lang='lat' dir='ltr'>necesse</span> <span class='ocrx_word' id='word_1_695' title='bbox 1717 2052 1764 2076; x_wconf 88' lang='lat' dir='ltr'>est</span> <span class='ocrx_word' id='word_1_696' title='bbox 1780 2051 1811 2075; x_wconf 91' lang='lat' dir='ltr'>et</span> <span class='ocrx_word' id='word_1_697' title='bbox 1833 2051 1942 2075; x_wconf 89' lang='lat' dir='ltr'>motus</span> <span class='ocrx_word' id='word_1_698' title='bbox 1967 2055 2034 2075; x_wconf 90' lang='lat' dir='ltr'>esse</span> <span class='ocrx_word' id='word_1_699' title='bbox 2058 2044 2118 2075; x_wconf 90' lang='lat' dir='ltr'>hos</span> <span class='ocrx_word' id='word_1_700' title='bbox 2142 2045 2274 2086; x_wconf 89' lang='lat' dir='ltr'>quidem</span> <span class='ocrx_word' id='word_1_701' title='bbox 2296 2046 2466 2087; x_wconf 89' lang='lat' dir='ltr'>simplices,</span> 
     </span>
     <span class='ocr_line' id='line_1_90' title="bbox 1451 2089 2468 2132; baseline 0.002 -12"><span class='ocrx_word' id='word_1_702' title='bbox 1451 2089 1512 2120; x_wconf 90' lang='lat' dir='ltr'>hos</span> <span class='ocrx_word' id='word_1_703' title='bbox 1537 2097 1645 2121; x_wconf 89' lang='lat' dir='ltr'>autem</span> <span class='ocrx_word' id='word_1_704' title='bbox 1669 2089 1786 2120; x_wconf 87' lang='lat' dir='ltr'>mixtos</span> <span class='ocrx_word' id='word_1_705' title='bbox 1811 2089 2002 2131; x_wconf 80' lang='lat' dir='ltr'>aliqualiter:</span> <span class='ocrx_word' id='word_1_706' title='bbox 2028 2089 2222 2130; x_wconf 89' lang='lat' dir='ltr'>simplicium</span> <span class='ocrx_word' id='word_1_707' title='bbox 2243 2091 2374 2132; x_wconf 90' lang='lat' dir='ltr'>quidem</span> <span class='ocrx_word' id='word_1_708' title='bbox 2391 2091 2468 2122; x_wconf 91' lang='lat' dir='ltr'>sim-</span> 
     </span>
     <span class='ocr_line' id='line_1_91' title="bbox 1452 2134 2468 2175; baseline 0.001 -9"><span class='ocrx_word' id='word_1_709' title='bbox 1452 2134 1562 2175; x_wconf 90' lang='lat' dir='ltr'>plices,</span> <span class='ocrx_word' id='word_1_710' title='bbox 1586 2135 1703 2165; x_wconf 88' lang='lat' dir='ltr'>mixtos</span> <span class='ocrx_word' id='word_1_711' title='bbox 1726 2141 1835 2165; x_wconf 87' lang='lat' dir='ltr'>autem</span> <span class='ocrx_word' id='word_1_712' title='bbox 1857 2134 2125 2175; x_wconf 87' lang='lat' dir='ltr'>compositorum,</span> <span class='ocrx_word' id='word_1_713' title='bbox 2147 2135 2270 2166; x_wconf 89' lang='lat' dir='ltr'>moveri</span> <span class='ocrx_word' id='word_1_714' title='bbox 2293 2143 2400 2167; x_wconf 88' lang='lat' dir='ltr'>autem</span> <span class='ocrx_word' id='word_1_715' title='bbox 2421 2146 2468 2166; x_wconf 90' lang='lat' dir='ltr'>se-</span> 
     </span>
     <span class='ocr_line' id='line_1_92' title="bbox 1453 2179 1877 2220; baseline 0 -10"><span class='ocrx_word' id='word_1_716' title='bbox 1453 2179 1598 2211; x_wconf 89' lang='lat' dir='ltr'>cundum</span> <span class='ocrx_word' id='word_1_717' title='bbox 1620 2179 1877 2220; x_wconf 86' lang='lat' dir='ltr'>praedominans.</span> 
     </span>
    </p>
   </div>
   <div class='ocr_carea' id='block_1_19' title="bbox 1382 2274 2468 2961">
    <p class='ocr_par' dir='ltr' id='par_1_36' title="bbox 1382 2274 2468 2961">
     <span class='ocr_line' id='line_1_93' title="bbox 1385 2274 2467 2314; baseline 0 -9"><span class='ocrx_word' id='word_1_718' title='bbox 1385 2277 1495 2306; x_wconf 81' lang='lat' dir='ltr'>mundi.</span> <span class='ocrx_word' id='word_1_719' title='bbox 1511 2294 1530 2299; x_wconf 92' lang='lat'><em>-</em></span> <span class='ocrx_word' id='word_1_720' title='bbox 1545 2276 1673 2306; x_wconf 89' lang='lat' dir='ltr'>Solvitur</span> <span class='ocrx_word' id='word_1_721' title='bbox 1701 2274 1858 2306; x_wconf 88' lang='lat' dir='ltr'>difficultas</span> <span class='ocrx_word' id='word_1_722' title='bbox 1888 2286 1923 2305; x_wconf 85' lang='lat' dir='ltr'>ex</span> <span class='ocrx_word' id='word_1_723' title='bbox 1951 2283 2035 2306; x_wconf 90' lang='lat' dir='ltr'>motu</span> <span class='ocrx_word' id='word_1_724' title='bbox 2064 2277 2246 2314; x_wconf 87' lang='lat' dir='ltr'>planetarum</span> <span class='ocrx_word' id='word_1_725' title='bbox 2259 2299 2267 2313; x_wconf 87' lang='lat'>,</span> <span class='ocrx_word' id='word_1_726' title='bbox 2290 2276 2340 2314; x_wconf 93' lang='lat' dir='ltr'>qui</span> <span class='ocrx_word' id='word_1_727' title='bbox 2362 2277 2467 2306; x_wconf 88' lang='lat' dir='ltr'>dicitur</span> 
     </span>
     <span class='ocr_line' id='line_1_94' title="bbox 1385 2317 2468 2356; baseline -0.001 -10"><span class='ocrx_word' id='word_1_728' title='bbox 1385 2326 1448 2346; x_wconf 90' lang='lat' dir='ltr'>esse</span> <span class='ocrx_word' id='word_1_729' title='bbox 1470 2317 1500 2345; x_wconf 90' lang='lat' dir='ltr'>in</span> <span class='ocrx_word' id='word_1_730' title='bbox 1522 2317 1701 2346; x_wconf 82' lang='lat' dir='ltr'>excentricis</span> <span class='ocrx_word' id='word_1_731' title='bbox 1721 2323 1750 2345; x_wconf 93' lang='lat' dir='ltr'>et</span> <span class='ocrx_word' id='word_1_732' title='bbox 1771 2317 1924 2356; x_wconf 80' lang='lat' dir='ltr'>epicyclis.</span> <span class='ocrx_word' id='word_1_733' title='bbox 1947 2334 1966 2339; x_wconf 52' lang='grc' dir='ltr'>ψ</span> <span class='ocrx_word' id='word_1_734' title='bbox 1988 2318 2015 2346; x_wconf 90' lang='grc'>8.</span> <span class='ocrx_word' id='word_1_735' title='bbox 2038 2318 2136 2346; x_wconf 89' lang='lat' dir='ltr'>Motus</span> <span class='ocrx_word' id='word_1_736' title='bbox 2158 2323 2253 2346; x_wconf 89' lang='lat' dir='ltr'>rectus</span> <span class='ocrx_word' id='word_1_737' title='bbox 2282 2317 2468 2355; x_wconf 88' lang='lat' dir='ltr'>distinguitur</span> 
     </span>
     <span class='ocr_line' id='line_1_95' title="bbox 1385 2357 2465 2395; baseline -0.001 -9"><span class='ocrx_word' id='word_1_738' title='bbox 1385 2357 1415 2386; x_wconf 92' lang='lat' dir='ltr'>in</span> <span class='ocrx_word' id='word_1_739' title='bbox 1436 2367 1504 2386; x_wconf 90' lang='lat' dir='ltr'>eum</span> <span class='ocrx_word' id='word_1_740' title='bbox 1526 2357 1577 2395; x_wconf 90' lang='lat' dir='ltr'>qui</span> <span class='ocrx_word' id='word_1_741' title='bbox 1599 2364 1642 2386; x_wconf 91' lang='lat' dir='ltr'>est</span> <span class='ocrx_word' id='word_1_742' title='bbox 1663 2367 1800 2392; x_wconf 78' lang='lat' dir='ltr'>sursum,</span> <span class='ocrx_word' id='word_1_743' title='bbox 1829 2357 1887 2386; x_wconf 89' lang='lat' dir='ltr'>hoc</span> <span class='ocrx_word' id='word_1_744' title='bbox 1908 2363 1950 2386; x_wconf 90' lang='lat' dir='ltr'>est</span> <span class='ocrx_word' id='word_1_745' title='bbox 1978 2366 1995 2385; x_wconf 91' lang='lat' dir='ltr'>a</span> <span class='ocrx_word' id='word_1_746' title='bbox 2023 2364 2124 2386; x_wconf 89' lang='lat' dir='ltr'>centro</span> <span class='ocrx_word' id='word_1_747' title='bbox 2147 2357 2265 2393; x_wconf 90' lang='lat' dir='ltr'>mundi,</span> <span class='ocrx_word' id='word_1_748' title='bbox 2296 2364 2325 2386; x_wconf 91' lang='lat' dir='ltr'>et</span> <span class='ocrx_word' id='word_1_749' title='bbox 2345 2357 2376 2385; x_wconf 94' lang='lat' dir='ltr'>in</span> <span class='ocrx_word' id='word_1_750' title='bbox 2398 2367 2465 2386; x_wconf 91' lang='lat' dir='ltr'>eum</span> 
     </span>
     <span class='ocr_line' id='line_1_96' title="bbox 1384 2397 2465 2435; baseline 0 -9"><span class='ocrx_word' id='word_1_751' title='bbox 1384 2398 1435 2435; x_wconf 92' lang='lat' dir='ltr'>qui</span> <span class='ocrx_word' id='word_1_752' title='bbox 1455 2405 1499 2426; x_wconf 90' lang='lat' dir='ltr'>est</span> <span class='ocrx_word' id='word_1_753' title='bbox 1519 2398 1675 2432; x_wconf 80' lang='lat' dir='ltr'>deorsum,</span> <span class='ocrx_word' id='word_1_754' title='bbox 1697 2398 1754 2426; x_wconf 91' lang='lat' dir='ltr'>hoc</span> <span class='ocrx_word' id='word_1_755' title='bbox 1775 2404 1818 2426; x_wconf 88' lang='lat' dir='ltr'>est</span> <span class='ocrx_word' id='word_1_756' title='bbox 1838 2398 1877 2426; x_wconf 87' lang='lat' dir='ltr'>ad</span> <span class='ocrx_word' id='word_1_757' title='bbox 1898 2404 2039 2426; x_wconf 89' lang='lat' dir='ltr'>centrum.</span> <span class='ocrx_word' id='word_1_758' title='bbox 2056 2415 2076 2420; x_wconf 86' lang='lat'>-</span> <span class='ocrx_word' id='word_1_759' title='bbox 2097 2407 2124 2434; x_wconf 90' lang='lat'>9.</span> <span class='ocrx_word' id='word_1_760' title='bbox 2147 2397 2340 2427; x_wconf 91' lang='lat' dir='ltr'>Concluditur</span> <span class='ocrx_word' id='word_1_761' title='bbox 2360 2407 2465 2427; x_wconf 90' lang='lat' dir='ltr'>nume-</span> 
     </span>
     <span class='ocr_line' id='line_1_97' title="bbox 1383 2438 2466 2475; baseline 0 -9"><span class='ocrx_word' id='word_1_762' title='bbox 1383 2448 1433 2467; x_wconf 87' lang='lat' dir='ltr'>rus</span> <span class='ocrx_word' id='word_1_763' title='bbox 1454 2438 1630 2475; x_wconf 89' lang='lat' dir='ltr'>simplicium</span> <span class='ocrx_word' id='word_1_764' title='bbox 1652 2445 1805 2467; x_wconf 86' lang='lat' dir='ltr'>motuum:</span> <span class='ocrx_word' id='word_1_765' title='bbox 1827 2448 1845 2466; x_wconf 86' lang='lat' dir='ltr'>a</span> <span class='ocrx_word' id='word_1_766' title='bbox 1867 2438 1963 2467; x_wconf 82' lang='lat' dir='ltr'>medio</span> <span class='ocrx_word' id='word_1_767' title='bbox 1985 2447 2101 2475; x_wconf 87' lang='lat' dir='ltr'>nempe,</span> <span class='ocrx_word' id='word_1_768' title='bbox 2123 2438 2162 2466; x_wconf 81' lang='lat' dir='ltr'>ad</span> <span class='ocrx_word' id='word_1_769' title='bbox 2183 2439 2321 2472; x_wconf 82' lang='lat' dir='ltr'>medium,</span> <span class='ocrx_word' id='word_1_770' title='bbox 2341 2445 2369 2467; x_wconf 91' lang='lat' dir='ltr'>et</span> <span class='ocrx_word' id='word_1_771' title='bbox 2384 2438 2466 2467; x_wconf 82' lang='lat' dir='ltr'>circa</span> 
     </span>
     <span class='ocr_line' id='line_1_98' title="bbox 1383 2478 2465 2516; baseline 0 -9"><span class='ocrx_word' id='word_1_772' title='bbox 1383 2479 1521 2507; x_wconf 83' lang='lat' dir='ltr'>medium.</span> <span class='ocrx_word' id='word_1_773' title='bbox 1544 2496 1563 2500; x_wconf 96' lang='lat'><em>-</em></span> <span class='ocrx_word' id='word_1_774' title='bbox 1589 2487 1632 2507; x_wconf 88' lang='lat'>10.</span> <span class='ocrx_word' id='word_1_775' title='bbox 1656 2479 1722 2507; x_wconf 88' lang='lat' dir='ltr'>Hoc</span> <span class='ocrx_word' id='word_1_776' title='bbox 1747 2485 1846 2507; x_wconf 84' lang='lat' dir='ltr'>autern</span> <span class='ocrx_word' id='word_1_777' title='bbox 1876 2479 1958 2516; x_wconf 90' lang='lat' dir='ltr'>quod</span> <span class='ocrx_word' id='word_1_778' title='bbox 1987 2478 2092 2507; x_wconf 87' lang='lat' dir='ltr'>dicitur</span> <span class='ocrx_word' id='word_1_779' title='bbox 2120 2478 2156 2507; x_wconf 91' lang='lat' dir='ltr'>de</span> <span class='ocrx_word' id='word_1_780' title='bbox 2185 2488 2309 2507; x_wconf 87' lang='lat' dir='ltr'>numero</span> <span class='ocrx_word' id='word_1_781' title='bbox 2337 2478 2465 2507; x_wconf 90' lang='lat' dir='ltr'>ternario</span> 
     </span>
     <span class='ocr_line' id='line_1_99' title="bbox 1383 2518 2466 2556; baseline 0 -9"><span class='ocrx_word' id='word_1_782' title='bbox 1383 2518 1558 2556; x_wconf 88' lang='lat' dir='ltr'>simplicium</span> <span class='ocrx_word' id='word_1_783' title='bbox 1581 2525 1732 2554; x_wconf 89' lang='lat' dir='ltr'>motuum,</span> <span class='ocrx_word' id='word_1_784' title='bbox 1755 2518 1889 2556; x_wconf 88' lang='lat' dir='ltr'>congruit</span> <span class='ocrx_word' id='word_1_785' title='bbox 1910 2528 1978 2547; x_wconf 90' lang='lat' dir='ltr'>cum</span> <span class='ocrx_word' id='word_1_786' title='bbox 2000 2518 2044 2547; x_wconf 87' lang='lat' dir='ltr'>his</span> <span class='ocrx_word' id='word_1_787' title='bbox 2060 2528 2135 2556; x_wconf 90' lang='lat' dir='ltr'>quae</span> <span class='ocrx_word' id='word_1_788' title='bbox 2155 2518 2185 2547; x_wconf 91' lang='lat' dir='ltr'>in</span> <span class='ocrx_word' id='word_1_789' title='bbox 2200 2518 2264 2547; x_wconf 91' lang='lat' dir='ltr'>lect.</span> <span class='ocrx_word' id='word_1_790' title='bbox 2280 2518 2466 2556; x_wconf 88' lang='lat' dir='ltr'>praecedenti</span> 
     </span>
     <span class='ocr_line' id='line_1_100' title="bbox 1384 2558 2467 2596; baseline -0.001 -8"><span class='ocrx_word' id='word_1_791' title='bbox 1384 2559 1460 2588; x_wconf 85' lang='lat' dir='ltr'>dicta</span> <span class='ocrx_word' id='word_1_792' title='bbox 1481 2565 1550 2588; x_wconf 88' lang='lat' dir='ltr'>sunt</span> <span class='ocrx_word' id='word_1_793' title='bbox 1570 2560 1607 2588; x_wconf 91' lang='lat' dir='ltr'>de</span> <span class='ocrx_word' id='word_1_794' title='bbox 1627 2558 1805 2596; x_wconf 81' lang='lat' dir='ltr'>perfectione</span> <span class='ocrx_word' id='word_1_795' title='bbox 1833 2559 1975 2596; x_wconf 88' lang='lat' dir='ltr'>corporis.</span> <span class='ocrx_word' id='word_1_796' title='bbox 1998 2575 2018 2581; x_wconf 87' lang='lat'><em>-</em></span> <span class='ocrx_word' id='word_1_797' title='bbox 2042 2569 2086 2588; x_wconf 84' lang='lat'>11.</span> <span class='ocrx_word' id='word_1_798' title='bbox 2109 2560 2199 2587; x_wconf 87' lang='lat' dir='ltr'>Actus</span> <span class='ocrx_word' id='word_1_799' title='bbox 2225 2559 2467 2596; x_wconf 88' lang='lat' dir='ltr'>proportionatur</span> 
     </span>
     <span class='ocr_line' id='line_1_101' title="bbox 1383 2599 2466 2637; baseline 0 -9"><span class='ocrx_word' id='word_1_800' title='bbox 1383 2599 1569 2637; x_wconf 86' lang='lat' dir='ltr'>perfectibili:</span> <span class='ocrx_word' id='word_1_801' title='bbox 1592 2609 1662 2637; x_wconf 87' lang='lat' dir='ltr'>ergo</span> <span class='ocrx_word' id='word_1_802' title='bbox 1677 2606 1802 2634; x_wconf 88' lang='lat' dir='ltr'>motum,</span> <span class='ocrx_word' id='word_1_803' title='bbox 1822 2599 1873 2637; x_wconf 87' lang='lat' dir='ltr'>qui</span> <span class='ocrx_word' id='word_1_804' title='bbox 1894 2605 1938 2628; x_wconf 89' lang='lat' dir='ltr'>est</span> <span class='ocrx_word' id='word_1_805' title='bbox 1957 2606 2039 2628; x_wconf 85' lang='lat' dir='ltr'>actus</span> <span class='ocrx_word' id='word_1_806' title='bbox 2061 2599 2187 2634; x_wconf 92' lang='lat' dir='ltr'>mobilis,</span> <span class='ocrx_word' id='word_1_807' title='bbox 2211 2606 2327 2636; x_wconf 89' lang='lat' dir='ltr'>oportet</span> <span class='ocrx_word' id='word_1_808' title='bbox 2341 2609 2466 2636; x_wconf 89' lang='lat' dir='ltr'>propor-</span> 
     </span>
     <span class='ocr_line' id='line_1_102' title="bbox 1383 2639 2466 2678; baseline -0.001 -9"><span class='ocrx_word' id='word_1_809' title='bbox 1383 2640 1490 2669; x_wconf 88' lang='lat' dir='ltr'>tionari</span> <span class='ocrx_word' id='word_1_810' title='bbox 1511 2640 1684 2678; x_wconf 87' lang='lat' dir='ltr'>corporibus</span> <span class='ocrx_word' id='word_1_811' title='bbox 1706 2639 1873 2669; x_wconf 90' lang='lat' dir='ltr'>mobilibus.</span> <span class='ocrx_word' id='word_1_812' title='bbox 1900 2640 2068 2677; x_wconf 89' lang='lat' dir='ltr'>Corporum</span> <span class='ocrx_word' id='word_1_813' title='bbox 2096 2646 2195 2668; x_wconf 89' lang='lat' dir='ltr'>autem</span> <span class='ocrx_word' id='word_1_814' title='bbox 2224 2640 2370 2677; x_wconf 87' lang='lat' dir='ltr'>quaedam</span> <span class='ocrx_word' id='word_1_815' title='bbox 2398 2646 2466 2668; x_wconf 90' lang='lat' dir='ltr'>sunt</span> 
     </span>
     <span class='ocr_line' id='line_1_103' title="bbox 1383 2679 2466 2718; baseline -0.002 -8"><span class='ocrx_word' id='word_1_816' title='bbox 1383 2680 1543 2718; x_wconf 84' lang='lat' dir='ltr'>simplicia,</span> <span class='ocrx_word' id='word_1_817' title='bbox 1574 2690 1650 2718; x_wconf 85' lang='lat' dir='ltr'>quae</span> <span class='ocrx_word' id='word_1_818' title='bbox 1681 2681 1790 2709; x_wconf 80' lang='lat' dir='ltr'>habent</span> <span class='ocrx_word' id='word_1_819' title='bbox 1818 2679 1849 2708; x_wconf 91' lang='lat' dir='ltr'>in</span> <span class='ocrx_word' id='word_1_820' title='bbox 1877 2679 1979 2717; x_wconf 89' lang='lat' dir='ltr'>seipsis</span> <span class='ocrx_word' id='word_1_821' title='bbox 2013 2679 2189 2717; x_wconf 87' lang='lat' dir='ltr'>principium</span> <span class='ocrx_word' id='word_1_822' title='bbox 2218 2680 2339 2709; x_wconf 91' lang='lat' dir='ltr'>alicuius</span> <span class='ocrx_word' id='word_1_823' title='bbox 2367 2686 2466 2709; x_wconf 89' lang='lat' dir='ltr'>motus</span> 
     </span>
     <span class='ocr_line' id='line_1_104' title="bbox 1383 2720 2466 2759; baseline -0.001 -9"><span class='ocrx_word' id='word_1_824' title='bbox 1383 2721 1540 2757; x_wconf 87' lang='lat' dir='ltr'>naturalis;</span> <span class='ocrx_word' id='word_1_825' title='bbox 1562 2722 1708 2759; x_wconf 79' lang='lat' dir='ltr'>quaedam</span> <span class='ocrx_word' id='word_1_826' title='bbox 1729 2730 1800 2750; x_wconf 90' lang='lat' dir='ltr'>vero</span> <span class='ocrx_word' id='word_1_827' title='bbox 1821 2720 1924 2757; x_wconf 82' lang='lat' dir='ltr'>mixta,</span> <span class='ocrx_word' id='word_1_828' title='bbox 1947 2729 2023 2758; x_wconf 85' lang='lat' dir='ltr'>quae</span> <span class='ocrx_word' id='word_1_829' title='bbox 2044 2730 2106 2749; x_wconf 92' lang='lat' dir='ltr'>non</span> <span class='ocrx_word' id='word_1_830' title='bbox 2126 2721 2236 2749; x_wconf 90' lang='lat' dir='ltr'>habent</span> <span class='ocrx_word' id='word_1_831' title='bbox 2257 2720 2287 2749; x_wconf 91' lang='lat' dir='ltr'>in</span> <span class='ocrx_word' id='word_1_832' title='bbox 2308 2729 2340 2749; x_wconf 91' lang='lat' dir='ltr'>se</span> <span class='ocrx_word' id='word_1_833' title='bbox 2361 2730 2466 2749; x_wconf 88' lang='lat' dir='ltr'>secun-</span> 
     </span>
     <span class='ocr_line' id='line_1_105' title="bbox 1383 2760 2466 2799; baseline -0.001 -9"><span class='ocrx_word' id='word_1_834' title='bbox 1383 2763 1455 2791; x_wconf 91' lang='lat' dir='ltr'>dum</span> <span class='ocrx_word' id='word_1_835' title='bbox 1477 2771 1560 2790; x_wconf 90' lang='lat' dir='ltr'>suam</span> <span class='ocrx_word' id='word_1_836' title='bbox 1581 2761 1733 2799; x_wconf 84' lang='lat' dir='ltr'>propriam</span> <span class='ocrx_word' id='word_1_837' title='bbox 1754 2768 1890 2790; x_wconf 90' lang='lat' dir='ltr'>naturam</span> <span class='ocrx_word' id='word_1_838' title='bbox 1912 2761 2087 2798; x_wconf 89' lang='lat' dir='ltr'>principium</span> <span class='ocrx_word' id='word_1_839' title='bbox 2102 2761 2223 2790; x_wconf 83' lang='lat' dir='ltr'>alicuius</span> <span class='ocrx_word' id='word_1_840' title='bbox 2238 2767 2336 2790; x_wconf 90' lang='lat' dir='ltr'>motus</span> <span class='ocrx_word' id='word_1_841' title='bbox 2355 2760 2466 2798; x_wconf 84' lang='lat' dir='ltr'>simpli-</span> 
     </span>
     <span class='ocr_line' id='line_1_106' title="bbox 1383 2801 2464 2839; baseline -0.002 -8"><span class='ocrx_word' id='word_1_842' title='bbox 1383 2802 1433 2831; x_wconf 91' lang='lat' dir='ltr'>cis.</span> <span class='ocrx_word' id='word_1_843' title='bbox 1448 2803 1533 2831; x_wconf 91' lang='lat' dir='ltr'>Unde</span> <span class='ocrx_word' id='word_1_844' title='bbox 1548 2808 1576 2831; x_wconf 90' lang='lat' dir='ltr'>et</span> <span class='ocrx_word' id='word_1_845' title='bbox 1590 2811 1625 2831; x_wconf 89' lang='lat' dir='ltr'>ex</span> <span class='ocrx_word' id='word_1_846' title='bbox 1638 2803 1696 2830; x_wconf 90' lang='lat' dir='ltr'>hoc</span> <span class='ocrx_word' id='word_1_847' title='bbox 1708 2801 1893 2831; x_wconf 90' lang='lat' dir='ltr'>concluditur</span> <span class='ocrx_word' id='word_1_848' title='bbox 1907 2808 2042 2830; x_wconf 90' lang='lat' dir='ltr'>motuum</span> <span class='ocrx_word' id='word_1_849' title='bbox 2061 2802 2206 2839; x_wconf 85' lang='lat' dir='ltr'>quosdam</span> <span class='ocrx_word' id='word_1_850' title='bbox 2225 2811 2286 2830; x_wconf 90' lang='lat' dir='ltr'>esse</span> <span class='ocrx_word' id='word_1_851' title='bbox 2309 2801 2464 2838; x_wconf 89' lang='lat' dir='ltr'>simplices,</span> 
     </span>
     <span class='ocr_line' id='line_1_107' title="bbox 1383 2841 2464 2881; baseline -0.003 -9"><span class='ocrx_word' id='word_1_852' title='bbox 1383 2843 1530 2881; x_wconf 84' lang='lat' dir='ltr'>quosdam</span> <span class='ocrx_word' id='word_1_853' title='bbox 1551 2849 1650 2871; x_wconf 84' lang='lat' dir='ltr'>autem</span> <span class='ocrx_word' id='word_1_854' title='bbox 1669 2842 1831 2880; x_wconf 85' lang='lat' dir='ltr'>aliqualiter</span> <span class='ocrx_word' id='word_1_855' title='bbox 1852 2842 1968 2870; x_wconf 88' lang='lat' dir='ltr'>mixtos.</span> <span class='ocrx_word' id='word_1_856' title='bbox 1989 2843 2079 2877; x_wconf 90' lang='lat' dir='ltr'>Quod</span> <span class='ocrx_word' id='word_1_857' title='bbox 2094 2841 2118 2870; x_wconf 90' lang='lat' dir='ltr'>si</span> <span class='ocrx_word' id='word_1_858' title='bbox 2133 2851 2240 2879; x_wconf 88' lang='lat' dir='ltr'>corpus</span> <span class='ocrx_word' id='word_1_859' title='bbox 2254 2841 2377 2870; x_wconf 88' lang='lat' dir='ltr'>mixtum</span> <span class='ocrx_word' id='word_1_860' title='bbox 2393 2850 2464 2869; x_wconf 91' lang='lat' dir='ltr'>con-</span> 
     </span>
     <span class='ocr_line' id='line_1_108' title="bbox 1382 2881 2464 2921; baseline -0.003 -9"><span class='ocrx_word' id='word_1_861' title='bbox 1382 2883 1475 2921; x_wconf 83' lang='lat' dir='ltr'>tingat</span> <span class='ocrx_word' id='word_1_862' title='bbox 1495 2883 1608 2912; x_wconf 86' lang='lat' dir='ltr'>moveri</span> <span class='ocrx_word' id='word_1_863' title='bbox 1629 2890 1714 2912; x_wconf 89' lang='lat' dir='ltr'>motu</span> <span class='ocrx_word' id='word_1_864' title='bbox 1735 2882 1877 2920; x_wconf 84' lang='lat' dir='ltr'>simplici,</span> <span class='ocrx_word' id='word_1_865' title='bbox 1904 2883 1962 2911; x_wconf 91' lang='lat' dir='ltr'>hoc</span> <span class='ocrx_word' id='word_1_866' title='bbox 1983 2889 2027 2911; x_wconf 92' lang='lat' dir='ltr'>est</span> <span class='ocrx_word' id='word_1_867' title='bbox 2050 2883 2212 2911; x_wconf 88' lang='lat' dir='ltr'>secundum</span> <span class='ocrx_word' id='word_1_868' title='bbox 2234 2882 2410 2910; x_wconf 88' lang='lat' dir='ltr'>elementum</span> <span class='ocrx_word' id='word_1_869' title='bbox 2432 2881 2464 2909; x_wconf 92' lang='lat' dir='ltr'>in</span> 
     </span>
     <span class='ocr_line' id='line_1_109' title="bbox 1383 2923 1678 2961; baseline -0.003 -8"><span class='ocrx_word' id='word_1_870' title='bbox 1383 2933 1419 2953; x_wconf 92' lang='lat' dir='ltr'>eo</span> <span class='ocrx_word' id='word_1_871' title='bbox 1440 2923 1678 2961; x_wconf 86' lang='lat' dir='ltr'>praedominans.</span> 
     </span>
    </p>
   </div>
   <div class='ocr_carea' id='block_1_20' title="bbox 1382 3015 2464 3443">
    <p class='ocr_par' dir='ltr' id='par_1_37' title="bbox 1382 3015 2464 3443">
     <span class='ocr_line' id='line_1_110' title="bbox 1383 3015 2463 3066; baseline -0.003 -11"><span class='ocrx_word' id='word_1_872' title='bbox 1383 3018 1519 3056; x_wconf 91' lang='lat' dir='ltr'>dicitur</span> <span class='ocrx_word' id='word_1_873' title='bbox 1538 3018 1576 3055; x_wconf 93' lang='lat' dir='ltr'>in</span> <span class='ocrx_word' id='word_1_874' title='bbox 1596 3019 1646 3055; x_wconf 93' lang='lat' dir='ltr'>III</span> <span class='ocrx_word' id='word_1_875' title='bbox 1666 3018 1817 3066; x_wconf 75' lang='lat' dir='ltr'>physic.</span> <span class='ocrx_word' id='word_1_876' title='bbox 1841 3018 1872 3064; x_wconf 58' lang='lat'>²³,</span> <span class='ocrx_word' id='word_1_877' title='bbox 1898 3016 2041 3066; x_wconf 91' lang='lat' dir='ltr'>antiqui</span> <span class='ocrx_word' id='word_1_878' title='bbox 2070 3016 2244 3054; x_wconf 80' lang='lat' dir='ltr'>dixerunt</span> <span class='ocrx_word' id='word_1_879' title='bbox 2271 3015 2463 3053; x_wconf 89' lang='lat' dir='ltr'>infinitum</span> 
     </span>
     <span class='ocr_line' id='line_1_111' title="bbox 1384 3069 2463 3121; baseline -0.004 -11"><span class='ocrx_word' id='word_1_880' title='bbox 1384 3085 1466 3110; x_wconf 88' lang='lat' dir='ltr'>esse</span> <span class='ocrx_word' id='word_1_881' title='bbox 1483 3078 1594 3109; x_wconf 86' lang='lat' dir='ltr'>extra</span> <span class='ocrx_word' id='word_1_882' title='bbox 1609 3072 1712 3121; x_wconf 85' lang='lat' dir='ltr'>quod</span> <span class='ocrx_word' id='word_1_883' title='bbox 1725 3071 1818 3108; x_wconf 87' lang='lat' dir='ltr'>nihil</span> <span class='ocrx_word' id='word_1_884' title='bbox 1831 3077 1894 3108; x_wconf 80' lang='lat' dir='ltr'>est.</span> <span class='ocrx_word' id='word_1_885' title='bbox 1912 3070 2013 3117; x_wconf 85' lang='lat' dir='ltr'>Quia</span> <span class='ocrx_word' id='word_1_886' title='bbox 2032 3069 2143 3118; x_wconf 87' lang='lat' dir='ltr'>igitur</span> <span class='ocrx_word' id='word_1_887' title='bbox 2155 3069 2366 3119; x_wconf 82' lang='lat' dir='ltr'>probavit*</span> <span class='ocrx_word' id='word_1_888' title='bbox 2380 3069 2463 3106; x_wconf 91' lang='lat' dir='ltr'>uni-</span> 
     </span>
     <span class='ocr_line' id='line_1_112' title="bbox 1382 3123 2464 3175; baseline -0.003 -12"><span class='ocrx_word' id='word_1_889' title='bbox 1382 3138 1539 3165; x_wconf 89' lang='lat' dir='ltr'>versum</span> <span class='ocrx_word' id='word_1_890' title='bbox 1556 3138 1638 3163; x_wconf 87' lang='lat' dir='ltr'>esse</span> <span class='ocrx_word' id='word_1_891' title='bbox 1658 3125 1869 3175; x_wconf 81' lang='lat' dir='ltr'>perfectum</span> <span class='ocrx_word' id='word_1_892' title='bbox 1887 3136 1932 3161; x_wconf 86' lang='lat' dir='ltr'>ex</span> <span class='ocrx_word' id='word_1_893' title='bbox 1951 3125 2027 3160; x_wconf 93' lang='lat' dir='ltr'>hoc</span> <span class='ocrx_word' id='word_1_894' title='bbox 2046 3124 2152 3173; x_wconf 93' lang='lat' dir='ltr'>quod</span> <span class='ocrx_word' id='word_1_895' title='bbox 2171 3123 2263 3161; x_wconf 87' lang='lat' dir='ltr'>nihil</span> <span class='ocrx_word' id='word_1_896' title='bbox 2283 3130 2340 3160; x_wconf 90' lang='lat' dir='ltr'>est</span> <span class='ocrx_word' id='word_1_897' title='bbox 2359 3131 2464 3160; x_wconf 85' lang='lat' dir='ltr'>extra</span> 
     </span>
     <span class='ocr_line' id='line_1_113' title="bbox 1383 3177 2463 3230; baseline -0.003 -13"><span class='ocrx_word' id='word_1_898' title='bbox 1383 3180 1523 3230; x_wconf 83' lang='lat' dir='ltr'>ipsum,</span> <span class='ocrx_word' id='word_1_899' title='bbox 1545 3179 1614 3216; x_wconf 88' lang='lat' dir='ltr'>sed</span> <span class='ocrx_word' id='word_1_900' title='bbox 1629 3178 1761 3216; x_wconf 90' lang='lat' dir='ltr'>omnia</span> <span class='ocrx_word' id='word_1_901' title='bbox 1777 3177 2052 3226; x_wconf 88' lang='lat' dir='ltr'>complectitur,</span> <span class='ocrx_word' id='word_1_902' title='bbox 2068 3183 2204 3227; x_wconf 84' lang='lat' dir='ltr'>&#39;posset</span> <span class='ocrx_word' id='word_1_903' title='bbox 2217 3178 2237 3198; x_wconf 78' lang='lat'><strong>*</strong></span> <span class='ocrx_word' id='word_1_904' title='bbox 2252 3177 2386 3226; x_wconf 90' lang='lat' dir='ltr'>aliquis</span> <span class='ocrx_word' id='word_1_905' title='bbox 2402 3190 2463 3215; x_wconf 88' lang='lat' dir='ltr'>su-</span> 
     </span>
     <span class='ocr_line' id='line_1_114' title="bbox 1385 3231 2464 3283; baseline -0.003 -12"><span class='ocrx_word' id='word_1_906' title='bbox 1385 3233 1520 3283; x_wconf 89' lang='lat' dir='ltr'>spicari</span> <span class='ocrx_word' id='word_1_907' title='bbox 1534 3233 1660 3282; x_wconf 90' lang='lat' dir='ltr'>ipsum</span> <span class='ocrx_word' id='word_1_908' title='bbox 1678 3244 1761 3269; x_wconf 87' lang='lat' dir='ltr'>esse</span> <span class='ocrx_word' id='word_1_909' title='bbox 1781 3231 1985 3269; x_wconf 89' lang='lat' dir='ltr'>infinitum.</span> <span class='ocrx_word' id='word_1_910' title='bbox 2008 3232 2058 3268; x_wconf 89' lang='lat' dir='ltr'>Et</span> <span class='ocrx_word' id='word_1_911' title='bbox 2076 3231 2163 3269; x_wconf 91' lang='lat' dir='ltr'>ideo</span> <span class='ocrx_word' id='word_1_912' title='bbox 2184 3231 2273 3268; x_wconf 92' lang='lat' dir='ltr'>huic</span> <span class='ocrx_word' id='word_1_913' title='bbox 2293 3231 2464 3280; x_wconf 86' lang='lat' dir='ltr'>opinioni</span> 
     </span>
     <span class='ocr_line' id='line_1_115' title="bbox 1385 3285 2463 3335; baseline -0.002 -11"><span class='ocrx_word' id='word_1_914' title='bbox 1385 3299 1602 3334; x_wconf 80' lang='lat' dir='ltr'>occurrens,</span> <span class='ocrx_word' id='word_1_915' title='bbox 1624 3285 1818 3322; x_wconf 90' lang='lat' dir='ltr'>concludit</span> <span class='ocrx_word' id='word_1_916' title='bbox 1837 3286 2006 3323; x_wconf 90' lang='lat' dir='ltr'>subdens</span> <span class='ocrx_word' id='word_1_917' title='bbox 2031 3285 2137 3334; x_wconf 91' lang='lat' dir='ltr'>quod</span> <span class='ocrx_word' id='word_1_918' title='bbox 2156 3285 2345 3335; x_wconf 88' lang='lat' dir='ltr'>posterius</span> <span class='ocrx_word' id='word_1_919' title='bbox 2363 3286 2384 3306; x_wconf 64' lang='lat'>&#39;⁸</span> <span class='ocrx_word' id='word_1_920' title='bbox 2407 3285 2463 3322; x_wconf 92' lang='lat' dir='ltr'>in-</span> 
     </span>
     <span class='ocr_line' id='line_1_116' title="bbox 1383 3339 2460 3388; baseline -0.002 -10"><span class='ocrx_word' id='word_1_921' title='bbox 1383 3340 1623 3378; x_wconf 89' lang='lat' dir='ltr'>tendendum</span> <span class='ocrx_word' id='word_1_922' title='bbox 1635 3346 1691 3376; x_wconf 90' lang='lat' dir='ltr'>est</span> <span class='ocrx_word' id='word_1_923' title='bbox 1702 3346 1891 3388; x_wconf 88' lang='lat' dir='ltr'>quantum</span> <span class='ocrx_word' id='word_1_924' title='bbox 1901 3339 1951 3377; x_wconf 87' lang='lat' dir='ltr'>ad</span> <span class='ocrx_word' id='word_1_925' title='bbox 1960 3347 2138 3377; x_wconf 88' lang='lat' dir='ltr'>naturam</span> <span class='ocrx_word' id='word_1_926' title='bbox 2153 3339 2268 3376; x_wconf 91' lang='lat' dir='ltr'>totius</span> <span class='ocrx_word' id='word_1_927' title='bbox 2279 3339 2460 3385; x_wconf 88' lang='lat' dir='ltr'>universi,</span> 
     </span>
     <span class='ocr_line' id='line_1_117' title="bbox 1385 3393 2463 3443; baseline -0.002 -11"><span class='ocrx_word' id='word_1_928' title='bbox 1385 3395 1416 3432; x_wconf 92' lang='lat' dir='ltr'>si</span> <span class='ocrx_word' id='word_1_929' title='bbox 1446 3402 1501 3431; x_wconf 92' lang='lat' dir='ltr'>est</span> <span class='ocrx_word' id='word_1_930' title='bbox 1529 3393 1722 3430; x_wconf 91' lang='lat' dir='ltr'>infinitum</span> <span class='ocrx_word' id='word_1_931' title='bbox 1751 3393 1966 3431; x_wconf 91' lang='lat' dir='ltr'>secundum</span> <span class='ocrx_word' id='word_1_932' title='bbox 1995 3393 2312 3443; x_wconf 86' lang='lat' dir='ltr'>magnitudinem,</span> <span class='ocrx_word' id='word_1_933' title='bbox 2338 3393 2419 3431; x_wconf 89' lang='lat' dir='ltr'>sive</span> <span class='ocrx_word' id='word_1_934' title='bbox 2443 3394 2463 3414; x_wconf 86' lang='grc'><strong>*</strong></span> 
     </span>
    </p>
   </div>
   <div class='ocr_carea' id='block_1_21' title="bbox 1373 3579 2461 3615">
    <p class='ocr_par' dir='ltr' id='par_1_38' title="bbox 1373 3579 2461 3615">
     <span class='ocr_line' id='line_1_118' title="bbox 1373 3579 2461 3615; baseline -0.001 -10"><span class='ocrx_word' id='word_1_935' title='bbox 1373 3581 1486 3614; x_wconf 80' lang='lat' dir='ltr'>finitum</span> <span class='ocrx_word' id='word_1_936' title='bbox 1501 3587 1563 3610; x_wconf 77' lang='lat' dir='ltr'>esse,</span> <span class='ocrx_word' id='word_1_937' title='bbox 1585 3580 1747 3613; x_wconf 76' lang='lat' dir='ltr'>definierunt</span> <span class='ocrx_word' id='word_1_938' title='bbox 1767 3581 1902 3615; x_wconf 79' lang='lat' dir='ltr'>infinitum</span> <span class='ocrx_word' id='word_1_939' title='bbox 1922 3581 1996 3612; x_wconf 84' lang='lat' dir='ltr'>AsE,</span> <span class='ocrx_word' id='word_1_940' title='bbox 2016 3581 2150 3606; x_wconf 81' lang='lat' dir='ltr'>dixerunt</span> <span class='ocrx_word' id='word_1_941' title='bbox 2168 3580 2302 3614; x_wconf 78' lang='lat' dir='ltr'>infinitum</span> <span class='ocrx_word' id='word_1_942' title='bbox 2317 3585 2374 3610; x_wconf 75' lang='lat' dir='ltr'>cet..</span> <span class='ocrx_word' id='word_1_943' title='bbox 2395 3579 2461 3604; x_wconf 77' lang='lat' dir='ltr'>forte</span> 
     </span>
    </p>
   </div>
   <div class='ocr_carea' id='block_1_22' title="bbox 1381 3616 2277 3693">
    <p class='ocr_par' dir='ltr' id='par_1_39' title="bbox 1381 3616 2277 3693">
     <span class='ocr_line' id='line_1_119' title="bbox 1381 3616 1748 3650; baseline 0 -9"><span class='ocrx_word' id='word_1_944' title='bbox 1381 3622 1502 3650; x_wconf 86' lang='lat' dir='ltr'>corrupte</span> <span class='ocrx_word' id='word_1_945' title='bbox 1521 3624 1569 3650; x_wconf 89' lang='lat' dir='ltr'>pro</span> <span class='ocrx_word' id='word_1_946' title='bbox 1588 3616 1698 3642; x_wconf 89' lang='lat' dir='ltr'>lectione</span> <span class='ocrx_word' id='word_1_947' title='bbox 1715 3617 1748 3641; x_wconf 82' lang='lat' dir='ltr'>A.</span> 
     </span>
     <span class='ocr_line' id='line_1_120' title="bbox 2265 3676 2277 3693; baseline 0 0"><span class='ocrx_word' id='word_1_948' title='bbox 2265 3676 2277 3693; x_wconf 87' lang='lat'><em>2</em></span> 
     </span>
    </p>
   </div>
   <div class='ocr_carea' id='block_1_23' title="bbox 2494 870 2589 894">
    <p class='ocr_par' dir='ltr' id='par_1_40' title="bbox 2494 870 2589 894">
     <span class='ocr_line' id='line_1_121' title="bbox 2494 870 2589 894; baseline 0.011 -6"><span class='ocrx_word' id='word_1_949' title='bbox 2494 870 2552 889; x_wconf 82' lang='lat' dir='ltr'>text.</span> <span class='ocrx_word' id='word_1_950' title='bbox 2565 874 2589 894; x_wconf 81' lang='grc'>4.</span> 
     </span>
    </p>
   </div>
   <div class='ocr_carea' id='block_1_24' title="bbox 2497 929 2623 959">
    <p class='ocr_par' dir='ltr' id='par_1_41' title="bbox 2497 929 2623 959">
     <span class='ocr_line' id='line_1_122' title="bbox 2497 929 2623 959; baseline 0.016 -8"><span class='ocrx_word' id='word_1_951' title='bbox 2497 931 2505 939; x_wconf 87' lang='grc'>·</span> <span class='ocrx_word' id='word_1_952' title='bbox 2520 929 2588 951; x_wconf 84' lang='lat' dir='ltr'>Text.</span> <span class='ocrx_word' id='word_1_953' title='bbox 2603 937 2623 959; x_wconf 85' lang='lat'>5.</span> 
     </span>
    </p>
   </div>
   <div class='ocr_carea' id='block_1_25' title="bbox 2497 1603 2627 1626">
    <p class='ocr_par' dir='ltr' id='par_1_42' title="bbox 2497 1603 2627 1626">
     <span class='ocr_line' id='line_1_123' title="bbox 2497 1603 2627 1626; baseline 0.015 -2"><span class='ocrx_word' id='word_1_954' title='bbox 2497 1605 2504 1613; x_wconf 84' lang='lat'><em>·</em></span> <span class='ocrx_word' id='word_1_955' title='bbox 2519 1603 2587 1625; x_wconf 83' lang='lat' dir='ltr'>Text.</span> <span class='ocrx_word' id='word_1_956' title='bbox 2604 1604 2627 1626; x_wconf 90' lang='lat'>6.</span> 
     </span>
    </p>
   </div>
   <div class='ocr_carea' id='block_1_26' title="bbox 2495 1871 2622 1899">
    <p class='ocr_par' dir='ltr' id='par_1_43' title="bbox 2495 1871 2622 1899">
     <span class='ocr_line' id='line_1_124' title="bbox 2495 1871 2622 1899; baseline -0.008 -6"><span class='ocrx_word' id='word_1_957' title='bbox 2495 1873 2504 1882; x_wconf 79' lang='lat'><strong>¹</strong></span> <span class='ocrx_word' id='word_1_958' title='bbox 2521 1871 2589 1893; x_wconf 83' lang='lat' dir='ltr'>Text.</span> <span class='ocrx_word' id='word_1_959' title='bbox 2601 1878 2622 1899; x_wconf 91' lang='lat'>7.</span> 
     </span>
    </p>
   </div>
   <div class='ocr_carea' id='block_1_27' title="bbox 2491 3024 2707 3154">
    <p class='ocr_par' dir='ltr' id='par_1_44' title="bbox 2492 3024 2707 3053">
     <span class='ocr_line' id='line_1_125' title="bbox 2492 3024 2707 3053; baseline 0 -8"><span class='ocrx_word' id='word_1_960' title='bbox 2492 3026 2501 3034; x_wconf 88' lang='grc'>·</span> <span class='ocrx_word' id='word_1_961' title='bbox 2518 3024 2576 3050; x_wconf 88' lang='lat' dir='ltr'>Cap.</span> <span class='ocrx_word' id='word_1_962' title='bbox 2592 3030 2627 3051; x_wconf 78' lang='lat' dir='ltr'>vt,</span> <span class='ocrx_word' id='word_1_963' title='bbox 2645 3030 2707 3053; x_wconf 86' lang='lat' dir='ltr'>n.7;</span> 
     </span>
    </p>

    <p class='ocr_par' dir='ltr' id='par_1_45' title="bbox 2491 3051 2705 3079">
     <span class='ocr_line' id='line_1_126' title="bbox 2491 3051 2705 3079; baseline 0.005 -7"><span class='ocrx_word' id='word_1_964' title='bbox 2491 3051 2516 3073; x_wconf 92' lang='lat' dir='ltr'>S.</span> <span class='ocrx_word' id='word_1_965' title='bbox 2533 3051 2580 3073; x_wconf 84' lang='lat' dir='ltr'>Th.</span> <span class='ocrx_word' id='word_1_966' title='bbox 2600 3051 2653 3073; x_wconf 88' lang='lat' dir='ltr'>lect.</span> <span class='ocrx_word' id='word_1_967' title='bbox 2667 3058 2705 3079; x_wconf 80' lang='lat' dir='ltr'>xi,</span> 
     </span>
    </p>

    <p class='ocr_par' dir='ltr' id='par_1_46' title="bbox 2491 3084 2706 3154">
     <span class='ocr_line' id='line_1_127' title="bbox 2491 3084 2706 3154; baseline 0 -28"><span class='ocrx_word' id='word_1_968' title='bbox 2491 3084 2579 3154; x_wconf 43' lang='grc' dir='ltr'>ἔπι-[ζέει.</span> <span class='ocrx_word' id='word_1_969' title='bbox 2601 3105 2706 3132; x_wconf 88' lang='lat' dir='ltr'>praeced.</span> 
     </span>
     <span class='ocr_line' id='line_1_128' title="bbox 2509 3138 2557 3154; baseline 0.021 -1"><span class='ocrx_word' id='word_1_970' title='bbox 2509 3148 2514 3153; x_wconf 92' lang='lat'>.</span> <span class='ocrx_word' id='word_1_971' title='bbox 2541 3138 2557 3154; x_wconf 88' lang='lat'>1.</span> 
     </span>
    </p>
   </div>
   <div class='ocr_carea' id='block_1_28' title="bbox 2492 3185 2706 3233">
    <p class='ocr_par' dir='ltr' id='par_1_47' title="bbox 2492 3185 2706 3233">
     <span class='ocr_line' id='line_1_129' title="bbox 2492 3185 2706 3212; baseline 0 -6"><span class='ocrx_word' id='word_1_972' title='bbox 2492 3185 2503 3196; x_wconf 79' lang='lat'>⁸</span> <span class='ocrx_word' id='word_1_973' title='bbox 2516 3186 2596 3212; x_wconf 62' lang='lat' dir='ltr'>poerit</span> <span class='ocrx_word' id='word_1_974' title='bbox 2613 3185 2706 3207; x_wconf 87' lang='lat' dir='ltr'>codices</span> 
     </span>
     <span class='ocr_line' id='line_1_130' title="bbox 2492 3218 2579 3233; baseline 0 0"><span class='ocrx_word' id='word_1_975' title='bbox 2492 3218 2542 3233; x_wconf 83' lang='lat' dir='ltr'>exc.</span> <span class='ocrx_word' id='word_1_976' title='bbox 2557 3218 2579 3233; x_wconf 80' lang='grc' dir='ltr'>ε.</span> 
     </span>
    </p>
   </div>
   <div class='ocr_carea' id='block_1_29' title="bbox 2491 3291 2623 3313">
    <p class='ocr_par' dir='ltr' id='par_1_48' title="bbox 2491 3291 2623 3313">
     <span class='ocr_line' id='line_1_131' title="bbox 2491 3291 2623 3313; baseline 0 -1"><span class='ocrx_word' id='word_1_977' title='bbox 2491 3292 2500 3301; x_wconf 88' lang='grc'>·</span> <span class='ocrx_word' id='word_1_978' title='bbox 2516 3291 2580 3313; x_wconf 88' lang='lat' dir='ltr'>Lect.</span> <span class='ocrx_word' id='word_1_979' title='bbox 2592 3297 2623 3312; x_wconf 79' lang='lat' dir='ltr'>xx.</span> 
     </span>
    </p>
   </div>
   <div class='ocr_carea' id='block_1_30' title="bbox 2490 3379 2704 3430">
    <p class='ocr_par' dir='ltr' id='par_1_49' title="bbox 2490 3379 2704 3430">
     <span class='ocr_line' id='line_1_132' title="bbox 2490 3379 2704 3406; baseline -0.005 -4"><span class='ocrx_word' id='word_1_980' title='bbox 2490 3382 2502 3393; x_wconf 69' lang='lat'>⁴</span> <span class='ocrx_word' id='word_1_981' title='bbox 2510 3381 2547 3402; x_wconf 76' lang='lat' dir='ltr'>vel</span> <span class='ocrx_word' id='word_1_982' title='bbox 2553 3381 2576 3402; x_wconf 75' lang='lat' dir='ltr'>si</span> <span class='ocrx_word' id='word_1_983' title='bbox 2582 3382 2619 3402; x_wconf 84' lang='lat' dir='ltr'>est</span> <span class='ocrx_word' id='word_1_984' title='bbox 2626 3379 2704 3406; x_wconf 87' lang='lat' dir='ltr'>codd.;</span> 
     </span>
     <span class='ocr_line' id='line_1_133' title="bbox 2492 3408 2670 3430; baseline -0.006 -1"><span class='ocrx_word' id='word_1_985' title='bbox 2492 3408 2521 3430; x_wconf 83' lang='lat' dir='ltr'>cf.</span> <span class='ocrx_word' id='word_1_986' title='bbox 2532 3408 2670 3430; x_wconf 88' lang='lat' dir='ltr'>versionem.</span> 
     </span>
    </p>
   </div>
  </div>
 </body>
</html>
