<?xml version="1.0" encoding="UTF-8"?>
<!DOCTYPE html PUBLIC "-//W3C//DTD XHTML 1.0 Transitional//EN"
    "http://www.w3.org/TR/xhtml1/DTD/xhtml1-transitional.dtd">
<html xmlns="http://www.w3.org/1999/xhtml" xml:lang="en" lang="en">
 <head>
  <title>
</title>
<meta http-equiv="Content-Type" content="text/html;charset=utf-8" />
  <meta name='ocr-system' content='tesseract 3.04.00' />
  <meta name='ocr-capabilities' content='ocr_page ocr_carea ocr_par ocr_line ocrx_word'/>
</head>
<body>
  <div class='ocr_page' id='page_1' title='image "./operaomniaiussui03thom/operaomniaiussui03thom_0386.png"; bbox 0 0 2782 4134; ppageno 0'>
   <div class='ocr_carea' id='block_1_1' title="bbox 117 424 247 446">
    <p class='ocr_par' dir='ltr' id='par_1_1' title="bbox 117 424 247 446">
     <span class='ocr_line' id='line_1_1' title="bbox 117 424 247 446; baseline -0.015 1"><span class='ocrx_word' id='word_1_1' title='bbox 117 425 127 435; x_wconf 70' lang='lat'><em>⁶</em></span> <span class='ocrx_word' id='word_1_2' title='bbox 142 424 205 446; x_wconf 85' lang='lat' dir='ltr'>Lect.</span> <span class='ocrx_word' id='word_1_3' title='bbox 216 430 247 445; x_wconf 83' lang='lat' dir='ltr'>ix.</span> 
     </span>
    </p>
   </div>
   <div class='ocr_carea' id='block_1_2' title="bbox 120 529 255 550">
    <p class='ocr_par' dir='ltr' id='par_1_2' title="bbox 120 529 255 550">
     <span class='ocr_line' id='line_1_2' title="bbox 120 529 255 550; baseline -0.007 0"><span class='ocrx_word' id='word_1_4' title='bbox 120 530 128 538; x_wconf 89' lang='grc'>·</span> <span class='ocrx_word' id='word_1_5' title='bbox 144 529 206 550; x_wconf 82' lang='lat' dir='ltr'>Lect.</span> <span class='ocrx_word' id='word_1_6' title='bbox 215 534 255 550; x_wconf 83' lang='lat' dir='ltr'>xu.</span> 
     </span>
    </p>
   </div>
   <div class='ocr_carea' id='block_1_3' title="bbox 120 738 264 759">
    <p class='ocr_par' dir='ltr' id='par_1_3' title="bbox 120 738 264 759">
     <span class='ocr_line' id='line_1_3' title="bbox 120 738 264 759; baseline 0 0"><span class='ocrx_word' id='word_1_7' title='bbox 120 740 129 748; x_wconf 91' lang='grc'>·</span> <span class='ocrx_word' id='word_1_8' title='bbox 145 738 208 759; x_wconf 82' lang='lat' dir='ltr'>Lect.</span> <span class='ocrx_word' id='word_1_9' title='bbox 217 743 264 759; x_wconf 86' lang='grc' dir='ltr'><strong>νιιι.</strong></span> 
     </span>
    </p>
   </div>
   <div class='ocr_carea' id='block_1_4' title="bbox 118 847 333 869">
    <p class='ocr_par' dir='ltr' id='par_1_4' title="bbox 118 847 333 869">
     <span class='ocr_line' id='line_1_4' title="bbox 118 847 333 869; baseline 0 0"><span class='ocrx_word' id='word_1_10' title='bbox 118 851 127 858; x_wconf 92' lang='grc'>·</span> <span class='ocrx_word' id='word_1_11' title='bbox 142 848 173 869; x_wconf 79' lang='lat' dir='ltr'>Et</span> <span class='ocrx_word' id='word_1_12' title='bbox 180 854 228 869; x_wconf 85' lang='lat' dir='ltr'>om.</span> <span class='ocrx_word' id='word_1_13' title='bbox 238 854 289 869; x_wconf 79' lang='grc' dir='ltr'><strong>ΑΒ.-</strong></span> <span class='ocrx_word' id='word_1_14' title='bbox 298 847 333 869; x_wconf 82' lang='lat' dir='ltr'>di-</span> 
     </span>
    </p>
   </div>
   <div class='ocr_carea' id='block_1_5' title="bbox 119 880 208 896">
    <p class='ocr_par' dir='ltr' id='par_1_5' title="bbox 119 880 208 896">
     <span class='ocr_line' id='line_1_5' title="bbox 119 880 208 896; baseline -0.011 0"><span class='ocrx_word' id='word_1_15' title='bbox 119 880 174 896; x_wconf 70' lang='lat' dir='ltr'>cen8</span> <span class='ocrx_word' id='word_1_16' title='bbox 186 881 208 896; x_wconf 73' lang='lat' dir='ltr'>A.</span> 
     </span>
    </p>
   </div>
   <div class='ocr_carea' id='block_1_6' title="bbox 118 1271 244 1299">
    <p class='ocr_par' dir='ltr' id='par_1_6' title="bbox 118 1271 244 1299">
     <span class='ocr_line' id='line_1_6' title="bbox 118 1271 244 1299; baseline 0 -6"><span class='ocrx_word' id='word_1_17' title='bbox 118 1272 128 1282; x_wconf 87' lang='grc'>·</span> <span class='ocrx_word' id='word_1_18' title='bbox 144 1271 216 1293; x_wconf 86' lang='lat' dir='ltr'>Num.</span> <span class='ocrx_word' id='word_1_19' title='bbox 225 1277 244 1299; x_wconf 84' lang='lat'>5.</span> 
     </span>
    </p>
   </div>
   <div class='ocr_carea' id='block_1_7' title="bbox 122 1435 277 1454">
    <p class='ocr_par' dir='ltr' id='par_1_7' title="bbox 122 1435 277 1454">
     <span class='ocr_line' id='line_1_7' title="bbox 122 1435 277 1454; baseline 0 0"><span class='ocrx_word' id='word_1_20' title='bbox 122 1435 130 1443; x_wconf 89' lang='grc'><strong>”</strong></span> <span class='ocrx_word' id='word_1_21' title='bbox 146 1439 241 1454; x_wconf 81' lang='lat' dir='ltr'>causam</span> <span class='ocrx_word' id='word_1_22' title='bbox 255 1439 277 1454; x_wconf 70' lang='lat' dir='ltr'>A.</span> 
     </span>
    </p>
   </div>
   <div class='ocr_carea' id='block_1_8' title="bbox 120 1490 270 1512">
    <p class='ocr_par' dir='ltr' id='par_1_8' title="bbox 120 1490 270 1512">
     <span class='ocr_line' id='line_1_8' title="bbox 120 1490 270 1512; baseline -0.007 0"><span class='ocrx_word' id='word_1_23' title='bbox 120 1492 128 1500; x_wconf 92' lang='grc'>·</span> <span class='ocrx_word' id='word_1_24' title='bbox 144 1492 167 1512; x_wconf 84' lang='lat' dir='ltr'>et</span> <span class='ocrx_word' id='word_1_25' title='bbox 180 1490 232 1512; x_wconf 84' lang='lat' dir='ltr'>add.</span> <span class='ocrx_word' id='word_1_26' title='bbox 247 1496 270 1511; x_wconf 71' lang='grc' dir='ltr'>Β.</span> 
     </span>
    </p>
   </div>
   <div class='ocr_carea' id='block_1_9' title="bbox 121 1856 296 1877">
    <p class='ocr_par' dir='ltr' id='par_1_9' title="bbox 121 1856 296 1877">
     <span class='ocr_line' id='line_1_9' title="bbox 121 1856 296 1877; baseline 0 0"><span class='ocrx_word' id='word_1_27' title='bbox 121 1856 130 1864; x_wconf 84' lang='grc'><em>·</em></span> <span class='ocrx_word' id='word_1_28' title='bbox 146 1857 183 1877; x_wconf 85' lang='lat' dir='ltr'>est</span> <span class='ocrx_word' id='word_1_29' title='bbox 196 1861 243 1877; x_wconf 89' lang='lat' dir='ltr'>om.</span> <span class='ocrx_word' id='word_1_30' title='bbox 258 1862 296 1877; x_wconf 74' lang='grc' dir='ltr'>ΑΒ.</span> 
     </span>
    </p>
   </div>
   <div class='ocr_carea' id='block_1_10' title="bbox 120 2761 318 2787">
    <p class='ocr_par' dir='ltr' id='par_1_10' title="bbox 120 2761 318 2787">
     <span class='ocr_line' id='line_1_10' title="bbox 120 2761 318 2787; baseline 0 -5"><span class='ocrx_word' id='word_1_31' title='bbox 120 2762 130 2772; x_wconf 77' lang='lat'>&#39;⁸</span> <span class='ocrx_word' id='word_1_32' title='bbox 146 2761 208 2783; x_wconf 84' lang='lat' dir='ltr'>Lect.</span> <span class='ocrx_word' id='word_1_33' title='bbox 219 2767 248 2787; x_wconf 85' lang='grc' dir='ltr'>ιν,</span> <span class='ocrx_word' id='word_1_34' title='bbox 264 2761 318 2782; x_wconf 86' lang='grc' dir='ltr'>η.6.</span> 
     </span>
    </p>
   </div>
   <div class='ocr_carea' id='block_1_11' title="bbox 124 2814 308 2835">
    <p class='ocr_par' dir='ltr' id='par_1_11' title="bbox 124 2814 308 2835">
     <span class='ocr_line' id='line_1_11' title="bbox 124 2814 308 2835; baseline 0 0"><span class='ocrx_word' id='word_1_35' title='bbox 124 2815 132 2823; x_wconf 85' lang='grc'>·</span> <span class='ocrx_word' id='word_1_36' title='bbox 148 2814 212 2835; x_wconf 86' lang='lat' dir='ltr'>omni</span> <span class='ocrx_word' id='word_1_37' title='bbox 225 2820 272 2835; x_wconf 89' lang='lat' dir='ltr'>orn.</span> <span class='ocrx_word' id='word_1_38' title='bbox 286 2821 308 2835; x_wconf 73' lang='lat' dir='ltr'>A.</span> 
     </span>
    </p>
   </div>
   <div class='ocr_carea' id='block_1_12' title="bbox 219 2862 233 2887">
    <p class='ocr_par' dir='ltr' id='par_1_12' title="bbox 219 2862 233 2887">
     <span class='ocr_line' id='line_1_12' title="bbox 219 2862 233 2887; baseline 0 0"><span class='ocrx_word' id='word_1_39' title='bbox 219 2862 233 2887; x_wconf 75' lang='grc' dir='ltr'><strong>ὃ</strong></span> 
     </span>
    </p>
   </div>
   <div class='ocr_carea' id='block_1_13' title="bbox 119 3079 279 3100">
    <p class='ocr_par' dir='ltr' id='par_1_13' title="bbox 119 3079 279 3100">
     <span class='ocr_line' id='line_1_13' title="bbox 119 3079 279 3100; baseline 0 -1"><span class='ocrx_word' id='word_1_40' title='bbox 119 3079 128 3087; x_wconf 86' lang='grc'>·</span> <span class='ocrx_word' id='word_1_41' title='bbox 146 3080 168 3099; x_wconf 79' lang='lat' dir='ltr'>et</span> <span class='ocrx_word' id='word_1_42' title='bbox 181 3084 228 3099; x_wconf 87' lang='lat' dir='ltr'>om.</span> <span class='ocrx_word' id='word_1_43' title='bbox 243 3084 279 3100; x_wconf 76' lang='lat' dir='ltr'>AB.</span> 
     </span>
    </p>
   </div>
   <div class='ocr_carea' id='block_1_14' title="bbox 358 282 431 328">
    <p class='ocr_par' dir='ltr' id='par_1_14' title="bbox 358 282 431 328">
     <span class='ocr_line' id='line_1_14' title="bbox 358 282 431 328; baseline 0 -10"><span class='ocrx_word' id='word_1_44' title='bbox 358 282 431 328; x_wconf 75' lang='lat'>342·</span> 
     </span>
    </p>
   </div>
   <div class='ocr_carea' id='block_1_15' title="bbox 355 360 1425 3219">
    <p class='ocr_par' dir='ltr' id='par_1_15' title="bbox 358 360 1424 779">
     <span class='ocr_line' id='line_1_15' title="bbox 358 360 1419 407; baseline -0.003 -10"><span class='ocrx_word' id='word_1_45' title='bbox 358 372 458 406; x_wconf 90' lang='lat' dir='ltr'>sam;</span> <span class='ocrx_word' id='word_1_46' title='bbox 488 361 657 398; x_wconf 91' lang='lat' dir='ltr'>secundo</span> <span class='ocrx_word' id='word_1_47' title='bbox 679 361 903 399; x_wconf 86' lang='lat' dir='ltr'>determinat</span> <span class='ocrx_word' id='word_1_48' title='bbox 923 361 969 398; x_wconf 90' lang='lat' dir='ltr'>de</span> <span class='ocrx_word' id='word_1_49' title='bbox 998 361 1167 407; x_wconf 85' lang='lat' dir='ltr'>cometis,</span> <span class='ocrx_word' id='word_1_50' title='bbox 1188 360 1256 396; x_wconf 92' lang='lat' dir='ltr'>ibi:</span> <span class='ocrx_word' id='word_1_51' title='bbox 1281 360 1341 396; x_wconf 89' lang='lat' dir='ltr'>De</span> <span class='ocrx_word' id='word_1_52' title='bbox 1360 370 1419 395; x_wconf 89' lang='lat' dir='ltr'>co-</span> 
     </span>
     <span class='ocr_line' id='line_1_16' title="bbox 358 411 1420 460; baseline -0.003 -10"><span class='ocrx_word' id='word_1_53' title='bbox 358 414 463 450; x_wconf 89' lang='lat' dir='ltr'>metis</span> <span class='ocrx_word' id='word_1_54' title='bbox 491 420 616 451; x_wconf 87' lang='lat' dir='ltr'>autem</span> <span class='ocrx_word' id='word_1_55' title='bbox 635 414 655 436; x_wconf 72' lang='lat'>&#39;¹‘</span> <span class='ocrx_word' id='word_1_56' title='bbox 684 422 771 460; x_wconf 88' lang='lat' dir='ltr'>etc.;</span> <span class='ocrx_word' id='word_1_57' title='bbox 800 414 909 451; x_wconf 90' lang='lat' dir='ltr'>tertio</span> <span class='ocrx_word' id='word_1_58' title='bbox 939 414 985 451; x_wconf 93' lang='lat' dir='ltr'>de</span> <span class='ocrx_word' id='word_1_59' title='bbox 1014 415 1134 450; x_wconf 89' lang='lat' dir='ltr'>lacteo</span> <span class='ocrx_word' id='word_1_60' title='bbox 1165 412 1324 458; x_wconf 92' lang='lat' dir='ltr'>circulo,</span> <span class='ocrx_word' id='word_1_61' title='bbox 1356 411 1420 459; x_wconf 94' lang='lat' dir='ltr'>qui</span> 
     </span>
     <span class='ocr_line' id='line_1_17' title="bbox 359 466 1419 515; baseline -0.004 -11"><span class='ocrx_word' id='word_1_62' title='bbox 359 466 492 504; x_wconf 91' lang='lat' dir='ltr'>dicitur</span> <span class='ocrx_word' id='word_1_63' title='bbox 505 467 661 515; x_wconf 89' lang='lat' dir='ltr'>galaxia,</span> <span class='ocrx_word' id='word_1_64' title='bbox 674 467 740 504; x_wconf 91' lang='lat' dir='ltr'>ibi:</span> <span class='ocrx_word' id='word_1_65' title='bbox 766 468 934 509; x_wconf 85' lang='lat' dir='ltr'><em>Qualiter</em></span> <span class='ocrx_word' id='word_1_66' title='bbox 948 472 1072 503; x_wconf 87' lang='lat' dir='ltr'>autem</span> <span class='ocrx_word' id='word_1_67' title='bbox 1087 471 1124 502; x_wconf 91' lang='lat' dir='ltr'>et</span> <span class='ocrx_word' id='word_1_68' title='bbox 1135 470 1292 515; x_wconf 85' lang='lat' dir='ltr'>propter</span> <span class='ocrx_word' id='word_1_69' title='bbox 1305 476 1419 512; x_wconf 84' lang='lat' dir='ltr'>quam</span> 
     </span>
     <span class='ocr_line' id='line_1_18' title="bbox 359 517 1419 569; baseline -0.003 -13"><span class='ocrx_word' id='word_1_70' title='bbox 359 531 513 556; x_wconf 86' lang='lat' dir='ltr'>causam</span> <span class='ocrx_word' id='word_1_71' title='bbox 532 519 552 541; x_wconf 71' lang='lat'>²¹⁶</span> <span class='ocrx_word' id='word_1_72' title='bbox 581 528 649 557; x_wconf 92' lang='lat' dir='ltr'>etc.</span> <span class='ocrx_word' id='word_1_73' title='bbox 685 520 795 557; x_wconf 89' lang='lat' dir='ltr'>Circa</span> <span class='ocrx_word' id='word_1_74' title='bbox 830 520 997 569; x_wconf 89' lang='lat' dir='ltr'>primum</span> <span class='ocrx_word' id='word_1_75' title='bbox 1036 520 1112 556; x_wconf 93' lang='lat' dir='ltr'>duo</span> <span class='ocrx_word' id='word_1_76' title='bbox 1149 517 1255 554; x_wconf 87' lang='lat' dir='ltr'>facit:</span> <span class='ocrx_word' id='word_1_77' title='bbox 1294 517 1419 565; x_wconf 91' lang='lat' dir='ltr'>primo</span> 
     </span>
     <span class='ocr_line' id='line_1_19' title="bbox 359 570 1420 610; baseline -0.003 -1"><span class='ocrx_word' id='word_1_78' title='bbox 359 572 461 609; x_wconf 91' lang='lat' dir='ltr'>enim</span> <span class='ocrx_word' id='word_1_79' title='bbox 477 572 701 610; x_wconf 85' lang='lat' dir='ltr'>determinat</span> <span class='ocrx_word' id='word_1_80' title='bbox 716 572 762 609; x_wconf 92' lang='lat' dir='ltr'>de</span> <span class='ocrx_word' id='word_1_81' title='bbox 778 573 890 609; x_wconf 91' lang='lat' dir='ltr'>stellis</span> <span class='ocrx_word' id='word_1_82' title='bbox 906 571 1127 608; x_wconf 86' lang='lat' dir='ltr'>cadentibus</span> <span class='ocrx_word' id='word_1_83' title='bbox 1143 577 1179 607; x_wconf 92' lang='lat' dir='ltr'>et</span> <span class='ocrx_word' id='word_1_84' title='bbox 1194 570 1273 607; x_wconf 83' lang='lat' dir='ltr'>aliis</span> <span class='ocrx_word' id='word_1_85' title='bbox 1292 570 1420 607; x_wconf 90' lang='lat' dir='ltr'>huius-</span> 
     </span>
     <span class='ocr_line' id='line_1_20' title="bbox 359 623 1420 672; baseline -0.001 -11"><span class='ocrx_word' id='word_1_86' title='bbox 359 625 483 671; x_wconf 94' lang='lat' dir='ltr'>modi;</span> <span class='ocrx_word' id='word_1_87' title='bbox 503 626 673 663; x_wconf 93' lang='lat' dir='ltr'>secundo</span> <span class='ocrx_word' id='word_1_88' title='bbox 695 625 917 662; x_wconf 85' lang='lat' dir='ltr'>determinat</span> <span class='ocrx_word' id='word_1_89' title='bbox 937 625 984 661; x_wconf 90' lang='lat' dir='ltr'>de</span> <span class='ocrx_word' id='word_1_90' title='bbox 1004 623 1235 672; x_wconf 89' lang='lat' dir='ltr'>quibusdam</span> <span class='ocrx_word' id='word_1_91' title='bbox 1255 623 1336 660; x_wconf 88' lang='lat' dir='ltr'>aliis</span> <span class='ocrx_word' id='word_1_92' title='bbox 1356 635 1420 672; x_wconf 89' lang='lat' dir='ltr'>ap-</span> 
     </span>
     <span class='ocr_line' id='line_1_21' title="bbox 359 676 1424 727; baseline -0.001 -13"><span class='ocrx_word' id='word_1_93' title='bbox 359 677 604 726; x_wconf 92' lang='lat' dir='ltr'>paritionibus</span> <span class='ocrx_word' id='word_1_94' title='bbox 624 690 721 727; x_wconf 90' lang='lat' dir='ltr'>quae</span> <span class='ocrx_word' id='word_1_95' title='bbox 741 678 778 714; x_wconf 93' lang='lat' dir='ltr'>in</span> <span class='ocrx_word' id='word_1_96' title='bbox 798 690 884 714; x_wconf 91' lang='lat' dir='ltr'>aere</span> <span class='ocrx_word' id='word_1_97' title='bbox 911 677 1101 724; x_wconf 88' lang='lat' dir='ltr'>videntur,</span> <span class='ocrx_word' id='word_1_98' title='bbox 1130 676 1199 713; x_wconf 92' lang='lat' dir='ltr'>ibi:</span> <span class='ocrx_word' id='word_1_99' title='bbox 1227 678 1424 725; x_wconf 83' lang='lat' dir='ltr'>Apparent</span> 
     </span>
     <span class='ocr_line' id='line_1_22' title="bbox 359 730 977 779; baseline -0.002 -12"><span class='ocrx_word' id='word_1_100' title='bbox 359 737 483 768; x_wconf 89' lang='lat' dir='ltr'>autem</span> <span class='ocrx_word' id='word_1_101' title='bbox 512 731 713 779; x_wconf 83' lang='lat' dir='ltr'>aliquando</span> <span class='ocrx_word' id='word_1_102' title='bbox 742 730 881 767; x_wconf 77' lang='lat' dir='ltr'>nocte*</span> <span class='ocrx_word' id='word_1_103' title='bbox 909 738 977 766; x_wconf 90' lang='lat' dir='ltr'>etc.</span> 
     </span>
    </p>

    <p class='ocr_par' dir='ltr' id='par_1_16' title="bbox 358 782 1424 1310">
     <span class='ocr_line' id='line_1_23' title="bbox 414 782 1420 832; baseline -0.001 -12"><span class='ocrx_word' id='word_1_104' title='bbox 414 784 524 820; x_wconf 91' lang='lat' dir='ltr'>Circa</span> <span class='ocrx_word' id='word_1_105' title='bbox 550 784 718 832; x_wconf 92' lang='lat' dir='ltr'>primum</span> <span class='ocrx_word' id='word_1_106' title='bbox 748 785 825 821; x_wconf 92' lang='lat' dir='ltr'>duo</span> <span class='ocrx_word' id='word_1_107' title='bbox 854 783 950 819; x_wconf 86' lang='lat' dir='ltr'>facit.</span> <span class='ocrx_word' id='word_1_108' title='bbox 990 782 1120 820; x_wconf 90' lang='lat' dir='ltr'>Primo</span> <span class='ocrx_word' id='word_1_109' title='bbox 1151 782 1238 820; x_wconf 90' lang='lat' dir='ltr'>dicit</span> <span class='ocrx_word' id='word_1_110' title='bbox 1267 783 1315 820; x_wconf 91' lang='lat' dir='ltr'>de</span> <span class='ocrx_word' id='word_1_111' title='bbox 1343 795 1420 832; x_wconf 91' lang='lat' dir='ltr'>quo</span> 
     </span>
     <span class='ocr_line' id='line_1_24' title="bbox 361 836 1420 885; baseline 0 -12"><span class='ocrx_word' id='word_1_112' title='bbox 361 844 416 873; x_wconf 91' lang='lat' dir='ltr'>est</span> <span class='ocrx_word' id='word_1_113' title='bbox 434 837 601 873; x_wconf 92' lang='lat' dir='ltr'>intentio.</span> <span class='ocrx_word' id='word_1_114' title='bbox 629 837 677 873; x_wconf 92' lang='lat' dir='ltr'>Et</span> <span class='ocrx_word' id='word_1_115' title='bbox 690 836 710 858; x_wconf 73' lang='lat'>²¹⁶</span> <span class='ocrx_word' id='word_1_116' title='bbox 729 836 816 873; x_wconf 92' lang='lat' dir='ltr'>dicit</span> <span class='ocrx_word' id='word_1_117' title='bbox 835 836 941 885; x_wconf 93' lang='lat' dir='ltr'>quod</span> <span class='ocrx_word' id='word_1_118' title='bbox 959 843 1046 885; x_wconf 93' lang='lat' dir='ltr'>post</span> <span class='ocrx_word' id='word_1_119' title='bbox 1065 836 1420 873; x_wconf 86' lang='lat' dir='ltr'>determinationem</span> 
     </span>
     <span class='ocr_line' id='line_1_25' title="bbox 359 889 1421 938; baseline 0 -12"><span class='ocrx_word' id='word_1_120' title='bbox 359 889 652 938; x_wconf 89' lang='lat' dir='ltr'>praedictorum,</span> <span class='ocrx_word' id='word_1_121' title='bbox 670 889 874 926; x_wconf 87' lang='lat' dir='ltr'>dicendum</span> <span class='ocrx_word' id='word_1_122' title='bbox 889 897 945 926; x_wconf 89' lang='lat' dir='ltr'>est</span> <span class='ocrx_word' id='word_1_123' title='bbox 958 897 1115 938; x_wconf 91' lang='lat' dir='ltr'>propter</span> <span class='ocrx_word' id='word_1_124' title='bbox 1133 902 1250 938; x_wconf 92' lang='lat' dir='ltr'>quam</span> <span class='ocrx_word' id='word_1_125' title='bbox 1266 901 1421 926; x_wconf 87' lang='lat' dir='ltr'>causam</span> 
     </span>
     <span class='ocr_line' id='line_1_26' title="bbox 360 942 1422 991; baseline -0.001 -12"><span class='ocrx_word' id='word_1_126' title='bbox 360 949 542 991; x_wconf 87' lang='lat' dir='ltr'>apparent</span> <span class='ocrx_word' id='word_1_127' title='bbox 569 942 607 979; x_wconf 82' lang='lat' dir='ltr'>ln</span> <span class='ocrx_word' id='word_1_128' title='bbox 641 943 745 979; x_wconf 91' lang='lat' dir='ltr'>caelo</span> <span class='ocrx_word' id='word_1_129' title='bbox 780 942 962 980; x_wconf 89' lang='lat' dir='ltr'>flammae</span> <span class='ocrx_word' id='word_1_130' title='bbox 1000 954 1203 990; x_wconf 89' lang='lat' dir='ltr'>accensae,</span> <span class='ocrx_word' id='word_1_131' title='bbox 1235 949 1271 979; x_wconf 89' lang='lat' dir='ltr'>et</span> <span class='ocrx_word' id='word_1_132' title='bbox 1298 942 1422 979; x_wconf 91' lang='lat' dir='ltr'>sidera</span> 
     </span>
     <span class='ocr_line' id='line_1_27' title="bbox 359 995 1423 1044; baseline 0 -12"><span class='ocrx_word' id='word_1_133' title='bbox 359 995 623 1042; x_wconf 87' lang='lat' dir='ltr'>discurrentia,</span> <span class='ocrx_word' id='word_1_134' title='bbox 659 1003 695 1032; x_wconf 92' lang='lat' dir='ltr'>et</span> <span class='ocrx_word' id='word_1_135' title='bbox 721 995 847 1032; x_wconf 93' lang='lat' dir='ltr'>vocati</span> <span class='ocrx_word' id='word_1_136' title='bbox 876 1008 898 1032; x_wconf 90' lang='lat' dir='ltr'>a</span> <span class='ocrx_word' id='word_1_137' title='bbox 926 995 1157 1044; x_wconf 92' lang='lat' dir='ltr'>quibusdam</span> <span class='ocrx_word' id='word_1_138' title='bbox 1193 995 1290 1042; x_wconf 86' lang='lat' dir='ltr'>dali,</span> <span class='ocrx_word' id='word_1_139' title='bbox 1325 995 1423 1032; x_wconf 90' lang='lat' dir='ltr'>idest</span> 
     </span>
     <span class='ocr_line' id='line_1_28' title="bbox 359 1047 1423 1098; baseline 0 -14"><span class='ocrx_word' id='word_1_140' title='bbox 359 1048 528 1095; x_wconf 81' lang='lat' dir='ltr'>titiones,</span> <span class='ocrx_word' id='word_1_141' title='bbox 559 1055 595 1085; x_wconf 91' lang='lat' dir='ltr'>et</span> <span class='ocrx_word' id='word_1_142' title='bbox 622 1059 752 1098; x_wconf 58' lang='lat' dir='ltr'>aegest,</span> <span class='ocrx_word' id='word_1_143' title='bbox 781 1049 878 1086; x_wconf 89' lang='lat' dir='ltr'>idest</span> <span class='ocrx_word' id='word_1_144' title='bbox 907 1061 1055 1097; x_wconf 89' lang='lat' dir='ltr'>caprae.</span> <span class='ocrx_word' id='word_1_145' title='bbox 1091 1049 1181 1086; x_wconf 94' lang='lat' dir='ltr'>Ideo</span> <span class='ocrx_word' id='word_1_146' title='bbox 1211 1056 1339 1085; x_wconf 90' lang='lat' dir='ltr'>autem</span> <span class='ocrx_word' id='word_1_147' title='bbox 1369 1047 1423 1085; x_wconf 93' lang='lat' dir='ltr'>di-</span> 
     </span>
     <span class='ocr_line' id='line_1_29' title="bbox 359 1100 1422 1150; baseline 0 -13"><span class='ocrx_word' id='word_1_148' title='bbox 359 1101 522 1138; x_wconf 93' lang='lat' dir='ltr'>cendum</span> <span class='ocrx_word' id='word_1_149' title='bbox 551 1108 607 1137; x_wconf 89' lang='lat' dir='ltr'>est</span> <span class='ocrx_word' id='word_1_150' title='bbox 635 1101 745 1138; x_wconf 90' lang='lat' dir='ltr'>simul</span> <span class='ocrx_word' id='word_1_151' title='bbox 775 1102 821 1139; x_wconf 92' lang='lat' dir='ltr'>de</span> <span class='ocrx_word' id='word_1_152' title='bbox 851 1101 1030 1138; x_wconf 92' lang='lat' dir='ltr'>omnibus</span> <span class='ocrx_word' id='word_1_153' title='bbox 1057 1102 1146 1148; x_wconf 91' lang='lat' dir='ltr'>istis,</span> <span class='ocrx_word' id='word_1_154' title='bbox 1175 1101 1264 1150; x_wconf 89' lang='lat' dir='ltr'>quia</span> <span class='ocrx_word' id='word_1_155' title='bbox 1292 1100 1422 1138; x_wconf 92' lang='lat' dir='ltr'>omnia</span> 
     </span>
     <span class='ocr_line' id='line_1_30' title="bbox 358 1153 1423 1204; baseline 0 -14"><span class='ocrx_word' id='word_1_156' title='bbox 358 1153 577 1191; x_wconf 89' lang='lat' dir='ltr'>huiusmodi</span> <span class='ocrx_word' id='word_1_157' title='bbox 592 1160 609 1175; x_wconf 76' lang='lat'><em>²</em></span> <span class='ocrx_word' id='word_1_158' title='bbox 629 1162 715 1191; x_wconf 91' lang='lat' dir='ltr'>sunt</span> <span class='ocrx_word' id='word_1_159' title='bbox 735 1154 838 1192; x_wconf 91' lang='lat' dir='ltr'>idem</span> <span class='ocrx_word' id='word_1_160' title='bbox 867 1155 1079 1192; x_wconf 91' lang='lat' dir='ltr'>secundum</span> <span class='ocrx_word' id='word_1_161' title='bbox 1100 1155 1280 1204; x_wconf 91' lang='lat' dir='ltr'>speciem,</span> <span class='ocrx_word' id='word_1_162' title='bbox 1302 1161 1339 1190; x_wconf 93' lang='lat' dir='ltr'>et</span> <span class='ocrx_word' id='word_1_163' title='bbox 1366 1166 1423 1190; x_wconf 92' lang='lat' dir='ltr'>se-</span> 
     </span>
     <span class='ocr_line' id='line_1_31' title="bbox 359 1206 1424 1256; baseline 0.001 -13"><span class='ocrx_word' id='word_1_164' title='bbox 359 1206 527 1243; x_wconf 92' lang='lat' dir='ltr'>cundum</span> <span class='ocrx_word' id='word_1_165' title='bbox 548 1207 712 1244; x_wconf 91' lang='lat' dir='ltr'>eandem</span> <span class='ocrx_word' id='word_1_166' title='bbox 733 1220 888 1245; x_wconf 88' lang='lat' dir='ltr'>causam</span> <span class='ocrx_word' id='word_1_167' title='bbox 916 1208 1032 1254; x_wconf 92' lang='lat' dir='ltr'>fiunt;</span> <span class='ocrx_word' id='word_1_168' title='bbox 1063 1208 1131 1245; x_wconf 91' lang='lat' dir='ltr'>sed</span> <span class='ocrx_word' id='word_1_169' title='bbox 1160 1208 1338 1246; x_wconf 87' lang='lat' dir='ltr'>differunt</span> <span class='ocrx_word' id='word_1_170' title='bbox 1355 1219 1424 1256; x_wconf 90' lang='lat' dir='ltr'>per</span> 
     </span>
     <span class='ocr_line' id='line_1_32' title="bbox 359 1260 1114 1310; baseline 0.003 -14"><span class='ocrx_word' id='word_1_171' title='bbox 359 1260 478 1307; x_wconf 88' lang='lat' dir='ltr'>magis</span> <span class='ocrx_word' id='word_1_172' title='bbox 507 1267 542 1296; x_wconf 92' lang='lat' dir='ltr'>et</span> <span class='ocrx_word' id='word_1_173' title='bbox 570 1260 706 1307; x_wconf 93' lang='lat' dir='ltr'>minus,</span> <span class='ocrx_word' id='word_1_174' title='bbox 736 1267 777 1297; x_wconf 93' lang='lat' dir='ltr'>ut</span> <span class='ocrx_word' id='word_1_175' title='bbox 804 1261 934 1298; x_wconf 78' lang='lat' dir='ltr'>infra*</span> <span class='ocrx_word' id='word_1_176' title='bbox 961 1261 1114 1310; x_wconf 90' lang='lat' dir='ltr'>patebit.</span> 
     </span>
    </p>

    <p class='ocr_par' dir='ltr' id='par_1_17' title="bbox 355 1313 1425 3219">
     <span class='ocr_line' id='line_1_33' title="bbox 412 1313 1422 1362; baseline 0.002 -13"><span class='ocrx_word' id='word_1_177' title='bbox 412 1324 446 1349; x_wconf 88' lang='lat'>2.</span> <span class='ocrx_word' id='word_1_178' title='bbox 466 1313 644 1351; x_wconf 91' lang='lat' dir='ltr'>Secundo</span> <span class='ocrx_word' id='word_1_179' title='bbox 664 1313 731 1350; x_wconf 89' lang='lat' dir='ltr'>ibi:</span> <span class='ocrx_word' id='word_1_180' title='bbox 751 1314 983 1362; x_wconf 86' lang='lat' dir='ltr'>Principium</span> <span class='ocrx_word' id='word_1_181' title='bbox 998 1320 1124 1351; x_wconf 86' lang='lat' dir='ltr'>autem</span> <span class='ocrx_word' id='word_1_182' title='bbox 1139 1319 1176 1350; x_wconf 91' lang='lat' dir='ltr'>et</span> <span class='ocrx_word' id='word_1_183' title='bbox 1186 1315 1323 1351; x_wconf 84' lang='lat' dir='ltr'>horum</span> <span class='ocrx_word' id='word_1_184' title='bbox 1339 1321 1422 1361; x_wconf 88' lang='lat' dir='ltr'>etc.,</span> 
     </span>
     <span class='ocr_line' id='line_1_34' title="bbox 359 1366 1421 1415; baseline 0.002 -13"><span class='ocrx_word' id='word_1_185' title='bbox 359 1366 583 1403; x_wconf 90' lang='lat' dir='ltr'>determinat</span> <span class='ocrx_word' id='word_1_186' title='bbox 619 1367 872 1415; x_wconf 89' lang='lat' dir='ltr'>propositum.</span> <span class='ocrx_word' id='word_1_187' title='bbox 911 1368 960 1404; x_wconf 93' lang='lat' dir='ltr'>Et</span> <span class='ocrx_word' id='word_1_188' title='bbox 988 1367 1086 1404; x_wconf 87' lang='lat' dir='ltr'>circa</span> <span class='ocrx_word' id='word_1_189' title='bbox 1114 1367 1189 1404; x_wconf 92' lang='lat' dir='ltr'>hoc</span> <span class='ocrx_word' id='word_1_190' title='bbox 1217 1367 1294 1404; x_wconf 92' lang='lat' dir='ltr'>duo</span> <span class='ocrx_word' id='word_1_191' title='bbox 1323 1367 1421 1404; x_wconf 88' lang='lat' dir='ltr'>facit.</span> 
     </span>
     <span class='ocr_line' id='line_1_35' title="bbox 359 1419 1424 1469; baseline 0.002 -14"><span class='ocrx_word' id='word_1_192' title='bbox 359 1419 488 1456; x_wconf 90' lang='lat' dir='ltr'>Primo</span> <span class='ocrx_word' id='word_1_193' title='bbox 516 1419 721 1468; x_wconf 91' lang='lat' dir='ltr'>praemittit</span> <span class='ocrx_word' id='word_1_194' title='bbox 746 1419 913 1457; x_wconf 80' lang='lat' dir='ltr'>causas*</span> <span class='ocrx_word' id='word_1_195' title='bbox 940 1420 1193 1468; x_wconf 89' lang='lat' dir='ltr'>generationis</span> <span class='ocrx_word' id='word_1_196' title='bbox 1212 1420 1424 1469; x_wconf 90' lang='lat' dir='ltr'>praedicto-</span> 
     </span>
     <span class='ocr_line' id='line_1_36' title="bbox 358 1473 1423 1522; baseline 0 -11"><span class='ocrx_word' id='word_1_197' title='bbox 358 1486 455 1511; x_wconf 90' lang='lat' dir='ltr'>rum.</span> <span class='ocrx_word' id='word_1_198' title='bbox 494 1474 544 1510; x_wconf 93' lang='lat' dir='ltr'>Et</span> <span class='ocrx_word' id='word_1_199' title='bbox 580 1473 669 1510; x_wconf 92' lang='lat' dir='ltr'>dicit</span> <span class='ocrx_word' id='word_1_200' title='bbox 704 1473 809 1521; x_wconf 94' lang='lat' dir='ltr'>quod</span> <span class='ocrx_word' id='word_1_201' title='bbox 842 1473 1071 1522; x_wconf 91' lang='lat' dir='ltr'>principium</span> <span class='ocrx_word' id='word_1_202' title='bbox 1095 1473 1116 1495; x_wconf 79' lang='lat'>’¹‘</span> <span class='ocrx_word' id='word_1_203' title='bbox 1142 1473 1423 1522; x_wconf 90' lang='lat' dir='ltr'>praedictarum</span> 
     </span>
     <span class='ocr_line' id='line_1_37' title="bbox 356 1526 1423 1576; baseline 0 -12"><span class='ocrx_word' id='word_1_204' title='bbox 356 1526 580 1576; x_wconf 89' lang='lat' dir='ltr'>passionum</span> <span class='ocrx_word' id='word_1_205' title='bbox 620 1534 656 1563; x_wconf 90' lang='lat' dir='ltr'>et</span> <span class='ocrx_word' id='word_1_206' title='bbox 692 1527 897 1563; x_wconf 88' lang='lat' dir='ltr'>multarum</span> <span class='ocrx_word' id='word_1_207' title='bbox 934 1526 1092 1563; x_wconf 86' lang='lat' dir='ltr'>aliarum</span> <span class='ocrx_word' id='word_1_208' title='bbox 1109 1555 1118 1573; x_wconf 96' lang='lat'>,</span> <span class='ocrx_word' id='word_1_209' title='bbox 1148 1534 1226 1564; x_wconf 91' lang='lat' dir='ltr'>tam</span> <span class='ocrx_word' id='word_1_210' title='bbox 1256 1526 1423 1564; x_wconf 90' lang='lat' dir='ltr'>activum</span> 
     </span>
     <span class='ocr_line' id='line_1_38' title="bbox 358 1579 1424 1628; baseline 0.001 -12"><span class='ocrx_word' id='word_1_211' title='bbox 358 1592 475 1628; x_wconf 90' lang='lat' dir='ltr'>quam</span> <span class='ocrx_word' id='word_1_212' title='bbox 509 1579 723 1626; x_wconf 90' lang='lat' dir='ltr'>materiale,</span> <span class='ocrx_word' id='word_1_213' title='bbox 763 1587 819 1616; x_wconf 93' lang='lat' dir='ltr'>est</span> <span class='ocrx_word' id='word_1_214' title='bbox 847 1579 951 1628; x_wconf 92' lang='lat' dir='ltr'>quod</span> <span class='ocrx_word' id='word_1_215' title='bbox 989 1579 1143 1617; x_wconf 91' lang='lat' dir='ltr'>dicetur.</span> <span class='ocrx_word' id='word_1_216' title='bbox 1183 1580 1284 1617; x_wconf 91' lang='lat' dir='ltr'>Cum</span> <span class='ocrx_word' id='word_1_217' title='bbox 1322 1580 1424 1617; x_wconf 90' lang='lat' dir='ltr'>enim</span> 
     </span>
     <span class='ocr_line' id='line_1_39' title="bbox 358 1632 1424 1683; baseline 0 -13"><span class='ocrx_word' id='word_1_218' title='bbox 358 1641 456 1670; x_wconf 90' lang='lat' dir='ltr'>terra</span> <span class='ocrx_word' id='word_1_219' title='bbox 491 1632 669 1669; x_wconf 90' lang='lat' dir='ltr'>calefacta</span> <span class='ocrx_word' id='word_1_220' title='bbox 706 1633 919 1681; x_wconf 39' lang='lat' dir='ltr'>fuerit⁴per</span> <span class='ocrx_word' id='word_1_221' title='bbox 946 1640 1096 1670; x_wconf 89' lang='lat' dir='ltr'>motum</span> <span class='ocrx_word' id='word_1_222' title='bbox 1130 1632 1240 1680; x_wconf 91' lang='lat' dir='ltr'>solis,</span> <span class='ocrx_word' id='word_1_223' title='bbox 1275 1641 1424 1683; x_wconf 87' lang='lat' dir='ltr'>oportet</span> 
     </span>
     <span class='ocr_line' id='line_1_40' title="bbox 357 1685 1424 1735; baseline 0.002 -13"><span class='ocrx_word' id='word_1_224' title='bbox 357 1686 523 1735; x_wconf 91' lang='lat' dir='ltr'>aliquam</span> <span class='ocrx_word' id='word_1_225' title='bbox 551 1685 828 1722; x_wconf 88' lang='lat' dir='ltr'>exhalationem</span> <span class='ocrx_word' id='word_1_226' title='bbox 858 1685 998 1723; x_wconf 91' lang='lat' dir='ltr'>resolvi</span> <span class='ocrx_word' id='word_1_227' title='bbox 1024 1698 1047 1722; x_wconf 91' lang='lat' dir='ltr'>a</span> <span class='ocrx_word' id='word_1_228' title='bbox 1074 1693 1184 1724; x_wconf 86' lang='lat' dir='ltr'>terra.</span> <span class='ocrx_word' id='word_1_229' title='bbox 1215 1687 1325 1734; x_wconf 88' lang='lat' dir='ltr'>Quae</span> <span class='ocrx_word' id='word_1_230' title='bbox 1346 1699 1424 1724; x_wconf 92' lang='lat' dir='ltr'>non</span> 
     </span>
     <span class='ocr_line' id='line_1_41' title="bbox 359 1738 1421 1788; baseline 0.002 -13"><span class='ocrx_word' id='word_1_231' title='bbox 359 1746 415 1776; x_wconf 93' lang='lat' dir='ltr'>est</span> <span class='ocrx_word' id='word_1_232' title='bbox 442 1739 672 1785; x_wconf 88' lang='lat' dir='ltr'>uniusmodi,</span> <span class='ocrx_word' id='word_1_233' title='bbox 693 1746 735 1775; x_wconf 92' lang='lat' dir='ltr'>ut</span> <span class='ocrx_word' id='word_1_234' title='bbox 754 1738 911 1788; x_wconf 91' lang='lat' dir='ltr'>quidam</span> <span class='ocrx_word' id='word_1_235' title='bbox 940 1746 1084 1788; x_wconf 92' lang='lat' dir='ltr'>putant,</span> <span class='ocrx_word' id='word_1_236' title='bbox 1101 1739 1169 1776; x_wconf 91' lang='lat' dir='ltr'>sed</span> <span class='ocrx_word' id='word_1_237' title='bbox 1189 1747 1245 1776; x_wconf 90' lang='lat' dir='ltr'>est</span> <span class='ocrx_word' id='word_1_238' title='bbox 1265 1739 1421 1788; x_wconf 88' lang='lat' dir='ltr'>duplex:</span> 
     </span>
     <span class='ocr_line' id='line_1_42' title="bbox 359 1792 1421 1841; baseline 0.002 -13"><span class='ocrx_word' id='word_1_239' title='bbox 359 1793 548 1841; x_wconf 89' lang='lat' dir='ltr'>quaedam</span> <span class='ocrx_word' id='word_1_240' title='bbox 587 1792 690 1829; x_wconf 93' lang='lat' dir='ltr'>enim</span> <span class='ocrx_word' id='word_1_241' title='bbox 719 1799 775 1829; x_wconf 91' lang='lat' dir='ltr'>est</span> <span class='ocrx_word' id='word_1_242' title='bbox 803 1792 923 1840; x_wconf 87' lang='lat' dir='ltr'>magis</span> <span class='ocrx_word' id='word_1_243' title='bbox 949 1804 1142 1840; x_wconf 88' lang='lat' dir='ltr'>vaporosa</span> <span class='ocrx_word' id='word_1_244' title='bbox 1179 1800 1216 1829; x_wconf 92' lang='lat' dir='ltr'>et</span> <span class='ocrx_word' id='word_1_245' title='bbox 1249 1793 1421 1840; x_wconf 88' lang='lat' dir='ltr'>humida,</span> 
     </span>
     <span class='ocr_line' id='line_1_43' title="bbox 359 1845 1422 1894; baseline 0.001 -12"><span class='ocrx_word' id='word_1_246' title='bbox 359 1845 550 1894; x_wconf 87' lang='lat' dir='ltr'>quaedam</span> <span class='ocrx_word' id='word_1_247' title='bbox 569 1857 663 1882; x_wconf 88' lang='lat' dir='ltr'>vero</span> <span class='ocrx_word' id='word_1_248' title='bbox 685 1852 740 1881; x_wconf 89' lang='lat' dir='ltr'>est</span> <span class='ocrx_word' id='word_1_249' title='bbox 753 1845 773 1867; x_wconf 78' lang='lat'>&#39;¹‘</span> <span class='ocrx_word' id='word_1_250' title='bbox 796 1845 917 1892; x_wconf 89' lang='lat' dir='ltr'>magis</span> <span class='ocrx_word' id='word_1_251' title='bbox 937 1857 1121 1894; x_wconf 90' lang='lat' dir='ltr'>spumosa</span> <span class='ocrx_word' id='word_1_252' title='bbox 1141 1853 1177 1882; x_wconf 92' lang='lat' dir='ltr'>et</span> <span class='ocrx_word' id='word_1_253' title='bbox 1196 1845 1311 1883; x_wconf 90' lang='lat' dir='ltr'>sicca:</span> <span class='ocrx_word' id='word_1_254' title='bbox 1332 1858 1422 1883; x_wconf 89' lang='lat' dir='ltr'>nam</span> 
     </span>
     <span class='ocr_line' id='line_1_44' title="bbox 359 1898 1424 1947; baseline 0.001 -12"><span class='ocrx_word' id='word_1_255' title='bbox 359 1899 407 1935; x_wconf 93' lang='lat' dir='ltr'>ab</span> <span class='ocrx_word' id='word_1_256' title='bbox 435 1898 596 1935; x_wconf 90' lang='lat' dir='ltr'>humido</span> <span class='ocrx_word' id='word_1_257' title='bbox 625 1910 748 1946; x_wconf 91' lang='lat' dir='ltr'>aqueo</span> <span class='ocrx_word' id='word_1_258' title='bbox 777 1898 883 1946; x_wconf 93' lang='lat' dir='ltr'>quod</span> <span class='ocrx_word' id='word_1_259' title='bbox 912 1905 967 1935; x_wconf 91' lang='lat' dir='ltr'>est</span> <span class='ocrx_word' id='word_1_260' title='bbox 994 1910 1110 1947; x_wconf 91' lang='lat' dir='ltr'>super</span> <span class='ocrx_word' id='word_1_261' title='bbox 1133 1906 1285 1946; x_wconf 91' lang='lat' dir='ltr'>terram,</span> <span class='ocrx_word' id='word_1_262' title='bbox 1310 1900 1424 1936; x_wconf 91' lang='lat' dir='ltr'>resol-</span> 
     </span>
     <span class='ocr_line' id='line_1_45' title="bbox 358 1951 1422 2000; baseline 0.002 -12"><span class='ocrx_word' id='word_1_263' title='bbox 358 1951 458 1988; x_wconf 91' lang='lat' dir='ltr'>vitur</span> <span class='ocrx_word' id='word_1_264' title='bbox 486 1958 522 1988; x_wconf 89' lang='lat' dir='ltr'>et</span> <span class='ocrx_word' id='word_1_265' title='bbox 550 1952 717 1988; x_wconf 89' lang='lat' dir='ltr'>elevatur</span> <span class='ocrx_word' id='word_1_266' title='bbox 744 1963 935 2000; x_wconf 86' lang='lat' dir='ltr'>vaporosa</span> <span class='ocrx_word' id='word_1_267' title='bbox 968 1951 1154 1988; x_wconf 87' lang='lat' dir='ltr'>exhalatio</span> <span class='ocrx_word' id='word_1_268' title='bbox 1182 1960 1219 1989; x_wconf 90' lang='lat' dir='ltr'>et</span> <span class='ocrx_word' id='word_1_269' title='bbox 1246 1952 1422 1997; x_wconf 89' lang='lat' dir='ltr'>humida;</span> 
     </span>
     <span class='ocr_line' id='line_1_46' title="bbox 359 2004 1424 2053; baseline 0.001 -12"><span class='ocrx_word' id='word_1_270' title='bbox 359 2005 407 2041; x_wconf 91' lang='lat' dir='ltr'>ab</span> <span class='ocrx_word' id='word_1_271' title='bbox 436 2004 518 2053; x_wconf 88' lang='lat' dir='ltr'>ipsa</span> <span class='ocrx_word' id='word_1_272' title='bbox 545 2012 674 2041; x_wconf 90' lang='lat' dir='ltr'>autem</span> <span class='ocrx_word' id='word_1_273' title='bbox 697 2011 807 2051; x_wconf 89' lang='lat' dir='ltr'>terra,</span> <span class='ocrx_word' id='word_1_274' title='bbox 828 2016 926 2053; x_wconf 89' lang='lat' dir='ltr'>quae</span> <span class='ocrx_word' id='word_1_275' title='bbox 946 2011 1002 2041; x_wconf 90' lang='lat' dir='ltr'>est</span> <span class='ocrx_word' id='word_1_276' title='bbox 1020 2004 1142 2041; x_wconf 89' lang='lat' dir='ltr'>siccae</span> <span class='ocrx_word' id='word_1_277' title='bbox 1161 2012 1329 2053; x_wconf 89' lang='lat' dir='ltr'>naturae,</span> <span class='ocrx_word' id='word_1_278' title='bbox 1351 2006 1424 2042; x_wconf 91' lang='lat' dir='ltr'>ele-</span> 
     </span>
     <span class='ocr_line' id='line_1_47' title="bbox 358 2057 1423 2106; baseline 0.001 -12"><span class='ocrx_word' id='word_1_279' title='bbox 358 2064 470 2094; x_wconf 88' lang='lat' dir='ltr'>vatur</span> <span class='ocrx_word' id='word_1_280' title='bbox 489 2057 673 2094; x_wconf 88' lang='lat' dir='ltr'>exhalatio</span> <span class='ocrx_word' id='word_1_281' title='bbox 693 2057 844 2094; x_wconf 84' lang='lat' dir='ltr'>fumosa</span> <span class='ocrx_word' id='word_1_282' title='bbox 863 2057 943 2094; x_wconf 89' lang='lat' dir='ltr'>sive</span> <span class='ocrx_word' id='word_1_283' title='bbox 963 2069 1157 2106; x_wconf 90' lang='lat' dir='ltr'>spumosa.</span> <span class='ocrx_word' id='word_1_284' title='bbox 1189 2059 1337 2095; x_wconf 91' lang='lat' dir='ltr'>Harum</span> <span class='ocrx_word' id='word_1_285' title='bbox 1358 2071 1423 2095; x_wconf 92' lang='lat' dir='ltr'>au-</span> 
     </span>
     <span class='ocr_line' id='line_1_48' title="bbox 358 2110 1425 2160; baseline 0.002 -13"><span class='ocrx_word' id='word_1_286' title='bbox 358 2118 436 2147; x_wconf 91' lang='lat' dir='ltr'>tem</span> <span class='ocrx_word' id='word_1_287' title='bbox 457 2111 750 2158; x_wconf 87' lang='lat' dir='ltr'>exhalationum,</span> <span class='ocrx_word' id='word_1_288' title='bbox 775 2122 959 2159; x_wconf 88' lang='lat' dir='ltr'>spumosa</span> <span class='ocrx_word' id='word_1_289' title='bbox 982 2110 1139 2159; x_wconf 88' lang='lat' dir='ltr'>quidem</span> <span class='ocrx_word' id='word_1_290' title='bbox 1168 2112 1425 2160; x_wconf 90' lang='lat' dir='ltr'>supereminet</span> 
     </span>
     <span class='ocr_line' id='line_1_49' title="bbox 357 2162 1423 2213; baseline 0.002 -13"><span class='ocrx_word' id='word_1_291' title='bbox 357 2170 513 2213; x_wconf 91' lang='lat' dir='ltr'>propter</span> <span class='ocrx_word' id='word_1_292' title='bbox 534 2163 699 2200; x_wconf 88' lang='lat' dir='ltr'>calidum</span> <span class='ocrx_word' id='word_1_293' title='bbox 713 2162 742 2209; x_wconf 73' lang='grc' dir='ltr'>β,</span> <span class='ocrx_word' id='word_1_294' title='bbox 763 2163 869 2212; x_wconf 91' lang='lat' dir='ltr'>quod</span> <span class='ocrx_word' id='word_1_295' title='bbox 888 2163 926 2200; x_wconf 92' lang='lat' dir='ltr'>in</span> <span class='ocrx_word' id='word_1_296' title='bbox 947 2175 991 2200; x_wconf 88' lang='lat' dir='ltr'>ea</span> <span class='ocrx_word' id='word_1_297' title='bbox 1011 2163 1230 2201; x_wconf 91' lang='lat' dir='ltr'>dominatur</span> <span class='ocrx_word' id='word_1_298' title='bbox 1248 2172 1285 2201; x_wconf 88' lang='lat' dir='ltr'>et</span> <span class='ocrx_word' id='word_1_299' title='bbox 1303 2165 1423 2213; x_wconf 88' lang='lat' dir='ltr'>magis</span> 
     </span>
     <span class='ocr_line' id='line_1_50' title="bbox 358 2216 1422 2266; baseline 0.002 -13"><span class='ocrx_word' id='word_1_300' title='bbox 358 2217 481 2265; x_wconf 89' lang='lat' dir='ltr'>ipsam</span> <span class='ocrx_word' id='word_1_301' title='bbox 500 2216 682 2253; x_wconf 89' lang='lat' dir='ltr'>subtiliat:</span> <span class='ocrx_word' id='word_1_302' title='bbox 711 2216 854 2253; x_wconf 91' lang='lat' dir='ltr'>siccum</span> <span class='ocrx_word' id='word_1_303' title='bbox 875 2216 977 2253; x_wconf 88' lang='lat' dir='ltr'>enirn</span> <span class='ocrx_word' id='word_1_304' title='bbox 1002 2224 1039 2253; x_wconf 94' lang='lat' dir='ltr'>et</span> <span class='ocrx_word' id='word_1_305' title='bbox 1067 2217 1231 2254; x_wconf 91' lang='lat' dir='ltr'>calidum</span> <span class='ocrx_word' id='word_1_306' title='bbox 1251 2219 1336 2255; x_wconf 87' lang='lat' dir='ltr'>leve</span> <span class='ocrx_word' id='word_1_307' title='bbox 1356 2226 1422 2266; x_wconf 88' lang='lat' dir='ltr'>est,</span> 
     </span>
     <span class='ocr_line' id='line_1_51' title="bbox 359 2269 1423 2318; baseline 0.002 -12"><span class='ocrx_word' id='word_1_308' title='bbox 359 2277 395 2307; x_wconf 91' lang='lat' dir='ltr'>et</span> <span class='ocrx_word' id='word_1_309' title='bbox 422 2269 503 2306; x_wconf 91' lang='lat' dir='ltr'>talis</span> <span class='ocrx_word' id='word_1_310' title='bbox 532 2277 588 2306; x_wconf 91' lang='lat' dir='ltr'>est</span> <span class='ocrx_word' id='word_1_311' title='bbox 614 2269 708 2318; x_wconf 91' lang='lat' dir='ltr'>ignis</span> <span class='ocrx_word' id='word_1_312' title='bbox 737 2276 881 2306; x_wconf 90' lang='lat' dir='ltr'>natura.</span> <span class='ocrx_word' id='word_1_313' title='bbox 924 2270 1125 2318; x_wconf 91' lang='lat' dir='ltr'>Vaporosa</span> <span class='ocrx_word' id='word_1_314' title='bbox 1153 2278 1281 2307; x_wconf 91' lang='lat' dir='ltr'>autem</span> <span class='ocrx_word' id='word_1_315' title='bbox 1312 2272 1423 2308; x_wconf 89' lang='lat' dir='ltr'>exha-</span> 
     </span>
     <span class='ocr_line' id='line_1_52' title="bbox 358 2322 1423 2373; baseline 0.003 -14"><span class='ocrx_word' id='word_1_316' title='bbox 358 2322 467 2370; x_wconf 89' lang='lat' dir='ltr'>latio,</span> <span class='ocrx_word' id='word_1_317' title='bbox 497 2335 595 2371; x_wconf 90' lang='lat' dir='ltr'>quae</span> <span class='ocrx_word' id='word_1_318' title='bbox 625 2330 680 2359; x_wconf 90' lang='lat' dir='ltr'>est</span> <span class='ocrx_word' id='word_1_319' title='bbox 707 2322 827 2370; x_wconf 88' lang='lat' dir='ltr'>magis</span> <span class='ocrx_word' id='word_1_320' title='bbox 854 2322 1030 2370; x_wconf 91' lang='lat' dir='ltr'>humida,</span> <span class='ocrx_word' id='word_1_321' title='bbox 1060 2323 1189 2360; x_wconf 92' lang='lat' dir='ltr'>subest</span> <span class='ocrx_word' id='word_1_322' title='bbox 1217 2336 1423 2373; x_wconf 90' lang='lat' dir='ltr'>spumosae</span> 
     </span>
     <span class='ocr_line' id='line_1_53' title="bbox 358 2375 1422 2425; baseline 0.003 -13"><span class='ocrx_word' id='word_1_323' title='bbox 358 2383 513 2425; x_wconf 93' lang='lat' dir='ltr'>propter</span> <span class='ocrx_word' id='word_1_324' title='bbox 539 2375 712 2425; x_wconf 85' lang='lat' dir='ltr'>pondus,</span> <span class='ocrx_word' id='word_1_325' title='bbox 747 2387 826 2412; x_wconf 91' lang='lat' dir='ltr'>non</span> <span class='ocrx_word' id='word_1_326' title='bbox 861 2375 964 2412; x_wconf 92' lang='lat' dir='ltr'>enim</span> <span class='ocrx_word' id='word_1_327' title='bbox 996 2375 1047 2413; x_wconf 91' lang='lat' dir='ltr'>ita</span> <span class='ocrx_word' id='word_1_328' title='bbox 1081 2376 1227 2413; x_wconf 90' lang='lat' dir='ltr'>rarefit:</span> <span class='ocrx_word' id='word_1_329' title='bbox 1258 2377 1422 2415; x_wconf 90' lang='lat' dir='ltr'>calidum</span> 
     </span>
     <span class='ocr_line' id='line_1_54' title="bbox 360 2428 1422 2478; baseline 0.001 -12"><span class='ocrx_word' id='word_1_330' title='bbox 360 2429 461 2466; x_wconf 91' lang='lat' dir='ltr'>enim</span> <span class='ocrx_word' id='word_1_331' title='bbox 491 2436 527 2465; x_wconf 93' lang='lat' dir='ltr'>et</span> <span class='ocrx_word' id='word_1_332' title='bbox 554 2428 756 2466; x_wconf 88' lang='lat' dir='ltr'>humidum</span> <span class='ocrx_word' id='word_1_333' title='bbox 794 2428 981 2477; x_wconf 89' lang='lat' dir='ltr'>pertinent</span> <span class='ocrx_word' id='word_1_334' title='bbox 1018 2429 1067 2466; x_wconf 89' lang='lat' dir='ltr'>ad</span> <span class='ocrx_word' id='word_1_335' title='bbox 1100 2437 1274 2467; x_wconf 90' lang='lat' dir='ltr'>naturam</span> <span class='ocrx_word' id='word_1_336' title='bbox 1304 2431 1422 2478; x_wconf 92' lang='lat' dir='ltr'>aeris,</span> 
     </span>
     <span class='ocr_line' id='line_1_55' title="bbox 360 2481 1424 2531; baseline 0.002 -13"><span class='ocrx_word' id='word_1_337' title='bbox 360 2482 423 2531; x_wconf 93' lang='lat' dir='ltr'>qui</span> <span class='ocrx_word' id='word_1_338' title='bbox 452 2482 581 2519; x_wconf 90' lang='lat' dir='ltr'>subest</span> <span class='ocrx_word' id='word_1_339' title='bbox 608 2481 683 2529; x_wconf 88' lang='lat' dir='ltr'>igni</span> <span class='ocrx_word' id='word_1_340' title='bbox 711 2481 833 2519; x_wconf 93' lang='lat' dir='ltr'>calido</span> <span class='ocrx_word' id='word_1_341' title='bbox 863 2490 899 2518; x_wconf 93' lang='lat' dir='ltr'>et</span> <span class='ocrx_word' id='word_1_342' title='bbox 926 2482 1027 2519; x_wconf 93' lang='lat' dir='ltr'>sicco</span> <span class='ocrx_word' id='word_1_343' title='bbox 1048 2482 1231 2520; x_wconf 86' lang='lat' dir='ltr'>existenti.</span> <span class='ocrx_word' id='word_1_344' title='bbox 1262 2484 1311 2520; x_wconf 91' lang='lat' dir='ltr'>Et</span> <span class='ocrx_word' id='word_1_345' title='bbox 1335 2484 1424 2520; x_wconf 90' lang='lat' dir='ltr'>huic</span> 
     </span>
     <span class='ocr_line' id='line_1_56' title="bbox 359 2534 1423 2583; baseline 0.001 -11"><span class='ocrx_word' id='word_1_346' title='bbox 359 2542 551 2572; x_wconf 87' lang='lat' dir='ltr'>attestatur</span> <span class='ocrx_word' id='word_1_347' title='bbox 571 2534 665 2572; x_wconf 93' lang='lat' dir='ltr'>ordo</span> <span class='ocrx_word' id='word_1_348' title='bbox 687 2535 963 2571; x_wconf 91' lang='lat' dir='ltr'>elementorum</span> <span class='ocrx_word' id='word_1_349' title='bbox 983 2547 1081 2583; x_wconf 90' lang='lat' dir='ltr'>quae</span> <span class='ocrx_word' id='word_1_350' title='bbox 1110 2542 1197 2572; x_wconf 89' lang='lat' dir='ltr'>sunt</span> <span class='ocrx_word' id='word_1_351' title='bbox 1225 2535 1324 2572; x_wconf 91' lang='lat' dir='ltr'>circa</span> <span class='ocrx_word' id='word_1_352' title='bbox 1351 2544 1423 2573; x_wconf 92' lang='lat' dir='ltr'>ter-</span> 
     </span>
     <span class='ocr_line' id='line_1_57' title="bbox 360 2587 1424 2637; baseline 0.002 -13"><span class='ocrx_word' id='word_1_353' title='bbox 360 2600 441 2625; x_wconf 93' lang='lat' dir='ltr'>ram</span> <span class='ocrx_word' id='word_1_354' title='bbox 461 2593 486 2624; x_wconf 79' lang='lat'>⁷.</span> <span class='ocrx_word' id='word_1_355' title='bbox 517 2588 620 2624; x_wconf 91' lang='lat' dir='ltr'>Nam</span> <span class='ocrx_word' id='word_1_356' title='bbox 650 2587 720 2624; x_wconf 91' lang='lat' dir='ltr'>sub</span> <span class='ocrx_word' id='word_1_357' title='bbox 756 2587 925 2624; x_wconf 89' lang='lat' dir='ltr'>circulari</span> <span class='ocrx_word' id='word_1_358' title='bbox 954 2595 1063 2624; x_wconf 91' lang='lat' dir='ltr'>motu</span> <span class='ocrx_word' id='word_1_359' title='bbox 1092 2587 1184 2624; x_wconf 89' lang='lat' dir='ltr'>caeli</span> <span class='ocrx_word' id='word_1_360' title='bbox 1211 2588 1338 2637; x_wconf 91' lang='lat' dir='ltr'>primo</span> <span class='ocrx_word' id='word_1_361' title='bbox 1369 2597 1424 2626; x_wconf 91' lang='lat' dir='ltr'>est</span> 
     </span>
     <span class='ocr_line' id='line_1_58' title="bbox 359 2640 1422 2691; baseline 0.002 -14"><span class='ocrx_word' id='word_1_362' title='bbox 359 2642 526 2677; x_wconf 90' lang='lat' dir='ltr'>locatum</span> <span class='ocrx_word' id='word_1_363' title='bbox 559 2640 597 2677; x_wconf 91' lang='lat' dir='ltr'>id</span> <span class='ocrx_word' id='word_1_364' title='bbox 635 2640 740 2689; x_wconf 91' lang='lat' dir='ltr'>quod</span> <span class='ocrx_word' id='word_1_365' title='bbox 769 2648 824 2677; x_wconf 91' lang='lat' dir='ltr'>est</span> <span class='ocrx_word' id='word_1_366' title='bbox 861 2641 1024 2678; x_wconf 88' lang='lat' dir='ltr'>calidum</span> <span class='ocrx_word' id='word_1_367' title='bbox 1059 2647 1096 2677; x_wconf 91' lang='lat' dir='ltr'>et</span> <span class='ocrx_word' id='word_1_368' title='bbox 1124 2640 1287 2688; x_wconf 91' lang='lat' dir='ltr'>siccum,</span> <span class='ocrx_word' id='word_1_369' title='bbox 1318 2642 1422 2691; x_wconf 92' lang='lat' dir='ltr'>quod</span> 
     </span>
     <span class='ocr_line' id='line_1_59' title="bbox 360 2692 1422 2740; baseline 0.002 -10"><span class='ocrx_word' id='word_1_370' title='bbox 360 2692 614 2730; x_wconf 89' lang='lat' dir='ltr'>communiter</span> <span class='ocrx_word' id='word_1_371' title='bbox 651 2692 784 2730; x_wconf 90' lang='lat' dir='ltr'>dicitur</span> <span class='ocrx_word' id='word_1_372' title='bbox 818 2692 931 2740; x_wconf 90' lang='lat' dir='ltr'>ignis,</span> <span class='ocrx_word' id='word_1_373' title='bbox 970 2693 1055 2730; x_wconf 91' lang='lat' dir='ltr'>licet</span> <span class='ocrx_word' id='word_1_374' title='bbox 1089 2705 1167 2730; x_wconf 93' lang='lat' dir='ltr'>non</span> <span class='ocrx_word' id='word_1_375' title='bbox 1204 2693 1250 2731; x_wconf 91' lang='lat' dir='ltr'>sit</span> <span class='ocrx_word' id='word_1_376' title='bbox 1278 2707 1422 2732; x_wconf 91' lang='lat' dir='ltr'>nomen</span> 
     </span>
     <span class='ocr_line' id='line_1_60' title="bbox 358 2745 1420 2796; baseline 0.002 -13"><span class='ocrx_word' id='word_1_377' title='bbox 358 2746 574 2795; x_wconf 90' lang='lat' dir='ltr'>proprium,</span> <span class='ocrx_word' id='word_1_378' title='bbox 604 2753 645 2782; x_wconf 94' lang='lat' dir='ltr'>ut</span> <span class='ocrx_word' id='word_1_379' title='bbox 672 2758 785 2795; x_wconf 92' lang='lat' dir='ltr'>supra</span> <span class='ocrx_word' id='word_1_380' title='bbox 808 2745 828 2767; x_wconf 64' lang='lat'>’³‘</span> <span class='ocrx_word' id='word_1_381' title='bbox 857 2745 999 2783; x_wconf 92' lang='lat' dir='ltr'>dictum</span> <span class='ocrx_word' id='word_1_382' title='bbox 1029 2753 1103 2785; x_wconf 88' lang='lat' dir='ltr'>est:</span> <span class='ocrx_word' id='word_1_383' title='bbox 1134 2746 1223 2796; x_wconf 90' lang='lat' dir='ltr'>quia</span> <span class='ocrx_word' id='word_1_384' title='bbox 1252 2747 1352 2784; x_wconf 92' lang='lat' dir='ltr'>enim</span> <span class='ocrx_word' id='word_1_385' title='bbox 1383 2748 1420 2785; x_wconf 90' lang='lat' dir='ltr'>id</span> 
     </span>
     <span class='ocr_line' id='line_1_61' title="bbox 358 2798 1420 2849; baseline 0.003 -14"><span class='ocrx_word' id='word_1_386' title='bbox 358 2799 464 2848; x_wconf 92' lang='lat' dir='ltr'>quod</span> <span class='ocrx_word' id='word_1_387' title='bbox 493 2807 548 2836; x_wconf 92' lang='lat' dir='ltr'>est</span> <span class='ocrx_word' id='word_1_388' title='bbox 576 2811 782 2835; x_wconf 90' lang='lat' dir='ltr'>commune</span> <span class='ocrx_word' id='word_1_389' title='bbox 811 2798 950 2836; x_wconf 82' lang='lat' dir='ltr'>omni*</span> <span class='ocrx_word' id='word_1_390' title='bbox 979 2799 1151 2836; x_wconf 86' lang='lat' dir='ltr'>fumosae</span> <span class='ocrx_word' id='word_1_391' title='bbox 1182 2800 1420 2849; x_wconf 86' lang='lat' dir='ltr'>exhalationi,</span> 
     </span>
     <span class='ocr_line' id='line_1_62' title="bbox 359 2849 1420 2900; baseline 0.002 -11"><span class='ocrx_word' id='word_1_392' title='bbox 359 2860 412 2889; x_wconf 90' lang='lat' dir='ltr'>est</span> <span class='ocrx_word' id='word_1_393' title='bbox 441 2852 719 2889; x_wconf 89' lang='lat' dir='ltr'>innominatum</span> <span class='ocrx_word' id='word_1_394' title='bbox 740 2849 763 2898; x_wconf 64' lang='grc' dir='ltr'>δ,</span> <span class='ocrx_word' id='word_1_395' title='bbox 795 2859 831 2888; x_wconf 92' lang='lat' dir='ltr'>et</span> <span class='ocrx_word' id='word_1_396' title='bbox 855 2851 960 2900; x_wconf 93' lang='lat' dir='ltr'>quod</span> <span class='ocrx_word' id='word_1_397' title='bbox 988 2853 1060 2889; x_wconf 92' lang='lat' dir='ltr'>tale</span> <span class='ocrx_word' id='word_1_398' title='bbox 1085 2860 1141 2889; x_wconf 92' lang='lat' dir='ltr'>est</span> <span class='ocrx_word' id='word_1_399' title='bbox 1169 2853 1335 2890; x_wconf 88' lang='lat' dir='ltr'>maxime</span> <span class='ocrx_word' id='word_1_400' title='bbox 1355 2867 1420 2891; x_wconf 90' lang='lat' dir='ltr'>na-</span> 
     </span>
     <span class='ocr_line' id='line_1_63' title="bbox 357 2905 1422 2954; baseline 0.002 -12"><span class='ocrx_word' id='word_1_401' title='bbox 357 2914 438 2942; x_wconf 89' lang='lat' dir='ltr'>tum</span> <span class='ocrx_word' id='word_1_402' title='bbox 467 2913 522 2942; x_wconf 91' lang='lat' dir='ltr'>est</span> <span class='ocrx_word' id='word_1_403' title='bbox 550 2905 673 2951; x_wconf 90' lang='lat' dir='ltr'>exuri,</span> <span class='ocrx_word' id='word_1_404' title='bbox 703 2912 859 2954; x_wconf 88' lang='lat' dir='ltr'>propter</span> <span class='ocrx_word' id='word_1_405' title='bbox 885 2906 960 2942; x_wconf 92' lang='lat' dir='ltr'>hoc</span> <span class='ocrx_word' id='word_1_406' title='bbox 988 2905 1041 2942; x_wconf 92' lang='lat' dir='ltr'>sic</span> <span class='ocrx_word' id='word_1_407' title='bbox 1069 2906 1325 2943; x_wconf 90' lang='lat' dir='ltr'>necessarium</span> <span class='ocrx_word' id='word_1_408' title='bbox 1354 2907 1422 2944; x_wconf 86' lang='lat' dir='ltr'>fuit</span> 
     </span>
     <span class='ocr_line' id='line_1_64' title="bbox 356 2957 1419 3007; baseline 0.002 -12"><span class='ocrx_word' id='word_1_409' title='bbox 356 2958 409 2995; x_wconf 89' lang='lat' dir='ltr'>uti</span> <span class='ocrx_word' id='word_1_410' title='bbox 442 2958 674 3004; x_wconf 85' lang='lat' dir='ltr'>nominibus,</span> <span class='ocrx_word' id='word_1_411' title='bbox 689 2965 731 2994; x_wconf 89' lang='lat' dir='ltr'>ut</span> <span class='ocrx_word' id='word_1_412' title='bbox 757 2957 839 2995; x_wconf 89' lang='lat' dir='ltr'>talis</span> <span class='ocrx_word' id='word_1_413' title='bbox 868 2958 1019 2995; x_wconf 87' lang='lat' dir='ltr'>fumosa</span> <span class='ocrx_word' id='word_1_414' title='bbox 1038 2959 1224 2996; x_wconf 89' lang='lat' dir='ltr'>exhalatio</span> <span class='ocrx_word' id='word_1_415' title='bbox 1252 2959 1346 3007; x_wconf 88' lang='lat' dir='ltr'>ignis</span> <span class='ocrx_word' id='word_1_416' title='bbox 1366 2960 1419 2998; x_wconf 94' lang='lat' dir='ltr'>di-</span> 
     </span>
     <span class='ocr_line' id='line_1_65' title="bbox 357 3011 1418 3051; baseline 0.003 -3"><span class='ocrx_word' id='word_1_417' title='bbox 357 3018 513 3048; x_wconf 88' lang='lat' dir='ltr'>ceretur.</span> <span class='ocrx_word' id='word_1_418' title='bbox 544 3011 623 3048; x_wconf 91' lang='lat' dir='ltr'>Sub</span> <span class='ocrx_word' id='word_1_419' title='bbox 653 3011 804 3048; x_wconf 89' lang='lat' dir='ltr'>fumosa</span> <span class='ocrx_word' id='word_1_420' title='bbox 831 3019 959 3048; x_wconf 91' lang='lat' dir='ltr'>autem</span> <span class='ocrx_word' id='word_1_421' title='bbox 994 3011 1229 3049; x_wconf 90' lang='lat' dir='ltr'>exhalatione</span> <span class='ocrx_word' id='word_1_422' title='bbox 1259 3020 1315 3050; x_wconf 90' lang='lat' dir='ltr'>est</span> <span class='ocrx_word' id='word_1_423' title='bbox 1343 3026 1418 3051; x_wconf 89' lang='lat' dir='ltr'>aer.</span> 
     </span>
     <span class='ocr_line' id='line_1_66' title="bbox 357 3064 1419 3115; baseline 0.002 -14"><span class='ocrx_word' id='word_1_424' title='bbox 357 3064 419 3101; x_wconf 91' lang='lat' dir='ltr'>Sic</span> <span class='ocrx_word' id='word_1_425' title='bbox 448 3077 537 3112; x_wconf 89' lang='lat' dir='ltr'>ergo</span> <span class='ocrx_word' id='word_1_426' title='bbox 565 3064 687 3114; x_wconf 89' lang='lat' dir='ltr'>posita</span> <span class='ocrx_word' id='word_1_427' title='bbox 725 3071 779 3101; x_wconf 88' lang='lat' dir='ltr'>est</span> <span class='ocrx_word' id='word_1_428' title='bbox 816 3076 929 3101; x_wconf 90' lang='lat' dir='ltr'>causa</span> <span class='ocrx_word' id='word_1_429' title='bbox 967 3064 1037 3101; x_wconf 82' lang='lat' dir='ltr'>et*</span> <span class='ocrx_word' id='word_1_430' title='bbox 1066 3065 1241 3103; x_wconf 83' lang='lat' dir='ltr'>effectiva</span> <span class='ocrx_word' id='word_1_431' title='bbox 1272 3067 1419 3115; x_wconf 88' lang='lat' dir='ltr'>praedi-</span> 
     </span>
     <span class='ocr_line' id='line_1_67' title="bbox 357 3117 1419 3166; baseline 0.003 -12"><span class='ocrx_word' id='word_1_432' title='bbox 357 3125 499 3154; x_wconf 89' lang='lat' dir='ltr'>ctarum</span> <span class='ocrx_word' id='word_1_433' title='bbox 527 3117 762 3166; x_wconf 90' lang='lat' dir='ltr'>passionum,</span> <span class='ocrx_word' id='word_1_434' title='bbox 784 3129 881 3166; x_wconf 92' lang='lat' dir='ltr'>quae</span> <span class='ocrx_word' id='word_1_435' title='bbox 910 3125 966 3154; x_wconf 92' lang='lat' dir='ltr'>est</span> <span class='ocrx_word' id='word_1_436' title='bbox 993 3117 1080 3154; x_wconf 91' lang='lat' dir='ltr'>latio</span> <span class='ocrx_word' id='word_1_437' title='bbox 1110 3118 1211 3166; x_wconf 90' lang='lat' dir='ltr'>solis,</span> <span class='ocrx_word' id='word_1_438' title='bbox 1242 3126 1277 3156; x_wconf 91' lang='lat' dir='ltr'>et</span> <span class='ocrx_word' id='word_1_439' title='bbox 1306 3132 1419 3157; x_wconf 89' lang='lat' dir='ltr'>causa</span> 
     </span>
     <span class='ocr_line' id='line_1_68' title="bbox 355 3170 1182 3219; baseline 0.001 -12"><span class='ocrx_word' id='word_1_440' title='bbox 355 3170 565 3218; x_wconf 89' lang='lat' dir='ltr'>materialis,</span> <span class='ocrx_word' id='word_1_441' title='bbox 596 3183 693 3219; x_wconf 89' lang='lat' dir='ltr'>quae</span> <span class='ocrx_word' id='word_1_442' title='bbox 723 3178 779 3207; x_wconf 92' lang='lat' dir='ltr'>est</span> <span class='ocrx_word' id='word_1_443' title='bbox 806 3171 956 3207; x_wconf 87' lang='lat' dir='ltr'>fumosa</span> <span class='ocrx_word' id='word_1_444' title='bbox 985 3171 1182 3208; x_wconf 80' lang='lat' dir='ltr'>exhalatio,</span> 
     </span>
    </p>
   </div>
   <div class='ocr_carea' id='block_1_16' title="bbox 351 3276 1420 3597">
    <p class='ocr_par' dir='ltr' id='par_1_18' title="bbox 351 3276 1419 3346">
     <span class='ocr_line' id='line_1_69' title="bbox 410 3276 1419 3312; baseline 0.002 -11"><span class='ocrx_word' id='word_1_445' title='bbox 410 3276 437 3309; x_wconf 84' lang='grc' dir='ltr'>α)</span> <span class='ocrx_word' id='word_1_446' title='bbox 457 3277 546 3301; x_wconf 86' lang='lat' dir='ltr'>omnia</span> <span class='ocrx_word' id='word_1_447' title='bbox 571 3277 729 3302; x_wconf 81' lang='lat' dir='ltr'>huiusmodi.</span> <span class='ocrx_word' id='word_1_448' title='bbox 747 3291 766 3296; x_wconf 95' lang='lat'>—</span> <span class='ocrx_word' id='word_1_449' title='bbox 784 3277 848 3302; x_wconf 85' lang='lat' dir='ltr'>haec</span> <span class='ocrx_word' id='word_1_450' title='bbox 872 3277 962 3302; x_wconf 85' lang='lat' dir='ltr'>omnia</span> <span class='ocrx_word' id='word_1_451' title='bbox 980 3278 1034 3302; x_wconf 91' lang='lat' dir='ltr'>AB.</span> <span class='ocrx_word' id='word_1_452' title='bbox 1052 3292 1070 3296; x_wconf 98' lang='lat'>-</span> <span class='ocrx_word' id='word_1_453' title='bbox 1089 3278 1213 3311; x_wconf 88' lang='lat' dir='ltr'>Sequenti</span> <span class='ocrx_word' id='word_1_454' title='bbox 1233 3278 1276 3303; x_wconf 89' lang='lat' dir='ltr'>lin.</span> <span class='ocrx_word' id='word_1_455' title='bbox 1295 3286 1343 3310; x_wconf 89' lang='lat' dir='ltr'>pro</span> <span class='ocrx_word' id='word_1_456' title='bbox 1368 3279 1419 3312; x_wconf 73' lang='lat' dir='ltr'>dis—</span> 
     </span>
     <span class='ocr_line' id='line_1_70' title="bbox 351 3311 942 3346; baseline 0.003 -11"><span class='ocrx_word' id='word_1_457' title='bbox 351 3311 453 3344; x_wconf 87' lang='lat' dir='ltr'>serunt,</span> <span class='ocrx_word' id='word_1_458' title='bbox 474 3312 626 3345; x_wconf 75' lang='lat' dir='ltr'>differenter</span> <span class='ocrx_word' id='word_1_459' title='bbox 644 3313 675 3343; x_wconf 91' lang='lat' dir='ltr'>A,</span> <span class='ocrx_word' id='word_1_460' title='bbox 695 3312 849 3346; x_wconf 73' lang='lat' dir='ltr'>differenter</span> <span class='ocrx_word' id='word_1_461' title='bbox 867 3316 894 3337; x_wconf 90' lang='lat' dir='ltr'>et</span> <span class='ocrx_word' id='word_1_462' title='bbox 912 3313 942 3338; x_wconf 88' lang='lat' dir='ltr'>B.</span> 
     </span>
    </p>

    <p class='ocr_par' dir='ltr' id='par_1_19' title="bbox 357 3344 1420 3518">
     <span class='ocr_line' id='line_1_71' title="bbox 411 3344 1418 3381; baseline 0.003 -10"><span class='ocrx_word' id='word_1_463' title='bbox 411 3344 436 3380; x_wconf 85' lang='grc' dir='ltr'>β)</span> <span class='ocrx_word' id='word_1_464' title='bbox 452 3350 565 3379; x_wconf 78' lang='lat' dir='ltr'>propter</span> <span class='ocrx_word' id='word_1_465' title='bbox 582 3348 707 3373; x_wconf 82' lang='lat' dir='ltr'>calidum.</span> <span class='ocrx_word' id='word_1_466' title='bbox 725 3361 744 3367; x_wconf 93' lang='lat'>-</span> <span class='ocrx_word' id='word_1_467' title='bbox 761 3355 842 3380; x_wconf 81' lang='lat' dir='ltr'>super</span> <span class='ocrx_word' id='word_1_468' title='bbox 861 3348 946 3380; x_wconf 83' lang='lat' dir='ltr'>ipsum</span> <span class='ocrx_word' id='word_1_469' title='bbox 965 3348 1082 3373; x_wconf 82' lang='lat' dir='ltr'>calidum</span> <span class='ocrx_word' id='word_1_470' title='bbox 1097 3349 1118 3373; x_wconf 89' lang='lat' dir='ltr'>B</span> <span class='ocrx_word' id='word_1_471' title='bbox 1133 3353 1293 3381; x_wconf 83' lang='lat' dir='ltr'>corrupte-</span> <span class='ocrx_word' id='word_1_472' title='bbox 1274 3350 1373 3374; x_wconf 86' lang='lat' dir='ltr'>-Ante</span> <span class='ocrx_word' id='word_1_473' title='bbox 1392 3349 1418 3374; x_wconf 86' lang='lat' dir='ltr'>in</span> 
     </span>
     <span class='ocr_line' id='line_1_72' title="bbox 357 3382 1420 3417; baseline 0.004 -12"><span class='ocrx_word' id='word_1_474' title='bbox 357 3388 389 3405; x_wconf 88' lang='lat' dir='ltr'>ea</span> <span class='ocrx_word' id='word_1_475' title='bbox 407 3382 451 3405; x_wconf 89' lang='lat' dir='ltr'>AB</span> <span class='ocrx_word' id='word_1_476' title='bbox 464 3382 521 3406; x_wconf 91' lang='lat' dir='ltr'>add.</span> <span class='ocrx_word' id='word_1_477' title='bbox 535 3383 635 3415; x_wconf 81' lang='lat' dir='ltr'>magis,·</span> <span class='ocrx_word' id='word_1_478' title='bbox 654 3390 700 3415; x_wconf 92' lang='lat' dir='ltr'>pro</span> <span class='ocrx_word' id='word_1_479' title='bbox 718 3383 880 3412; x_wconf 83' lang='lat' dir='ltr'>dominatur,</span> <span class='ocrx_word' id='word_1_480' title='bbox 895 3383 1022 3408; x_wconf 83' lang='lat' dir='ltr'>dicantur</span> <span class='ocrx_word' id='word_1_481' title='bbox 1037 3383 1064 3414; x_wconf 84' lang='lat' dir='ltr'>P,</span> <span class='ocrx_word' id='word_1_482' title='bbox 1079 3392 1167 3409; x_wconf 86' lang='lat' dir='ltr'>errore</span> <span class='ocrx_word' id='word_1_483' title='bbox 1181 3384 1335 3417; x_wconf 81' lang='lat' dir='ltr'>typographi</span> <span class='ocrx_word' id='word_1_484' title='bbox 1352 3385 1420 3409; x_wconf 86' lang='lat' dir='ltr'>male</span> 
     </span>
     <span class='ocr_line' id='line_1_73' title="bbox 358 3416 1420 3452; baseline 0.005 -12"><span class='ocrx_word' id='word_1_485' title='bbox 358 3416 513 3448; x_wconf 76' lang='lat' dir='ltr'>interpretati</span> <span class='ocrx_word' id='word_1_486' title='bbox 536 3418 717 3450; x_wconf 85' lang='lat' dir='ltr'>compendium</span> <span class='ocrx_word' id='word_1_487' title='bbox 741 3419 857 3447; x_wconf 79' lang='lat' dir='ltr'>anatur,</span> <span class='ocrx_word' id='word_1_488' title='bbox 881 3419 951 3450; x_wconf 90' lang='lat' dir='ltr'>quod</span> <span class='ocrx_word' id='word_1_489' title='bbox 970 3419 1048 3444; x_wconf 89' lang='lat' dir='ltr'>habet</span> <span class='ocrx_word' id='word_1_490' title='bbox 1066 3420 1107 3445; x_wconf 86' lang='lat' dir='ltr'>ed.</span> <span class='ocrx_word' id='word_1_491' title='bbox 1121 3427 1138 3444; x_wconf 87' lang='lat' dir='ltr'>a</span> <span class='ocrx_word' id='word_1_492' title='bbox 1159 3417 1326 3452; x_wconf 81' lang='lat' dir='ltr'>(dominatur</span> <span class='ocrx_word' id='word_1_493' title='bbox 1345 3420 1420 3452; x_wconf 86' lang='lat' dir='ltr'>plene</span> 
     </span>
     <span class='ocr_line' id='line_1_74' title="bbox 359 3450 1419 3486; baseline 0.005 -11"><span class='ocrx_word' id='word_1_494' title='bbox 359 3451 398 3475; x_wconf 89' lang='lat' dir='ltr'>ed.</span> <span class='ocrx_word' id='word_1_495' title='bbox 418 3450 507 3485; x_wconf 82' lang='lat'>1561);</span> <span class='ocrx_word' id='word_1_496' title='bbox 527 3460 574 3484; x_wconf 86' lang='lat' dir='ltr'>pro</span> <span class='ocrx_word' id='word_1_497' title='bbox 597 3453 729 3482; x_wconf 82' lang='lat' dir='ltr'>subtiliat,</span> <span class='ocrx_word' id='word_1_498' title='bbox 754 3454 900 3478; x_wconf 78' lang='lat' dir='ltr'>subtiliavit</span> <span class='ocrx_word' id='word_1_499' title='bbox 919 3455 954 3484; x_wconf 86' lang='lat' dir='ltr'>A;</span> <span class='ocrx_word' id='word_1_500' title='bbox 973 3458 999 3479; x_wconf 84' lang='lat' dir='ltr'>et</span> <span class='ocrx_word' id='word_1_501' title='bbox 1018 3460 1077 3479; x_wconf 83' lang='lat' dir='ltr'>ante</span> <span class='ocrx_word' id='word_1_502' title='bbox 1094 3455 1211 3480; x_wconf 84' lang='lat' dir='ltr'>calidum</span> <span class='ocrx_word' id='word_1_503' title='bbox 1226 3463 1280 3480; x_wconf 91' lang='lat' dir='ltr'>om.</span> <span class='ocrx_word' id='word_1_504' title='bbox 1294 3455 1363 3480; x_wconf 87' lang='lat' dir='ltr'>idem</span> <span class='ocrx_word' id='word_1_505' title='bbox 1382 3456 1419 3486; x_wconf 86' lang='lat' dir='ltr'>A;</span> 
     </span>
     <span class='ocr_line' id='line_1_75' title="bbox 359 3487 963 3518; baseline 0.007 -8"><span class='ocrx_word' id='word_1_506' title='bbox 359 3493 406 3518; x_wconf 90' lang='lat' dir='ltr'>pro</span> <span class='ocrx_word' id='word_1_507' title='bbox 424 3489 450 3511; x_wconf 88' lang='lat' dir='ltr'>et</span> <span class='ocrx_word' id='word_1_508' title='bbox 469 3487 543 3516; x_wconf 86' lang='lat' dir='ltr'>talis,</span> <span class='ocrx_word' id='word_1_509' title='bbox 564 3488 624 3512; x_wconf 79' lang='lat' dir='ltr'>talis</span> <span class='ocrx_word' id='word_1_510' title='bbox 643 3488 712 3513; x_wconf 84' lang='lat' dir='ltr'>enim</span> <span class='ocrx_word' id='word_1_511' title='bbox 732 3489 783 3518; x_wconf 83' lang='lat' dir='ltr'>AB,</span> <span class='ocrx_word' id='word_1_512' title='bbox 804 3489 864 3513; x_wconf 79' lang='lat' dir='ltr'>talis</span> <span class='ocrx_word' id='word_1_513' title='bbox 883 3489 924 3514; x_wconf 87' lang='lat' dir='ltr'>ed.</span> <span class='ocrx_word' id='word_1_514' title='bbox 938 3497 963 3514; x_wconf 85' lang='lat' dir='ltr'>a.</span> 
     </span>
    </p>

    <p class='ocr_par' dir='ltr' id='par_1_20' title="bbox 359 3519 1419 3594">
     <span class='ocr_line' id='line_1_76' title="bbox 411 3519 1419 3558; baseline 0.004 -12"><span class='ocrx_word' id='word_1_515' title='bbox 411 3519 438 3554; x_wconf 79' lang='grc' dir='ltr'>γ)</span> <span class='ocrx_word' id='word_1_516' title='bbox 454 3529 520 3554; x_wconf 85' lang='lat' dir='ltr'>quae</span> <span class='ocrx_word' id='word_1_517' title='bbox 534 3526 595 3547; x_wconf 84' lang='lat' dir='ltr'>sunt</span> <span class='ocrx_word' id='word_1_518' title='bbox 609 3523 679 3548; x_wconf 88' lang='lat' dir='ltr'>circa</span> <span class='ocrx_word' id='word_1_519' title='bbox 696 3526 836 3548; x_wconf 45' lang='lat' dir='ltr'>terramn-</span> <span class='ocrx_word' id='word_1_520' title='bbox 817 3524 895 3556; x_wconf 89' lang='lat' dir='ltr'>-qui</span> <span class='ocrx_word' id='word_1_521' title='bbox 906 3528 969 3549; x_wconf 86' lang='lat' dir='ltr'>sunt</span> <span class='ocrx_word' id='word_1_522' title='bbox 982 3532 1065 3557; x_wconf 78' lang='lat' dir='ltr'>supra</span> <span class='ocrx_word' id='word_1_523' title='bbox 1079 3528 1179 3551; x_wconf 83' lang='lat' dir='ltr'>terram</span> <span class='ocrx_word' id='word_1_524' title='bbox 1195 3525 1246 3555; x_wconf 87' lang='lat' dir='ltr'>Pa,·</span> <span class='ocrx_word' id='word_1_525' title='bbox 1259 3526 1305 3551; x_wconf 82' lang='lat' dir='ltr'>sed</span> <span class='ocrx_word' id='word_1_526' title='bbox 1320 3526 1365 3558; x_wconf 86' lang='lat' dir='ltr'>qui</span> <span class='ocrx_word' id='word_1_527' title='bbox 1379 3531 1419 3550; x_wconf 87' lang='lat' dir='ltr'>est</span> 
     </span>
     <span class='ocr_line' id='line_1_77' title="bbox 359 3557 1418 3597; baseline 0.005 -17"><span class='ocrx_word' id='word_1_528' title='bbox 359 3563 431 3580; x_wconf 88' lang='lat' dir='ltr'>error</span> <span class='ocrx_word' id='word_1_529' title='bbox 444 3557 652 3597; x_wconf 80' lang='lat' dir='ltr'>typographicus,</span> <span class='ocrx_word' id='word_1_530' title='bbox 667 3563 692 3582; x_wconf 86' lang='lat' dir='ltr'>et</span> <span class='ocrx_word' id='word_1_531' title='bbox 705 3565 787 3590; x_wconf 79' lang='lat' dir='ltr'>supra</span> <span class='ocrx_word' id='word_1_532' title='bbox 801 3559 885 3583; x_wconf 85' lang='lat' dir='ltr'>minus</span> <span class='ocrx_word' id='word_1_533' title='bbox 903 3560 1022 3584; x_wconf 81' lang='lat' dir='ltr'>convenit</span> <span class='ocrx_word' id='word_1_534' title='bbox 1037 3568 1095 3585; x_wconf 90' lang='lat' dir='ltr'>cum</span> <span class='ocrx_word' id='word_1_535' title='bbox 1110 3557 1139 3586; x_wconf 85' lang='grc' dir='ltr'>τὸ</span> <span class='ocrx_word' id='word_1_536' title='bbox 1154 3559 1224 3594; x_wconf 78' lang='grc' dir='ltr'>πέριξ</span> <span class='ocrx_word' id='word_1_537' title='bbox 1240 3569 1318 3594; x_wconf 87' lang='lat' dir='ltr'>quam</span> <span class='ocrx_word' id='word_1_538' title='bbox 1337 3561 1418 3586; x_wconf 86' lang='lat' dir='ltr'>circa.</span> 
     </span>
    </p>
   </div>
   <div class='ocr_carea' id='block_1_17' title="bbox 359 3590 1418 3660">
    <p class='ocr_par' dir='ltr' id='par_1_21' title="bbox 359 3590 1418 3660">
     <span class='ocr_line' id='line_1_78' title="bbox 412 3590 1418 3629; baseline 0.007 -14"><span class='ocrx_word' id='word_1_539' title='bbox 412 3590 437 3625; x_wconf 80' lang='grc' dir='ltr'>ὃ)</span> <span class='ocrx_word' id='word_1_540' title='bbox 457 3591 658 3617; x_wconf 84' lang='lat' dir='ltr'>innominatum.</span> <span class='ocrx_word' id='word_1_541' title='bbox 676 3607 695 3611; x_wconf 98' lang='lat'>-</span> <span class='ocrx_word' id='word_1_542' title='bbox 713 3594 855 3618; x_wconf 84' lang='lat' dir='ltr'>invelatum</span> <span class='ocrx_word' id='word_1_543' title='bbox 874 3594 974 3620; x_wconf 80' lang='lat' dir='ltr'>videtur</span> <span class='ocrx_word' id='word_1_544' title='bbox 997 3595 1092 3620; x_wconf 84' lang='lat' dir='ltr'>habere</span> <span class='ocrx_word' id='word_1_545' title='bbox 1111 3597 1145 3627; x_wconf 81' lang='lat'>133</span> <span class='ocrx_word' id='word_1_546' title='bbox 1165 3596 1233 3621; x_wconf 86' lang='lat' dir='ltr'>idem</span> <span class='ocrx_word' id='word_1_547' title='bbox 1253 3604 1299 3629; x_wconf 88' lang='lat' dir='ltr'>pro</span> <span class='ocrx_word' id='word_1_548' title='bbox 1318 3597 1356 3621; x_wconf 84' lang='lat' dir='ltr'>sic</span> <span class='ocrx_word' id='word_1_549' title='bbox 1375 3604 1418 3621; x_wconf 83' lang='lat' dir='ltr'>ne-</span> 
     </span>
     <span class='ocr_line' id='line_1_79' title="bbox 359 3627 843 3660; baseline 0.004 -9"><span class='ocrx_word' id='word_1_550' title='bbox 359 3627 502 3652; x_wconf 80' lang='lat' dir='ltr'>cessarium</span> <span class='ocrx_word' id='word_1_551' title='bbox 514 3627 581 3660; x_wconf 84' lang='lat' dir='ltr'>suit,</span> <span class='ocrx_word' id='word_1_552' title='bbox 601 3631 640 3652; x_wconf 83' lang='lat' dir='ltr'>est</span> <span class='ocrx_word' id='word_1_553' title='bbox 658 3629 843 3654; x_wconf 81' lang='lat' dir='ltr'>necessarium.</span> 
     </span>
    </p>
   </div>
   <div class='ocr_carea' id='block_1_18' title="bbox 1074 279 1828 319">
    <p class='ocr_par' dir='ltr' id='par_1_22' title="bbox 1074 279 1828 319">
     <span class='ocr_line' id='line_1_80' title="bbox 1074 279 1828 319; baseline -0.004 0"><span class='ocrx_word' id='word_1_554' title='bbox 1074 279 1662 319; x_wconf 91' lang='lat' dir='ltr'><strong>METEOROLOGICORUM</strong></span> <span class='ocrx_word' id='word_1_555' title='bbox 1689 280 1783 316; x_wconf 90' lang='lat' dir='ltr'>LIB.</span> <span class='ocrx_word' id='word_1_556' title='bbox 1814 281 1828 317; x_wconf 96' lang='grc' dir='ltr'>Ι</span> 
     </span>
    </p>
   </div>
   <div class='ocr_carea' id='block_1_19' title="bbox 1471 359 2579 3221">
    <p class='ocr_par' dir='ltr' id='par_1_23' title="bbox 1474 359 2546 991">
     <span class='ocr_line' id='line_1_81' title="bbox 1532 359 2540 410; baseline 0.002 -15"><span class='ocrx_word' id='word_1_557' title='bbox 1532 359 1565 395; x_wconf 87' lang='grc'>3.</span> <span class='ocrx_word' id='word_1_558' title='bbox 1588 359 1768 396; x_wconf 90' lang='lat' dir='ltr'>Secundo</span> <span class='ocrx_word' id='word_1_559' title='bbox 1792 359 1862 396; x_wconf 87' lang='lat' dir='ltr'>ibi:</span> <span class='ocrx_word' id='word_1_560' title='bbox 1897 360 2050 408; x_wconf 81' lang='lat' dir='ltr'>Oportet</span> <span class='ocrx_word' id='word_1_561' title='bbox 2075 365 2201 396; x_wconf 86' lang='lat' dir='ltr'>autem</span> <span class='ocrx_word' id='word_1_562' title='bbox 2230 360 2438 410; x_wconf 83' lang='lat' dir='ltr'>intelligere</span> <span class='ocrx_word' id='word_1_563' title='bbox 2457 367 2540 409; x_wconf 90' lang='lat' dir='ltr'>etc.,</span> 
     </span>
     <span class='ocr_line' id='line_1_82' title="bbox 1476 411 2541 462; baseline 0.002 -14"><span class='ocrx_word' id='word_1_564' title='bbox 1476 411 1702 448; x_wconf 89' lang='lat' dir='ltr'>determinat</span> <span class='ocrx_word' id='word_1_565' title='bbox 1730 412 1777 449; x_wconf 90' lang='lat' dir='ltr'>de</span> <span class='ocrx_word' id='word_1_566' title='bbox 1805 413 2048 461; x_wconf 87' lang='lat' dir='ltr'>generatione</span> <span class='ocrx_word' id='word_1_567' title='bbox 2086 412 2367 461; x_wconf 85' lang='lat' dir='ltr'>praedictarum</span> <span class='ocrx_word' id='word_1_568' title='bbox 2397 413 2541 462; x_wconf 89' lang='lat' dir='ltr'>passio-</span> 
     </span>
     <span class='ocr_line' id='line_1_83' title="bbox 1475 465 2542 515; baseline 0.002 -14"><span class='ocrx_word' id='word_1_569' title='bbox 1475 477 1581 501; x_wconf 89' lang='lat' dir='ltr'>num.</span> <span class='ocrx_word' id='word_1_570' title='bbox 1603 465 1652 501; x_wconf 94' lang='lat' dir='ltr'>Et</span> <span class='ocrx_word' id='word_1_571' title='bbox 1681 465 1779 502; x_wconf 90' lang='lat' dir='ltr'>circa</span> <span class='ocrx_word' id='word_1_572' title='bbox 1805 467 1880 503; x_wconf 90' lang='lat' dir='ltr'>hoc</span> <span class='ocrx_word' id='word_1_573' title='bbox 1910 466 1987 503; x_wconf 95' lang='lat' dir='ltr'>duo</span> <span class='ocrx_word' id='word_1_574' title='bbox 2016 465 2119 502; x_wconf 88' lang='lat' dir='ltr'>facit:</span> <span class='ocrx_word' id='word_1_575' title='bbox 2147 466 2274 515; x_wconf 91' lang='lat' dir='ltr'>primo</span> <span class='ocrx_word' id='word_1_576' title='bbox 2303 465 2467 514; x_wconf 87' lang='lat' dir='ltr'>assignat</span> <span class='ocrx_word' id='word_1_577' title='bbox 2485 479 2542 504; x_wconf 90' lang='lat' dir='ltr'>ra-</span> 
     </span>
     <span class='ocr_line' id='line_1_84' title="bbox 1474 517 2542 567; baseline 0.001 -12"><span class='ocrx_word' id='word_1_578' title='bbox 1474 517 1620 554; x_wconf 92' lang='lat' dir='ltr'>tionem</span> <span class='ocrx_word' id='word_1_579' title='bbox 1649 519 1900 566; x_wconf 90' lang='lat' dir='ltr'>generationis</span> <span class='ocrx_word' id='word_1_580' title='bbox 1934 519 2071 556; x_wconf 90' lang='lat' dir='ltr'>harum</span> <span class='ocrx_word' id='word_1_581' title='bbox 2097 518 2341 567; x_wconf 86' lang='lat' dir='ltr'>passionum;</span> <span class='ocrx_word' id='word_1_582' title='bbox 2372 519 2542 557; x_wconf 93' lang='lat' dir='ltr'>secundo</span> 
     </span>
     <span class='ocr_line' id='line_1_85' title="bbox 1476 571 2543 630; baseline 0.001 -23"><span class='ocrx_word' id='word_1_583' title='bbox 1476 571 1639 630; x_wconf 88' lang='lat' dir='ltr'>assignat</span> <span class='ocrx_word' id='word_1_584' title='bbox 1667 571 1853 609; x_wconf 88' lang='lat' dir='ltr'>rationem</span> <span class='ocrx_word' id='word_1_585' title='bbox 1883 572 2128 621; x_wconf 91' lang='lat' dir='ltr'>quorundam</span> <span class='ocrx_word' id='word_1_586' title='bbox 2161 571 2415 609; x_wconf 89' lang='lat' dir='ltr'>accidentium</span> <span class='ocrx_word' id='word_1_587' title='bbox 2445 571 2543 609; x_wconf 91' lang='lat' dir='ltr'>circa</span> 
     </span>
     <span class='ocr_line' id='line_1_86' title="bbox 1475 624 2579 685; baseline 0.001 -24"><span class='ocrx_word' id='word_1_588' title='bbox 1475 624 1590 673; x_wconf 91' lang='lat' dir='ltr'>ipsas,</span> <span class='ocrx_word' id='word_1_589' title='bbox 1610 624 1679 662; x_wconf 90' lang='lat' dir='ltr'>ibi:</span> <span class='ocrx_word' id='word_1_590' title='bbox 1698 625 1858 684; x_wconf 80' lang='lat' dir='ltr'>Propter</span> <span class='ocrx_word' id='word_1_591' title='bbox 1869 624 2133 685; x_wconf 76' lang='lat' dir='ltr'>positionem*</span> <span class='ocrx_word' id='word_1_592' title='bbox 2153 633 2222 662; x_wconf 91' lang='lat' dir='ltr'>etc.</span> <span class='ocrx_word' id='word_1_593' title='bbox 2245 624 2356 662; x_wconf 90' lang='lat' dir='ltr'>Circa</span> <span class='ocrx_word' id='word_1_594' title='bbox 2374 624 2579 673; x_wconf 86' lang='lat' dir='ltr'>primurn·</span> 
     </span>
     <span class='ocr_line' id='line_1_87' title="bbox 1476 677 2542 738; baseline 0.001 -24"><span class='ocrx_word' id='word_1_595' title='bbox 1476 677 1546 714; x_wconf 92' lang='lat' dir='ltr'>tria</span> <span class='ocrx_word' id='word_1_596' title='bbox 1573 678 1675 714; x_wconf 90' lang='lat' dir='ltr'>facit:</span> <span class='ocrx_word' id='word_1_597' title='bbox 1703 678 1830 727; x_wconf 88' lang='lat' dir='ltr'>primo</span> <span class='ocrx_word' id='word_1_598' title='bbox 1869 678 2032 738; x_wconf 85' lang='lat' dir='ltr'>assignat</span> <span class='ocrx_word' id='word_1_599' title='bbox 2069 690 2224 715; x_wconf 91' lang='lat' dir='ltr'>causam</span> <span class='ocrx_word' id='word_1_600' title='bbox 2261 678 2542 726; x_wconf 90' lang='lat' dir='ltr'>praedictarum</span> 
     </span>
     <span class='ocr_line' id='line_1_88' title="bbox 1475 730 2544 779; baseline 0.001 -12"><span class='ocrx_word' id='word_1_601' title='bbox 1475 730 1698 779; x_wconf 91' lang='lat' dir='ltr'>passionum</span> <span class='ocrx_word' id='word_1_602' title='bbox 1727 731 1766 767; x_wconf 92' lang='lat' dir='ltr'>in</span> <span class='ocrx_word' id='word_1_603' title='bbox 1795 731 2012 777; x_wconf 89' lang='lat' dir='ltr'>communi;</span> <span class='ocrx_word' id='word_1_604' title='bbox 2042 732 2213 768; x_wconf 91' lang='lat' dir='ltr'>secundo</span> <span class='ocrx_word' id='word_1_605' title='bbox 2246 731 2411 779; x_wconf 85' lang='lat' dir='ltr'>assignat</span> <span class='ocrx_word' id='word_1_606' title='bbox 2439 731 2544 768; x_wconf 86' lang='lat' dir='ltr'>diffe-</span> 
     </span>
     <span class='ocr_line' id='line_1_89' title="bbox 1477 784 2545 834; baseline 0 -14"><span class='ocrx_word' id='word_1_607' title='bbox 1477 784 1637 821; x_wconf 91' lang='lat' dir='ltr'>rentiam</span> <span class='ocrx_word' id='word_1_608' title='bbox 1653 796 1785 821; x_wconf 88' lang='lat' dir='ltr'>earum</span> <span class='ocrx_word' id='word_1_609' title='bbox 1795 784 2058 831; x_wconf 75' lang='lat' dir='ltr'>*adinvicem,</span> <span class='ocrx_word' id='word_1_610' title='bbox 2074 784 2143 821; x_wconf 92' lang='lat' dir='ltr'>ibi:</span> <span class='ocrx_word' id='word_1_611' title='bbox 2169 785 2415 833; x_wconf 84' lang='lat' dir='ltr'>Quacumque</span> <span class='ocrx_word' id='word_1_612' title='bbox 2428 784 2545 834; x_wconf 80' lang='lat' dir='ltr'>igitur</span> 
     </span>
     <span class='ocr_line' id='line_1_90' title="bbox 1475 836 2544 884; baseline 0 -10"><span class='ocrx_word' id='word_1_613' title='bbox 1475 849 1515 874; x_wconf 91' lang='lat' dir='ltr'>se</span> <span class='ocrx_word' id='word_1_614' title='bbox 1550 838 1688 874; x_wconf 84' lang='lat' dir='ltr'>habeat</span> <span class='ocrx_word' id='word_1_615' title='bbox 1722 837 1891 874; x_wconf 86' lang='lat' dir='ltr'>maxime</span> <span class='ocrx_word' id='word_1_616' title='bbox 1909 837 1930 859; x_wconf 80' lang='lat'>*</span> <span class='ocrx_word' id='word_1_617' title='bbox 1958 845 2047 884; x_wconf 92' lang='lat' dir='ltr'>etc.;</span> <span class='ocrx_word' id='word_1_618' title='bbox 2081 837 2190 874; x_wconf 92' lang='lat' dir='ltr'>tertio</span> <span class='ocrx_word' id='word_1_619' title='bbox 2227 844 2360 874; x_wconf 87' lang='lat' dir='ltr'>movet</span> <span class='ocrx_word' id='word_1_620' title='bbox 2397 836 2544 875; x_wconf 87' lang='lat' dir='ltr'>dubita—</span> 
     </span>
     <span class='ocr_line' id='line_1_91' title="bbox 1476 889 2546 939; baseline 0.001 -13"><span class='ocrx_word' id='word_1_621' title='bbox 1476 890 1621 926; x_wconf 91' lang='lat' dir='ltr'>tionem</span> <span class='ocrx_word' id='word_1_622' title='bbox 1656 890 1754 927; x_wconf 90' lang='lat' dir='ltr'>circa</span> <span class='ocrx_word' id='word_1_623' title='bbox 1787 889 2055 938; x_wconf 89' lang='lat' dir='ltr'>determinata,</span> <span class='ocrx_word' id='word_1_624' title='bbox 2085 891 2157 928; x_wconf 89' lang='lat' dir='ltr'>ibi:</span> <span class='ocrx_word' id='word_1_625' title='bbox 2193 890 2390 928; x_wconf 86' lang='lat' dir='ltr'>Dubitabit</span> <span class='ocrx_word' id='word_1_626' title='bbox 2420 890 2546 939; x_wconf 82' lang='lat' dir='ltr'>utique</span> 
     </span>
     <span class='ocr_line' id='line_1_92' title="bbox 1477 942 1694 991; baseline -0.005 -12"><span class='ocrx_word' id='word_1_627' title='bbox 1477 943 1558 991; x_wconf 87' lang='lat' dir='ltr'>quis</span> <span class='ocrx_word' id='word_1_628' title='bbox 1576 942 1597 964; x_wconf 76' lang='lat'>&#39;¹‘</span> <span class='ocrx_word' id='word_1_629' title='bbox 1625 949 1694 979; x_wconf 92' lang='lat' dir='ltr'>etc.</span> 
     </span>
    </p>

    <p class='ocr_par' dir='ltr' id='par_1_24' title="bbox 1476 995 2549 1830">
     <span class='ocr_line' id='line_1_93' title="bbox 1530 995 2543 1045; baseline -0.001 -14"><span class='ocrx_word' id='word_1_630' title='bbox 1530 995 1630 1032; x_wconf 87' lang='lat' dir='ltr'>Dicit</span> <span class='ocrx_word' id='word_1_631' title='bbox 1658 1007 1748 1042; x_wconf 90' lang='lat' dir='ltr'>ergo</span> <span class='ocrx_word' id='word_1_632' title='bbox 1776 995 1902 1044; x_wconf 92' lang='lat' dir='ltr'>primo</span> <span class='ocrx_word' id='word_1_633' title='bbox 1931 997 2048 1043; x_wconf 93' lang='lat' dir='ltr'>quod,</span> <span class='ocrx_word' id='word_1_634' title='bbox 2070 996 2283 1033; x_wconf 90' lang='lat' dir='ltr'>secundum</span> <span class='ocrx_word' id='word_1_635' title='bbox 2308 996 2501 1045; x_wconf 90' lang='lat' dir='ltr'>praedicta</span> <span class='ocrx_word' id='word_1_636' title='bbox 2520 1001 2543 1043; x_wconf 79' lang='lat'>.‘,</span> 
     </span>
     <span class='ocr_line' id='line_1_94' title="bbox 1477 1047 2544 1097; baseline 0.002 -13"><span class='ocrx_word' id='word_1_637' title='bbox 1477 1056 1627 1097; x_wconf 90' lang='lat' dir='ltr'>oportet</span> <span class='ocrx_word' id='word_1_638' title='bbox 1654 1047 1857 1096; x_wconf 88' lang='lat' dir='ltr'>intelligere</span> <span class='ocrx_word' id='word_1_639' title='bbox 1876 1049 1952 1085; x_wconf 93' lang='lat' dir='ltr'>hoc</span> <span class='ocrx_word' id='word_1_640' title='bbox 1971 1049 2076 1097; x_wconf 93' lang='lat' dir='ltr'>quod</span> <span class='ocrx_word' id='word_1_641' title='bbox 2095 1061 2197 1086; x_wconf 90' lang='lat' dir='ltr'>nunc</span> <span class='ocrx_word' id='word_1_642' title='bbox 2216 1049 2380 1086; x_wconf 90' lang='lat' dir='ltr'>diximus</span> <span class='ocrx_word' id='word_1_643' title='bbox 2403 1049 2544 1097; x_wconf 89' lang='lat' dir='ltr'>ignem,</span> 
     </span>
     <span class='ocr_line' id='line_1_95' title="bbox 1477 1100 2545 1151; baseline 0.001 -13"><span class='ocrx_word' id='word_1_644' title='bbox 1477 1100 1617 1138; x_wconf 90' lang='lat' dir='ltr'>scilicet</span> <span class='ocrx_word' id='word_1_645' title='bbox 1635 1101 1828 1138; x_wconf 88' lang='lat' dir='ltr'>fumosam</span> <span class='ocrx_word' id='word_1_646' title='bbox 1854 1101 2145 1149; x_wconf 86' lang='lat' dir='ltr'>exhalationem,</span> <span class='ocrx_word' id='word_1_647' title='bbox 2167 1114 2250 1138; x_wconf 90' lang='lat' dir='ltr'>esse</span> <span class='ocrx_word' id='word_1_648' title='bbox 2277 1109 2318 1138; x_wconf 93' lang='lat' dir='ltr'>ut</span> <span class='ocrx_word' id='word_1_649' title='bbox 2346 1102 2545 1151; x_wconf 89' lang='lat' dir='ltr'>quoddam</span> 
     </span>
     <span class='ocr_line' id='line_1_96' title="bbox 1476 1154 2545 1204; baseline 0 -13"><span class='ocrx_word' id='word_1_650' title='bbox 1476 1156 1752 1204; x_wconf 82' lang='lat' dir='ltr'>hypeccauma,</span> <span class='ocrx_word' id='word_1_651' title='bbox 1782 1154 1879 1191; x_wconf 90' lang='lat' dir='ltr'>idest</span> <span class='ocrx_word' id='word_1_652' title='bbox 1906 1154 2101 1202; x_wconf 85' lang='lat' dir='ltr'>quandam</span> <span class='ocrx_word' id='word_1_653' title='bbox 2121 1154 2330 1191; x_wconf 85' lang='lat' dir='ltr'>materiam</span> <span class='ocrx_word' id='word_1_654' title='bbox 2358 1154 2545 1201; x_wconf 82' lang='lat' dir='ltr'>incendii3</span> 
     </span>
     <span class='ocr_line' id='line_1_97' title="bbox 1478 1206 2546 1257; baseline 0 -13"><span class='ocrx_word' id='word_1_655' title='bbox 1478 1215 1515 1244; x_wconf 89' lang='lat' dir='ltr'>et</span> <span class='ocrx_word' id='word_1_656' title='bbox 1542 1207 1647 1257; x_wconf 93' lang='lat' dir='ltr'>quod</span> <span class='ocrx_word' id='word_1_657' title='bbox 1681 1207 1877 1244; x_wconf 90' lang='lat' dir='ltr'>ordinatur</span> <span class='ocrx_word' id='word_1_658' title='bbox 1904 1207 1943 1244; x_wconf 93' lang='lat' dir='ltr'>in</span> <span class='ocrx_word' id='word_1_659' title='bbox 1972 1206 2200 1244; x_wconf 90' lang='lat' dir='ltr'>rotunditate</span> <span class='ocrx_word' id='word_1_660' title='bbox 2228 1219 2327 1255; x_wconf 90' lang='lat' dir='ltr'>quae</span> <span class='ocrx_word' id='word_1_661' title='bbox 2357 1214 2412 1244; x_wconf 90' lang='lat' dir='ltr'>est</span> <span class='ocrx_word' id='word_1_662' title='bbox 2447 1207 2546 1244; x_wconf 84' lang='lat' dir='ltr'>circa</span> 
     </span>
     <span class='ocr_line' id='line_1_98' title="bbox 1476 1259 2547 1309; baseline 0 -11"><span class='ocrx_word' id='word_1_663' title='bbox 1476 1269 1616 1298; x_wconf 90' lang='lat' dir='ltr'>terram</span> <span class='ocrx_word' id='word_1_664' title='bbox 1650 1260 1784 1297; x_wconf 91' lang='lat' dir='ltr'>ultimo</span> <span class='ocrx_word' id='word_1_665' title='bbox 1823 1260 2062 1309; x_wconf 89' lang='lat' dir='ltr'>(incipiendo</span> <span class='ocrx_word' id='word_1_666' title='bbox 2100 1259 2240 1297; x_wconf 87' lang='lat' dir='ltr'>scilicet</span> <span class='ocrx_word' id='word_1_667' title='bbox 2273 1272 2296 1297; x_wconf 92' lang='lat' dir='ltr'>a</span> <span class='ocrx_word' id='word_1_668' title='bbox 2326 1262 2467 1307; x_wconf 89' lang='lat' dir='ltr'>terra);</span> <span class='ocrx_word' id='word_1_669' title='bbox 2496 1260 2547 1298; x_wconf 86' lang='lat' dir='ltr'>ita</span> 
     </span>
     <span class='ocr_line' id='line_1_99' title="bbox 1478 1312 2546 1363; baseline 0 -13"><span class='ocrx_word' id='word_1_670' title='bbox 1478 1314 1584 1363; x_wconf 92' lang='lat' dir='ltr'>quod</span> <span class='ocrx_word' id='word_1_671' title='bbox 1619 1321 1775 1363; x_wconf 91' lang='lat' dir='ltr'>propter</span> <span class='ocrx_word' id='word_1_672' title='bbox 1807 1312 2130 1362; x_wconf 89' lang='lat' dir='ltr'>propinquitatem</span> <span class='ocrx_word' id='word_1_673' title='bbox 2163 1312 2214 1350; x_wconf 89' lang='lat' dir='ltr'>ad</span> <span class='ocrx_word' id='word_1_674' title='bbox 2241 1320 2392 1351; x_wconf 90' lang='lat' dir='ltr'>motum</span> <span class='ocrx_word' id='word_1_675' title='bbox 2426 1314 2546 1351; x_wconf 89' lang='lat' dir='ltr'>caele-</span> 
     </span>
     <span class='ocr_line' id='line_1_100' title="bbox 1478 1366 2546 1416; baseline -0.001 -12"><span class='ocrx_word' id='word_1_676' title='bbox 1478 1375 1587 1414; x_wconf 91' lang='lat' dir='ltr'>stem,</span> <span class='ocrx_word' id='word_1_677' title='bbox 1604 1379 1719 1416; x_wconf 91' lang='lat' dir='ltr'>saepe</span> <span class='ocrx_word' id='word_1_678' title='bbox 1739 1374 1926 1414; x_wconf 88' lang='lat' dir='ltr'>exuratur,</span> <span class='ocrx_word' id='word_1_679' title='bbox 1943 1366 2104 1404; x_wconf 81' lang='lat' dir='ltr'>sortieris</span> <span class='ocrx_word' id='word_1_680' title='bbox 2128 1373 2378 1414; x_wconf 90' lang='lat' dir='ltr'>augmentum</span> <span class='ocrx_word' id='word_1_681' title='bbox 2399 1366 2546 1415; x_wconf 89' lang='lat' dir='ltr'>caloris,</span> 
     </span>
     <span class='ocr_line' id='line_1_101' title="bbox 1478 1419 2547 1468; baseline -0.001 -11"><span class='ocrx_word' id='word_1_682' title='bbox 1478 1421 1625 1458; x_wconf 88' lang='lat' dir='ltr'>modico</span> <span class='ocrx_word' id='word_1_683' title='bbox 1662 1426 1786 1466; x_wconf 86' lang='lat' dir='ltr'>motu,</span> <span class='ocrx_word' id='word_1_684' title='bbox 1821 1419 1917 1457; x_wconf 91' lang='lat' dir='ltr'>idest</span> <span class='ocrx_word' id='word_1_685' title='bbox 1953 1432 2042 1456; x_wconf 92' lang='lat' dir='ltr'>cum</span> <span class='ocrx_word' id='word_1_686' title='bbox 2062 1419 2082 1441; x_wconf 85' lang='grc'><em>*</em></span> <span class='ocrx_word' id='word_1_687' title='bbox 2108 1431 2247 1468; x_wconf 91' lang='lat' dir='ltr'>parum</span> <span class='ocrx_word' id='word_1_688' title='bbox 2285 1426 2466 1457; x_wconf 90' lang='lat' dir='ltr'>movetur</span> <span class='ocrx_word' id='word_1_689' title='bbox 2501 1431 2547 1456; x_wconf 84' lang='lat' dir='ltr'>ex</span> 
     </span>
     <span class='ocr_line' id='line_1_102' title="bbox 1477 1472 2546 1522; baseline -0.001 -11"><span class='ocrx_word' id='word_1_690' title='bbox 1477 1481 1586 1511; x_wconf 90' lang='lat' dir='ltr'>motu</span> <span class='ocrx_word' id='word_1_691' title='bbox 1614 1473 1818 1522; x_wconf 89' lang='lat' dir='ltr'>superioris</span> <span class='ocrx_word' id='word_1_692' title='bbox 1848 1473 2035 1522; x_wconf 89' lang='lat' dir='ltr'>corporis;</span> <span class='ocrx_word' id='word_1_693' title='bbox 2065 1472 2160 1510; x_wconf 89' lang='lat' dir='ltr'>sicut</span> <span class='ocrx_word' id='word_1_694' title='bbox 2188 1472 2324 1510; x_wconf 89' lang='lat' dir='ltr'>accidit</span> <span class='ocrx_word' id='word_1_695' title='bbox 2352 1472 2400 1510; x_wconf 89' lang='lat' dir='ltr'>de</span> <span class='ocrx_word' id='word_1_696' title='bbox 2425 1473 2546 1520; x_wconf 80' lang='lat' dir='ltr'>sume,</span> 
     </span>
     <span class='ocr_line' id='line_1_103' title="bbox 1479 1525 2548 1564; baseline -0.001 0"><span class='ocrx_word' id='word_1_697' title='bbox 1479 1527 1571 1564; x_wconf 90' lang='lat' dir='ltr'>dum</span> <span class='ocrx_word' id='word_1_698' title='bbox 1587 1526 1801 1564; x_wconf 90' lang='lat' dir='ltr'>incenditur</span> <span class='ocrx_word' id='word_1_699' title='bbox 1817 1533 1852 1563; x_wconf 91' lang='lat' dir='ltr'>et</span> <span class='ocrx_word' id='word_1_700' title='bbox 1870 1527 1913 1563; x_wconf 89' lang='lat' dir='ltr'>fit</span> <span class='ocrx_word' id='word_1_701' title='bbox 1932 1526 2106 1563; x_wconf 87' lang='lat' dir='ltr'>flamma:</span> <span class='ocrx_word' id='word_1_702' title='bbox 2137 1525 2228 1563; x_wconf 92' lang='lat' dir='ltr'>nihil</span> <span class='ocrx_word' id='word_1_703' title='bbox 2248 1525 2351 1563; x_wconf 91' lang='lat' dir='ltr'>enim</span> <span class='ocrx_word' id='word_1_704' title='bbox 2371 1533 2427 1563; x_wconf 90' lang='lat' dir='ltr'>est</span> <span class='ocrx_word' id='word_1_705' title='bbox 2444 1525 2548 1563; x_wconf 85' lang='lat' dir='ltr'>aliud</span> 
     </span>
     <span class='ocr_line' id='line_1_104' title="bbox 1477 1578 2546 1628; baseline -0.002 -10"><span class='ocrx_word' id='word_1_706' title='bbox 1477 1581 1638 1618; x_wconf 89' lang='lat' dir='ltr'>flamma</span> <span class='ocrx_word' id='word_1_707' title='bbox 1665 1591 1782 1628; x_wconf 90' lang='lat' dir='ltr'>quam</span> <span class='ocrx_word' id='word_1_708' title='bbox 1812 1580 1926 1617; x_wconf 91' lang='lat' dir='ltr'>ardor</span> <span class='ocrx_word' id='word_1_709' title='bbox 1952 1579 2123 1628; x_wconf 86' lang='lat' dir='ltr'>spiritus,</span> <span class='ocrx_word' id='word_1_710' title='bbox 2152 1578 2286 1616; x_wconf 82' lang='lat' dir='ltr'>idest*</span> <span class='ocrx_word' id='word_1_711' title='bbox 2313 1578 2420 1627; x_wconf 85' lang='lat' dir='ltr'>fumi,</span> <span class='ocrx_word' id='word_1_712' title='bbox 2445 1578 2546 1616; x_wconf 91' lang='lat' dir='ltr'>sicci.</span> 
     </span>
     <span class='ocr_line' id='line_1_105' title="bbox 1478 1632 2549 1682; baseline 0 -12"><span class='ocrx_word' id='word_1_713' title='bbox 1478 1635 1564 1682; x_wconf 88' lang='lat' dir='ltr'>Ipsa</span> <span class='ocrx_word' id='word_1_714' title='bbox 1579 1645 1668 1681; x_wconf 88' lang='lat' dir='ltr'>ergo</span> <span class='ocrx_word' id='word_1_715' title='bbox 1684 1632 1896 1670; x_wconf 90' lang='lat' dir='ltr'>flammatio</span> <span class='ocrx_word' id='word_1_716' title='bbox 1911 1632 2092 1682; x_wconf 91' lang='lat' dir='ltr'>praedicti</span> <span class='ocrx_word' id='word_1_717' title='bbox 2106 1632 2430 1681; x_wconf 89' lang='lat' dir='ltr'>hypeccaumatis,</span> <span class='ocrx_word' id='word_1_718' title='bbox 2442 1644 2549 1670; x_wconf 88' lang='lat' dir='ltr'>com·</span> 
     </span>
     <span class='ocr_line' id='line_1_106' title="bbox 1478 1685 2549 1735; baseline -0.001 -11"><span class='ocrx_word' id='word_1_719' title='bbox 1478 1686 1644 1724; x_wconf 92' lang='lat' dir='ltr'>muniter</span> <span class='ocrx_word' id='word_1_720' title='bbox 1658 1686 1864 1734; x_wconf 90' lang='lat' dir='ltr'>loquendo,</span> <span class='ocrx_word' id='word_1_721' title='bbox 1882 1693 1936 1722; x_wconf 93' lang='lat' dir='ltr'>est</span> <span class='ocrx_word' id='word_1_722' title='bbox 1950 1685 2144 1733; x_wconf 90' lang='lat' dir='ltr'>generatio</span> <span class='ocrx_word' id='word_1_723' title='bbox 2160 1685 2442 1734; x_wconf 90' lang='lat' dir='ltr'>praedictarum</span> <span class='ocrx_word' id='word_1_724' title='bbox 2461 1697 2549 1735; x_wconf 84' lang='lat' dir='ltr'>pas-</span> 
     </span>
     <span class='ocr_line' id='line_1_107' title="bbox 1478 1738 2548 1788; baseline 0.001 -13"><span class='ocrx_word' id='word_1_725' title='bbox 1478 1739 1643 1786; x_wconf 90' lang='lat' dir='ltr'>sionum,</span> <span class='ocrx_word' id='word_1_726' title='bbox 1671 1751 1716 1776; x_wconf 90' lang='lat' dir='ltr'>ex</span> <span class='ocrx_word' id='word_1_727' title='bbox 1736 1738 2106 1787; x_wconf 91' lang='lat' dir='ltr'>appropinquatione</span> <span class='ocrx_word' id='word_1_728' title='bbox 2135 1738 2317 1776; x_wconf 87' lang='lat' dir='ltr'>materiae</span> <span class='ocrx_word' id='word_1_729' title='bbox 2344 1751 2548 1788; x_wconf 82' lang='lat' dir='ltr'>praepara-</span> 
     </span>
     <span class='ocr_line' id='line_1_108' title="bbox 1477 1791 1920 1830; baseline -0.005 0"><span class='ocrx_word' id='word_1_730' title='bbox 1477 1800 1536 1830; x_wconf 90' lang='lat' dir='ltr'>tae</span> <span class='ocrx_word' id='word_1_731' title='bbox 1566 1804 1702 1829; x_wconf 89' lang='lat' dir='ltr'>causae</span> <span class='ocrx_word' id='word_1_732' title='bbox 1732 1791 1920 1828; x_wconf 89' lang='lat' dir='ltr'>efficienti.</span> 
     </span>
    </p>

    <p class='ocr_par' dir='ltr' id='par_1_25' title="bbox 1478 1844 2551 2426">
     <span class='ocr_line' id='line_1_109' title="bbox 1531 1844 2548 1895; baseline 0 -13"><span class='ocrx_word' id='word_1_733' title='bbox 1531 1857 1569 1892; x_wconf 93' lang='lat'>4.</span> <span class='ocrx_word' id='word_1_734' title='bbox 1590 1845 1739 1882; x_wconf 92' lang='lat' dir='ltr'>Deinde</span> <span class='ocrx_word' id='word_1_735' title='bbox 1761 1857 1849 1881; x_wconf 92' lang='lat' dir='ltr'>cum</span> <span class='ocrx_word' id='word_1_736' title='bbox 1874 1844 1979 1881; x_wconf 89' lang='lat' dir='ltr'>dicit:</span> <span class='ocrx_word' id='word_1_737' title='bbox 2013 1845 2259 1893; x_wconf 85' lang='lat' dir='ltr'>Quacumque</span> <span class='ocrx_word' id='word_1_738' title='bbox 2287 1844 2404 1895; x_wconf 87' lang='lat' dir='ltr'>igitur</span> <span class='ocrx_word' id='word_1_739' title='bbox 2420 1856 2462 1882; x_wconf 88' lang='lat' dir='ltr'>se</span> <span class='ocrx_word' id='word_1_740' title='bbox 2479 1845 2548 1882; x_wconf 88' lang='lat' dir='ltr'>ha-</span> 
     </span>
     <span class='ocr_line' id='line_1_110' title="bbox 1479 1897 2548 1946; baseline -0.002 -10"><span class='ocrx_word' id='word_1_741' title='bbox 1479 1900 1565 1936; x_wconf 81' lang='lat' dir='ltr'>beat</span> <span class='ocrx_word' id='word_1_742' title='bbox 1589 1899 1759 1936; x_wconf 89' lang='lat' dir='ltr'>maxime</span> <span class='ocrx_word' id='word_1_743' title='bbox 1777 1905 1860 1945; x_wconf 91' lang='lat' dir='ltr'>etc.,</span> <span class='ocrx_word' id='word_1_744' title='bbox 1881 1897 2045 1945; x_wconf 90' lang='lat' dir='ltr'>assignat</span> <span class='ocrx_word' id='word_1_745' title='bbox 2067 1897 2319 1935; x_wconf 85' lang='lat' dir='ltr'>differentiam</span> <span class='ocrx_word' id='word_1_746' title='bbox 2338 1897 2548 1946; x_wconf 84' lang='lat' dir='ltr'>praedicta-</span> 
     </span>
     <span class='ocr_line' id='line_1_111' title="bbox 1479 1949 2546 2001; baseline 0 -12"><span class='ocrx_word' id='word_1_747' title='bbox 1479 1964 1564 1989; x_wconf 91' lang='lat' dir='ltr'>rum</span> <span class='ocrx_word' id='word_1_748' title='bbox 1592 1951 1829 2001; x_wconf 89' lang='lat' dir='ltr'>passionum.</span> <span class='ocrx_word' id='word_1_749' title='bbox 1868 1951 1917 1987; x_wconf 91' lang='lat' dir='ltr'>Et</span> <span class='ocrx_word' id='word_1_750' title='bbox 1945 1950 2043 1987; x_wconf 85' lang='lat' dir='ltr'>ci&#39;rca</span> <span class='ocrx_word' id='word_1_751' title='bbox 2070 1951 2146 1988; x_wconf 91' lang='lat' dir='ltr'>hoc</span> <span class='ocrx_word' id='word_1_752' title='bbox 2175 1950 2252 1987; x_wconf 93' lang='lat' dir='ltr'>duo</span> <span class='ocrx_word' id='word_1_753' title='bbox 2281 1950 2379 1988; x_wconf 87' lang='lat' dir='ltr'>facit.</span> <span class='ocrx_word' id='word_1_754' title='bbox 2415 1949 2546 1989; x_wconf 88' lang='lat' dir='ltr'>Primo</span> 
     </span>
     <span class='ocr_line' id='line_1_112' title="bbox 1479 2002 2550 2053; baseline -0.002 -11"><span class='ocrx_word' id='word_1_755' title='bbox 1479 2005 1643 2043; x_wconf 92' lang='lat' dir='ltr'>ostendit</span> <span class='ocrx_word' id='word_1_756' title='bbox 1669 2004 1773 2042; x_wconf 91' lang='lat' dir='ltr'>unde</span> <span class='ocrx_word' id='word_1_757' title='bbox 1793 2004 1838 2041; x_wconf 90' lang='lat' dir='ltr'>sit</span> <span class='ocrx_word' id='word_1_758' title='bbox 1861 2003 2082 2053; x_wconf 90' lang='lat' dir='ltr'>accipienda</span> <span class='ocrx_word' id='word_1_759' title='bbox 2107 2003 2318 2041; x_wconf 85' lang='lat' dir='ltr'>differentia</span> <span class='ocrx_word' id='word_1_760' title='bbox 2337 2003 2362 2040; x_wconf 59' lang='grc' dir='ltr'>ζ.</span> <span class='ocrx_word' id='word_1_761' title='bbox 2392 2004 2442 2041; x_wconf 91' lang='lat' dir='ltr'>Et</span> <span class='ocrx_word' id='word_1_762' title='bbox 2459 2002 2550 2042; x_wconf 86' lang='lat' dir='ltr'>dicit</span> 
     </span>
     <span class='ocr_line' id='line_1_113' title="bbox 1480 2056 2550 2108; baseline -0.002 -12"><span class='ocrx_word' id='word_1_763' title='bbox 1480 2059 1586 2108; x_wconf 92' lang='lat' dir='ltr'>quod</span> <span class='ocrx_word' id='word_1_764' title='bbox 1620 2071 1664 2095; x_wconf 89' lang='lat' dir='ltr'>ex</span> <span class='ocrx_word' id='word_1_765' title='bbox 1693 2070 1768 2107; x_wconf 91' lang='lat' dir='ltr'>qua</span> <span class='ocrx_word' id='word_1_766' title='bbox 1804 2064 1910 2105; x_wconf 91' lang='lat' dir='ltr'>parte</span> <span class='ocrx_word' id='word_1_767' title='bbox 1939 2069 1980 2094; x_wconf 90' lang='lat' dir='ltr'>se</span> <span class='ocrx_word' id='word_1_768' title='bbox 2009 2057 2124 2093; x_wconf 90' lang='lat' dir='ltr'>habet</span> <span class='ocrx_word' id='word_1_769' title='bbox 2159 2056 2354 2106; x_wconf 89' lang='lat' dir='ltr'>praedicta</span> <span class='ocrx_word' id='word_1_770' title='bbox 2391 2056 2550 2095; x_wconf 88' lang='lat' dir='ltr'>materia</span> 
     </span>
     <span class='ocr_line' id='line_1_114' title="bbox 1479 2110 2549 2160; baseline -0.002 -11"><span class='ocrx_word' id='word_1_771' title='bbox 1479 2115 1751 2160; x_wconf 90' lang='lat' dir='ltr'>(quocumque</span> <span class='ocrx_word' id='word_1_772' title='bbox 1789 2110 1909 2147; x_wconf 89' lang='lat' dir='ltr'>modo</span> <span class='ocrx_word' id='word_1_773' title='bbox 1938 2122 1978 2147; x_wconf 94' lang='lat' dir='ltr'>se</span> <span class='ocrx_word' id='word_1_774' title='bbox 2007 2110 2147 2147; x_wconf 91' lang='lat' dir='ltr'>habeat</span> <span class='ocrx_word' id='word_1_775' title='bbox 2173 2110 2256 2147; x_wconf 90' lang='lat' dir='ltr'>talis</span> <span class='ocrx_word' id='word_1_776' title='bbox 2291 2110 2549 2156; x_wconf 83' lang='lat' dir='ltr'>consistentia,</span> 
     </span>
     <span class='ocr_line' id='line_1_115' title="bbox 1479 2163 2551 2214; baseline -0.001 -12"><span class='ocrx_word' id='word_1_777' title='bbox 1479 2165 1575 2202; x_wconf 91' lang='lat' dir='ltr'>idest</span> <span class='ocrx_word' id='word_1_778' title='bbox 1592 2164 1786 2214; x_wconf 90' lang='lat' dir='ltr'>praedicta</span> <span class='ocrx_word' id='word_1_779' title='bbox 1805 2163 1963 2200; x_wconf 90' lang='lat' dir='ltr'>materia</span> <span class='ocrx_word' id='word_1_780' title='bbox 1991 2163 2178 2210; x_wconf 88' lang='lat' dir='ltr'>incendii)</span> <span class='ocrx_word' id='word_1_781' title='bbox 2203 2163 2347 2213; x_wconf 90' lang='lat' dir='ltr'>optime</span> <span class='ocrx_word' id='word_1_782' title='bbox 2368 2163 2551 2213; x_wconf 83' lang='lat' dir='ltr'>disposita</span> 
     </span>
     <span class='ocr_line' id='line_1_116' title="bbox 1480 2215 2546 2266; baseline -0.003 -10"><span class='ocrx_word' id='word_1_783' title='bbox 1480 2219 1529 2256; x_wconf 91' lang='lat' dir='ltr'>ad</span> <span class='ocrx_word' id='word_1_784' title='bbox 1556 2219 1632 2255; x_wconf 90' lang='lat' dir='ltr'>hoc</span> <span class='ocrx_word' id='word_1_785' title='bbox 1650 2217 1756 2266; x_wconf 92' lang='lat' dir='ltr'>quod</span> <span class='ocrx_word' id='word_1_786' title='bbox 1774 2217 1947 2265; x_wconf 90' lang='lat' dir='ltr'>igniatur,</span> <span class='ocrx_word' id='word_1_787' title='bbox 1967 2216 2030 2253; x_wconf 90' lang='lat' dir='ltr'>tali</span> <span class='ocrx_word' id='word_1_788' title='bbox 2050 2216 2170 2254; x_wconf 92' lang='lat' dir='ltr'>modo</span> <span class='ocrx_word' id='word_1_789' title='bbox 2191 2216 2370 2264; x_wconf 88' lang='lat' dir='ltr'>exuritur,</span> <span class='ocrx_word' id='word_1_790' title='bbox 2390 2215 2546 2266; x_wconf 91' lang='lat' dir='ltr'>quando</span> 
     </span>
     <span class='ocr_line' id='line_1_117' title="bbox 1479 2269 2551 2321; baseline -0.001 -13"><span class='ocrx_word' id='word_1_791' title='bbox 1479 2271 1590 2308; x_wconf 87' lang='lat' dir='ltr'>fuerit</span> <span class='ocrx_word' id='word_1_792' title='bbox 1617 2278 1723 2308; x_wconf 90' lang='lat' dir='ltr'>mota</span> <span class='ocrx_word' id='word_1_793' title='bbox 1758 2282 1828 2319; x_wconf 92' lang='lat' dir='ltr'>per</span> <span class='ocrx_word' id='word_1_794' title='bbox 1865 2269 2151 2307; x_wconf 88' lang='lat' dir='ltr'>calefactionem</span> <span class='ocrx_word' id='word_1_795' title='bbox 2180 2282 2203 2307; x_wconf 89' lang='lat' dir='ltr'>a</span> <span class='ocrx_word' id='word_1_796' title='bbox 2232 2269 2403 2321; x_wconf 87' lang='lat' dir='ltr'>circulari</span> <span class='ocrx_word' id='word_1_797' title='bbox 2440 2276 2551 2308; x_wconf 87' lang='lat' dir='ltr'>motu</span> 
     </span>
     <span class='ocr_line' id='line_1_118' title="bbox 1480 2322 2550 2372; baseline -0.001 -11"><span class='ocrx_word' id='word_1_798' title='bbox 1480 2324 1593 2362; x_wconf 90' lang='lat' dir='ltr'>caeli:</span> <span class='ocrx_word' id='word_1_799' title='bbox 1624 2332 1660 2361; x_wconf 93' lang='lat' dir='ltr'>et</span> <span class='ocrx_word' id='word_1_800' title='bbox 1688 2323 1814 2361; x_wconf 86' lang='lat' dir='ltr'>differt</span> <span class='ocrx_word' id='word_1_801' title='bbox 1840 2322 1968 2372; x_wconf 90' lang='lat' dir='ltr'>passio</span> <span class='ocrx_word' id='word_1_802' title='bbox 2007 2323 2169 2371; x_wconf 88' lang='lat' dir='ltr'>exignita</span> <span class='ocrx_word' id='word_1_803' title='bbox 2206 2323 2419 2360; x_wconf 90' lang='lat' dir='ltr'>secundum</span> <span class='ocrx_word' id='word_1_804' title='bbox 2446 2322 2550 2372; x_wconf 91' lang='lat' dir='ltr'>posi-</span> 
     </span>
     <span class='ocr_line' id='line_1_119' title="bbox 1478 2376 2464 2426; baseline -0.001 -11"><span class='ocrx_word' id='word_1_805' title='bbox 1478 2378 1623 2415; x_wconf 91' lang='lat' dir='ltr'>tionem</span> <span class='ocrx_word' id='word_1_806' title='bbox 1651 2376 1868 2426; x_wconf 89' lang='lat' dir='ltr'>praedictae</span> <span class='ocrx_word' id='word_1_807' title='bbox 1897 2376 2077 2413; x_wconf 91' lang='lat' dir='ltr'>materiae</span> <span class='ocrx_word' id='word_1_808' title='bbox 2107 2383 2143 2413; x_wconf 93' lang='lat' dir='ltr'>et</span> <span class='ocrx_word' id='word_1_809' title='bbox 2170 2376 2464 2414; x_wconf 88' lang='lat' dir='ltr'>multitudinem.</span> 
     </span>
    </p>

    <p class='ocr_par' dir='ltr' id='par_1_26' title="bbox 1471 2429 2550 3221">
     <span class='ocr_line' id='line_1_120' title="bbox 1537 2429 2550 2477; baseline -0.001 -10"><span class='ocrx_word' id='word_1_810' title='bbox 1537 2432 1570 2468; x_wconf 91' lang='lat'>5.</span> <span class='ocrx_word' id='word_1_811' title='bbox 1584 2430 1763 2467; x_wconf 89' lang='lat' dir='ltr'>Secundo</span> <span class='ocrx_word' id='word_1_812' title='bbox 1779 2429 1849 2466; x_wconf 88' lang='lat' dir='ltr'>ibi:</span> <span class='ocrx_word' id='word_1_813' title='bbox 1870 2430 1912 2466; x_wconf 88' lang='lat' dir='ltr'>Si</span> <span class='ocrx_word' id='word_1_814' title='bbox 1923 2429 2072 2477; x_wconf 85' lang='lat' dir='ltr'>quidem</span> <span class='ocrx_word' id='word_1_815' title='bbox 2088 2429 2187 2466; x_wconf 84' lang='lat' dir='ltr'>enim</span> <span class='ocrx_word' id='word_1_816' title='bbox 2204 2437 2287 2476; x_wconf 94' lang='lat' dir='ltr'>etc.,</span> <span class='ocrx_word' id='word_1_817' title='bbox 2303 2429 2468 2477; x_wconf 88' lang='lat' dir='ltr'>assignat</span> <span class='ocrx_word' id='word_1_818' title='bbox 2482 2429 2550 2466; x_wconf 88' lang='lat' dir='ltr'>dif-</span> 
     </span>
     <span class='ocr_line' id='line_1_121' title="bbox 1480 2481 2549 2531; baseline -0.002 -11"><span class='ocrx_word' id='word_1_819' title='bbox 1480 2483 1677 2520; x_wconf 91' lang='lat' dir='ltr'>ferentiam</span> <span class='ocrx_word' id='word_1_820' title='bbox 1705 2482 1985 2531; x_wconf 88' lang='lat' dir='ltr'>praedictarum</span> <span class='ocrx_word' id='word_1_821' title='bbox 2010 2482 2246 2531; x_wconf 87' lang='lat' dir='ltr'>passionum.</span> <span class='ocrx_word' id='word_1_822' title='bbox 2268 2483 2317 2518; x_wconf 89' lang='lat' dir='ltr'>Et</span> <span class='ocrx_word' id='word_1_823' title='bbox 2337 2481 2425 2518; x_wconf 94' lang='lat' dir='ltr'>dicit</span> <span class='ocrx_word' id='word_1_824' title='bbox 2442 2482 2549 2530; x_wconf 88' lang='lat' dir='ltr'>quod</span> 
     </span>
     <span class='ocr_line' id='line_1_122' title="bbox 1479 2533 2546 2585; baseline 0 -13"><span class='ocrx_word' id='word_1_825' title='bbox 1479 2536 1510 2573; x_wconf 92' lang='lat' dir='ltr'>si</span> <span class='ocrx_word' id='word_1_826' title='bbox 1529 2535 1721 2585; x_wconf 86' lang='lat' dir='ltr'>praedicta</span> <span class='ocrx_word' id='word_1_827' title='bbox 1749 2534 1909 2572; x_wconf 90' lang='lat' dir='ltr'>materia</span> <span class='ocrx_word' id='word_1_828' title='bbox 1936 2535 2075 2572; x_wconf 90' lang='lat' dir='ltr'>habeat</span> <span class='ocrx_word' id='word_1_829' title='bbox 2099 2546 2280 2583; x_wconf 91' lang='lat' dir='ltr'>magnam</span> <span class='ocrx_word' id='word_1_830' title='bbox 2309 2533 2546 2572; x_wconf 83' lang='lat' dir='ltr'>latitudinem</span> 
     </span>
     <span class='ocr_line' id='line_1_123' title="bbox 1471 2587 2547 2636; baseline 0.002 -13"><span class='ocrx_word' id='word_1_831' title='bbox 1471 2597 1516 2626; x_wconf 92' lang='lat' dir='ltr'>.et</span> <span class='ocrx_word' id='word_1_832' title='bbox 1534 2587 1810 2636; x_wconf 85' lang='lat' dir='ltr'>longitudinem</span> <span class='ocrx_word' id='word_1_833' title='bbox 1829 2594 1855 2634; x_wconf 85' lang='lat'>’¹,</span> <span class='ocrx_word' id='word_1_834' title='bbox 1875 2587 2026 2625; x_wconf 86' lang='lat' dir='ltr'>videtur</span> <span class='ocrx_word' id='word_1_835' title='bbox 2054 2600 2136 2624; x_wconf 90' lang='lat' dir='ltr'>esse</span> <span class='ocrx_word' id='word_1_836' title='bbox 2165 2587 2357 2636; x_wconf 90' lang='lat' dir='ltr'>quaedam</span> <span class='ocrx_word' id='word_1_837' title='bbox 2386 2587 2547 2625; x_wconf 88' lang='lat' dir='ltr'>flamma</span> 
     </span>
     <span class='ocr_line' id='line_1_124' title="bbox 1478 2640 2544 2689; baseline -0.001 -10"><span class='ocrx_word' id='word_1_838' title='bbox 1478 2654 1639 2679; x_wconf 90' lang='lat' dir='ltr'>accensa</span> <span class='ocrx_word' id='word_1_839' title='bbox 1657 2641 1695 2678; x_wconf 92' lang='lat' dir='ltr'>in</span> <span class='ocrx_word' id='word_1_840' title='bbox 1716 2641 1838 2687; x_wconf 91' lang='lat' dir='ltr'>caelo,</span> <span class='ocrx_word' id='word_1_841' title='bbox 1860 2640 1955 2678; x_wconf 92' lang='lat' dir='ltr'>sicut</span> <span class='ocrx_word' id='word_1_842' title='bbox 1974 2653 2063 2677; x_wconf 92' lang='lat' dir='ltr'>cum</span> <span class='ocrx_word' id='word_1_843' title='bbox 2087 2641 2223 2689; x_wconf 92' lang='lat' dir='ltr'>stipula</span> <span class='ocrx_word' id='word_1_844' title='bbox 2243 2641 2350 2678; x_wconf 88' lang='lat' dir='ltr'>ardet</span> <span class='ocrx_word' id='word_1_845' title='bbox 2377 2640 2415 2677; x_wconf 93' lang='lat' dir='ltr'>in</span> <span class='ocrx_word' id='word_1_846' title='bbox 2443 2653 2544 2678; x_wconf 83' lang='lat' dir='ltr'>area.</span> 
     </span>
     <span class='ocr_line' id='line_1_125' title="bbox 1479 2693 2547 2741; baseline -0.001 -10"><span class='ocrx_word' id='word_1_847' title='bbox 1479 2695 1518 2732; x_wconf 91' lang='lat' dir='ltr'>Si</span> <span class='ocrx_word' id='word_1_848' title='bbox 1546 2706 1640 2731; x_wconf 89' lang='lat' dir='ltr'>vero</span> <span class='ocrx_word' id='word_1_849' title='bbox 1661 2707 1739 2731; x_wconf 92' lang='lat' dir='ltr'>non</span> <span class='ocrx_word' id='word_1_850' title='bbox 1759 2694 1898 2731; x_wconf 89' lang='lat' dir='ltr'>habeat</span> <span class='ocrx_word' id='word_1_851' title='bbox 1924 2694 2086 2730; x_wconf 92' lang='lat' dir='ltr'>multum</span> <span class='ocrx_word' id='word_1_852' title='bbox 2106 2693 2145 2731; x_wconf 90' lang='lat' dir='ltr'>in</span> <span class='ocrx_word' id='word_1_853' title='bbox 2169 2693 2376 2741; x_wconf 90' lang='lat' dir='ltr'>latitudine,</span> <span class='ocrx_word' id='word_1_854' title='bbox 2398 2693 2467 2731; x_wconf 89' lang='lat' dir='ltr'>sed</span> <span class='ocrx_word' id='word_1_855' title='bbox 2485 2706 2547 2731; x_wconf 92' lang='lat' dir='ltr'>so-</span> 
     </span>
     <span class='ocr_line' id='line_1_126' title="bbox 1476 2746 2547 2796; baseline -0.001 -11"><span class='ocrx_word' id='word_1_856' title='bbox 1476 2749 1556 2785; x_wconf 91' lang='lat' dir='ltr'>lum</span> <span class='ocrx_word' id='word_1_857' title='bbox 1585 2747 1623 2784; x_wconf 88' lang='lat' dir='ltr'>in</span> <span class='ocrx_word' id='word_1_858' title='bbox 1651 2746 1903 2795; x_wconf 84' lang='lat' dir='ltr'>longitudine,</span> <span class='ocrx_word' id='word_1_859' title='bbox 1937 2754 2166 2795; x_wconf 89' lang='lat' dir='ltr'>generantur</span> <span class='ocrx_word' id='word_1_860' title='bbox 2198 2754 2234 2784; x_wconf 90' lang='lat' dir='ltr'>et</span> <span class='ocrx_word' id='word_1_861' title='bbox 2261 2754 2447 2796; x_wconf 90' lang='lat' dir='ltr'>apparent</span> <span class='ocrx_word' id='word_1_862' title='bbox 2473 2746 2547 2784; x_wconf 89' lang='lat' dir='ltr'>illic</span> 
     </span>
     <span class='ocr_line' id='line_1_127' title="bbox 1476 2799 2547 2850; baseline 0 -12"><span class='ocrx_word' id='word_1_863' title='bbox 1476 2801 1563 2846; x_wconf 85' lang='lat' dir='ltr'>dali,</span> <span class='ocrx_word' id='word_1_864' title='bbox 1585 2801 1680 2838; x_wconf 89' lang='lat' dir='ltr'>idest</span> <span class='ocrx_word' id='word_1_865' title='bbox 1698 2800 1860 2847; x_wconf 82' lang='lat' dir='ltr'>titiones,</span> <span class='ocrx_word' id='word_1_866' title='bbox 1882 2807 1918 2837; x_wconf 90' lang='lat' dir='ltr'>et</span> <span class='ocrx_word' id='word_1_867' title='bbox 1936 2811 2061 2850; x_wconf 80' lang='lat' dir='ltr'>aeges,</span> <span class='ocrx_word' id='word_1_868' title='bbox 2082 2799 2179 2837; x_wconf 89' lang='lat' dir='ltr'>idest</span> <span class='ocrx_word' id='word_1_869' title='bbox 2198 2812 2347 2849; x_wconf 89' lang='lat' dir='ltr'>caprae,</span> <span class='ocrx_word' id='word_1_870' title='bbox 2368 2806 2405 2837; x_wconf 90' lang='lat' dir='ltr'>et</span> <span class='ocrx_word' id='word_1_871' title='bbox 2423 2799 2547 2838; x_wconf 82' lang='lat' dir='ltr'>sidera</span> 
     </span>
     <span class='ocr_line' id='line_1_128' title="bbox 1477 2852 2546 2902; baseline -0.001 -11"><span class='ocrx_word' id='word_1_872' title='bbox 1477 2853 1731 2892; x_wconf 88' lang='lat' dir='ltr'>discurrentia.</span> <span class='ocrx_word' id='word_1_873' title='bbox 1771 2853 1873 2900; x_wconf 88' lang='lat' dir='ltr'>Quia</span> <span class='ocrx_word' id='word_1_874' title='bbox 1895 2852 1915 2874; x_wconf 79' lang='lat'><strong><em>*</em></strong></span> <span class='ocrx_word' id='word_1_875' title='bbox 1943 2852 1972 2890; x_wconf 89' lang='lat' dir='ltr'>si</span> <span class='ocrx_word' id='word_1_876' title='bbox 2008 2852 2202 2902; x_wconf 87' lang='lat' dir='ltr'>praedicta</span> <span class='ocrx_word' id='word_1_877' title='bbox 2239 2853 2399 2890; x_wconf 88' lang='lat' dir='ltr'>materia</span> <span class='ocrx_word' id='word_1_878' title='bbox 2436 2853 2546 2890; x_wconf 85' lang='lat' dir='ltr'>fuerit</span> 
     </span>
     <span class='ocr_line' id='line_1_129' title="bbox 1476 2905 2543 2956; baseline 0 -12"><span class='ocrx_word' id='word_1_879' title='bbox 1476 2908 1561 2956; x_wconf 89' lang='lat' dir='ltr'>plus</span> <span class='ocrx_word' id='word_1_880' title='bbox 1581 2907 1791 2944; x_wconf 88' lang='lat' dir='ltr'>secundum</span> <span class='ocrx_word' id='word_1_881' title='bbox 1816 2905 2091 2954; x_wconf 90' lang='lat' dir='ltr'>longitudinem</span> <span class='ocrx_word' id='word_1_882' title='bbox 2113 2918 2231 2954; x_wconf 90' lang='lat' dir='ltr'>quam</span> <span class='ocrx_word' id='word_1_883' title='bbox 2246 2906 2266 2928; x_wconf 84' lang='grc'><em>*</em></span> <span class='ocrx_word' id='word_1_884' title='bbox 2293 2905 2543 2955; x_wconf 84' lang='lat' dir='ltr'>latitudinem,</span> 
     </span>
     <span class='ocr_line' id='line_1_130' title="bbox 1477 2959 2544 3009; baseline 0 -12"><span class='ocrx_word' id='word_1_885' title='bbox 1477 2968 1512 2997; x_wconf 92' lang='lat' dir='ltr'>et</span> <span class='ocrx_word' id='word_1_886' title='bbox 1531 2960 1686 3009; x_wconf 91' lang='lat' dir='ltr'>quando</span> <span class='ocrx_word' id='word_1_887' title='bbox 1707 2960 1816 2997; x_wconf 90' lang='lat' dir='ltr'>simul</span> <span class='ocrx_word' id='word_1_888' title='bbox 1845 2959 1938 2996; x_wconf 90' lang='lat' dir='ltr'>dum</span> <span class='ocrx_word' id='word_1_889' title='bbox 1969 2959 2216 3007; x_wconf 91' lang='lat' dir='ltr'>comburitur,</span> <span class='ocrx_word' id='word_1_890' title='bbox 2236 2959 2331 3007; x_wconf 89' lang='lat' dir='ltr'>ignis</span> <span class='ocrx_word' id='word_1_891' title='bbox 2358 2959 2544 3007; x_wconf 85' lang='lat' dir='ltr'>scintillat,</span> 
     </span>
     <span class='ocr_line' id='line_1_131' title="bbox 1475 3011 2547 3063; baseline 0 -13"><span class='ocrx_word' id='word_1_892' title='bbox 1475 3013 1571 3050; x_wconf 91' lang='lat' dir='ltr'>idest</span> <span class='ocrx_word' id='word_1_893' title='bbox 1588 3013 1738 3050; x_wconf 88' lang='lat' dir='ltr'>videtur</span> <span class='ocrx_word' id='word_1_894' title='bbox 1757 3012 1866 3050; x_wconf 91' lang='lat' dir='ltr'>salire</span> <span class='ocrx_word' id='word_1_895' title='bbox 1896 3020 1932 3050; x_wconf 91' lang='lat' dir='ltr'>et</span> <span class='ocrx_word' id='word_1_896' title='bbox 1951 3012 2159 3050; x_wconf 89' lang='lat' dir='ltr'>discurrere</span> <span class='ocrx_word' id='word_1_897' title='bbox 2179 3012 2288 3061; x_wconf 87' lang='lat' dir='ltr'>quasi</span> <span class='ocrx_word' id='word_1_898' title='bbox 2307 3024 2433 3063; x_wconf 82' lang='lat' dir='ltr'>aeges,</span> <span class='ocrx_word' id='word_1_899' title='bbox 2449 3011 2547 3050; x_wconf 90' lang='lat' dir='ltr'>idest</span> 
     </span>
     <span class='ocr_line' id='line_1_132' title="bbox 1475 3065 2543 3117; baseline 0 -14"><span class='ocrx_word' id='word_1_900' title='bbox 1475 3066 1569 3103; x_wconf 90' lang='lat' dir='ltr'>sicut</span> <span class='ocrx_word' id='word_1_901' title='bbox 1598 3078 1732 3115; x_wconf 87' lang='lat' dir='ltr'>caprae</span> <span class='ocrx_word' id='word_1_902' title='bbox 1762 3066 1881 3115; x_wconf 89' lang='lat' dir='ltr'>(quod</span> <span class='ocrx_word' id='word_1_903' title='bbox 1910 3065 2067 3115; x_wconf 90' lang='lat' dir='ltr'>quidem</span> <span class='ocrx_word' id='word_1_904' title='bbox 2097 3066 2139 3117; x_wconf 54' lang='lat' dir='ltr'>fi!</span> <span class='ocrx_word' id='word_1_905' title='bbox 2166 3073 2324 3114; x_wconf 91' lang='lat' dir='ltr'>propter</span> <span class='ocrx_word' id='word_1_906' title='bbox 2341 3066 2416 3103; x_wconf 93' lang='lat' dir='ltr'>hoc</span> <span class='ocrx_word' id='word_1_907' title='bbox 2435 3065 2543 3114; x_wconf 89' lang='lat' dir='ltr'>quod</span> 
     </span>
     <span class='ocr_line' id='line_1_133' title="bbox 1474 3118 2545 3169; baseline 0 -13"><span class='ocrx_word' id='word_1_908' title='bbox 1474 3119 1602 3169; x_wconf 91' lang='lat' dir='ltr'>incipit</span> <span class='ocrx_word' id='word_1_909' title='bbox 1630 3119 1735 3167; x_wconf 86' lang='lat' dir='ltr'>igniri</span> <span class='ocrx_word' id='word_1_910' title='bbox 1765 3131 1843 3156; x_wconf 91' lang='lat' dir='ltr'>non</span> <span class='ocrx_word' id='word_1_911' title='bbox 1871 3127 1950 3156; x_wconf 91' lang='lat' dir='ltr'>tota</span> <span class='ocrx_word' id='word_1_912' title='bbox 1978 3118 2135 3156; x_wconf 90' lang='lat' dir='ltr'>materia</span> <span class='ocrx_word' id='word_1_913' title='bbox 2168 3118 2291 3167; x_wconf 88' lang='lat' dir='ltr'>simul,</span> <span class='ocrx_word' id='word_1_914' title='bbox 2312 3119 2379 3156; x_wconf 92' lang='lat' dir='ltr'>sed</span> <span class='ocrx_word' id='word_1_915' title='bbox 2408 3131 2545 3156; x_wconf 91' lang='lat' dir='ltr'>secun-</span> 
     </span>
     <span class='ocr_line' id='line_1_134' title="bbox 1476 3171 2542 3221; baseline 0 -12"><span class='ocrx_word' id='word_1_916' title='bbox 1476 3173 1568 3210; x_wconf 93' lang='lat' dir='ltr'>dum</span> <span class='ocrx_word' id='word_1_917' title='bbox 1606 3172 1750 3221; x_wconf 90' lang='lat' dir='ltr'>aliquas</span> <span class='ocrx_word' id='word_1_918' title='bbox 1778 3184 1917 3221; x_wconf 87' lang='lat' dir='ltr'>parvas</span> <span class='ocrx_word' id='word_1_919' title='bbox 1949 3180 2094 3221; x_wconf 88' lang='lat' dir='ltr'>partes,</span> <span class='ocrx_word' id='word_1_920' title='bbox 2124 3171 2307 3221; x_wconf 91' lang='lat' dir='ltr'>incipiens</span> <span class='ocrx_word' id='word_1_921' title='bbox 2337 3183 2382 3209; x_wconf 90' lang='lat' dir='ltr'>ex</span> <span class='ocrx_word' id='word_1_922' title='bbox 2415 3171 2542 3221; x_wconf 87' lang='lat' dir='ltr'>aliquo</span> 
     </span>
    </p>
   </div>
   <div class='ocr_carea' id='block_1_20' title="bbox 1473 3277 2542 3673">
    <p class='ocr_par' dir='ltr' id='par_1_27' title="bbox 1473 3277 2542 3417">
     <span class='ocr_line' id='line_1_135' title="bbox 1527 3277 2542 3313; baseline 0.001 -10"><span class='ocrx_word' id='word_1_923' title='bbox 1527 3279 1549 3313; x_wconf 88' lang='grc' dir='ltr'>ε)</span> <span class='ocrx_word' id='word_1_924' title='bbox 1563 3279 1642 3311; x_wconf 85' lang='lat' dir='ltr'>quod,</span> <span class='ocrx_word' id='word_1_925' title='bbox 1656 3279 1800 3304; x_wconf 82' lang='lat' dir='ltr'>secundum</span> <span class='ocrx_word' id='word_1_926' title='bbox 1811 3278 1964 3310; x_wconf 83' lang='lat' dir='ltr'>praedicta.</span> <span class='ocrx_word' id='word_1_927' title='bbox 1973 3292 1991 3296; x_wconf 97' lang='lat'>-</span> <span class='ocrx_word' id='word_1_928' title='bbox 2004 3278 2076 3311; x_wconf 86' lang='lat' dir='ltr'>quod</span> <span class='ocrx_word' id='word_1_929' title='bbox 2084 3277 2228 3310; x_wconf 78' lang='lat' dir='ltr'>praedicta</span> <span class='ocrx_word' id='word_1_930' title='bbox 2243 3277 2289 3303; x_wconf 77' lang='lat' dir='ltr'>Pa.</span> <span class='ocrx_word' id='word_1_931' title='bbox 2302 3291 2322 3296; x_wconf 98' lang='lat'>-</span> <span class='ocrx_word' id='word_1_932' title='bbox 2335 3277 2386 3303; x_wconf 88' lang='lat' dir='ltr'>Pro</span> <span class='ocrx_word' id='word_1_933' title='bbox 2398 3278 2448 3304; x_wconf 78' lang='lat' dir='ltr'>hoc</span> <span class='ocrx_word' id='word_1_934' title='bbox 2461 3278 2542 3311; x_wconf 77' lang='lat' dir='ltr'>quod,</span> 
     </span>
     <span class='ocr_line' id='line_1_136' title="bbox 1473 3313 2542 3347; baseline 0.001 -8"><span class='ocrx_word' id='word_1_935' title='bbox 1473 3314 1516 3339; x_wconf 88' lang='lat' dir='ltr'>hic</span> <span class='ocrx_word' id='word_1_936' title='bbox 1529 3314 1600 3346; x_wconf 88' lang='lat' dir='ltr'>quod</span> <span class='ocrx_word' id='word_1_937' title='bbox 1614 3314 1659 3339; x_wconf 85' lang='lat' dir='ltr'>Pa.</span> <span class='ocrx_word' id='word_1_938' title='bbox 1678 3328 1696 3334; x_wconf 87' lang='lat'>—-</span> <span class='ocrx_word' id='word_1_939' title='bbox 1715 3314 1765 3339; x_wconf 88' lang='lat' dir='ltr'>Pro</span> <span class='ocrx_word' id='word_1_940' title='bbox 1783 3314 1928 3347; x_wconf 83' lang='lat' dir='ltr'>quoddam,</span> <span class='ocrx_word' id='word_1_941' title='bbox 1943 3314 2052 3346; x_wconf 87' lang='lat' dir='ltr'>quidam</span> <span class='ocrx_word' id='word_1_942' title='bbox 2071 3314 2129 3343; x_wconf 83' lang='lat' dir='ltr'>AB3</span> <span class='ocrx_word' id='word_1_943' title='bbox 2149 3321 2197 3346; x_wconf 90' lang='lat' dir='ltr'>pro</span> <span class='ocrx_word' id='word_1_944' title='bbox 2216 3313 2285 3338; x_wconf 78' lang='lat' dir='ltr'>idest</span> <span class='ocrx_word' id='word_1_945' title='bbox 2302 3313 2438 3346; x_wconf 82' lang='lat' dir='ltr'>quandam</span> <span class='ocrx_word' id='word_1_946' title='bbox 2458 3316 2542 3340; x_wconf 65' lang='lat' dir='ltr'>mate-</span> 
     </span>
     <span class='ocr_line' id='line_1_137' title="bbox 1474 3346 2542 3383; baseline 0 -9"><span class='ocrx_word' id='word_1_947' title='bbox 1474 3349 1542 3374; x_wconf 83' lang='lat' dir='ltr'>riam</span> <span class='ocrx_word' id='word_1_948' title='bbox 1563 3349 1691 3379; x_wconf 85' lang='lat' dir='ltr'>incendii,</span> <span class='ocrx_word' id='word_1_949' title='bbox 1711 3349 1760 3375; x_wconf 85' lang='lat' dir='ltr'>hoc</span> <span class='ocrx_word' id='word_1_950' title='bbox 1779 3353 1818 3374; x_wconf 85' lang='lat' dir='ltr'>est</span> <span class='ocrx_word' id='word_1_951' title='bbox 1836 3349 1967 3382; x_wconf 82' lang='lat' dir='ltr'>quaedam</span> <span class='ocrx_word' id='word_1_952' title='bbox 1987 3349 2101 3374; x_wconf 84' lang='lat' dir='ltr'>materia</span> <span class='ocrx_word' id='word_1_953' title='bbox 2121 3348 2227 3374; x_wconf 79' lang='lat' dir='ltr'>incendi</span> <span class='ocrx_word' id='word_1_954' title='bbox 2246 3346 2375 3382; x_wconf 82' lang='lat' dir='ltr'>(incendii</span> <span class='ocrx_word' id='word_1_955' title='bbox 2393 3349 2434 3374; x_wconf 84' lang='lat' dir='ltr'>ed.</span> <span class='ocrx_word' id='word_1_956' title='bbox 2447 3346 2482 3383; x_wconf 79' lang='lat' dir='ltr'>a)</span> <span class='ocrx_word' id='word_1_957' title='bbox 2502 3349 2542 3374; x_wconf 80' lang='lat' dir='ltr'>Pa</span> 
     </span>
     <span class='ocr_line' id='line_1_138' title="bbox 1474 3383 2489 3417; baseline 0 -8"><span class='ocrx_word' id='word_1_958' title='bbox 1474 3390 1498 3409; x_wconf 92' lang='lat' dir='ltr'>et</span> <span class='ocrx_word' id='word_1_959' title='bbox 1518 3385 1558 3410; x_wconf 88' lang='lat' dir='ltr'>ed.</span> <span class='ocrx_word' id='word_1_960' title='bbox 1577 3383 1651 3409; x_wconf 81' lang='lat'>1561.</span> <span class='ocrx_word' id='word_1_961' title='bbox 1669 3398 1687 3404; x_wconf 88' lang='lat'>-</span> <span class='ocrx_word' id='word_1_962' title='bbox 1706 3385 1768 3409; x_wconf 83' lang='lat' dir='ltr'>Post</span> <span class='ocrx_word' id='word_1_963' title='bbox 1786 3392 1865 3409; x_wconf 77' lang='lat' dir='ltr'>unam</span> <span class='ocrx_word' id='word_1_964' title='bbox 1886 3384 1928 3409; x_wconf 87' lang='lat' dir='ltr'>lin.</span> <span class='ocrx_word' id='word_1_965' title='bbox 1948 3392 1996 3417; x_wconf 87' lang='lat' dir='ltr'>pro</span> <span class='ocrx_word' id='word_1_966' title='bbox 2015 3384 2053 3409; x_wconf 89' lang='lat' dir='ltr'>ita</span> <span class='ocrx_word' id='word_1_967' title='bbox 2072 3384 2151 3416; x_wconf 83' lang='lat' dir='ltr'>quod,</span> <span class='ocrx_word' id='word_1_968' title='bbox 2171 3383 2292 3416; x_wconf 83' lang='lat' dir='ltr'>quodque</span> <span class='ocrx_word' id='word_1_969' title='bbox 2311 3384 2364 3413; x_wconf 78' lang='lat' dir='ltr'>Pa‚·</span> <span class='ocrx_word' id='word_1_970' title='bbox 2382 3384 2414 3409; x_wconf 87' lang='lat' dir='ltr'>cf.</span> <span class='ocrx_word' id='word_1_971' title='bbox 2429 3388 2489 3409; x_wconf 85' lang='lat' dir='ltr'>text.</span> 
     </span>
    </p>

    <p class='ocr_par' dir='ltr' id='par_1_28' title="bbox 1474 3419 2542 3489">
     <span class='ocr_line' id='line_1_139' title="bbox 1526 3419 2542 3454; baseline -0.001 -9"><span class='ocrx_word' id='word_1_972' title='bbox 1526 3419 1552 3454; x_wconf 79' lang='grc' dir='ltr'>ζ)</span> <span class='ocrx_word' id='word_1_973' title='bbox 1574 3421 1608 3445; x_wconf 85' lang='lat' dir='ltr'>Et</span> <span class='ocrx_word' id='word_1_974' title='bbox 1626 3420 1699 3445; x_wconf 86' lang='lat' dir='ltr'>circa</span> <span class='ocrx_word' id='word_1_975' title='bbox 1717 3421 1800 3445; x_wconf 84' lang='lat' dir='ltr'>hoc...</span> <span class='ocrx_word' id='word_1_976' title='bbox 1816 3419 1975 3453; x_wconf 74' lang='lat' dir='ltr'>differentia.</span> <span class='ocrx_word' id='word_1_977' title='bbox 1994 3434 2012 3438; x_wconf 98' lang='lat'>-</span> <span class='ocrx_word' id='word_1_978' title='bbox 2030 3419 2171 3445; x_wconf 75' lang='lat' dir='ltr'>ostendens</span> <span class='ocrx_word' id='word_1_979' title='bbox 2190 3419 2322 3452; x_wconf 84' lang='lat' dir='ltr'>quomodo</span> <span class='ocrx_word' id='word_1_980' title='bbox 2337 3419 2373 3444; x_wconf 86' lang='lat' dir='ltr'>sit</span> <span class='ocrx_word' id='word_1_981' title='bbox 2386 3419 2542 3452; x_wconf 75' lang='lat' dir='ltr'>accipienda</span> 
     </span>
     <span class='ocr_line' id='line_1_140' title="bbox 1474 3454 2542 3489; baseline 0 -9"><span class='ocrx_word' id='word_1_982' title='bbox 1474 3455 1625 3489; x_wconf 71' lang='lat' dir='ltr'>differentia</span> <span class='ocrx_word' id='word_1_983' title='bbox 1644 3463 1736 3480; x_wconf 84' lang='lat' dir='ltr'>earum</span> <span class='ocrx_word' id='word_1_984' title='bbox 1756 3455 1810 3484; x_wconf 88' lang='lat' dir='ltr'>Pa,·</span> <span class='ocrx_word' id='word_1_985' title='bbox 1829 3455 1861 3480; x_wconf 82' lang='lat' dir='ltr'>cf.</span> <span class='ocrx_word' id='word_1_986' title='bbox 1873 3461 1926 3480; x_wconf 81' lang='lat' dir='ltr'>not.</span> <span class='ocrx_word' id='word_1_987' title='bbox 1940 3463 2030 3488; x_wconf 74' lang='lat' dir='ltr'>seq.-</span> <span class='ocrx_word' id='word_1_988' title='bbox 2011 3455 2102 3480; x_wconf 83' lang='lat' dir='ltr'>-Mox</span> <span class='ocrx_word' id='word_1_989' title='bbox 2117 3455 2155 3479; x_wconf 85' lang='lat' dir='ltr'>Pa</span> <span class='ocrx_word' id='word_1_990' title='bbox 2169 3462 2217 3488; x_wconf 88' lang='lat' dir='ltr'>pro</span> <span class='ocrx_word' id='word_1_991' title='bbox 2229 3461 2393 3488; x_wconf 80' lang='lat' dir='ltr'>quocumque</span> <span class='ocrx_word' id='word_1_992' title='bbox 2410 3454 2491 3480; x_wconf 81' lang='lat' dir='ltr'>modo</span> <span class='ocrx_word' id='word_1_993' title='bbox 2505 3455 2542 3480; x_wconf 82' lang='lat' dir='ltr'>le·</span> 
     </span>
    </p>

    <p class='ocr_par' dir='ltr' id='par_1_29' title="bbox 1473 3491 2012 3524">
     <span class='ocr_line' id='line_1_141' title="bbox 1473 3491 2012 3524; baseline -0.002 -7.965"><span class='ocrx_word' id='word_1_994' title='bbox 1473 3497 1536 3523; x_wconf 81' lang='lat' dir='ltr'>gunt</span> <span class='ocrx_word' id='word_1_995' title='bbox 1555 3491 1806 3524; x_wconf 85' lang='lat' dir='ltr'>quomodocumque,</span> <span class='ocrx_word' id='word_1_996' title='bbox 1827 3496 1851 3515; x_wconf 87' lang='lat' dir='ltr'>et</span> <span class='ocrx_word' id='word_1_997' title='bbox 1870 3498 1922 3515; x_wconf 88' lang='lat' dir='ltr'>om.</span> <span class='ocrx_word' id='word_1_998' title='bbox 1943 3491 2012 3516; x_wconf 83' lang='lat' dir='ltr'>talis.</span> 
     </span>
    </p>

    <p class='ocr_par' dir='ltr' id='par_1_30' title="bbox 1473 3524 2542 3665">
     <span class='ocr_line' id='line_1_142' title="bbox 1526 3524 2542 3560; baseline -0.001 -8.983"><span class='ocrx_word' id='word_1_999' title='bbox 1526 3525 1553 3560; x_wconf 91' lang='grc' dir='ltr'>η)</span> <span class='ocrx_word' id='word_1_1000' title='bbox 1575 3526 1696 3551; x_wconf 86' lang='lat' dir='ltr'>Secundo</span> <span class='ocrx_word' id='word_1_1001' title='bbox 1716 3526 1777 3551; x_wconf 85' lang='lat' dir='ltr'>ibi..</span> <span class='ocrx_word' id='word_1_1002' title='bbox 1779 3526 2003 3559; x_wconf 59' lang='lat' dir='ltr'>dongitudinem.</span> <span class='ocrx_word' id='word_1_1003' title='bbox 2021 3539 2040 3544; x_wconf 94' lang='lat'>-</span> <span class='ocrx_word' id='word_1_1004' title='bbox 2059 3525 2091 3550; x_wconf 85' lang='lat' dir='ltr'>Si</span> <span class='ocrx_word' id='word_1_1005' title='bbox 2108 3525 2178 3550; x_wconf 80' lang='lat' dir='ltr'>enim</span> <span class='ocrx_word' id='word_1_1006' title='bbox 2198 3524 2342 3557; x_wconf 79' lang='lat' dir='ltr'>praedicta</span> <span class='ocrx_word' id='word_1_1007' title='bbox 2361 3524 2476 3551; x_wconf 77' lang='lat' dir='ltr'>materia</span> <span class='ocrx_word' id='word_1_1008' title='bbox 2494 3525 2542 3550; x_wconf 78' lang='lat' dir='ltr'>ha-</span> 
     </span>
     <span class='ocr_line' id='line_1_143' title="bbox 1474 3559 2541 3595; baseline -0.002 -9"><span class='ocrx_word' id='word_1_1009' title='bbox 1474 3562 1534 3586; x_wconf 83' lang='lat' dir='ltr'>beat</span> <span class='ocrx_word' id='word_1_1010' title='bbox 1553 3569 1679 3595; x_wconf 82' lang='lat' dir='ltr'>magnam</span> <span class='ocrx_word' id='word_1_1011' title='bbox 1704 3561 1899 3594; x_wconf 81' lang='lat' dir='ltr'>longitudinem</span> <span class='ocrx_word' id='word_1_1012' title='bbox 1918 3565 1945 3586; x_wconf 83' lang='lat' dir='ltr'>et</span> <span class='ocrx_word' id='word_1_1013' title='bbox 1963 3561 2131 3586; x_wconf 81' lang='lat' dir='ltr'>latitudinem</span> <span class='ocrx_word' id='word_1_1014' title='bbox 2151 3561 2204 3589; x_wconf 83' lang='lat' dir='ltr'>Pa;</span> <span class='ocrx_word' id='word_1_1015' title='bbox 2229 3567 2277 3593; x_wconf 89' lang='lat' dir='ltr'>pro</span> <span class='ocrx_word' id='word_1_1016' title='bbox 2299 3560 2397 3586; x_wconf 73' lang='lat' dir='ltr'>omissa</span> <span class='ocrx_word' id='word_1_1017' title='bbox 2421 3559 2541 3585; x_wconf 68' lang='lat' dir='ltr'>citatione</span> 
     </span>
     <span class='ocr_line' id='line_1_144' title="bbox 1474 3595 2540 3638; baseline -0.001 -17"><span class='ocrx_word' id='word_1_1018' title='bbox 1474 3602 1565 3627; x_wconf 85' lang='lat' dir='ltr'>textus,</span> <span class='ocrx_word' id='word_1_1019' title='bbox 1586 3597 1727 3622; x_wconf 82' lang='lat' dir='ltr'>notandum</span> <span class='ocrx_word' id='word_1_1020' title='bbox 1747 3602 1787 3621; x_wconf 89' lang='lat' dir='ltr'>est</span> <span class='ocrx_word' id='word_1_1021' title='bbox 1807 3597 1844 3621; x_wconf 85' lang='grc' dir='ltr'>Ρα</span> <span class='ocrx_word' id='word_1_1022' title='bbox 1863 3604 1941 3630; x_wconf 84' lang='lat' dir='ltr'>supra</span> <span class='ocrx_word' id='word_1_1023' title='bbox 1961 3596 2113 3621; x_wconf 83' lang='lat' dir='ltr'>divisionem</span> <span class='ocrx_word' id='word_1_1024' title='bbox 2133 3595 2188 3621; x_wconf 85' lang='lat' dir='ltr'>eius</span> <span class='ocrx_word' id='word_1_1025' title='bbox 2206 3596 2398 3638; x_wconf 65' lang='lat' dir='ltr'>suppreesisse«</span> <span class='ocrx_word' id='word_1_1026' title='bbox 2413 3595 2465 3620; x_wconf 81' lang='lat' dir='ltr'>Pro</span> <span class='ocrx_word' id='word_1_1027' title='bbox 2484 3602 2540 3619; x_wconf 77' lang='lat' dir='ltr'>ma—</span> 
     </span>
     <span class='ocr_line' id='line_1_145' title="bbox 1473 3626 2542 3673; baseline -0.002 -16"><span class='ocrx_word' id='word_1_1028' title='bbox 1473 3639 1555 3665; x_wconf 81' lang='lat' dir='ltr'>gnam</span> <span class='ocrx_word' id='word_1_1029' title='bbox 1566 3633 1610 3673; x_wconf 81' lang='lat' dir='ltr'>AB</span> <span class='ocrx_word' id='word_1_1030' title='bbox 1626 3633 1714 3665; x_wconf 88' lang='lat' dir='ltr'>legunt</span> <span class='ocrx_word' id='word_1_1031' title='bbox 1726 3632 1854 3665; x_wconf 55' lang='lat' dir='ltr'>magis-</span> <span class='ocrx_word' id='word_1_1032' title='bbox 1834 3631 1926 3656; x_wconf 79' lang='lat' dir='ltr'>-Lim</span> <span class='ocrx_word' id='word_1_1033' title='bbox 1941 3639 1996 3664; x_wconf 86' lang='lat' dir='ltr'>seq.</span> <span class='ocrx_word' id='word_1_1034' title='bbox 2008 3639 2055 3664; x_wconf 88' lang='lat' dir='ltr'>pro</span> <span class='ocrx_word' id='word_1_1035' title='bbox 2070 3631 2096 3656; x_wconf 88' lang='lat' dir='ltr'>in</span> <span class='ocrx_word' id='word_1_1036' title='bbox 2111 3637 2176 3656; x_wconf 79' lang='lat' dir='ltr'>area</span> <span class='ocrx_word' id='word_1_1037' title='bbox 2191 3628 2228 3663; x_wconf 76' lang='grc' dir='ltr'>(ἐν</span> <span class='ocrx_word' id='word_1_1038' title='bbox 2243 3626 2362 3664; x_wconf 75' lang='grc' dir='ltr'>ἇρουρᾳ),</span> <span class='ocrx_word' id='word_1_1039' title='bbox 2375 3630 2402 3655; x_wconf 87' lang='lat' dir='ltr'>in</span> <span class='ocrx_word' id='word_1_1040' title='bbox 2415 3636 2478 3655; x_wconf 82' lang='lat' dir='ltr'>aere</span> <span class='ocrx_word' id='word_1_1041' title='bbox 2486 3630 2542 3655; x_wconf 90' lang='lat' dir='ltr'>AB</span> 
     </span>
    </p>
   </div>
   <div class='ocr_carea' id='block_1_21' title="bbox 2594 639 2782 667">
    <p class='ocr_par' dir='ltr' id='par_1_31' title="bbox 2594 639 2782 667">
     <span class='ocr_line' id='line_1_146' title="bbox 2594 639 2782 667; baseline 0.005 -6"><span class='ocrx_word' id='word_1_1042' title='bbox 2594 639 2658 661; x_wconf 79' lang='lat' dir='ltr'>Lect.</span> <span class='ocrx_word' id='word_1_1043' title='bbox 2668 645 2718 667; x_wconf 76' lang='lat' dir='ltr'>seq.</span> <span class='ocrx_word' id='word_1_1044' title='bbox 2727 645 2751 662; x_wconf 87' lang='lat' dir='ltr'>n.</span> <span class='ocrx_word' id='word_1_1045' title='bbox 2758 645 2782 667; x_wconf 81' lang='grc'>4.</span> 
     </span>
    </p>
   </div>
   <div class='ocr_carea' id='block_1_22' title="bbox 2571 792 2782 841">
    <p class='ocr_par' dir='ltr' id='par_1_32' title="bbox 2571 792 2782 841">
     <span class='ocr_line' id='line_1_147' title="bbox 2571 792 2782 821; baseline 0.005 -7.093"><span class='ocrx_word' id='word_1_1046' title='bbox 2571 792 2738 821; x_wconf 73' lang='lat' dir='ltr'>&#39;differentiae</span> <span class='ocrx_word' id='word_1_1047' title='bbox 2744 798 2782 815; x_wconf 81' lang='lat' dir='ltr'>eo·</span> 
     </span>
     <span class='ocr_line' id='line_1_148' title="bbox 2571 825 2676 841; baseline 0 0"><span class='ocrx_word' id='word_1_1048' title='bbox 2571 825 2623 841; x_wconf 82' lang='lat' dir='ltr'>rum</span> <span class='ocrx_word' id='word_1_1049' title='bbox 2636 825 2676 841; x_wconf 70' lang='lat' dir='ltr'>ra.</span> 
     </span>
    </p>
   </div>
   <div class='ocr_carea' id='block_1_23' title="bbox 2570 849 2727 926">
    <p class='ocr_par' dir='ltr' id='par_1_33' title="bbox 2570 849 2727 926">
     <span class='ocr_line' id='line_1_149' title="bbox 2570 849 2727 878; baseline 0 -6"><span class='ocrx_word' id='word_1_1050' title='bbox 2570 850 2580 861; x_wconf 80' lang='grc'><strong>”</strong></span> <span class='ocrx_word' id='word_1_1051' title='bbox 2596 849 2667 872; x_wconf 82' lang='lat' dir='ltr'>Num.</span> <span class='ocrx_word' id='word_1_1052' title='bbox 2678 855 2727 878; x_wconf 72' lang='lat' dir='ltr'>neq.</span> 
     </span>
     <span class='ocr_line' id='line_1_150' title="bbox 2572 884 2720 926; baseline 0 -6"><span class='ocrx_word' id='word_1_1053' title='bbox 2572 900 2581 909; x_wconf 86' lang='lat'>·</span> <span class='ocrx_word' id='word_1_1054' title='bbox 2595 898 2660 920; x_wconf 76' lang='lat' dir='ltr'>Lect.</span> <span class='ocrx_word' id='word_1_1055' title='bbox 2670 884 2720 926; x_wconf 40' lang='grc' dir='ltr'>ηαξ</span> 
     </span>
    </p>
   </div>
   <div class='ocr_carea' id='block_1_24' title="bbox 2573 1426 2774 1449">
    <p class='ocr_par' dir='ltr' id='par_1_34' title="bbox 2573 1426 2774 1449">
     <span class='ocr_line' id='line_1_151' title="bbox 2573 1426 2774 1449; baseline 0.005 -1"><span class='ocrx_word' id='word_1_1056' title='bbox 2573 1426 2583 1436; x_wconf 84' lang='grc'><em>·</em></span> <span class='ocrx_word' id='word_1_1057' title='bbox 2598 1426 2669 1448; x_wconf 69' lang='lat' dir='ltr'>etiam</span> <span class='ocrx_word' id='word_1_1058' title='bbox 2683 1426 2739 1449; x_wconf 63' lang='lat' dir='ltr'>add.</span> <span class='ocrx_word' id='word_1_1059' title='bbox 2749 1433 2774 1449; x_wconf 75' lang='grc' dir='ltr'>Α.</span> 
     </span>
    </p>
   </div>
   <div class='ocr_carea' id='block_1_25' title="bbox 2575 1585 2701 1607">
    <p class='ocr_par' dir='ltr' id='par_1_35' title="bbox 2575 1585 2701 1607">
     <span class='ocr_line' id='line_1_152' title="bbox 2575 1585 2701 1607; baseline -0.008 0"><span class='ocrx_word' id='word_1_1060' title='bbox 2575 1586 2585 1595; x_wconf 92' lang='grc'>·</span> <span class='ocrx_word' id='word_1_1061' title='bbox 2599 1585 2651 1607; x_wconf 73' lang='lat' dir='ltr'>eive</span> <span class='ocrx_word' id='word_1_1062' title='bbox 2663 1590 2701 1607; x_wconf 73' lang='lat' dir='ltr'>u.</span> 
     </span>
    </p>
   </div>
   <div class='ocr_carea' id='block_1_26' title="bbox 2572 2861 2725 2895">
    <p class='ocr_par' dir='ltr' id='par_1_36' title="bbox 2572 2861 2725 2895">
     <span class='ocr_line' id='line_1_153' title="bbox 2572 2861 2725 2895; baseline 0.013 -13"><span class='ocrx_word' id='word_1_1063' title='bbox 2572 2862 2581 2871; x_wconf 93' lang='grc'>·</span> <span class='ocrx_word' id='word_1_1064' title='bbox 2599 2861 2668 2889; x_wconf 70' lang='lat' dir='ltr'>Quod</span> <span class='ocrx_word' id='word_1_1065' title='bbox 2681 2867 2725 2895; x_wconf 52' lang='lat' dir='ltr'>na.</span> 
     </span>
    </p>
   </div>
   <div class='ocr_carea' id='block_1_27' title="bbox 2572 2915 2655 2936">
    <p class='ocr_par' dir='ltr' id='par_1_37' title="bbox 2572 2915 2655 2936">
     <span class='ocr_line' id='line_1_154' title="bbox 2572 2915 2655 2936; baseline -0.012 0"><span class='ocrx_word' id='word_1_1066' title='bbox 2572 2915 2581 2925; x_wconf 83' lang='lat'><strong>·</strong></span> <span class='ocrx_word' id='word_1_1067' title='bbox 2597 2916 2621 2936; x_wconf 79' lang='lat' dir='ltr'>et</span> <span class='ocrx_word' id='word_1_1068' title='bbox 2632 2921 2655 2936; x_wconf 77' lang='grc' dir='ltr'>Α.</span> 
     </span>
    </p>
   </div>
   <div class='ocr_carea' id='block_1_28' title="bbox 2735 2337 2782 4134">
    <p class='ocr_par' dir='ltr' id='par_1_38' title="bbox 2735 2337 2782 4134">
     <span class='ocr_line' id='line_1_155' title="bbox 2735 2337 2782 4134; baseline 0 0"><span class='ocrx_word' id='word_1_1069' title='bbox 2735 2337 2782 4134; x_wconf 95' lang='lat' dir='ltr'> </span> 
     </span>
    </p>
   </div>
  </div>
 </body>
</html>
