2782 4134
1077 231 1188 267 CAP.
1218 231 1284 279 ΙΙΙ,
1315 231 1466 268 LECT.
1496 231 1531 267 V

207 307 330 337 minoris
358 307 525 345 quantitatis
553 307 691 342 existens,
718 307 793 335 facta
818 313 860 334 est
887 307 962 335 salsa
989 317 1041 344 per
1067 308 1275 336 admixtionem

207 347 327 377 alicuius
341 354 443 382 terrae,
459 356 533 384 quae
554 356 615 375 non
629 353 744 383 poterat
755 346 849 374 facere
863 347 968 375 salsam
981 353 1073 375 totam
1088 357 1181 384 aquae
1200 357 1276 376 mas-

207 396 280 416 sam.
308 387 366 415 Sed
389 387 545 415 dicendum
567 387 663 423 quod,
685 395 753 414 cum
778 395 855 423 aqua
876 395 950 423 quae
972 387 1151 423 evaporavit,
1178 388 1276 415 redeat

207 427 312 456 iterum
326 435 378 463 per
398 426 519 463 pluvias,
534 432 650 462 oportet
664 426 745 462 quod
763 435 878 462 semper
892 427 993 454 eadem
1009 426 1162 454 multitudo
1184 436 1276 464 aquae

208 473 394 496 conservetur
414 475 501 502 super
514 472 629 494 terram.
651 467 738 502 Ergo,
753 466 797 493 vel
818 465 905 493 etiarn
926 472 1083 502 antequam
1104 466 1148 494 sol
1169 467 1276 503 incipe-

207 513 252 535 ret
279 506 423 534 desiccare
444 512 560 540 terram,
575 514 654 533 mare
669 511 729 533 erat
743 505 868 541 salsum,
889 505 934 533 vel
947 514 1043 542 neque
1064 506 1206 542 posterius
1225 506 1277 534 erit

208 546 327 575 salsum.
344 546 432 580 Quod
453 545 477 573 si
499 544 598 573 iam-a
624 544 768 581 principio
795 551 855 572 erat
876 545 1001 580 salsum,
1027 545 1200 582 assignanda
1225 546 1278 573 erit

209 595 296 615 causa
320 584 471 613 salsedinis
497 584 573 613 eius:
596 590 624 612 et
646 584 733 612 simul
757 584 913 612 dicendum
935 593 1024 621 quare
1045 594 1134 621 aqua,
1157 594 1231 621 quae
1261 594 1279 613 a

208 625 352 663 principio
372 634 435 654 non
454 625 599 653 ferebatur
626 633 758 660 sursum,
781 633 859 652 nunc
885 624 989 660 fertur,
1011 624 1121 652 elevata
1141 634 1192 661 per
1213 634 1278 653 eva-

208 664 404 702 porationem.
418 681 438 686 -
454 664 479 692 3.
502 664 645 699 Secundo,
668 664 717 701 qui
732 663 831 692 dicunt
845 663 1054 692 admixtionem
1075 670 1167 692 terrae
1188 673 1278 701 quam

208 704 331 733 flumina
352 705 484 733 deferunt
503 704 541 732 ad
563 712 652 739 mare,
667 712 729 732 esse
751 713 868 732 causam
889 703 1039 731 salsedinis
1067 703 1137 738 eius,
1153 713 1206 731 nec
1224 703 1278 740 ipsi

209 744 415 774 convenienter
441 744 599 773 ostendunt
626 752 715 780 quare
743 752 823 771 mare
850 743 886 771 sit
913 743 1030 771 salsum.
1052 743 1173 771 Videtur
1200 743 1277 771 enim

209 784 418 814 inconveniens
438 784 520 821 quod
540 792 575 812 ex
589 783 640 812 tali
657 792 746 812 causa
759 792 839 812 mare
859 783 910 812 flat
924 783 1041 819 salsum,
1057 789 1085 811 et
1105 789 1203 811 tamen
1222 783 1278 811 flu-

239 907 248 916 .
287 895 295 905 -
356 901 379 911 ν
477 883 655 925 ostquam
674 876 932 925 Philosophus
948 875 1214 913 determinavit
1230 876 1277 913 de

477 937 612 967 natura
627 929 743 966 maris
760 937 796 966 et
811 929 891 966 eius
909 928 1165 977 generatione,
1177 942 1279 966 nunc

424 985 462 1021 ss‘
478 982 704 1020 determinat
719 983 766 1020 de
789 983 869 1020 eius
893 982 1081 1020 salsedine
1098 982 1130 1020 ²¹⁶.
1142 983 1192 1019 Et
1204 982 1280 1032 pri-

211 1148 339 1185 autem
366 1143 538 1193 digamus
562 1141 584 1164 '¹‘
612 1149 681 1179 etc.
703 1142 815 1180 Circa
837 1142 1020 1191 primum,
1039 1141 1282 1191 prosequitur

213 1192 468 1234 deffil‘s‘edine
496 1196 613 1233 maris
632 1196 846 1233 secundum
874 1203 949 1232 tres
969 1195 1171 1244 opiniones
1197 1195 1280 1244 phi-

175 1276 181 1284 .
211 1249 466 1299 losophorum
484 1249 739 1298 Naturalium,
755 1249 795 1286 in
813 1248 998 1299 principio
1019 1247 1132 1285 huius
1151 1255 1282 1285 tracta-

211 1308 279 1346 tus,
301 1302 350 1340 de
377 1302 475 1340 mari
500 1302 643 1352 positas
661 1302 694 1340 *-

231 1357 242 1406 J
267 1366 304 1395 ².
320 1355 422 1394 Dicit
450 1368 539 1404 ergo
558 1356 684 1405 primo
710 1355 816 1405 quod
834 1354 884 1392 illi
899 1354 964 1403 qui
979 1354 1155 1391 dixerunt
1177 1355 1282 1404 quod

178 1434 186 1443 .
213 1419 320 1450 mare
349 1409 467 1446 semel
495 1415 718 1457 generatum
743 1416 810 1456 est,
833 1408 897 1445 vel
919 1407 1246 1457 qualitercumque
1263 1407 1284 1429 ²¹²

212 1469 426 1512 posuerunt
442 1461 561 1512 ipsius
580 1461 878 1510 generationem,
898 1473 978 1498 non
1004 1467 1167 1510 possunt
1194 1460 1284 1498 assi-

212 1526 331 1564 gnare
350 1527 508 1553 causam
526 1514 735 1553 salsedinis.
757 1514 899 1552 Dicunt
923 1513 1026 1551 enim
1045 1514 1104 1552 isti
1133 1514 1238 1563 quod
1262 1527 1284 1551 a

213 1567 400 1619 principio
430 1581 531 1617 aqua
558 1567 819 1606 circumdabat
845 1575 965 1605 totam
994 1575 1146 1615 terram,
1173 1575 1210 1606 et
1227 1567 1285 1605 sol

216 1621 381 1660 elevavit
394 1633 575 1670 magnam
596 1629 744 1670 partem
764 1633 899 1670 aquae,
916 1633 962 1658 ex
982 1633 1059 1670 quo
1077 1620 1285 1669 contingit*

215 1673 323 1725 quod
341 1686 480 1724 magna
499 1687 587 1725 pars
606 1682 728 1712 terrae
747 1674 930 1712 remansit
949 1673 1190 1724 discooperta
1205 1674 1285 1712 ab*

216 1726 346 1779 aquis3
375 1735 413 1765 et
437 1727 531 1766 illud
564 1727 669 1777 quod
701 1728 771 1765 fuit
803 1727 999 1766 residuum
1039 1735 1075 1765 et
1111 1728 1285 1766 nondum

216 1776 452 1828 desiccatum
479 1781 623 1829 axsole,
653 1781 796 1819 factum
825 1789 881 1819 est
909 1793 1028 1819 mare.
1059 1781 1100 1818 Si
1128 1794 1218 1830 ergo
1247 1781 1286 1818 in

181 1857 189 1866 ·
217 1831 458 1878 multitudine
487 1846 609 1883 aquae
636 1834 657 1856 *
684 1834 822 1881 maris,
851 1847 951 1884 quae
979 1835 1192 1872 secundum
1221 1847 1286 1872 na-

215 1894 343 1926 turam
371 1900 483 1925 suam
507 1888 664 1925 deberet
682 1900 764 1926 esse
785 1888 916 1936 dulcis,
944 1888 1043 1925 facta
1062 1895 1119 1925 est
1137 1901 1252 1926 causa
1269 1895 1287 1909 α

217 1941 414 1979 salsedinis
441 1948 599 1991 propter
626 1941 901 1979 admixtionem
921 1941 1078 1978 alicuius
1097 1949 1219 1979 terrae
1239 1941 1287 1979 ad

218 2006 361 2045 aquam
389 2006 488 2044 quae
508 1994 701 2043 remansit,
723 2007 822 2044 quae
849 1995 972 2044 potuit
992 1995 1100 2032 dulce
1126 2007 1286 2032 conver-

218 2054 299 2087 tete
317 2047 357 2085 in
375 2054 519 2086 tantam
539 2048 786 2095 salsedinem;
803 2061 904 2096 cum,
922 2047 1104 2085 redeunte
1118 2061 1188 2098 per
1206 2050 1288 2098 plu-

217 2101 303 2140 vias
330 2113 432 2151 aqua
459 2113 559 2150 quae
589 2101 825 2151 evaporavit,
846 2114 1003 2139 necesse
1032 2101 1078 2138 sit
1100 2102 1206 2151 quod
1226 2114 1288 2139 ae—

219 2153 343 2204 qualis
361 2154 567 2192 multitudo
587 2167 710 2204 aquae
731 2163 979 2193 conservetur
1002 2167 1118 2204 supra
1136 2163 1287 2202 terram,

153 2232 162 2240 -
218 2215 264 2246 ut
288 2219 405 2258 supra
431 2207 452 2230 ¹²
481 2207 625 2246 dictum
656 2216 727 2255 est;
756 2220 912 2245 necesse
947 2215 1003 2245 est
1030 2208 1135 2256 quod
1174 2209 1287 2245 etiam

218 2260 360 2312 primo,
380 2268 588 2310 antequam
607 2263 664 2299 sol
689 2261 898 2310 incoeperit
914 2260 935 2283 ’¹‘
956 2261 1159 2310 desiccare,
1180 2274 1287 2298 mare

222 2320 322 2352 esset
341 2315 503 2362 salsum3
532 2315 608 2363 vel,
629 2315 660 2352 si
678 2314 782 2364 prius
801 2327 880 2352 non
900 2314 967 2352 fuit
987 2315 1140 2363 salsum,
1161 2327 1288 2363 neque

220 2367 410 2418 posterius
439 2369 582 2405 salsum
608 2368 688 2415 erit,
709 2380 755 2405 ex
773 2380 852 2416 quo
879 2375 959 2405 tota
977 2380 1079 2416 aqua
1098 2380 1195 2418 quae
1216 2369 1290 2405 ele-

219 2427 311 2466 vata
330 2428 397 2470 est,
418 2421 525 2459 redit.
546 2422 596 2458 Et
614 2421 668 2458 sic
686 2434 766 2458 non
784 2429 910 2471 potest
929 2421 1001 2459 dici
1021 2420 1038 2450 β
1066 2422 1173 2470 quod
1191 2429 1291 2459 terra

222 2474 390 2513 admixta
430 2475 518 2512 facit
544 2487 687 2524 aquam
729 2475 952 2512 existentem
988 2487 1092 2511 nunc
1132 2475 1290 2512 minoris

223 2527 439 2578 quantitatis
468 2529 620 2576 salsam,
650 2528 755 2578 quod
784 2540 864 2565 non
890 2535 1040 2577 poterat
1068 2528 1192 2566 facere
1221 2530 1292 2566 sal-

224 2593 308 2620 sam
335 2589 469 2628 totam,
495 2594 583 2619 cum
612 2581 658 2618 sit
685 2582 854 2630 aequalis
882 2581 1098 2631 quantitatis
1126 2595 1229 2619 nunc
1257 2590 1293 2619 et

222 2634 340 2685 prius.
362 2634 402 2672 Si
431 2643 559 2672 autem
579 2635 692 2672 etiam
721 2647 743 2672 a
770 2635 955 2684 principio
981 2647 1086 2672 mare
1117 2643 1196 2672 erat
1223 2637 1294 2673 sal-

224 2700 333 2735 sum,
362 2688 575 2725 remanebit
603 2688 793 2736 assignare
822 2701 978 2725 causam
1007 2689 1215 2726 salsedinis.
1245 2690 1295 2726 Et

225 2741 340 2779 etiam
369 2741 575 2779 dicendum
595 2749 652 2778 est
679 2754 809 2791 quare,
831 2742 862 2779 si
882 2754 904 2778 a
931 2742 1118 2791 principio
1143 2755 1221 2779 non
1241 2742 1292 2778 fe-

226 2795 380 2832 rebatur
408 2807 560 2832 sursum
589 2807 690 2845 aqua
722 2807 792 2844 per
826 2795 1162 2844 evaporationem,
1192 2808 1294 2832 nunc

226 2848 302 2886 hoc
330 2848 477 2886 accidit.

291 2902 327 2939 3.
357 2901 507 2939 Deinde
541 2913 630 2938 cum
665 2900 773 2938 dicit:
801 2901 854 2937 At
884 2913 975 2938 vero
1004 2907 1040 2938 et
1070 2902 1296 2951 quicumque

227 2960 370 2992 terram
390 2963 474 3002 etc.,
495 2954 737 3003 prosequitur
756 2954 967 2991 secundam
988 2954 1225 3004 opinionem.
1247 2956 1297 2992 Et

193 3036 199 3043 .
229 3007 318 3046 dicit
349 3009 456 3058 quod
474 3008 525 3045 illi
554 3008 667 3045 etiam
686 3007 706 3029 ’¹‘
726 3008 790 3056 qui
815 3008 989 3045 dixerunt
1021 3008 1295 3046 admixtionem

282 3121 310 3155 α)
322 3123 404 3156 sacta
421 3124 461 3147 est
478 3129 570 3147 causa.
581 3135 602 3141 -
620 3122 677 3147 msa
686 3120 796 3154 perta‘te
809 3122 862 3146 AB.
874 3135 894 3141 -
907 3122 987 3147 Iidem
1001 3130 1054 3147 om.
1068 3122 1105 3147 ad
1117 3130 1214 3155 aquam
1230 3129 1298 3155 quae

228 3157 366 3183 remansit.
383 3171 402 3176 -
419 3158 471 3182 Pro
489 3164 548 3182 cum
568 3157 703 3187 redeunte,
722 3164 782 3182 cum
802 3157 881 3190 (quae
898 3164 958 3182 cum
976 3157 1010 3190 A)
1029 3157 1165 3182 redeundo
1183 3158 1237 3182 AB.

283 3191 310 3226 β)
329 3200 381 3218 non
396 3195 488 3225 potest
506 3192 568 3218 dici.
580 3206 600 3211 -
618 3199 670 3217 non
685 3193 807 3217 omittunt
819 3193 875 3217 AB.
885 3206 905 3211 -
917 3193 968 3217 Pro
974 3193 1055 3226 facit,
1063 3193 1155 3226 saciat
1172 3193 1208 3223 A?
1228 3193 1297 3218 idem

229 3232 291 3261 post
304 3228 463 3253 existentem
477 3228 571 3252 omittit
584 3235 662 3257 nunc,
677 3232 701 3252 et
714 3235 762 3260 pro
773 3228 846 3260 quod
860 3235 912 3253 non
927 3231 1047 3259 poterat,
1062 3228 1125 3260 quia
1143 3235 1196 3253 non
1206 3228 1298 3260 potuit

231 3263 322 3296 (quod
338 3263 381 3288 vel
394 3263 458 3296 quia
471 3263 571 3288 videtur
585 3270 645 3288 esse
659 3263 790 3296 corruptio
808 3270 855 3295 pro
873 3264 952 3295 quae)
959 3270 968 3292 ,¹
986 3263 1007 3287 B
1020 3271 1074 3287 om.
1088 3263 1199 3288 minoris
1213 3271 1296 3295 quan-

231 3298 344 3323 titatis...
363 3298 482 3331 aequalis
500 3298 674 3330 quantitatis;
693 3306 740 3330 pro
759 3305 828 3323 nunc
847 3301 873 3323 et
886 3298 974 3330 prius,
989 3301 1015 3323 et
1029 3306 1098 3323 nunc
1112 3302 1138 3323 et
1151 3299 1232 3330 prius
1244 3299 1297 3323 ΑΒ.

285 3333 311 3367 γ)
331 3333 487 3358 rationibus.
505 3346 524 3352 -
542 3333 575 3358 de
593 3333 724 3358 salsedine
743 3333 826 3358 maris
844 3333 903 3358 add.
917 3334 970 3364 AB,
989 3333 1060 3366 quod
1074 3338 1134 3365 post
1147 3334 1297 3366 opinionem

231 3368 319 3401 potius
338 3369 488 3400 ponendum
507 3373 586 3393 esset.
603 3382 622 3387 -
640 3368 719 3392 Iidem
738 3376 786 3401 pro
804 3372 844 3393 est
861 3372 976 3400 sumpta,
995 3369 1121 3393 sumitur.

286 3402 310 3437 ὃ)
325 3403 428 3436 aliquid
438 3404 552 3435 planum
567 3403 677 3433 dixisse,
692 3403 790 3428 dicens.
803 3417 822 3422 -
833 3404 948 3436 aliquem
958 3404 1038 3435 plene
1051 3403 1154 3428 dixisse
1168 3403 1297 3429 dicentem

233 3439 272 3463 Pa
277 3446 287 3468 ,·
305 3438 338 3464 cf.
355 3444 490 3464 textum.——
501 3439 551 3463 Pro
571 3438 653 3463 Forte
671 3439 774 3464 enim..
785 3439 928 3470 poeticum,
949 3439 1030 3463 Forte
1048 3439 1118 3464 enim
1136 3439 1300 3472 sufficienter

233 3474 308 3499 dixit
326 3474 470 3500 secundum
489 3473 596 3498 modum
611 3473 756 3506 poeticum,
775 3474 799 3499 si
816 3474 916 3499 scilicet
930 3473 1044 3499 intendit
1057 3474 1106 3499 hoe
1120 3473 1299 3506 metaphorice

234 3509 322 3535 dicere
340 3510 384 3534 AB
390 3516 397 3539 ;
416 3509 461 3534 ubi
480 3517 528 3542 pro
547 3509 621 3534 dixit
639 3509 678 3533 Pa
697 3508 792 3534 habent
810 3509 930 3534 dixerat.

287 3545 310 3577 ε)
329 3545 443 3577 scripsit,
458 3548 487 3569 ut
502 3544 609 3569 dicitur.
623 3558 643 3564 -·
655 3544 791 3576 scripsisse
803 3544 904 3570 dicitur
917 3545 962 3569 AB
976 3549 1002 3569 et
1015 3552 1105 3578 margo
1118 3544 1176 3569 Vnt.
1193 3551 1270 3578 2072.
1281 3557 1301 3563 -

233 3579 315 3605 'idem
330 3588 378 3613 pro
391 3580 546 3613 protulerit,
557 3580 684 3612 protulit.

745 3640 761 3650 ι

2319 231 2394 278 399

1330 308 1418 344 mina,
1433 317 1508 346 quae
1529 315 1597 336 sunt
1617 308 1738 337 minoris
1753 309 1927 345 quantitatis,
1949 318 2010 337 non
2031 308 2088 337 sint
2101 309 2183 337 salsa.
2198 325 2216 328 -
2236 318 2266 343 4.
2287 308 2395 343 Tertio,

1329 348 1510 385 improbatur
1523 348 1613 376 tribus
1632 348 1792 377 rationibus
1813 348 1913 385 opinio
1935 349 2129 385 Empedoclis.
2151 350 2179 384 a)
2201 348 2397 384 Metaphorice

1330 397 1456 416 asserere
1484 389 1565 425 quod
1586 397 1665 416 mare
1686 394 1728 416 est
1749 389 1839 416 sudor
1859 395 1951 417 terrae
1972 395 1999 416 et
2014 389 2052 416 ob
2067 389 2123 416 hoc
2141 395 2183 416 est
2203 388 2320 423 salsum,
2336 398 2397 416 non

1330 434 1372 455 est
1393 427 1575 456 manifestare
1602 437 1720 456 causam
1747 428 1897 456 salsedinis
1925 428 2020 456 maris.
2038 428 2117 456 Sicut
2138 427 2215 456 enim
2236 428 2397 464 assignatur

1330 468 1401 496 haec
1425 477 1511 496 causa
1525 468 1555 496 in
1580 469 1686 496 sudore
1707 468 1885 504 animalium,
1900 468 1940 496 ita
1958 475 2088 496 remanet
2106 468 2311 505 assignandum
2326 467 2397 504 quid

1330 507 1367 534 sit
1387 507 1458 535 illud
1479 508 1560 544 quod
1587 507 1673 536 simili
1701 509 1792 536 modo
1814 515 1912 536 causat
1939 507 2111 536 salsedinem
2139 507 2170 535 in
2197 517 2273 544 aqua
2298 507 2395 535 maris.

1331 548 1396 574 Hoc
1423 553 1519 575 autern
1548 548 1739 584 Empedocles
1767 558 1829 576 non
1855 548 1930 576 facit.
1951 565 1972 568 —
1994 548 2020 576 5.
2049 548 2076 583 b)
2104 548 2179 575 Cum
2207 556 2283 584 aqua
2310 547 2397 575 maris

1332 586 1426 614 maior
1446 586 1482 614 sit
1502 596 1590 623 quam
1619 597 1695 624 aqua
1715 588 1823 616 elevata
1843 597 1895 624 per
1922 587 2173 624 evaporationem,
2200 596 2261 615 non
2286 586 2398 615 videtur

1331 635 1417 661 posse
1438 626 1500 653 fieri
1527 627 1602 655 salsa
1622 636 1658 655 eo
1679 629 1770 656 modo
1792 637 1852 664 quo
1873 629 1976 656 sudor:
1998 627 2045 655 hic
2066 627 2144 655 enim
2166 633 2208 655 est
2229 627 2321 655 multo
2343 626 2398 654 mi-

1332 674 1388 692 nor
1415 675 1502 701 quam
1524 666 1680 694 humiditas
1702 667 1731 695 in
1761 677 1884 704 corpore
1905 677 2066 696 remanens.
2080 684 2099 688 —
2115 668 2142 695 6.
2160 668 2186 702 c)
2207 667 2298 694 Terra
2323 675 2398 702 quae

1332 713 1410 732 nunc
1431 705 1461 732 in
1482 705 1579 741 aliqua
1599 706 1643 733 sui
1664 713 1743 742 parte
1765 707 1930 743 exsiccatur,
1944 717 2006 736 non
2027 707 2111 735 sudat
2138 707 2293 735 humorem
2318 715 2398 734 ama-

1333 753 1407 811 rurg.
1430 745 1530 810 quue
1550 754 1618 782 ergo
1640 746 1696 774 hoe
1717 746 1777 774 fieri
1797 747 1892 783 potuit
1912 747 1942 775 in
1962 747 2057 784 prima
2077 746 2263 784 generatione
2284 746 2398 774 mundi.

1334 800 1352 804 -
1399 792 1456 811 one
1467 793 1541 811 usto.

1334 882 1458 911 terrae
1487 887 1570 911 esse
1608 888 1762 914 causam
1791 879 1985 921 salsedinis
2019 880 2151 927 maris,
2186 893 2264 918 non
2294 882 2398 919 suffi-

1335 927 1476 964 cienter
1491 929 1697 966 ostendunt
1720 943 1836 978 quare
1861 932 1996 969 mare*
2011 941 2066 970 est
2086 934 2240 970 salsum.
2257 934 2399 971 Dicunt

1335 981 1437 1018 enim
1457 981 1562 1030 quod
1590 989 1687 1019 terra
1715 984 1830 1020 habet
1849 986 1987 1022 multos
2011 999 2166 1034 sapores
2186 988 2399 1025 secundum

1336 1034 1505 1071 diversas
1534 1035 1591 1071 sui
1610 1043 1751 1084 partes;
1780 1037 1830 1073 ita
1849 1038 1952 1086 quod
1982 1046 2079 1076 terra
2104 1052 2220 1088 quam
2239 1041 2399 1078 flumina

1336 1087 1511 1124 deferunt
1529 1088 1577 1125 ad
1597 1100 1714 1135 mare,
1736 1089 1965 1128 admiscetur
1984 1092 2090 1139 mari,
2113 1101 2148 1129 et
2167 1094 2254 1130 facit
2272 1094 2398 1143 ipsum

1335 1141 1489 1177 salsum.
1507 1141 1584 1178 Sed
1603 1142 1678 1177 hoc
1696 1142 1970 1181 inconveniens
1988 1145 2148 1193 videtur,
2170 1147 2275 1195 quod
2294 1159 2399 1184 mare

1335 1193 1389 1230 sic
1415 1193 1483 1230 fiat
1510 1195 1652 1230 salsum
1679 1207 1749 1243 per
1777 1197 2047 1235 admixtionem
2076 1206 2207 1246 terrae,
2230 1207 2266 1237 et
2292 1200 2400 1237 fluvii

1336 1258 1416 1283 non
1432 1247 1508 1283 sint
1525 1247 1623 1295 salsi,
1640 1248 1706 1296 qui
1725 1258 1811 1285 sunt
1830 1250 1986 1288 minoris
2002 1252 2228 1301 quantitatis.
2247 1253 2287 1290 Si
2311 1265 2399 1301 ergo

1336 1311 1477 1347 magna
1491 1300 1692 1338 multitudo
1712 1301 1833 1350 aquae
1849 1303 1869 1325 ’¹‘
1883 1305 1997 1341 maris
2015 1314 2253 1354 permutatur
2267 1307 2315 1343 ad
2330 1307 2400 1343 sal·
2427 1312 2437 1321 ·

1337 1353 1510 1390 sedinem
1526 1366 1571 1390 ex
1587 1354 1819 1392 admixtione
1839 1363 1971 1405 terrae,
1992 1359 2111 1395 multo
2129 1360 2247 1407 magis
2262 1360 2401 1396 immu-

1337 1414 1477 1443 taretur
1494 1406 1514 1428 ’¹‘
1543 1419 1643 1455 aqua
1674 1409 1972 1458 uniuscuiusque
2006 1411 2125 1449 fluvii.
2155 1413 2400 1449 Manifestum
2427 1419 2437 1428 ⁶

1339 1466 1395 1496 est
1436 1459 1538 1496 enim
1580 1461 1686 1508 quod
1720 1474 1825 1498 mare
1860 1470 1915 1499 est
1954 1465 2192 1512 congregatio
2227 1466 2400 1502 omnium

1338 1512 1550 1550 fluvialium
1583 1526 1787 1562 aquarum:
1816 1515 1855 1552 in
1883 1517 1987 1553 nullo
2017 1517 2118 1554 enim
2147 1518 2272 1555 differt
2303 1531 2402 1567 aqua

1338 1565 1453 1602 maris
1481 1566 1530 1602 ab
1558 1567 1666 1615 aquis
1690 1566 1710 1589 ’¹‘
1737 1568 1951 1617 fluminum,
1980 1570 2051 1607 nisi
2077 1583 2147 1619 per
2174 1571 2401 1609 salsedinem
2428 1581 2439 1590 ·

1339 1631 1483 1668 aquae;
1514 1631 1612 1668 quae
1641 1632 1719 1657 non
1739 1621 1873 1658 accidit
1900 1622 1938 1659 in
1966 1623 2073 1672 aquis
2093 1624 2307 1672 fluminum,
2335 1625 2402 1662 sed

1339 1673 1466 1709 solum
1484 1672 1524 1709 in
1543 1673 1628 1709 loco
1649 1673 1687 1710 in
1707 1686 1783 1723 quo
1803 1674 1823 1696 ’¹‘
1842 1675 1972 1713 omnia
1990 1677 2148 1714 flumina
2173 1690 2402 1726 congregan-
2429 1687 2439 1696 '

1340 1733 1410 1762 tur.
1427 1726 1476 1762 Et
1489 1726 1565 1762 hoc
1580 1738 1659 1763 non
1673 1726 1824 1764 videtur
1837 1728 1857 1750 ²⁸
1869 1729 2060 1778 possibile,
2077 1730 2107 1767 si
2122 1732 2204 1767 sola
2222 1731 2402 1768 admixtio
2430 1739 2439 1749 ·

1340 1787 1461 1816 terrae
1481 1791 1504 1816 a
1527 1779 1750 1817 fluminibus
1779 1781 1938 1830 delatae,
1965 1783 2194 1820 salsedinem
2221 1792 2401 1821 causaret.

1393 1844 1432 1879 4.
1461 1832 1593 1869 Tertio
1622 1833 1691 1870 ibi:
1721 1834 1898 1872 Similiter
1934 1842 2058 1873 autem
2091 1837 2276 1874 derisibile
2307 1845 2376 1875 etc.
2394 1866 2403 1884 ,

1341 1885 1532 1935 improbat
1560 1886 1708 1923 tertiam
1736 1887 1959 1936 opinionem
1997 1889 2114 1929 tribus
2142 1890 2349 1927 rationibus
2376 1895 2402 1927 ⁷.

1343 1939 1518 1986 Quarum
1546 1939 1670 1988 prima
1705 1948 1760 1977 est
1787 1949 1939 1990 sumpta
1964 1955 2009 1988 ex
2036 1943 2111 1979 hoc
2139 1945 2244 1992 quod
2271 1943 2406 1980 imma-

1342 1993 1475 2029 nifeste
1496 2005 1650 2030 causam
1671 1994 1866 2031 salsedinis
1886 1995 2101 2044 assignavit.
2119 1997 2168 2033 Et
2191 1996 2279 2034 dicit
2301 1997 2405 2046 quod

1343 2046 1532 2084 derisibile
1557 2054 1624 2093 est,
1645 2047 1779 2096 siquis
1797 2055 1902 2097 putet
1921 2049 2060 2098 aliquid
2078 2051 2236 2098 planum
2257 2049 2404 2096 dixisse,

1344 2100 1472 2137 dicens
1501 2097 1514 2120 ὅ
1544 2112 1650 2136 mare
1680 2112 1762 2137 esse
1800 2103 1981 2139 sudorem
2017 2110 2159 2150 terrae,
2190 2110 2226 2140 et
2253 2103 2303 2140 ob
2331 2103 2406 2139 hoc

1343 2165 1426 2190 esse
1454 2153 1608 2200 salsum,
1630 2153 1726 2190 sicut
1753 2155 2010 2204 Empedocles
2040 2155 2139 2192 dixit.
2161 2156 2275 2192 Forte
2303 2156 2406 2193 enim

1343 2205 1575 2243 sufficienter
1602 2206 1703 2253 dixit,
1729 2207 1759 2243 si
1787 2207 2230 2257 intendit-metaphorice
2259 2209 2405 2256 dicere,

1344 2260 1556 2297 secundum
1575 2259 1737 2297 modurn
1765 2261 1979 2310 poeticum:
2000 2262 2124 2299 dicere
2145 2262 2246 2299 enim
2266 2262 2408 2311 aliquid

1343 2325 1413 2362 per
1440 2313 1684 2362 metaphoras
1712 2314 1874 2363 pertinet
1901 2314 1950 2351 ad
1977 2322 2121 2364 poetas,
2147 2322 2183 2352 et
2209 2315 2407 2364 probabile

1346 2374 1402 2404 est
1429 2366 1535 2414 quod
1563 2367 1834 2416 Empedocles,
1855 2367 1920 2417 qui
1938 2368 2092 2405 metrice
2117 2368 2274 2417 scripsit,
2294 2376 2335 2406 ut
2354 2368 2408 2406 di-

1347 2421 1481 2466 citur‘,
1510 2420 1631 2457 multa
1657 2421 1918 2470 metaphorice
1945 2422 2151 2470 protulerit.
2176 2422 2253 2459 Sed
2279 2429 2409 2459 tamen

1345 2474 1400 2511 sic
1427 2473 1569 2522 aliquid
1597 2473 1722 2511 dicere
1751 2487 1829 2511 non
1857 2475 1995 2511 sufficit
2022 2475 2070 2512 ad
2103 2475 2410 2523 cognoscendam

1347 2535 1522 2564 naturam
1542 2526 1617 2563 rei:
1638 2527 1726 2576 quia
1754 2539 1814 2564 res
1833 2528 2011 2565 naturalis
2038 2540 2107 2577 per
2127 2528 2410 2565 similitudinem

1347 2593 1447 2629 quae
1475 2581 1678 2617 assumitur
1695 2581 1735 2618 in
1763 2582 1998 2630 metaphora,
2019 2594 2098 2618 non
2117 2589 2173 2618 est
2198 2582 2408 2619 manifesta.

1348 2633 1559 2681 Quomodo
1589 2634 1703 2682 enim,
1726 2647 1814 2671 curn
1834 2635 1925 2672 illud
1950 2635 2053 2684 quod
2081 2635 2201 2672 homo
2229 2642 2345 2684 potat,
2366 2635 2412 2671 sit

1349 2688 1476 2735 dulce,
1506 2687 1624 2724 sudor
1651 2688 1787 2725 exinde
1824 2696 2023 2736 generatus
2051 2689 2118 2725 fiet
2145 2687 2292 2725 salsus?
2319 2689 2411 2724 Non

1350 2741 1451 2778 enim
1471 2741 1515 2777 fit
1542 2741 1784 2778 manifestum
1805 2753 1873 2790 per
1892 2742 2176 2790 metaphoram:
2197 2749 2323 2778 utrum
2342 2741 2411 2777 sci-

1349 2795 1435 2831 licet
1463 2794 1581 2831 sudor
1609 2794 1622 2820 t
1651 2803 1846 2831 remaneat
1879 2795 1998 2831 salsus
2031 2807 2100 2843 per
2132 2794 2412 2843 separationem

1350 2847 1507 2884 alicuius
1541 2849 1645 2896 quod
1684 2855 1762 2885 erat
1795 2847 2057 2885 dulcissimum
2089 2847 2128 2884 in
2160 2847 2317 2896 poculo;
2342 2853 2412 2883 aut

1351 2900 1535 2938 efficiatur
1562 2901 1682 2938 salsus
1701 2913 1770 2949 per
1791 2901 2101 2937 commixtionem
2122 2900 2287 2947 alicuius,
2317 2900 2413 2936 sicut

1350 2954 1486 2992 accidit
1504 2954 1543 2991 in
1562 2954 1671 3002 aquis
1700 2966 1797 3002 quae
1827 2955 1997 2990 colantur
2023 2966 2093 3002 per
2115 2953 2293 3001 cinerem,
2323 2953 2412 3001 quia

1351 3020 1421 3056 per
1453 3007 1726 3044 admixtionem
1761 3006 1894 3043 cineris
1925 3006 2135 3043 efficiuntur
2161 3011 2175 3029 '¹
2203 3007 2323 3043 salsae
2349 3006 2412 3043 vel

1404 3122 1430 3154 ζ)
1450 3122 1512 3154 quia
1532 3129 1574 3146 res
1593 3121 1758 3146 naturalis...
1777 3120 1875 3145 scilicet
1888 3120 1978 3144 sudor.
1992 3133 2011 3138 -
2026 3119 2089 3151 quia
2102 3119 2180 3151 (quae
2192 3119 2226 3152 A)
2241 3119 2267 3143 in
2282 3119 2331 3144 hoc
2345 3119 2414 3144 unde

1351 3157 1499 3182 similitudo
1517 3156 1632 3181 sumitur
1651 3156 1814 3187 (assumitur
1832 3156 1866 3185 B,
1885 3155 2041 3188 assignatur
2059 3162 2149 3186 margo
2167 3155 2226 3180 Vat.
2243 3155 2340 3186 2072),
2361 3162 2412 3179 non

1352 3196 1392 3217 est
1410 3192 1579 3225 manifestum
1598 3191 1737 3223 quomodo,
1751 3198 1810 3215 cum
1830 3190 1897 3215 illud
1910 3190 1982 3222 quod
1995 3190 2073 3214 homo
2086 3193 2167 3221 potat
2184 3190 2220 3215 sit
2234 3190 2316 3219 dulce,
2331 3190 2415 3214 sudor

1352 3227 1451 3252 exinde
1469 3230 1613 3260 generatus
1619 3227 1675 3259 fiat
1694 3226 1739 3259 (fit
1751 3226 1785 3258 A)
1799 3226 1892 3254 salsus,
1913 3229 2002 3250 utrum
2021 3225 2120 3250 scilicet
2132 3225 2216 3250 sudor
2227 3226 2271 3249 AB
2286 3230 2312 3250 et
2325 3233 2415 3258 margo

1351 3263 1410 3287 Vat.
1429 3269 1496 3295 2072
1517 3262 1610 3294 (iidem
1629 3262 1673 3286 lin.
1692 3269 1747 3293 seq.
1766 3269 1820 3286 om.
1838 3261 1917 3293 aut);
1941 3268 1988 3293 pro
2006 3260 2041 3285 sit
2060 3260 2142 3290 dulce,
2161 3261 2186 3285 si
2203 3260 2279 3285 dulce
2297 3261 2350 3291 Pa,·
2368 3268 2415 3293 pro

1353 3298 1459 3327 exinde,
1475 3297 1536 3322 inde
1554 3304 1591 3322 ex
1610 3297 1637 3327 P;
1657 3297 1698 3321 ed.
1717 3295 1778 3320 1561
1801 3301 1912 3328 utroque
1931 3297 1989 3321 loco
2007 3301 2036 3320 ut
2053 3303 2111 3320 nos.
2128 3310 2148 3315 -
2166 3296 2202 3320 Ex
2222 3296 2316 3328 duplici
2329 3301 2415 3320 autem

1353 3333 1435 3365 capite
1460 3332 1619 3364 improbatur
1642 3332 1668 3356 in
1693 3331 1742 3356 hoc
1765 3339 1874 3356 numero
1896 3331 1983 3364 opinio
2008 3331 2188 3363 Empedoclis,
2212 3332 2256 3364 qui
2280 3330 2414 3364 metapho-

1353 3368 1404 3392 rice
1429 3368 1488 3392 dixit
1511 3375 1582 3392 mare
1607 3374 1666 3391 esse
1690 3367 1812 3391 sudorem
1835 3371 1934 3397 terrae,
1963 3371 1988 3391 et
2012 3371 2118 3399 propter
2145 3366 2194 3391 hoc
2218 3374 2276 3391 esse
2301 3367 2412 3391 salsum:

1348 3403 1441 3435 primo
1459 3403 1519 3435 quia
1538 3403 1594 3435 ipse
1613 3410 1664 3426 non
1683 3402 1855 3426 manifestavit
1876 3409 1981 3426 causam
1999 3406 2105 3434 propter
2123 3409 2202 3434 quam
2220 3402 2301 3427 sudor
2319 3402 2415 3426 anima-

1354 3439 1418 3463 lium
1437 3443 1477 3462 est
1495 3439 1581 3463 salsus
1587 3446 1594 3469 ;
1613 3438 1728 3463 secundo
1743 3438 1801 3470 quia
1820 3445 1868 3461 nec
1887 3437 1963 3462 etiam
1978 3437 2117 3469 assignavit
2136 3437 2231 3470 aliquid
2250 3437 2320 3470 quod
2334 3437 2417 3470 possit

1353 3474 1536 3506 proportionali
1560 3473 1639 3498 modo
1659 3480 1764 3497 causare
1789 3471 1945 3497 salsedinem
1968 3472 2056 3497 maris.
2080 3473 2113 3497 Et
2131 3473 2189 3497 ideo
2208 3473 2367 3497 concluditur
2390 3473 2416 3496 in

1353 3508 1405 3534 fine
1429 3509 1542 3540 numeri,
1568 3509 1640 3541 quod
1659 3509 1684 3533 in
1709 3508 1758 3533 hoc
1777 3508 1911 3540 peccavit,
1938 3508 2009 3540 quod
2031 3515 2083 3533 non
2107 3508 2246 3542 manifeste
2268 3508 2416 3541 assignavit

1352 3549 1470 3569 eausam.
2158 3547 2160 3549 ’

1406 3579 1433 3612 η)
1452 3579 1515 3612 quia
1535 3586 1587 3611 per
1609 3578 1805 3604 admixtionem
1830 3578 1927 3604 cineris
1947 3579 2107 3613 efficiuntur.
2124 3591 2144 3598 -
2161 3579 2197 3604 Ita
2215 3579 2259 3603 ΑΒ
2279 3583 2304 3604 et
2326 3585 2416 3610 mergo

2425 936 2531 964 ’sactum
2539 936 2592 958 add.
2599 942 2638 958 AB.

2452 1317 2530 1339 aquae
2543 1317 2592 1332 om.
2601 1316 2640 1332 AB.

2452 1418 2583 1438 mutaretur
2600 1422 2639 1437 ΑΒ.

2453 1585 2516 1607 aqua
2531 1586 2569 1601 ΑΒ.

2454 1691 2520 1713 quem
2534 1691 2572 1707 AB.

2455 1744 2506 1759 esse
2519 1738 2573 1759 add.
2586 1744 2624 1760 AB.
