2782 4134
64 1424 75 1435 ⁸⁵
90 1424 112 1444 in
130 1423 243 1450 infinitum
258 1428 275 1448 1,

64 1450 177 1481 inlinitum
188 1456 200 1470 i>
208 1453 229 1471 et
239 1456 276 1471 ce-

66 1480 108 1498 teri
124 1482 173 1498 exc.
186 1483 208 1498 Α.

61 2010 170 2038 ’ΞΝιιι-ιι)
185 2010 273 2039 4ξεᾳς.

62 2064 75 2076 ⁸
83 2065 173 2086 moueri
179 2071 192 2086 Ρ
202 2069 223 2086 et
234 2071 274 2087 co-

64 2091 127 2113 dices
143 2097 193 2113 exe.
206 2098 230 2114 Α.

62 2332 73 2342 ⁸
92 2331 155 2353 Lect.
170 2337 204 2358 iv,
226 2337 248 2353 n.
265 2337 272 2352 1

62 2364 114 2386 sqq.

308 288 382 313 220

306 361 485 391 movetur
499 354 548 390 ad
562 352 735 389 medium
755 351 907 398 mundi;
930 364 1020 399 ergo
1042 363 1120 387 non
1139 358 1318 387 movetur
1332 350 1371 386 in

306 407 446 444 medio.
478 407 569 443 Non
598 413 653 442 est
680 413 806 442 autem
836 405 906 441 nisi
934 405 972 441 in
992 404 1120 440 medio
1150 403 1299 449 mundi,
1330 410 1371 439 ut

305 461 510 510 probatum
540 467 609 505 est3
641 471 729 506 ergo
750 466 848 494 terra
876 459 978 494 nullo
1007 458 1127 494 modo
1148 464 1327 493 movetur
1345 453 1367 492 λ.

362 515 396 551 8.
428 514 612 560 Quartam
650 511 836 548 rationem
872 510 980 559 ponit
1017 509 1089 546 ibi:
1126 510 1178 546 Et
1212 509 1300 557 quia
1332 509 1373 545 vi

300 568 470 616 proiecta
490 574 558 602 etc.
589 565 775 602 Videmus
805 563 905 600 enim
935 563 1051 611 quod,
1077 562 1108 599 si
1127 562 1221 611 lapis
1241 574 1371 610 super-

305 620 449 669 positus
477 618 586 656 alicui
609 619 770 663 tabulae,
791 616 1008 666 proiiciatur
1027 628 1177 652 sursum
1206 615 1244 652 in
1275 615 1370 652 dire-

308 682 429 720 ctum,
461 680 495 709 et
522 673 657 708 iterum
687 671 795 707 cadat
829 669 1041 706 secundum
1071 669 1234 706 eandem
1263 669 1370 706 recti-

307 726 490 773 tudinem,
511 724 722 762 secundum
743 735 860 771 quam
889 734 1038 759 sursum
1058 730 1187 759 motus
1208 730 1263 759 est
1281 729 1318 769 μ;
1340 722 1371 759 si

307 780 434 816 tabula
470 791 548 815 non
584 784 810 823 moveatur,
849 777 958 813 cadet
994 775 1089 824 lapis
1126 776 1164 813 in
1203 776 1369 812 eundem

306 833 433 869 locum
453 832 518 868 ubi
536 831 640 880 prius
662 837 755 875 erat;
785 829 815 866 si
840 837 968 866 autem
997 830 1126 866 tabula
1154 837 1368 876 moveatur,

307 886 416 922 cadet
443 885 536 934 lapis
563 884 602 920 in
631 883 745 919 alium
774 883 920 929 locum,
950 890 1054 919 tanto
1082 883 1202 930 magis
1232 883 1369 919 distan-

306 946 395 984 tem,
416 945 557 986 quanto
578 936 697 983 magis
717 936 811 984 lapis
831 936 942 973 fuerit
964 936 1003 972 in
1022 937 1140 973 altum
1160 936 1368 984 proiectus;

306 992 395 1040 quia
414 991 623 1028 secundum
653 992 728 1025 hoc
752 989 820 1026 erit
839 989 962 1026 maius
981 997 1134 1038 tempus
1153 989 1250 1026 inter
1267 990 1368 1037 prin-

306 1045 446 1093 cipium
461 1050 472 1064 ⁹
491 1043 731 1093 proiectionis
758 1050 794 1079 et
812 1043 1019 1080 terminum
1042 1055 1162 1080 casus.
1183 1043 1369 1079 Videmus

305 1105 432 1134 autem
470 1097 574 1145 quod
611 1096 741 1143 gravia
773 1096 942 1145 proiecta
980 1109 1130 1133 sursum
1163 1097 1369 1133 secundum

305 1151 490 1200 regulam,
520 1150 616 1186 idest
644 1150 856 1186 secundum
887 1157 1030 1186 rectam
1049 1150 1200 1196 lineam,
1231 1150 1368 1186 iterum

304 1211 542 1240 revertuntur
561 1203 599 1239 in
619 1204 786 1240 eundem
811 1203 939 1239 locum
959 1210 1079 1240 terrae
1098 1203 1201 1239 unde
1221 1203 1371 1240 fuerunt

302 1257 482 1306 proiecta.
518 1257 566 1293 Et
594 1268 641 1292 ne
675 1256 809 1305 aliquis
843 1256 942 1293 dicat
975 1256 1081 1305 quod
1115 1256 1250 1293 accidit
1280 1269 1369 1305 pro-

302 1318 386 1359 pter
416 1310 629 1346 tarditatem
659 1317 786 1346 motus
818 1316 959 1356 terrae,
994 1310 1099 1358 quod
1130 1310 1368 1359 impercepti-

305 1364 386 1400 bilis
406 1371 462 1400 est
480 1360 493 1386 t
522 1363 695 1400 distantia
719 1362 914 1411 utriusque
934 1362 1025 1407 loci;
1055 1363 1246 1411 subiungit
1265 1364 1370 1412 quod

303 1418 377 1454 hoc
404 1417 506 1454 idem
546 1416 700 1462 accidit,
731 1416 761 1452 si
789 1416 968 1453 infinities
999 1417 1034 1462 ³⁸,
1065 1428 1144 1453 una
1170 1417 1255 1453 vice
1284 1424 1371 1465 post

304 1471 428 1517 aliam,
445 1469 578 1518 aliquis
597 1469 768 1518 proiiciat
786 1469 953 1518 lapidem
973 1482 1140 1516 sursum;
1162 1469 1211 1506 ita
1230 1470 1371 1507 scilicet

304 1523 410 1573 quod
437 1523 657 1571 magnitudo
677 1523 861 1571 temporis
889 1522 1000 1559 faciat
1025 1523 1238 1560 distantiam
1266 1524 1369 1561 loco-

303 1589 388 1614 rum
419 1589 501 1613 esse
529 1576 826 1625 perceptibilem.
857 1577 906 1613 Et
933 1576 983 1613 ita
1009 1584 1113 1625 patet
1136 1577 1243 1625 quod
1270 1585 1370 1615 terra

304 1643 383 1667 non
411 1638 600 1667 movetur.

356 1683 506 1720 Deinde
535 1682 761 1732 epilogando
792 1682 981 1720 concludit
1008 1683 1252 1720 manifestum
1287 1696 1368 1720 esse

304 1749 350 1773 ex
377 1736 594 1785 praemissis
622 1736 728 1784 quod
755 1743 853 1772 terra
881 1748 1007 1785 neque
1026 1745 1217 1783 movetur,
1242 1749 1368 1785 neque

302 1791 417 1826 habet
445 1789 558 1826 situm
588 1798 690 1826 extra
718 1789 889 1826 medium
919 1789 1063 1826 mundi.

357 1856 393 1891 9.
414 1843 562 1880 Deinde
584 1855 671 1879 cum
690 1843 794 1879 dicit:
819 1843 954 1879 Adhuc
972 1848 1097 1879 autem
1120 1843 1253 1890 palam
1284 1851 1366 1891 etc„

304 1896 466 1944 assignat
494 1908 649 1933 causam
677 1895 811 1944 quietis
839 1903 972 1933 terrae.
1004 1897 1052 1932 Et
1081 1896 1169 1933 dicit
1197 1896 1302 1945 quod
1324 1909 1368 1933 ex

303 1949 520 1998 praemissis
540 1949 784 1986 manifestum
807 1957 862 1986 est
890 1961 988 1997 quae
1017 1949 1063 1986 sit
1091 1962 1206 1986 causa
1234 1950 1370 1998 quietis

305 2003 395 2040 eius.
427 2003 531 2039 Sicut
564 2003 664 2039 enim
694 2002 836 2040 dictum
866 2011 922 2039 est
950 2003 991 2049 *,
1021 2010 1120 2039 terra
1152 2003 1369 2040 naturaliter

303 2064 390 2093 nata
406 2064 461 2093 est
475 2057 562 2093 ferri
572 2057 591 2077 '¹‘
602 2068 646 2092 ex
661 2056 767 2092 omni
782 2063 888 2105 parte
903 2056 951 2093 ad
968 2055 1156 2103 medium,
1174 2056 1268 2093 sicut
1283 2069 1367 2094 sen-

303 2109 456 2146 sibiliter
483 2118 640 2158 apparet
668 2112 720 2155 (et
738 2109 906 2146 similiter
934 2109 983 2146 ad
1003 2121 1159 2146 sensum
1180 2118 1337 2159 apparet
1356 2116 1369 2131 ⁰

302 2163 406 2212 quod
427 2163 521 2211 ignis
541 2162 758 2199 naturaliter
777 2170 958 2199 movetur
971 2175 993 2199 a
1012 2162 1143 2199 medio
1164 2163 1298 2200 mundi
1318 2164 1367 2201 ad

302 2218 538 2262 extremum).
552 2216 663 2253 Unde
678 2216 848 2265 sequitur
862 2215 967 2264 quod
982 2217 1085 2252 nulla
1099 2216 1280 2264 particula
1295 2224 1366 2253 ter-

301 2281 375 2316 rae,
395 2270 457 2306 vel
477 2282 597 2318 parva
616 2270 677 2306 vel
697 2281 847 2316 magna,
868 2276 994 2317 potest
1013 2269 1162 2306 moveri
1184 2282 1206 2306 a
1223 2270 1364 2317 medio,

300 2322 369 2359 nisi
387 2335 456 2371 per
468 2323 703 2360 violentiam:
725 2322 819 2359 sicut
839 2322 941 2359 enim
961 2322 999 2358 in
1019 2322 1143 2370 primo
1161 2323 1180 2343 ’¹‘
1194 2323 1366 2360 habitum

301 2384 365 2423 est,
397 2376 505 2413 unius
535 2376 705 2424 corporis
734 2382 790 2412 est
821 2387 918 2412 unus
947 2384 1076 2412 motus
1104 2377 1300 2424 naturalis,
1331 2384 1367 2413 et

301 2430 458 2478 simplex
478 2425 604 2466 motu's
623 2428 802 2478 simplicis
827 2429 1009 2478 corporis,
1031 2441 1110 2466 non
1130 2437 1258 2466 autern
1277 2442 1366 2479 pos-

300 2490 386 2520 sunt
405 2495 486 2519 esse
497 2488 516 2504 ⁷⁸
531 2483 595 2519 uni
611 2482 760 2531 corpori
775 2482 934 2531 simplici
949 2482 1026 2519 duo
1042 2490 1170 2519 motus
1190 2483 1364 2520 contrarii

300 2537 503 2581 naturales;
521 2543 647 2573 motus
663 2543 790 2572 autem
805 2548 827 2572 a
842 2535 971 2572 medio
989 2536 1197 2573 contrarius
1213 2544 1269 2573 est
1284 2548 1368 2573 mo-

300 2589 352 2626 tui
381 2589 429 2626 ad
458 2589 637 2626 medium.
661 2590 710 2626 Et
731 2589 800 2636 sic,
831 2588 861 2625 si
882 2589 930 2626 ita
952 2596 1006 2626 est
1034 2589 1139 2636 quod
1160 2601 1367 2638 quaecum-

302 2655 374 2691 que
394 2655 480 2691 pars
499 2650 620 2679 terrae
641 2654 719 2679 non
747 2642 866 2691 possit
894 2642 980 2679 ferri
1000 2654 1022 2679 a
1042 2642 1171 2679 medio
1201 2642 1271 2679 nisi
1299 2655 1368 2691 per

300 2695 532 2743 violentiam,
548 2695 791 2732 manifestum
812 2702 868 2732 est
887 2695 991 2744 quod
1012 2696 1131 2732 multo
1152 2695 1367 2744 impossibi-

301 2748 370 2786 lius
391 2756 446 2786 est
464 2749 567 2798 quod
586 2757 665 2786 tota
679 2756 778 2786 terra
791 2756 995 2786 moveatur
1008 2761 1031 2785 a
1045 2749 1187 2786 medio.
1199 2750 1367 2786 -Posset

352 2915 380 2949 λ)
399 2917 446 2942 sed
458 2920 564 2942 terra...
578 2916 650 2941 nullo
664 2915 742 2941 modo
757 2919 886 2941 movetur.
897 2930 918 2935 -
931 2915 978 2941 sed
992 2919 1067 2940 terra
1081 2916 1227 2948 aliquando
1246 2919 1368 2941 movetur

301 2953 337 2977 ad
351 2952 465 2977 medium
480 2952 579 2982 mundi,
596 2955 625 2976 ut
634 2951 779 2984 probatum
792 2955 840 2980 est,
855 2958 920 2984 ergo
933 2954 1007 2976 terra
1023 2952 1094 2976 nullo
1109 2952 1187 2976 modo
1201 2955 1322 2976 movetur
1334 2951 1366 2982 P;

301 2987 393 3012 omittit
412 2995 506 3020 nempe
525 2995 583 3012 cum
603 2988 679 3012 codd.
692 2995 744 3011 exc.
760 2987 781 3010 Α
796 2987 991 3012 homoteleuton
1005 2994 1103 3020 ergo...
1119 2987 1144 3012 in
1159 2987 1245 3012 medio
1259 2987 1366 3016 mundi,

302 3028 327 3048 et
345 3028 426 3047 mutat
445 3023 607 3047 naturaliter
621 3024 646 3047 in
660 3023 821 3055 aliquando;
841 3023 886 3047 sed
905 3023 1013 3047 omissio
1033 3031 1084 3047 non
1104 3023 1190 3046 solum
1206 3022 1291 3047 turbat
1305 3030 1367 3055 pro-

302 3066 404 3082 cessum
430 3059 671 3091 argumentationis,
696 3066 786 3083 verum
813 3058 889 3083 etiam
916 3058 1022 3090 impedit
1047 3059 1187 3090 quominus
1213 3059 1367 3090 generaliter

303 3093 420 3118 concludi
444 3094 525 3126 possit
550 3095 621 3126 quod
647 3098 721 3118 terra
747 3094 819 3118 nullo
842 3093 921 3118 modo
946 3096 1076 3118 movetur.
1099 3095 1170 3118 Loco
1192 3094 1265 3118 nullo
1289 3094 1367 3119 modo

302 3132 434 3158 movetur,
458 3129 493 3154 ibi
514 3130 675 3154 naturaliter
697 3129 807 3161 quiescit
829 3129 881 3159 sG,
909 3130 982 3154 nullo
1011 3130 1090 3154 modo
1119 3132 1240 3154 mouetur
1263 3129 1296 3154 ab
1321 3129 1366 3154 illo

302 3164 388 3189 medio
406 3164 450 3189 sF.

356 3200 383 3232 μ)
402 3199 522 3224 Videmus
538 3200 638 3224 enim...
659 3203 744 3224 motus
759 3203 806 3225 est.
820 3214 838 3219 —
852 3200 887 3225 Ita
899 3200 929 3229 Α,
946 3200 994 3224 nisi
1009 3200 1080 3232 quod
1100 3201 1151 3233 leg.
1170 3200 1276 3225 tabulae
1295 3201 1366 3225 latae

302 3242 349 3266 pro
368 3235 484 3263 tabulae,
510 3240 536 3259 et
558 3243 609 3267 qua
628 3243 675 3268 pro
693 3236 836 3260 secundum
856 3243 934 3268 quam
941 3243 949 3264 ,·
968 3236 988 3260 P
1011 3235 1134 3260 Videmus
1159 3236 1228 3260 enim
1253 3236 1325 3268 quod
1342 3236 1366 3261 si

302 3270 451 3300 suppositus
469 3270 503 3294 sit
521 3270 589 3302 lapis
607 3271 687 3296 alicui
706 3271 811 3295 tabulae
829 3274 855 3296 et
875 3271 1038 3303 proiiciatur
1055 3271 1198 3296 secundum
1218 3272 1260 3296 sui
1278 3271 1304 3296 in
1325 3272 1365 3296 di—

304 3308 416 3333 rectum,
436 3305 530 3330 iterum
549 3306 626 3330 cadet
643 3313 723 3338 super
740 3307 849 3331 eandem
870 3306 1054 3331 rectitudinem
1079 3314 1158 3339 quam
1183 3314 1289 3331 sursum
1309 3314 1365 3332 mo-

305 3342 368 3363 tum.
388 3340 441 3364 Cet.
461 3341 534 3365 codd.
549 3341 621 3373 plura
641 3342 734 3366 menda
748 3342 856 3366 habent:
871 3350 931 3366 nam
946 3342 970 3367 si
987 3350 1040 3367 om.
1052 3350 1145 3367 omnes
1161 3350 1214 3368 exc.
1227 3342 1288 3373 Ds1;
1302 3349 1364 3374 sup-

300 3374 404 3405 positus
417 3376 504 3406 legunt
517 3376 600 3408 CEpl;
614 3384 662 3408 pro
674 3384 787 3405 sursum,
802 3378 945 3402 secundum
959 3378 1009 3406 sui,
1023 3383 1048 3402 et
1062 3385 1109 3410 pro
1123 3381 1149 3402 et
1164 3378 1260 3403 iterum
1274 3378 1364 3408 cadat,

306 3412 394 3433 utrum
413 3410 492 3435 cadat
510 3418 616 3440 omnes;
644 3419 691 3443 pro
715 3413 856 3437 secundum
876 3413 1001 3442 eandem,
1026 3420 1107 3445 super
1124 3413 1251 3443 eandem,
1271 3418 1297 3438 et
1316 3421 1364 3446 pro

304 3444 445 3469 secundum
464 3452 550 3477 quam,
570 3454 648 3478 quam
667 3447 710 3471 GI.
723 3461 742 3466 —
761 3447 780 3471 E
800 3447 882 3479 pergit
903 3448 951 3472 sed
968 3449 992 3473 si
1010 3449 1101 3473 tabula
1121 3449 1181 3478 illa,
1201 3455 1248 3474 cet.
1268 3456 1322 3474 exc.
1342 3450 1364 3474 A

305 3479 351 3503 sed
369 3479 392 3504 si
410 3480 507 3504 tabula.
520 3494 538 3499 -
552 3482 640 3506 Statim
660 3489 707 3513 pro
726 3482 770 3506 ubi
780 3483 858 3513 prius
876 3486 943 3511 erat,
964 3487 993 3508 ut
1007 3484 1085 3515 prius
1104 3484 1132 3508 Ρ.

358 3515 381 3546 ν)
396 3515 567 3546 principium.
580 3530 598 3534 —
608 3516 743 3548 principia
758 3517 776 3540 P
792 3518 909 3546 ercodd.
929 3526 983 3543 exc.
1002 3519 1058 3543 Asl.
1071 3533 1091 3539 -
1105 3519 1123 3543 Ρ
1137 3527 1184 3552 pro
1202 3526 1280 3544 casus
1298 3520 1360 3551 legit

306 3552 405 3579 tactus,·
424 3557 470 3608 tiro
488 3553 589 3579 autem,
613 3551 682 3576 enim
705 3552 794 3583 codd.;
819 3553 886 3577 idest
904 3559 963 3585 post
982 3555 1102 3587 regulam
1121 3555 1244 3580 omittunt
1262 3555 1363 3580 codices

306 3589 411 3616 excepto
443 3602 449 3609 .

360 3618 383 3652 ξ)
402 3620 473 3652 quod
491 3620 619 3646 accidit...
637 3621 708 3653 quod
727 3621 937 3654 imperceptibilis
956 3627 1004 3649 est.
1017 3636 1034 3643 -
1053 3624 1088 3649 Ita
1102 3625 1139 3655 Α;
1157 3630 1206 3650 cet.
1221 3633 1268 3658 pro
1282 3626 1363 3650 altero

997 273 1067 309 DE
1098 272 1273 308 CAELO
1303 272 1374 308 ET
1403 269 1599 307 MUNDO
1629 270 1725 307 LIB.
1757 270 1801 306 II.

1426 357 1555 385 autem
1575 348 1708 398 aliquis
1729 349 1899 397 obviare,
1911 349 2051 386 *dicens
2078 349 2185 397 quod
2203 357 2282 386 tota
2301 357 2400 388 terra
2418 364 2499 390 non

1426 410 1605 439 movetur
1624 403 1673 439 ad
1693 402 1878 440 medium.
1897 403 1973 440 Sed
1989 403 2069 451 ipse
2085 404 2161 439 hoc
2177 403 2349 452 excludit,
2367 404 2498 442 dicens

1426 457 1531 504 quod
1547 455 1635 492 illuc
1650 463 1737 492 nata
1753 464 1808 493 est
1823 456 1908 493 ferri
1924 464 2003 493 tota
2018 464 2129 503 terra,
2142 468 2219 505 quo
2236 464 2324 493 nata
2340 465 2396 494 est
2410 458 2498 495 ferri

1424 520 1512 558 pars
1531 516 1669 546 terrae:
1692 516 1728 546 et
1746 509 1807 557 ita,
1825 509 1854 546 si
1866 511 1885 529 ⁴⁶
1900 522 1988 558 pars
2008 517 2129 546 terrae
2150 517 2330 547 movetur
2349 511 2397 548 ad
2417 523 2498 548 me-

1427 562 1533 599 dium
1549 562 1775 609 naturaliter,
1794 571 1831 599 et
1844 570 1922 599 tota
1937 570 2035 600 terra
2050 563 2137 599 illuc
2157 563 2376 600 movebitur
2390 572 2498 601 natu—

1426 615 1549 652 raliter
1558 622 1583 652 Ρ.
1597 617 1646 652 Et
1660 616 1711 652 ita
1725 616 1961 665 impossibile
1978 624 2032 653 est
2048 617 2153 666 quod
2167 625 2370 654 moveatur
2380 630 2402 654 a
2417 630 2498 655 me-

1425 669 1507 706 dio:
1523 669 1627 706 unde
1647 669 1906 706 necessarium
1922 678 1978 707 est
1992 670 2098 718 quod
2113 670 2282 718 quiescat
2301 670 2339 707 in
2354 671 2497 708 medio.

1487 735 1542 759 10.
1555 722 1706 759 Deinde
1718 735 1806 759 cum
1819 723 1923 760 dicit:
1936 724 1972 760 T
1968 724 2198 772 estzficantur
2208 729 2333 760 autem
2343 724 2400 760 his
2413 731 2496 772 etc.,

1427 776 1630 813 confirmat
1657 788 1755 825 quae
1777 776 1873 813 dicta
1893 784 1980 813 sunt
2000 777 2048 814 de
2068 777 2140 814 situ
2161 785 2197 814 et
2217 777 2343 826 quiete
2362 785 2497 826 terrae,

1425 842 1494 878 per
1522 829 1621 866 dicta
1653 830 1946 877 astrologorum.
1977 831 2027 867 Et
2060 830 2149 867 dicit
2177 825 2290 879 quod¹
2310 830 2369 868 his
2397 843 2498 879 quae

1427 883 1525 920 dicta
1558 890 1664 929 sunt,
1704 882 1843 919 scilicet
1877 883 1982 932 quod
2015 891 2115 921 terra
2148 884 2193 921 sit
2221 884 2260 921 in
2293 884 2423 921 medio
2462 893 2499 922 et

1426 937 1530 984 quod
1558 936 1748 984 quiescat,
1778 943 2001 973 attestantur
2029 949 2075 974 ea
2103 950 2202 985 quae
2233 937 2331 974 dicta
2359 945 2447 975 sunt
2474 950 2498 975 a

1426 988 1702 1025 mathematicis
1741 988 1839 1025 circa
1877 990 2142 1037 astrologiam:
2183 1003 2228 1027 ea
2265 991 2368 1028 enim
2398 1004 2497 1040 quae

1425 1042 1680 1079 sensibiliter*
1694 1050 1879 1090 apparent
1899 1043 1998 1079 circa
2017 1044 2304 1080 translationem
2325 1045 2496 1093 configu-

1425 1095 1615 1132 rationum
1634 1101 1660 1142 ²,
1691 1107 1791 1143 quae
1821 1096 2121 1133 determinantur
2139 1098 2353 1134 secundum
2377 1105 2497 1135 astro-

1426 1162 1510 1186 rum
1532 1149 1645 1185 situm
1666 1156 1702 1185 et
1721 1148 1911 1196 ordinem,
1931 1149 2006 1186 hoc
2025 1151 2144 1188 modo
2165 1151 2303 1188 salvari
2322 1159 2494 1200 possunt,

1425 1203 1456 1239 si
1483 1211 1582 1239 terra
1610 1202 1656 1239 sit
1684 1202 1721 1239 in
1750 1202 1880 1239 medio
1910 1202 2122 1251 quiescens,
2154 1210 2190 1240 et
2217 1216 2297 1240 non
2324 1204 2441 1241 aliter.

1479 1256 1529 1293 Ut
1558 1256 1659 1292 enim
1680 1256 1929 1292 Ptolomaeus
1950 1255 2050 1303 dicit,
2071 1256 2101 1292 si
2119 1264 2219 1293 terra
2239 1269 2319 1294 non
2340 1264 2439 1294 esset
2457 1257 2497 1295 in

1425 1309 1567 1355 medio,
1589 1317 1782 1358 oporteret
1802 1321 1888 1346 eam
1909 1309 2025 1346 altero
2046 1309 2160 1346 trium
2180 1310 2391 1347 modorum
2411 1321 2496 1348 esse

1426 1363 1660 1412 dispositam.
1692 1363 1869 1409 Quorum
1896 1375 1997 1399 unus
2026 1370 2082 1399 est
2114 1363 2220 1411 quod
2248 1363 2328 1400 axis
2360 1363 2497 1402 mundi

1426 1424 1529 1453 extra
1544 1424 1684 1453 terram
1701 1424 1811 1463 esset,
1828 1423 1864 1452 et
1883 1423 2014 1452 tamen
2026 1417 2046 1437 ³²
2064 1424 2162 1453 terra
2183 1416 2337 1454 distaret
2355 1429 2497 1466 aequa-

1424 1470 1506 1507 liter
1534 1470 1582 1506 ab
1611 1477 1774 1518 utroque
1803 1470 1995 1518 polorum.
2036 1469 2236 1507 Secundus
2270 1471 2413 1507 modus
2441 1477 2498 1508 est

1425 1523 1530 1573 quod
1549 1531 1649 1560 terra
1669 1531 1768 1560 esset
1795 1523 1833 1559 in
1861 1534 1943 1569 axe,
1965 1530 2001 1559 et
2020 1523 2142 1571 magis
2171 1523 2497 1573 appropinquaret

1424 1577 1472 1614 ad
1487 1589 1608 1613 unum
1627 1577 1807 1625 polorum
1827 1588 1944 1624 quam
1965 1576 2015 1613 ad
2034 1576 2162 1613 aliurn.
2184 1577 2336 1614 Tertius
2355 1577 2497 1615 modus

1424 1638 1480 1667 est
1508 1630 1613 1679 quod
1636 1642 1760 1678 neque
1791 1637 1888 1666 esset
1915 1636 2013 1666 terra
2038 1629 2076 1666 in
2097 1641 2179 1676 axe,
2209 1642 2335 1679 neque
2355 1642 2496 1680 aequa-

1423 1684 1505 1721 liter
1534 1683 1687 1720 distaret
1714 1683 1762 1719 ab
1790 1690 1953 1732 utroque
1981 1683 2174 1731 polorum.

1478 1736 1518 1774 Si
1543 1744 1669 1773 autem
1693 1743 1792 1773 terra
1808 1744 1907 1773 esset
1921 1735 1990 1772 sita
2009 1736 2135 1785 primo
2150 1737 2283 1783 m0d0‚
2298 1743 2340 1774 ut
2354 1736 2497 1774 scilicet

1423 1798 1522 1827 terra
1537 1797 1636 1826 esset
1651 1797 1755 1826 extra
1774 1801 1886 1826 axem
1901 1795 1916 1810 '
1935 1789 2143 1838 aequaliter
2163 1789 2304 1826 distans
2323 1790 2372 1826 ab
2391 1797 2495 1828 utro-

1424 1856 1498 1892 que
1526 1844 1634 1892 polo3
1656 1842 1686 1879 si
1715 1842 1872 1891 quidem
1901 1850 2000 1879 esset
2028 1854 2143 1891 supra
2167 1854 2279 1879 axem
2302 1843 2365 1880 vel
2385 1842 2494 1892 infra,

1423 1904 1616 1945 oporteret
1634 1896 1741 1943 quod
1759 1895 1920 1932 horizon
1939 1895 2192 1932 habitantium
2207 1895 2246 1932 in
2261 1896 2423 1944 sphaera
2438 1907 2496 1933 re-

1423 1958 1481 1987 cta
1497 1950 1683 1987 divideret
1702 1948 2019 1998 aequinoctialem
2039 1956 2075 1985 et
2094 1961 2230 1986 omnes
2253 1949 2414 1996 circulos
2433 1961 2496 1987 ae-

1423 2003 1670 2052 quidistantes
1691 2002 1730 2039 in
1748 2009 1875 2051 partes
1894 2002 2128 2050 inaequales,
2160 2010 2196 2039 et
2219 2001 2269 2039 ita
2293 2014 2495 2052 nunquam

1423 2057 1460 2093 in
1480 2058 1642 2106 sphaera
1670 2063 1772 2093 recta
1796 2056 1905 2093 fieret
1933 2055 2230 2105 aequinoctium.
2261 2057 2303 2093 In
2332 2056 2495 2105 sphaera

1420 2122 1515 2147 vero
1537 2110 1692 2159 obliqua
1711 2110 1772 2146 vel
1793 2121 1993 2158 nunquam
2017 2109 2127 2146 fieret
2149 2109 2436 2158 aequinoctium
2454 2110 2494 2158 ⁸²,

1420 2165 1481 2200 vel
1502 2176 1581 2200 non
1600 2163 1708 2199 fieret
1726 2162 1765 2199 in
1782 2162 1911 2200 medio
1937 2163 2104 2200 duorum
2119 2162 2384 2200 solstitiorum:
2404 2163 2496 2212 quia

1420 2217 1580 2254 horizon
1599 2228 1798 2265 nunquam
1811 2223 1942 2264 posset
1958 2216 2128 2253 dividere
2145 2216 2357 2253 maximum
2376 2216 2494 2254 circu-

1420 2271 1545 2307 lorum
1575 2269 1908 2318 aequidistantium
1940 2269 1980 2306 in
2009 2269 2085 2307 duo
2113 2269 2262 2317 media,
2296 2269 2364 2307 sed
2398 2270 2495 2308 forte

1420 2323 1588 2373 aliquem
1618 2323 1792 2360 aliorum.
1825 2322 1865 2360 Si
1887 2334 1983 2360 vero
2012 2330 2112 2360 terra
2130 2323 2336 2360 declinaret
2354 2324 2404 2361 ab
2423 2335 2494 2361 axe

1419 2377 1468 2414 ad
1487 2384 1635 2426 partem
1666 2376 1887 2413 orientalem
1915 2377 1979 2413 vel
2004 2376 2290 2423 occidentalem,
2316 2389 2495 2426 sequere-

1419 2437 1480 2467 tur
1498 2430 1625 2479 primo
1645 2429 1802 2478 quidem
1823 2429 1927 2478 quod
1947 2430 2075 2466 stellae
2095 2441 2175 2466 non
2192 2429 2414 2467 viderentur
2432 2441 2494 2467 ae-

1421 2484 1552 2532 quales
1580 2483 1732 2533 inlortu
1762 2490 1799 2519 et
1827 2494 1984 2528 ocean,
2014 2489 2173 2530 propter
2200 2482 2442 2532 inaequalem
2472 2483 2494 2505 ⁸
2520 2487 2530 2497 '

1421 2535 1648 2573 distantiam.
1677 2537 1818 2572 Iterum
1838 2535 2008 2572 secundo
2035 2542 2258 2583 sequeretur
2282 2535 2389 2584 quod
2413 2548 2494 2574 non

1422 2597 1520 2626 esset
1556 2589 1715 2637 aequale
1750 2588 1916 2637 spatium
1949 2588 2133 2637 temporis
2161 2589 2210 2625 ab
2239 2589 2260 2610 *
2289 2597 2374 2626 ortu
2402 2589 2493 2627 solis
2518 2596 2530 2608 ⁸

1420 2654 1543 2691 usque
1558 2642 1607 2679 ad
1626 2641 1834 2679 maximam
1851 2641 2117 2678 exaltationem
2133 2642 2224 2689 eius,
2241 2642 2396 2691 quando
2411 2655 2493 2680 ma-

1420 2695 1520 2733 xime
1549 2695 1831 2745 appropinquat
1859 2695 2044 2744 capitibus
2072 2694 2221 2743 nostris,
2251 2695 2372 2745 spatio
2396 2703 2493 2734 tem-

1421 2749 1525 2798 poris
1554 2749 1659 2798 quod
1689 2756 1744 2785 est
1771 2761 1892 2798 usque
1921 2748 1971 2786 ad
1999 2760 2194 2786 occasum.

1420 2916 1492 2948 quod
1510 2916 1599 2949 legunt
1618 2916 1688 2941 unde
1706 2916 1779 2949 quod
1784 2923 1794 2946 ;
1812 2916 1832 2941 P
1851 2915 1915 2949 legit
1933 2916 2006 2950 quod
2023 2916 2072 2942 hoc
2087 2916 2222 2942 accidit...
2236 2916 2307 2942 unde
2325 2916 2493 2950 impercepti-

1421 2951 1479 2976 bilis
1498 2955 1546 2977 est.

1474 2988 1499 3019 ο)
1519 2990 1545 3012 et
1563 2987 1687 3012 similiter
1704 2987 1742 3011 ad
1759 2994 1863 3012 sensum
1883 2989 2007 3019 apparet.
2023 3001 2043 3006 -
2061 2987 2118 3012 Hoc
2137 2986 2333 3012 homoteleuton
2352 2995 2406 3014 om.
2425 2988 2446 3014 P
2467 2994 2494 3015 et

1420 3023 1495 3047 codd.
1515 3030 1568 3047 exc.
1583 3023 1615 3047 A.
1635 3036 1654 3041 -
1672 3023 1753 3047 Paulo
1772 3022 1838 3047 infra
1857 3030 1904 3054 pro
1919 3025 2010 3054 potest
2028 3023 2144 3053 moveri,
2160 3023 2248 3055 possit
2266 3024 2400 3049 removeri
2417 3024 2450 3050 Α.

1474 3059 1502 3090 π)
1523 3065 1574 3083 non
1594 3061 1683 3083 autem
1698 3061 1814 3090 possunt
1832 3065 1895 3083 esse.
1909 3071 1928 3077 -
1941 3058 1992 3082 Pro
2011 3066 2062 3083 non
2083 3061 2180 3088 autem,
2202 3059 2272 3084 unde
2290 3067 2343 3084 non
2363 3059 2423 3091 FG3
2443 3067 2492 3092 pro

1418 3101 1481 3122 esse,
1502 3093 1585 3118 inesse
1598 3093 1681 3122 BCFI.
1696 3093 1764 3118 idem
1784 3100 1839 3118 esse
1858 3093 1890 3118 D.
1901 3107 1920 3112 -
1934 3093 2031 3118 Eadem
2046 3094 2088 3118 lin.
2103 3101 2151 3127 pro
2166 3094 2228 3123 duo,
2243 3094 2362 3126 duplices
2374 3095 2403 3120 P.
2418 3094 2492 3126 Quae

1419 3129 1502 3162 pergit
1520 3132 1607 3154 motus
1625 3129 1765 3158 contrarii,
1785 3128 1872 3154 omnis
1890 3132 1979 3154 autem
2000 3133 2087 3154 motus
2106 3135 2170 3159 etc.;
2190 3130 2265 3155 codd.
2286 3137 2341 3155 exc.
2360 3130 2383 3155 Α
2403 3133 2491 3156 motus

1418 3165 1557 3194 contrarii,
1578 3164 1711 3189 naturalis
1729 3167 1818 3189 autem
1839 3163 1939 3197 (autem
1958 3172 2013 3190 om.
2027 3164 2084 3199 EG)
2104 3169 2192 3190 motus
2198 3173 2207 3196 ‚¹
2221 3166 2244 3190 A
2256 3173 2305 3198 pro
2317 3169 2407 3191 autem
2422 3166 2492 3192 mule

1418 3200 1498 3225 enim.
1518 3199 1584 3224 Dein
1603 3199 1637 3224 ibi
1658 3200 1694 3224 Et
1712 3200 1750 3225 sic
1767 3200 1792 3224 si
1811 3200 1849 3224 ita
1868 3203 1908 3225 est
1926 3205 1984 3230 etc„
2002 3200 2040 3225 sic
2058 3207 2113 3226 om.
2127 3202 2164 3231 Ας
2183 3201 2207 3226 si
2219 3208 2272 3225 om.
2287 3206 2336 3226 cet.
2351 3208 2406 3226 exc.
2418 3201 2451 3231 st.
2465 3206 2493 3227 et

1418 3241 1530 3268 pergunt
1548 3235 1587 3260 ita
1599 3238 1639 3260 est
1656 3236 1728 3268 quod
1740 3243 1920 3268 quaecumque
1929 3243 1997 3268 pars
2010 3239 2099 3261 terrae
2111 3239 2180 3261 esset
2193 3237 2272 3269 (quae
2286 3236 2320 3268 D)
2340 3243 2392 3262 non
2402 3236 2492 3269 possit

1419 3271 1481 3304 (non
1506 3274 1597 3303 posset
1616 3270 1671 3303 FG)
1692 3271 1788 3304 inferri
1807 3271 1985 3303 (naturaliter
2004 3272 2062 3296 add.
2082 3271 2136 3304 sG)
2155 3279 2173 3296 a
2193 3272 2280 3297 medio
2299 3277 2362 3301 etc.:
2382 3272 2429 3296 sed
2445 3272 2491 3298 lin.

1417 3314 1474 3339 seq.
1494 3306 1513 3331 F
1534 3306 1595 3338 legit
1613 3307 1783 3340 manifestum
1799 3310 1839 3332 est
1852 3311 1951 3332 autem.
1970 3306 1994 3331 G
2013 3315 2066 3332 om.
2086 3307 2282 3332 homoteleuton
2297 3307 2351 3332 nisi
2363 3314 2416 3339 per
2434 3307 2491 3332 vio-

1417 3342 1526 3367 lentiam
1583 3349 1600 3366 a
1619 3342 1715 3367 medio.

1471 3378 1496 3411 ρ)
1516 3381 1542 3402 et
1561 3381 1617 3403 tota
1636 3380 1744 3402 terra...
1763 3378 1932 3403 naturaliter.
1944 3391 1963 3397 —
1976 3381 2003 3403 et
2021 3381 2078 3403 tota
2097 3382 2171 3403 terra
2189 3378 2228 3403 sie
2245 3377 2277 3407 D,
2293 3380 2320 3403 et
2339 3381 2397 3403 tota
2415 3381 2491 3403 terra

1418 3413 1566 3438 movebitur
1580 3413 1716 3446 (mouetur
1728 3413 1748 3438 F
1754 3414 1763 3446 )
1778 3414 1815 3438 ad
1829 3414 1943 3438 medium
1963 3413 2125 3439 naturaliter
2138 3413 2202 3438 BCF
2204 3414 2222 3438 1.
2235 3426 2254 3433 —
2268 3413 2359 3438 statim
2371 3420 2389 3438 a
2401 3413 2490 3439 medio

1417 3449 1511 3473 omittit
1530 3449 1557 3473 Ρ.

1471 3485 1497 3517 e)
1517 3484 1720 3509 translationem
1735 3485 1989 3518 configurationum.
2002 3498 2021 3504 -
2033 3484 2237 3510 translationem
2256 3487 2283 3509 et
2294 3484 2489 3518 figurationem

1418 3519 1437 3544 Ρ
1451 3524 1476 3544 et
1490 3520 1566 3544 codd.
1586 3527 1639 3545 exc.
1659 3520 1695 3549 Α;
1709 3520 1756 3544 sed
1771 3520 1834 3544 haec
1853 3520 1929 3545 lectio
1946 3520 2034 3545 minus
2053 3527 2113 3545 cum
2132 3525 2203 3545 textu
2222 3520 2360 3545 convenire
2378 3519 2488 3545 videtur.

1418 3554 1455 3580 Cs.
1475 3556 1551 3580 etiam
1571 3562 1601 3580 ea
1621 3562 1688 3588 quae
1707 3561 1862 3588 sequuntur.
2497 3553 2500 3558 '

1473 3590 1499 3622 τ)
1519 3594 1549 3615 ut
1566 3590 1666 3615 scilicet
1680 3594 1754 3615 terra
1769 3594 1837 3616 esset
1854 3594 1937 3616 extra
1950 3597 2042 3616 axem.
2054 3604 2075 3610 -
2087 3590 2188 3616 scilicet
2201 3593 2284 3616 extra
2295 3597 2377 3616 axem
2391 3589 2426 3620 1²5
2441 3589 2489 3614 ned

1418 3625 1449 3651 cs.
1469 3626 1534 3651 infra
1553 3626 1610 3651 loca
1628 3626 1759 3659 pai-aneia.

2526 522 2538 534 ⁴
2553 524 2578 544 et
2590 522 2624 544 cic
2638 529 2661 545 r.

2523 1051 2535 1063 ⁴*
2550 1057 2620 1073 senen
2634 1057 2656 1073 ι’.

2522 1425 2535 1437 ⁸
2548 1426 2627 1447 tane-
2641 1431 2689 1448 om.
2699 1432 2723 1448 Α.

2520 2110 2571 2132 'fn
2613 2110 2737 2160 Μϋεκ.ο-

2521 2164 2581 2186 mitt.
2594 2170 2678 2193 Anpo.
