2782 4134
370 246 421 294 46
1068 232 1138 269 DE
1169 228 1342 267 CAELO
1372 226 1443 263 ET
1471 222 1664 262 MUNDO
1694 220 1788 257 LIB.
1820 219 1833 254 l
2778 238 2782 287 Ξ

442 321 508 362 βεῖν
533 318 631 358 ἰσοβα
654 317 673 353 ἧ
698 316 842 359 σώματα
869 313 915 344 τῶ
932 311 994 351 ΒΔ,
1015 309 1082 341 ἀπό
1101 307 1162 340 τοῦ
1181 306 1318 348 ἀπείρου
1342 303 1420 334 ὀπο-
1543 301 1628 332 enim
1652 300 1708 330 erit
1724 307 1848 329 sumere
1872 295 2043 337 aequaliter
2061 291 2167 333 gravia
2188 301 2323 332 corpora
2342 291 2371 322 ei
2395 291 2486 332 quod
2500 297 2547 322 est
2778 299 2782 314 ι

440 364 542 397 σαοῦν
568 361 588 398 ἧ
616 329 650 394 ἀρ
664 361 842 403 αιροῦντας
868 356 888 393 ἦ
901 344 1169 399 ’προστιθέντας
1199 348 1300 379 Ὥστε
1317 342 1420 383 δῆλον
1541 346 1608 382 BD,
1633 345 1671 374 ab
1690 342 1815 373 infinito
1832 347 2090 381 quantacumque
2107 343 2162 367 aut
2178 336 2354 387 auferentes
2375 343 2430 386 aut
2446 346 2545 376 appo-

442 411 476 440 ’κ
501 408 567 438 τῶν
592 406 618 436 εὶ
640 373 659 442 Ξ
690 405 767 436 ένων
803 401 856 434 ὅτι
890 401 948 431 οὐκ.
974 398 1070 430 ’έσται
1102 396 1164 427 τοῦ
1200 392 1335 433 ἀπείρου
1360 389 1422 420 σώ-
1541 395 1660 419 nentes.
1686 388 1889 426 Quapropter
1912 383 2116 414 manifestum
2140 391 2177 411 ex
2201 381 2290 411 dlctls
2307 389 2463 430 quomam
2478 390 2546 410 non

440 422 547 496 ‘cmv-Q
581 417 829 491 neereigoecpevov
862 444 902 477 τὸ
935 442 1044 486 βάρος.
1079 439 1232 481 Ἀπειρον
1266 434 1342 478 ἄρα.
1382 433 1421 463 Εἰ
1542 432 1599 462 erit
1612 431 1727 462 infiniti
1743 429 1884 469 corporis
1903 427 1991 458 finita
2006 425 2151 466 gravitaS.
2176 424 2302 455 Infinita
2316 431 2421 464 igitur.
2438 424 2471 455 Si
2487 424 2546 465 igi-

441 498 549 528 τοίνυν
570 493 665 526 τοῦτ’
688 487 869 530 ἀδύνατον,
887 490 943 518 καὶ
961 486 1000 519 τὸ
1019 481 1152 526 ἄπειρόν
1171 492 1204 512 τι
1222 475 1307 510 εἶναι
1324 478 1420 521 σῶμα
1540 473 1911 560 itunfp(l)1sc;‹i:biilr(1÷1possibile,
1936 478 1967 501 et
1989 469 2151 500 infinitum
2175 468 2307 510 aliquod
2330 479 2398 500 esse
2428 478 2546 509 corpus

452 541 459 550 .
499 538 506 549 Ι

369 536 642 626 Ἀλλαοὶδυξῖἔντοέτι
666 580 695 625 γ’
726 576 859 622 ἄπειρόν
885 587 918 606 τι
943 571 1026 605 εἶναι
1052 570 1150 614 βάρος
1182 563 1365 605 ἀδύνατον,
1385 564 1420 596 ἐκ
1473 565 1491 584 *
1509 564 1571 595 Sed
1587 563 1689 594 adhuc
1706 561 1861 603 quoniam
1876 559 2033 590 infinitam
2050 568 2116 589 esse
2131 557 2318 599 gravitatem
2337 557 2545 598 impossibile,
2574 558 2584 567 '
2598 557 2667 580 Text.
2681 563 2712 586 51-

441 623 544 661 τῶνδε
569 623 718 668 φανερόν.
1541 608 1581 638 sit
1604 618 1640 638 ex
1662 607 1710 637 his
1735 604 1949 655 manifestum.
2031 647 2039 654 ι

374 673 412 704 Εἰ
436 671 499 718 γάρ
516 670 556 703 τὰ
573 663 706 701 τοσονδὶ
733 664 829 708 βάρος
847 662 909 698 τήν
929 654 1071 696 τοσήνδε
1090 659 1122 690 ἑν
1142 651 1227 698 τῷδε
1246 654 1293 694 τῷ
1315 652 1419 698 χρόνῳ
1474 653 1507 684 Si
1531 652 1616 683 enim
1638 657 1723 682 tanta
1745 656 1879 690 gravitas
1894 654 2015 678 tantam
2030 657 2064 678 1n
2080 647 2142 678 hoc
2163 653 2308 688 tempore
2324 652 2444 685 movet,
2460 652 2547 677 tauta

440 719 595 754 κινεῖται,
622 711 662 743 τὸ
687 710 849 743 τοσοῦτον
873 707 930 736 καὶ
955 705 1006 737 ἔτι
1032 701 1063 735 ἐν
1090 701 1270 738 ἐλάττονι,
1541 703 1571 727 et
1594 695 1697 726 adhuc
1719 695 1752 724 in
1776 692 1901 723 minori.

374 762 431 792 καὶ
457 759 519 796 τήν
546 758 728 800 ἀναλογίαν
746 753 784 789 ἣν
803 750 849 783 τοὶ
864 749 948 793 βάρη
967 749 1048 793 ἔχει,
1068 749 1096 778 οἱ
1116 745 1230 791 χρόνοι
1249 740 1419 775 ἀνάπαλιν
1474 741 1514 771 Et
1537 739 1716 779 analogiam
1733 747 1831 778 quarn
1854 736 2020 787 gravitates
2043 735 2170 786 habent,
2186 743 2333 787 tempora
2357 745 2374 766 e
2391 744 2545 786 converso

441 803 579 844 ἕξουσιν,
600 802 664 832 οἷον
689 799 715 829 εἰ
741 797 780 828 το·
806 794 904 838 ἥμισυ
931 792 1029 837 βάρος
1055 792 1087 823 ἐν
1113 785 1213 831 τῷδε,
1233 788 1273 820 τὸ
1299 784 1421 817 διπλά-
1540 785 1716 815 habebunt:
1741 789 1820 822 puta
1843 792 1868 811 Sl
1891 781 1998 811 med1a
2020 787 2154 822 gravnas
2184 791 2218 811 in
2241 780 2323 820 hoc,
2347 780 2486 830 duplurn
2512 789 2546 810 in

441 858 508 878 σιον
534 847 564 878 ἐν
592 846 700 889 ἡμίσει
724 839 862 872 τούτου.
1540 828 1706 859 medietate
1730 837 1807 857 elus.
2467 843 2472 846 .

1329 858 1343 870 N

368 892 444 923 Ἔτι
469 891 509 923 τό
526 885 772 931 πεπερασμένον
796 881 894 927 βάρος
913 881 1051 913 ἅπασαν
1070 874 1323 921 πεπερασμένην
1341 868 1421 904 δίει·
1472 873 1491 891 '¹⁶
1506 873 1630 910 Adhuc,
1655 869 1899 921 finita-gravitas
1919 878 2052 900 omnem
2074 867 2199 900 finitam
2221 875 2331 900 movet
2349 869 2383 900 in
2402 879 2470 911 quo
2574 869 2584 879 ⁸
2598 867 2667 890 Tm·
2681 873 2716 897 ⁵²·

440 947 488 966 σιν
515 934 545 965 ἔν
571 944 634 965 τινι
657 928 760 976 χρόνῳ
786 924 1036 970 πεπερασμένῳ.
1540 924 1682 966 temPPf·e
1705 914 1807 945 fimto·
1830 955 1842 965 ¹,
1911 958 1918 964 ¹
2101 956 2109 963 ,
2181 957 2189 964 ,
2323 957 2331 964 ο
2536 957 2544 964 ,

369 978 451 1011 ,Ανά
474 990 514 1014 κη
541 977 603 1021 ἄρα
628 975 662 1007 ἐκ
687 972 832 1011 τούτων,
851 972 879 1001 εἴ
903 982 938 1002 τι
963 969 1052 1001 ἔστιν
1081 966 1214 1005 ἄπειρον
1241 962 1355 1007 βάρος,
1372 971 1420 991 κι-
1472 962 1606 992 Necesse
1629 966 1723 1000 igitur
1746 969 1783 989 ex
1806 958 1869 996 his,
1894 968 1920 988 si
1943 967 2008 999 qua
2031 963 2079 988 est
2100 956 2224 988 infinita
2247 964 2400 997 grantes,
2423 966 2547 988 moveri

439 991 562 1054 νζῖσθαι
586 1021 643 1064 μὲν
669 1018 688 1057 ἦ
714 1013 852 1048 τοσόνδε
885 1013 960 1045 ὅσον
993 1012 1033 1045 τὸ
1062 1007 1334 1053 πεπερασμένον,
1359 1006 1418 1036 καὶ
1538 1005 1669 1045 quidem
1692 1003 1871 1034 secundum
1898 1009 2025 1033 tantum
2053 1007 2213 1042 quantum
2242 1001 2333 1032 finita
2362 1008 2394 1033 et
2422 1001 2545 1033 adhuc:

440 1067 490 1098 ἔτι
514 1065 559 1108 μή
583 1050 740 1094 κινεῖσθαι
764 1055 801 1091 δέ
843 1057 863 1098 ἦ
890 1057 1056 1103 ἀνάλογον
1081 1054 1140 1099 μὲν
1165 1050 1216 1085 δεῖ
1237 1051 1333 1083 κατά
1354 1049 1416 1086 τοὶς
1538 1059 1604 1079 non
1627 1048 1749 1079 moveri
1766 1047 1909 1088 quidem,
1935 1056 1974 1077 eo
1997 1045 2088 1087 quod
2114 1045 2396 1087 proportionaliter
2419 1052 2549 1086 oportet

440 1112 500 1142 ῡπε
523 1108 602 1152 οχοὶς
633 1085 814 1138 κινεῖσθαι,
841 1092 998 1138 ἐναντίως
1031 1095 1068 1131 δὲ
1102 1098 1142 1130 τὸ
1174 1097 1284 1141 μεῖζον
1311 1095 1343 1126 ἑν
1369 1094 1417 1134 τῷ
1539 1093 1715 1124 secundum
1738 1091 1936 1122 excellentias
1959 1090 2100 1130 moveri,
2129 1090 2284 1122 contrarie
2310 1097 2421 1122 autem
2443 1090 2548 1122 maior

438 1122 605 1186 ἑλάΞ-τονι.
642 1149 750 1195 Λόγος
781 1129 813 1180 83
840 1146 943 1184 οὐθείς
977 1146 1050 1177 ἐστι
1081 1143 1143 1174 τοῦ
1177 1142 1312 1185 ἀπείρου
1338 1137 1417 1181 πρὸς
1537 1138 1570 1168 in
1589 1137 1715 1168 minori.
1732 1135 1903 1176 Proportio
1919 1142 2028 1166 autern
2047 1135 2136 1166 nulla
2151 1141 2199 1166 est
2218 1134 2334 1166 infiniti
2350 1135 2390 1166 ad
2405 1134 2546 1174 finitum,

437 1198 477 1230 τὸ
502 1193 762 1239 πεπερασμένον,
781 1194 843 1225 τοῦ
860 1191 889 1222 δ’
910 1189 1094 1224 ἐλάττονος
1119 1185 1238 1232 χρόνου
1256 1184 1334 1228 πρὸς
1357 1182 1417 1214 τόν
1538 1181 1669 1213 minoris
1693 1187 1802 1211 autem
1824 1180 1978 1220 temporis
1997 1180 2038 1210 ad
2061 1179 2166 1210 maius
2184 1178 2327 1219 finitum:
2349 1179 2404 1210 sed
2418 1189 2546 1220 semper

436 1242 533 1286 μείζω
559 1237 824 1282 πεπερασμένον·
853 1235 925 1268 ἀλλ’
948 1235 998 1267 ἀεὶ
1023 1234 1057 1265 ἐν
1083 1233 1255 1264 ἐλάττονι.
1281 1226 1417 1271 Ἐλάχμ
1537 1227 1570 1257 in
1593 1225 1728 1265 minori,
1752 1224 1927 1255 minimum
1950 1230 2059 1255 autem
2081 1233 2149 1254 non
2172 1230 2231 1255 est.

557 1284 564 1296 ἰ
619 1283 626 1294 5
677 1282 690 1294 ’l
2464 1294 2466 1297 r

369 1297 511 1361 Οὐὸἐυι-έξις
521 1278 573 1369 ἦδν,
592 1292 776 1371 οὸΐελεόοςτῗι.
797 1324 835 1357 οἲν
863 1322 902 1363 ἦν
915 1334 922 1341 ·
950 1322 1033 1354 ἄλλο
1058 1320 1121 1366 γάρ
1149 1319 1187 1351 ἄν
1213 1329 1247 1350 τι
1272 1327 1418 1359 πεπερα-
1470 1314 1488 1332 '³‘
1507 1315 1618 1356 Neque
1642 1314 1668 1344 si
1684 1319 1776 1352 esset,
1793 1322 1875 1354 quae
1894 1312 2013 1344 utilitas
2037 1313 2149 1354 utique
2165 1317 2256 1343 esset.
2273 1311 2347 1342 Alia
2369 1310 2457 1342 euim
2471 1320 2548 1362 eon:
2575 1316 2669 1340 ‘Te-t.
2684 1322 2719 1347 ⁵3·

434 1373 549 1417 σμένον
575 1369 697 1415 ἐλήφθη
724 1368 755 1401 ἑν
781 1370 827 1410 τῷ
853 1357 946 1408 αὐτῷ
970 1365 1071 1412 λόγῳ,
1099 1364 1132 1396 ἐν
1157 1363 1181 1404 ᾦ
1207 1361 1248 1394 τό
1280 1361 1415 1412 ἄπειρον
1537 1366 1583 1390 tra
1605 1358 1694 1389 finita
1716 1363 1895 1389 sumeretur
1918 1357 1952 1388 in
1975 1357 2088 1389 eadem
2103 1356 2314 1398 proportione
2335 1355 2370 1407 in
2392 1365 2459 1398 qua
2470 1352 2548 1387 -inl‘-

434 1417 512 1461 πρὸς
537 1417 647 1460 ἕτερον
672 1414 795 1457 μεῖζον,
822 1411 899 1444 ὥστ’
923 1410 953 1442 ἑν
977 1412 1034 1451 ἴσῳ
1058 1408 1163 1454 χρόνῳ
1189 1406 1252 1443 τήν
1276 1408 1350 1442 ἴσην
1377 1416 1415 1436 αν
1536 1403 1602 1434 nita
1629 1403 1668 1433 ad
1692 1402 1824 1453 alteram
1852 1401 2019 1433 maiorem.
2042 1402 2156 1453 ltaque
2177 1401 2212 1432 in
2237 1400 2369 1452 aequali
2397 1392 2548 1451 tempore

434 1460 572 1493 ἐκινεῖτο
605 1459 645 1491 τὸ
679 1459 811 1501 ἄπειρον
846 1457 893 1498 τῷ
925 1452 1176 1499 πεπερασμένῳ.
1213 1448 1304 1482 Ἀλλ’
1336 1444 1417 1481 ἀδό-
1536 1447 1703 1523 aquuealem
1730 1453 1842 1488 unque
1868 1453 2012 1478 moveret
2041 1445 2164 1477 infinita
2190 1444 2308 1477 finitae.
2337 1444 2401 1476 Sed
2427 1453 2549 1486 impoe-

480 1519 499 1527 ...
1536 1503 1562 1523 si
1627 1515 1635 1523 .
2470 1507 2471 1510 =

364 1518 475 1582 Ἀλὶῒὲιι
486 1517 556 1591 gii-iix·
582 1546 710 1593 ἀνάγκη
727 1558 778 1592 γε,
797 1547 887 1587 εἴπερ
906 1545 937 1576 ἑν
958 1542 1165 1583 ὁπηλικῳοῦν
1190 1540 1294 1584 χρόνῳ
1314 1549 1417 1570 πεπε-
1469 1537 1531 1568 Sed
1554 1537 1658 1567 adhuc
1682 1546 1820 1574 necesse,
1837 1535 1864 1566 si
1887 1535 2020 1577 quidem
2042 1535 2077 1566 in
2100 1534 2330 1585 qualicumque
2350 1541 2497 1575 tempore
2510 1532 2548 1564 fi-

434 1593 581 1638 ρασμένῳ
598 1588 634 1623 δὲ
649 1594 791 1622 κινεῖται
809 1589 849 1621 τὸ
868 1589 1016 1632 ἄπειρον,
1030 1588 1087 1618 καὶ
1107 1585 1189 1618 ἄλλο
1208 1585 1240 1616 ἑν
1259 1583 1306 1624 τῷ
1321 1582 1414 1623 αὐτῷ
1535 1581 1603 1612 nito
1627 1587 1737 1612 movet
1753 1579 1888 1619 infinita,
1905 1586 1936 1631 et
1958 1580 2055 1614 aliam
2077 1580 2111 1611 in
2126 1579 2199 1631 ipso
2222 1577 2346 1610 finitam
2361 1578 2549 1631 gravitatem

434 1638 544 1678 τούτῳ
569 1634 818 1679 πεπερασμένον
847 1633 944 1678 βάρος
973 1630 1134 1663 κινεῖσθαί
1169 1640 1247 1662 τινα.
1273 1638 1417 1668 πεπερα-
1538 1635 1667 1656 movere
1689 1624 2001 1677 quandamssrnotam.
2018 1623 2254 1675 *Impossibile
2275 1631 2373 1665 igitur
2390 1621 2550 1655 mflmffl
2577 1624 2587 1634 ·
2601 1622 2671 1646 Tat-
2684 1628 2721 1651 54·

433 1682 565 1725 σμένην.
598 1674 783 1711 Ἀδύνατον
811 1677 874 1722 ἄρα
900 1678 1035 1719 ἄπειρον
1060 1672 1144 1706 εἶναι
1170 1673 1269 1716 βάρος
1297 1673 1415 1716 ὁμοίως
1538 1679 1605 1701 esse
1620 1677 1820 1721 gravitatem:
1837 1669 1981 1721 similiter
1996 1676 2105 1700 autem
2123 1675 2156 1700 et
2169 1668 2339 1720 levztatem.
2357 1667 2399 1699 Et
2414 1676 2551 1720 corpora

433 1722 470 1758 δὲ
492 1727 550 1757 καὶ
572 1723 782 1769 κουφότητα.
813 1724 878 1754 Καὶ
904 1720 1049 1764 σώματα
1076 1717 1122 1762 ἄρ’
1154 1718 1289 1760 ἄπειρον
1315 1716 1414 1760 βάρος
1531 1724 1613 1766 vergo
1637 1714 1795 1746 infinitam
1817 1720 2005 1755 gravitatem
2027 1713 2143 1744 habere
2167 1720 2199 1744 et
2220 1712 2400 1752 levitatem,
2416 1716 2549 1754 mpos-

435 1770 560 1815 ἔχοντα
582 1771 639 1800 καὶ
663 1767 859 1812 κουφότητα
886 1761 1068 1798 ἀδύνατον.
1538 1758 1640 1791 sibile.
2483 1808 2515 1825 lg
2536 1806 2538 1810 y

422 1866 567 1894 SYNOPSIS.
592 1880 626 1884 —
653 1873 676 1891 1.
690 1864 898 1900 Argumentum
913 1868 940 1889 et
954 1860 1055 1889 divisio
1076 1865 1175 1888 textus.
1191 1875 1210 1880 —
1224 1858 1366 1886 Probatur
1379 1864 1420 1884 ex
1471 1862 1572 1894 posset
1591 1855 1699 1894 negari.
1721 1871 1742 1877 —
1762 1855 1861 1884 Prima
1882 1853 1999 1884 solutio.
2021 1854 2098 1883 Nihil
2118 1854 2205 1884 refert
2225 1853 2256 1883 in
2275 1852 2432 1892 proposito
2451 1859 2553 1882 utrum

365 1910 451 1944 parte
473 1905 613 1937 locorum,
638 1912 692 1931 non
710 1911 796 1940 posse
817 1911 877 1930 esse
900 1901 1041 1940 infinitum
1061 1909 1167 1938 corpus
1187 1899 1262 1936 quod
1286 1901 1420 1925 movetur
1471 1896 1624 1935 gravitates
1645 1897 1670 1924 E
1689 1902 1717 1924 et
1737 1896 1765 1924 G
1785 1895 1844 1924 sint
1865 1901 2120 1924 commensuratae
2133 1894 2178 1923 vel
2192 1902 2264 1923 non.
2289 1893 2321 1923 Si
2335 1893 2414 1923 enim
2428 1893 2488 1926 eim
2507 1892 2552 1923 in-

371 1950 447 1973 motu
469 1949 562 1972 recto:
589 1949 617 1971 et
639 1942 736 1980 primo
762 1947 901 1979 quantum
929 1942 966 1969 ad
993 1946 1118 1969 extrema
1146 1947 1284 1975 corpora,
1312 1936 1419 1965 scilicet
1472 1942 1734 1972 commensuratae,
1750 1937 1775 1965 E
1792 1935 1947 1972 aliquoties
1967 1941 2085 1972 sumpta
2105 1934 2223 1964 excedet
2237 1934 2279 1962 G:
2301 1940 2331 1963 et
2345 1933 2386 1963 ita
2406 1932 2484 1970 idem
2499 1933 2552 1963 ha-

372 1991 476 2014 terram
497 1990 524 2011 et
544 1983 647 2020 ignem.
661 1999 681 2004 -
695 1989 721 2010 2.
740 1983 836 2010 Motus
861 1981 938 2009 enim
965 1990 1077 2009 sursum
1103 1985 1131 2007 et
1157 1979 1307 2012 deorsum,
1329 1985 1380 2005 seu
1401 1985 1419 2004 a
1472 1976 1587 2006 bebitur
1607 1976 1823 2011 inconveniens,
1838 1984 1945 2012 nempe
1965 1975 2047 2013 quod
2069 1973 2202 2012 corporis
2222 1973 2297 2006 finiti
2317 1973 2355 2003 sit
2374 1973 2471 2004 maior
2485 1982 2552 2012 grn-

372 2024 467 2053 medio
489 2029 516 2051 et
536 2023 573 2051 ad
587 2022 722 2057 medIum,
738 2027 804 2049 sunt
817 2020 965 2049 contrarii:
988 2030 1055 2058 ergo
1076 2020 1140 2048 loca
1153 2019 1189 2047 ad
1203 2027 1276 2055 quae
1290 2017 1420 2046 feruntur
1472 2017 1544 2046 vitas
1560 2026 1649 2054 quam
1663 2016 1777 2045 infiniti.
1791 2032 1812 2037 —
1826 2015 1854 2044 8.
1864 2014 1932 2045 Alia
1945 2014 2062 2044 solutio.
2077 2015 2240 2044 Possumus
2254 2013 2286 2044 in
2299 2010 2551 2049 demonstratione

372 2071 447 2092 terra
471 2069 499 2091 et
518 2062 589 2100 ignis
610 2068 674 2090 sunt
695 2061 843 2090 contraria.
872 2061 928 2089 Sed
949 2059 1090 2089 contraria
1110 2065 1176 2087 sunt
1197 2067 1270 2096 quae
1295 2056 1419 2085 maxime
1472 2057 1632 2095 praemissa
1647 2056 1774 2094 incipere
1795 2065 1814 2085 a
1833 2055 1972 2093 gravitate
1994 2055 2035 2091 G,
2057 2061 2086 2084 et
2106 2063 2221 2084 sumere
2242 2054 2395 2095 quandam
2407 2053 2471 2093 eiua
2538 2069 2552 2075 -

372 2103 488 2139 distant;
510 2102 540 2130 in
559 2101 674 2130 infinitis
692 2107 788 2130 autem
801 2110 862 2129 non
876 2107 917 2129 est
931 2100 1057 2137 accipere
1072 2099 1225 2127 maximam
1240 2096 1418 2132 distantiam;
1472 2104 1532 2126 tem
1553 2095 1712 2135 aliquotam
1725 2105 1810 2134 ,quae
1824 2094 1861 2124 sit
1874 2096 1912 2132 E,
1935 2104 1969 2124 ac
1988 2094 2093 2124 deinde
2115 2094 2245 2132 accipere
2259 2103 2277 2123 a
2290 2103 2415 2132 corpore
2435 2062 2551 2130 infiffitlo

376 2152 442 2180 ergo
464 2148 577 2179 oportet
589 2141 732 2178 praedicta
748 2141 811 2169 loca
825 2149 885 2169 esse
900 2140 1094 2169 determinata.
1115 2138 1194 2174 Item,
1209 2136 1420 2167 contrariorum
1473 2137 1622 2175 quandam
1650 2143 1763 2174 partem
1789 2137 1857 2171 BD,
1888 2135 1970 2165 cuius
1997 2134 2122 2174 gravitas
2150 2134 2187 2164 sit
2206 2135 2243 2163 E.
2273 2133 2321 2163 Sic
2341 2133 2553 2163 autem'''erunt

373 2182 396 2211 si
415 2191 505 2210 unum
527 2187 568 2210 est
588 2181 815 2216 determinatum,
838 2187 865 2208 et
885 2180 1020 2216 alterum;
1043 2178 1170 2207 medium
1191 2185 1287 2207 autem
1308 2176 1419 2212 mundi,
1473 2176 1596 2206 invicem
1616 2182 1870 2205 commensuratae
1891 2182 1919 2204 et
1939 2175 2093 2213 gravitates
2113 2181 2143 2204 et
2163 2173 2388 2213 magnitudines.
2404 2177 2467 2214 4'9‘.
2482 2172 2552 2203 Alia

373 2222 452 2259 quod
472 2227 514 2249 est
533 2221 669 2249 terminus
690 2227 784 2249 motus
806 2221 955 2256 deorsum,
977 2226 1019 2248 est
1039 2218 1276 2253 determinatum;
1301 2226 1370 2255 ergo
1392 2222 1419 2244 et
1473 2217 1609 2246 obiectio.
1638 2215 1853 2254 Magnitudines
1881 2225 1945 2244 esse
1972 2214 2209 2253 proportionales
2233 2213 2422 2253 gravitatibus
2437 2212 2552 2253 ‘equod

371 2262 467 2290 locum
488 2260 537 2298 qui
557 2267 600 2288 est
614 2269 725 2289 sursum
746 2266 859 2297 oportet
880 2269 940 2288 esse
965 2259 1193 2288 determinatum.
1215 2259 1292 2295 Ergo
1314 2264 1342 2285 et
1355 2265 1420 2285 cor-
1473 2257 1503 2286 in
1524 2257 1636 2286 ratione
1650 2255 1850 2294 supponitur),
1871 2265 1934 2285 non
1956 2262 2000 2284 eet
2020 2254 2217 2284 necessarium
2237 2253 2294 2283 nisi
2315 2253 2346 2283 in
2367 2261 2491 2292 corpore
2512 2253 2551 2283 ai-

371 2310 444 2338 pora
464 2309 536 2337 quae
557 2306 622 2328 nata
643 2306 708 2328 sunt
727 2309 788 2328 esse
809 2299 838 2328 in
858 2299 1024 2328 huiusmodi
1045 2299 1124 2334 locis,
1145 2304 1212 2327 sunt
1232 2296 1420 2326 determinata
1474 2297 1586 2326 milium
1607 2296 1742 2334 partium.
1757 2313 1777 2318 -
1791 2296 1915 2325 solutio.
1941 2294 2019 2324 Nihil
2041 2294 2136 2324 differt
2156 2301 2255 2323 utrum
2276 2302 2383 2332 corpus
2404 2292 2552 2323 infinitum

373 2350 423 2369 seu
436 2339 554 2368 finita·
569 2340 594 2368 3.
610 2340 740 2368 Secundo
759 2340 897 2376 probatur
912 2340 989 2368 idem
1003 2345 1143 2377 quantum
1164 2339 1202 2366 ad
1222 2346 1346 2374 corpora
1359 2346 1421 2365 me-
1473 2337 1510 2366 sit
1530 2337 1669 2366 similium
1689 2337 1734 2366 vel
1755 2336 1939 2365 dissimilium
1959 2335 2102 2373 partium:
2125 2334 2195 2373 quia
2213 2343 2238 2366 a.
2252 2334 2312 2365 mli.
2328 2343 2465 2371 corpore,
2483 2339 2552 2372 post

373 2380 427 2416 dia,
449 2379 553 2408 scilicet
571 2388 665 2408 aerem
686 2386 713 2407 et
727 2389 842 2417 aquam.
864 2380 894 2408 Si
908 2389 1021 2408 sursum
1042 2385 1071 2407 et
1090 2379 1226 2407 deorsum
1241 2383 1307 2406 sunt
1327 2378 1420 2405 deter-
1473 2384 1622 2415 acceptam
1643 2383 1756 2414 partem
1782 2377 1847 2413 BD,
1869 2385 2026 2413 possumus
2047 2384 2164 2412 semper
2183 2374 2314 2412 accipere
2338 2373 2410 2404 alias
2431 2373 2551 2407 ,et-alias

372 2419 487 2455 minata,
502 2425 530 2447 et
542 2419 638 2448 locum
652 2419 778 2447 medium
793 2426 906 2456 oportet
919 2429 980 2448 esse
996 2418 1224 2447 determinatum.
1239 2419 1312 2446 Nam
1328 2426 1418 2452 secus,
1474 2424 1585 2455 partes,
1606 2417 1666 2446 sive
1686 2416 1836 2455 aequales,
1858 2416 1917 2446 sive
1938 2415 2064 2445 maiores
2091 2421 2143 2444 aut
2163 2414 2293 2444 minores
2313 2415 2380 2451 BD,
2402 2414 2552 2452 κάμψῃ

372 2465 467 2488 motus
480 2459 515 2487 ab
529 2468 588 2487 uno
603 2465 727 2487 extremo
741 2459 771 2487 in
785 2459 862 2487 aliud
875 2465 948 2488 esset
968 2458 1104 2494 infinitus,
1119 2458 1198 2495 quod
1212 2458 1365 2494 probatum
1380 2463 1422 2485 est
1474 2458 1599 2487 habeant
1619 2457 1789 2495 gravitatem
1810 2457 1963 2494 aequalem
1986 2454 2118 2494 gravitati
2137 2454 2229 2493 partis
2249 2454 2310 2484 BD.
2324 2471 2344 2476 -
2359 2453 2552 2485 concluditur

374 2499 450 2535 (lect.
462 2507 555 2535 praec.
570 2507 599 2526 n.
612 2500 645 2534 2)
667 2507 728 2527 esse
749 2498 933 2535 impossibile.
950 2515 968 2520 -
981 2507 1010 2534 4.
1025 2499 1182 2533 Praeterea,
1203 2506 1326 2534 corpora
1347 2506 1420 2534 quae
1475 2498 1556 2535 quod
1577 2497 1681 2526 infiniti
1702 2495 1834 2535 corporis
1854 2505 1916 2525 non
1937 2501 2033 2534 potest
2053 2502 2116 2524 esse
2137 2494 2261 2534 gravitas
2276 2493 2398 2524 finita.-
2417 2503 2461 2523 10.
2469 2495 2550 2523 'Pro-

374 2538 536 2566 naturaliter
550 2544 700 2566 moventur
717 2547 830 2566 sursum
851 2544 878 2566 et
899 2539 1034 2566 deorsum
1043 2560 1050 2574 ,
1070 2544 1191 2574 possunt
1205 2538 1242 2565 ad
1256 2536 1422 2565 huiusmodi
1475 2537 1593 2575 ponitur
1606 2537 1763 2567 destructio
1779 2534 1984 2574 consequentis
1998 2536 2044 2572 (cf.
2056 2545 2085 2564 n.
2097 2535 2135 2572 5),
2150 2534 2334 2565 ostendendo
2343 2539 2456 2572 ‘nempe
2468 2534 2552 2573 quod

374 2578 439 2606 loca
458 2577 618 2614 pervenire:
640 2586 707 2614 ergo
728 2578 809 2606 locus
830 2577 941 2606 medius
962 2584 1004 2606 est
1018 2577 1128 2606 finitus:
1151 2586 1218 2614 ergo
1233 2583 1260 2605 et
1274 2586 1377 2613 corpus
1393 2577 1422 2605 in
1476 2587 1532 2606 non
1542 2582 1639 2616 potest
1656 2586 1720 2606 esse
1739 2577 1876 2617 gravitas
1897 2576 2019 2616 infinita.
2035 2593 2054 2598 -
2073 2585 2117 2604 rr.
2131 2575 2241 2604 Textus
2261 2573 2431 2603 subdivisio.
2446 2589 2467 2596 -
2478 2573 2551 2604 Tria

377 2626 412 2645 eo
433 2616 561 2645 existens.
575 2633 594 2638 -
610 2617 635 2644 5.
653 2616 735 2645 Ratio
757 2626 796 2646 ex
814 2618 959 2656 gravitate
976 2616 1027 2646 vvel
1049 2618 1161 2646 levitate
1182 2618 1219 2645 ad
1239 2617 1422 2654 probandum
1475 2617 1705 2655 praesupposita.
1718 2634 1739 2639 —
1757 2624 1802 2646 12.
1817 2617 2040 2655 Argumentum.
2060 2615 2090 2644 Si
2105 2614 2230 2653 gravitas
2244 2621 2319 2644 esset
2340 2613 2463 2651 infinita,
2485 2622 2551 2652 σοι-ς

378 2657 457 2693 quod
470 2665 574 2694 corpus
586 2665 679 2694 grave
695 2657 741 2684 vel
761 2657 823 2685 leve
838 2667 893 2685 non
903 2663 998 2695 potest
1018 2666 1080 2686 esse
1101 2657 1251 2696 infinitum.
1274 2656 1304 2685 Si
1318 2666 1422 2694 corpus
1476 2667 1530 2695 pus
1551 2658 1713 2686 secundum
1734 2666 1799 2686 eam
1821 2663 1988 2686 moveretur
2001 2655 2088 2685 simul
2101 2661 2131 2684 et
2145 2664 2207 2684 nou
2221 2661 2397 2691 moveretur,
2412 2654 2496 2693 quod
2508 2659 2553 2684 eat

378 2705 461 2732 grave
476 2695 520 2724 vel
533 2695 593 2723 leve
607 2701 648 2724 est
662 2695 812 2732 infinitum,
827 2703 939 2733 oportet
953 2698 1032 2734 quod
1053 2697 1113 2725 eius
1133 2697 1254 2734 gravitas
1267 2697 1312 2725 vel
1325 2697 1423 2725 levitas
1476 2698 1643 2727 absurdum.
1666 2698 1845 2733 Moveretur,
1869 2696 1940 2734 quia
1960 2696 1985 2726 si
2005 2696 2088 2726 finita
2107 2695 2231 2733 gmvitn
2260 2701 2360 2724 movet
2386 2700 2500 2724 tam
2520 2693 2552 2723 in

378 2735 414 2763 sit
434 2734 557 2771 infinita;
579 2735 629 2763 sed
648 2735 704 2763 hoc
725 2742 766 2764 est
786 2736 976 2773 impossibile;
998 2746 1066 2774 ergo
1087 2743 1115 2765 et
1134 2736 1269 2774 primum.
1285 2754 1303 2759 -
1316 2737 1423 2765 Textus
1476 2745 1556 2767 tanto
1571 2744 1712 2775 tempore,
1729 2737 1841 2766 infinita
1853 2743 1953 2766 movet
1966 2743 2080 2766 tantum
2095 2742 2124 2765 et
2136 2736 2232 2765 adhuc
2244 2734 2387 2772 amplius:
2407 2743 2472 2769 nou
2485 2743 2552 2763 mo-

378 2774 542 2819 subdivisiO.
557 2775 617 2819 -·6.
633 2776 772 2803 Probatur
792 2776 990 2805 conditionalis
1006 2777 1124 2805 rationis
1145 2776 1264 2813 positae.
1286 2776 1424 2814 Corporis
1476 2784 1597 2814 veretur,
1610 2778 1679 2816 quia
1692 2787 1754 2806 non
1768 2784 1843 2810 esset
1857 2778 1926 2806 dare
1940 2783 2056 2814 tempus
2069 2775 2101 2805 in
2115 2785 2175 2815 quo
2189 2781 2365 2805 moveretur.
2380 2774 2457 2812 Cum
2471 2773 2552 2808 eain

378 2814 479 2842 infiniti
498 2814 549 2859 AB
569 2814 654 2859 sit-in
674 2814 823 2851 hypothesi
837 2816 958 2853 gravitas
977 2815 1056 2845 finita
1070 2817 1108 2852 G;
1130 2815 1247 2845 alicuius
1261 2816 1349 2853 partis
1363 2818 1422 2852 BD,
1476 2817 1620 2855 gravitatis
1641 2817 1770 2847 infinitae
1791 2818 1829 2847 ad
1849 2817 1962 2846 finitam
1984 2826 2046 2846 non
2066 2815 2103 2845 sit
2121 2814 2285 2854 proportio,
2302 2821 2418 2852 tempus
2438 2813 2470 2844 in
2490 2822 2552 2852 quo

378 2863 395 2882 a
405 2863 524 2890 corpore
538 2853 648 2899 infinito
663 2861 801 2891 acceptae,
812 2855 847 2883 sit
857 2855 977 2893 gravitas
992 2856 1087 2884 minor
1097 2857 1129 2884 E.
1144 2856 1307 2893 Accipiatur
1319 2856 1423 2885 iterum
1476 2858 1599 2896 gravitas
1620 2857 1730 2886 infinita
1745 2863 1884 2893 moveret,
1900 2857 2018 2886 deberet
2033 2865 2096 2885 esse
2110 2853 2441 2894 improportionabiliter
2454 2853 2552 2895 nunus

379 2902 396 2922 a
409 2902 528 2930 corpore
541 2893 652 2922 infinito
667 2893 721 2922 alia
731 2903 796 2931 pars
809 2896 862 2930 BZ,
875 2904 947 2932 quae
962 2895 997 2924 sit
1010 2902 1090 2924 tanto
1105 2895 1197 2924 maior
1208 2897 1267 2932 BD,
1280 2903 1388 2933 quanto
1399 2897 1425 2924 G
1477 2898 1579 2935 quovis
1600 2897 1658 2927 alio
1679 2904 1827 2935 tempore3
1851 2897 1933 2936 quod
1954 2906 2018 2926 esse
2038 2904 2100 2925 non
2121 2899 2225 2933 potest.
2254 2894 2316 2924 Erit
2337 2894 2416 2924 enim
2437 2894 2553 2932 semper

380 2933 487 2977 exc-:edit¹
499 2934 531 2961 E.
546 2949 566 2954 —
579 2933 630 2961 His
650 2933 758 2978 positis,
773 2934 826 2963 tria
847 2934 1075 2964 inconvenientia
1088 2942 1253 2973 sequuntur.
1275 2937 1349 2964 Nam
1364 2946 1424 2965 ma·
1477 2938 1605 2975 accipere
1627 2937 1723 2966 minus
1744 2944 1859 2975 ternpus
1887 2946 1975 2975 quam
2004 2936 2041 2965 sit
2060 2935 2131 2965 illud
2153 2935 2183 2964 in
2204 2944 2267 2973 quo
2286 2934 2410 2972 gravitas
2440 2932 2553 2963 infinita

380 2973 539 3017 gnitudines
560 2978 587 3001 et
606 2979 755 3010 gravttates
775 2980 842 3002 sunt
861 2975 898 3003 ad
918 2974 1039 3003 invicem
1053 2976 1299 3012 proportionales3
1321 2977 1371 3004 sed
1392 2985 1425 3004 ex
1478 2984 1606 3007 moveat:
1630 2987 1719 3007 omne
1733 2977 1811 3006 enirn
1824 2983 1944 3015 tempus
1954 2983 1998 3006 est
2019 2975 2171 3005 divisibile.
2185 2991 2204 2997 —
2223 2975 2268 3004 13.
2284 2974 2434 3004 Obiectio:
2447 2980 2554 3015 *posset

381 3019 550 3048 supposltls,
579 3021 652 3056 quae
679 3019 721 3041 est
745 3014 894 3050 proportio
921 3014 1064 3051 gravitatis
1084 3017 1108 3043 E
1133 3016 1170 3044 ad
1194 3015 1359 3052 gravitatem
1382 3017 1424 3051 G,
1478 3017 1533 3046 dici
1555 3026 1616 3046 esse
1637 3018 1756 3055 aliquod
1778 3017 1933 3046 minimum
1953 3023 2078 3054 ternpus,
2100 3015 2208 3045 scilicet
2228 3014 2417 3050 indivisibile,
2438 3013 2473 3043 in·
2490 3023 2553 3052 quo

382 3052 481 3095 eadem
495 3057 537 3095 est
550 3053 750 3098 magnitudinis
771 3055 820 3081 BD
842 3055 879 3082 ad
899 3054 1126 3091 magnitudinem
1146 3057 1207 3091 ΒΖ;
1229 3065 1295 3084 cum
1311 3065 1379 3093 ergo
1401 3057 1425 3084 E
1478 3064 1575 3086 movet
1595 3057 1707 3086 infinita
1735 3057 1868 3095 gravitas.
1889 3074 1909 3079 -
1929 3057 2134 3094 Respondemr
2154 3056 2252 3093 quod,
2280 3054 2369 3084 etiam
2390 3054 2554 3084 §.daretur

383 3096 418 3117 Sit
438 3097 554 3134 gravnas
575 3092 640 3135 BD,
668 3099 795 3136 sequitur
815 3094 894 3130 quod
916 3095 941 3122 G
962 3094 997 3122 sit
1017 3094 1138 3132 gravitas
1159 3096 1214 3123 BZ.
1236 3096 1292 3123 Sed
1313 3096 1338 3124 G
1359 3105 1425 3132 sup·
1479 3097 1631 3126 minimum
1653 3104 1783 3135 tempus,
1806 3107 1867 3126 non
1888 3097 2042 3126 evitaretur
2063 3095 2280 3125 inconveniens.
2302 3096 2378 3129 Nam
2394 3093 2482 3126 huilli
2495 3093 2552 3123 mi·

374 3135 498 3173 *ponitur
511 3137 629 3175 gravitas
650 3131 734 3176 fimta·
748 3133 876 3178 corporis
896 3133 1014 3162 infiniti:
1036 3143 1104 3172 ergo
1126 3135 1226 3163 eadem
1241 3135 1293 3163 erit
1305 3135 1426 3172 gravitas
1477 3137 1548 3166 nimi
1569 3137 1709 3174 temporis
1730 3138 1847 3167 deberet
1868 3146 1931 3166 esse
1951 3137 2049 3175 aliqua
2075 3135 2290 3174 proportione
2310 3141 2426 3173 tempu·
2446 3133 2552 3167 maim.

386 3177 512 3212 §²01'P01'13
527 3169 602 3213 ,fimtl
616 3171 660 3198 ΒΖ
682 3177 708 3198 et
728 3172 829 3216 {nfimtt
849 3174 908 3209 AB,
924 3175 1004 3211 quod
1018 3180 1060 3202 est
1080 3174 1293 3204 inconveniens.
1307 3191 1326 3196 —
1340 3175 1427 3203 Aliud
1461 3210 1463 3212 Ι
1479 3177 1509 3206 Si
1523 3187 1601 3215 ergo,
1617 3178 1683 3207 data
1703 3177 1801 3215 aliqua
1820 3176 1958 3215 gravitate
1979 3175 2061 3206 finita
2076 3185 2151 3214 quae
2173 3182 2290 3206 moveat
2311 3175 2342 3204 in
2354 3173 2462 3204 maiori
2478 3180 2554 3203 tem-

386 3216 595 3253 inconveniens.
617 3210 738 3254 §orpori
758 3212 802 3240 BZ
824 3213 943 3241 addatur
970 3213 1026 3242 alia
1046 3223 1111 3251 pars
1137 3215 1288 3251 desumpta
1309 3224 1342 3243 ex
1363 3225 1426 3244 cor·
1478 3226 1549 3254 pore
1564 3226 1652 3254 quam
1674 3217 1795 3253 infinita,
1809 3216 1967 3255 accipiatur
1987 3217 2091 3246 iterum
2111 3215 2167 3246 alia
2179 3214 2304 3254 gravitas
2317 3214 2348 3251 in
2369 3220 2483 3243 tantum
2504 3222 2553 3243 ex-

386 3256 456 3291 pore
476 3247 599 3291 infin1t0‚
620 3254 658 3292 ita
677 3255 708 3277 ut
723 3249 863 3294 *habeatur
883 3252 961 3281 aliud
981 3262 1085 3290 corpus
1110 3254 1202 3283 maius
1224 3255 1303 3292 quod
1324 3254 1359 3283 sit
1381 3256 1425 3283 131.
1480 3258 1584 3285 cedens
1606 3257 1742 3294 priorem,
1758 3264 1900 3295 quantum
1921 3263 2037 3295 tempus
2052 3257 2146 3286 maius
2161 3254 2271 3286 excedit
2286 3253 2440 3284 minimum
2459 3253 2553 3292 gravi-

388 3286 648 3332 Maionscorpons
676 3297 767 3318 maior
786 3297 827 3319 est
847 3292 981 3328 gravitas:
1010 3302 1077 3330 ergo
1098 3294 1219 3331 gravitas
1243 3295 1371 3332 corporis
1393 3296 1427 3322 131
1479 3297 1544 3325 tatis
1566 3297 1701 3334 infinitae,
1717 3304 1854 3336 sequetur
1875 3297 2092 3333 inconveniens,
2107 3296 2188 3335 quod
2207 3303 2313 3332 nempe
2327 3293 2451 3332 gravitas
2472 3293 2554 3323 finita

389 3331 440 3369 erit
459 3334 550 3353 malor
569 3333 702 3363 gravitate
717 3329 750 3364 G,
765 3338 836 3366 quae
857 3332 1077 3375 concludebatur
1098 3343 1159 3362 esse
1180 3334 1308 3371 corporis
1323 3336 1382 3370 BZ,
1398 3341 1426 3363 et
1482 3337 1586 3365 eodem
1614 3344 1744 3375 tempore
1773 3344 1889 3367 moveat
1913 3347 1946 3367 ac
1974 3337 2097 3366 infinita.
2111 3351 2132 3359 —
2146 3335 2231 3365 Ratio
2251 3333 2411 3373 praemissa
2432 3334 2479 3371 (n.
2499 3335 2553 3370 12)

388 3373 481 3409 primo
501 3367 785 3412 supponet-›atur-esse
798 3376 916 3414 gravitas
930 3372 1057 3408 corporis
1071 3372 1182 3402 infiniti.
1204 3375 1281 3411 Ergo
1299 3374 1428 3411 corporis
1481 3376 1575 3404 solum
1596 3378 1793 3406 excluderetur
1813 3377 1836 3406 si
1858 3384 1956 3415 posset
1977 3385 2040 3407 esse
2061 3383 2160 3406 motus
2176 3375 2207 3405 in
2221 3374 2348 3410 nutanti,
2364 3373 2447 3404 cuim
2466 3372 2553 3402 nimi·

440 3409 460 3430 t1
474 3410 592 3448 gravitas
607 3412 659 3433 erit
672 3415 915 3452 maior-gravitate
936 3411 1062 3447 corporis
1083 3412 1194 3442 infiniti.
1208 3430 1227 3436 -
1240 3414 1370 3442 Tertium
1385 3414 1428 3442 in·
1481 3425 1546 3444 rum
1560 3426 1621 3445 non
1636 3423 1677 3445 est
1697 3418 1849 3455 proportio
1871 3419 1909 3446 ad
1922 3425 2046 3455 tempus,
2065 3425 2133 3446 cum
2146 3424 2210 3445 nm
2225 3414 2262 3444 sit
2280 3413 2420 3452 temporis
2441 3422 2517 3451 pars·
2533 3429 2553 3435 -

389 3451 572 3487 conveniens,
598 3446 879 3493 quod-manifestum
900 3455 942 3477 est
962 3459 994 3478 ex
1014 3452 1194 3488 praemissis3
1221 3453 1328 3482 scilicet
1349 3454 1429 3490 quod
1487 3465 1530 3491 14.
1547 3457 1625 3485 Idem
1654 3457 1860 3486 inconveniens
1883 3457 2014 3495 sequitur
2035 3457 2065 3487 in
2085 3464 2274 3494 quocumque
2294 3461 2443 3492 tempore,
2464 3453 2553 3484 ‘fissm

389 3482 581 3518 lnaequahum
599 3486 824 3521 magmtudmum
838 3494 889 3515 ent
902 3489 1001 3517 eadem
1015 3491 1144 3527 gravitas.
1157 3509 1177 3513 —
1191 3502 1218 3530 7.
1233 3493 1329 3522 Prima
1349 3493 1429 3522 obie-
1482 3504 1542 3524 non
1564 3497 1695 3533 minimo,
1710 3506 1856 3534 ponamus
1869 3498 2038 3535 gravitatem
2053 3495 2195 3526 infinitam
2210 3504 2337 3524 movere.
2353 3511 2372 3517 -
2389 3495 2471 3524 Patet
2483 3501 2553 3530 ergo

390 3521 456 3549 ctio.
471 3522 644 3558 Supponitur
658 3523 689 3568 in
700 3526 877 3561 praecedenti
892 3528 999 3571 ratione
1014 3531 1092 3566 quod
1105 3532 1226 3568 gravitas
1239 3533 1335 3562 minor
1349 3542 1430 3561 men-
1483 3537 1563 3572 quod
1583 3536 1760 3573 impossibile
1782 3544 1824 3566 est
1845 3547 1907 3566 esse
1928 3537 2097 3577 gravitatem
2125 3534 2283 3565 infinitam:
2306 3541 2335 3564 et
2355 3534 2456 3564 eadem
2479 3531 2552 3563 ratio

389 3566 467 3589 suret
487 3562 643 3590 secundum
656 3563 778 3601 aliquem
793 3574 942 3595 numerum
957 3569 1120 3605 gravitatem
1135 3571 1288 3601 maiorem:
1311 3573 1361 3602 sed
1375 3573 1430 3601 hoc
1484 3581 1526 3603 est
1547 3576 1581 3604 de
1602 3575 1723 3605 levitate.
