2782 4134
1133 299 1244 336 CAP.
1273 300 1363 348 XlI,
1393 299 1545 336 LECT.
1575 299 1718 337 XXVII

323 1031 421 1066 Ἐπεὶ
446 1027 476 1064 δ’
505 1033 526 1070 ἡ
560 1031 731 1076 ἀπόφασις
765 1033 827 1064 τοῦ
857 1033 916 1077 μὲν
945 1033 996 1066 ἀεὶ
1027 1029 1215 1079 δυναμένου
1241 1031 1327 1066 εἶναι
1359 1034 1400 1067 τὸ

396 1075 444 1121 μὴ
477 1076 530 1110 ἀεὶ
559 1073 746 1121 δυνάμενον
779 1074 885 1117 εἶναι,
917 1078 959 1110 τὸ
990 1073 1021 1109 δ’
1052 1076 1103 1110 ἀεὶ
1135 1074 1320 1122 δυνάμενον
1352 1079 1400 1122 μὴ

395 1117 482 1176 εἶναι
503 1120 672 1164 ἐναντίον,
692 1121 731 1154 οὗ
750 1120 922 1165 ἀπόφασις
940 1122 982 1155 τὸ
1007 1122 1054 1166 μή
1081 1123 1133 1156 ἀεὶ
1150 1118 1335 1167 δυνάμενον
1353 1123 1400 1168 μή

396 1177 483 1199 ειναι

327 1189 553 1266 ιάνριζηιψέοἱς
580 1209 769 1255 ἀποφάσεις
796 1208 918 1255 ἀμφοῖν
944 1212 993 1253 τῷ·
1019 1211 1114 1253 αὐτῷ
1137 1211 1316 1267 ὑπάρχειν,
1340 1213 1400 1244 καὶ

226 1272 244 1275 -
310 1256 360 1265 ’ω
397 1266 484 1287 ειναι
509 1255 610 1300 μέσον
635 1255 699 1289 τοῦ
726 1254 776 1287 ἀεὶ
803 1253 900 1294 ὄντος
924 1258 981 1288 καὶ
1007 1257 1071 1288 τοῦ
1097 1256 1150 1288 ἀεὶ
1168 1268 1216 1301 μη
1244 1267 1341 1294 οντος
1359 1256 1401 1288 τὸ

396 1294 581 1345 δυνάμενον
609 1296 695 1331 εἶναι
717 1301 776 1331 καὶ
801 1299 849 1344 μή
874 1297 978 1332 εἶναι·

330 1345 352 1381 ἣ
403 1344 442 1389 dp
468 1344 632 1389 ἑκατέρου
658 1342 829 1387 ἀπόφασίς
855 1355 941 1377 ποτε
967 1343 1123 1388 ὑπάρξει,
1141 1345 1169 1376 εἱ
1191 1345 1239 1389 μή
1262 1346 1312 1381 εἴη
1333 1344 1397 1376 ἀεί.

405 1389 494 1422 Ωστε
513 1391 572 1421 καὶ
589 1389 631 1421 τὰ
648 1388 697 1432 μή
714 1388 766 1421 ἀεὶ
783 1389 831 1433 μή
849 1387 884 1421 ὂν
903 1388 1003 1422 ἔσται
1019 1388 1109 1420 ποτὲ
1131 1390 1191 1420 καὶ
1207 1389 1269 1421 οὐκ
1285 1388 1399 1431 ἔσται,

396 1435 455 1466 καὶ
474 1433 516 1466 τὸ
539 1434 587 1478 μή
613 1431 666 1468 ἀεὶ
690 1428 875 1488 δυνάμενον
896 1429 983 1466 εἶναι
999 1427 1174 1473 δηλονότι,
1198 1432 1290 1466 ἀλλά
1314 1444 1400 1466 ποτε

398 1477 452 1510 ὄν·
478 1477 566 1510 ὥστε
589 1478 650 1510 καὶ
675 1477 723 1521 μή
748 1489 847 1510 ειναι.
882 1477 928 1510 Τό
946 1476 1035 1510 αὐτὸ
1058 1476 1107 1522 ἄρ’
1129 1477 1228 1511 ἔσται
1252 1473 1400 1511 δυνατόν

397 1518 484 1554 εἶναι
507 1523 567 1554 καὶ
591 1520 660 1566 μή,
685 1523 745 1554 καὶ
771 1522 866 1554 τοῦτ’
897 1521 990 1554 ἔστιν
1017 1521 1139 1566 ἀμφοῖν
1164 1521 1279 1566 μέσον.

329 1565 439 1613 Λόγος
463 1562 502 1598 δὲ
525 1564 673 1598 καθόλου
700 1561 768 1599 ὅδε.
798 1565 913 1598 Ἔστω
936 1565 1002 1612 γάρ
1027 1565 1070 1599 τὰ
1094 1569 1120 1598 A
1142 1569 1201 1599 καὶ
1227 1566 1269 1600 τὸ
1289 1567 1313 1597 Β
1338 1578 1401 1610 μη-

397 1606 467 1642 δενὶ
492 1611 540 1652 τῷ
567 1607 663 1651 αὐτῷ’
687 1605 861 1654 δυνάμενα
886 1609 1064 1666 ὑπάρχειν,
1093 1609 1224 1643 ἅπαντι
1248 1607 1286 1644 δὲ
1310 1611 1353 1643 τᾶ
1375 1611 1401 1642 A

397 1653 420 1692 ἦ
443 1653 486 1687 τὰ
502 1656 525 1686 Γ
548 1657 606 1686 καὶ
632 1653 674 1688 τὸ
690 1655 715 1686 Β
733 1653 754 1692 ἥ
780 1655 822 1688 vo*
847 1656 883 1687 Δ.
918 1653 1069 1702 Ἀναγκη
1094 1651 1139 1692 δή
1165 1655 1189 1698 ᾦ
1207 1655 1297 1698 μήτε
1315 1654 1358 1687 τὸ
1375 1656 1401 1687 A

398 1699 545 1744 ὑπάρχει
569 1697 660 1744 μήτε
684 1699 726 1732 τὸ
742 1700 781 1740 Β,
800 1702 906 1733 παντὶ
933 1699 1098 1744 ὑπάρχειν
1124 1700 1172 1733 τοὶ
1195 1701 1256 1733 ΓΔ.
1286 1699 1400 1733 Ἔστω

396 1738 442 1780 δή
467 1744 509 1777 τὸ
532 1745 557 1775 Ε
581 1743 624 1776 τό
649 1743 781 1788 μεταξύ
806 1745 874 1776 τῶν
898 1746 967 1776 AB·
995 1743 1156 1778 ἐναντίων
1182 1745 1247 1792 γάρ
1273 1743 1315 1777 τὸ
1340 1756 1401 1789 μη-

396 1787 533 1833 θέτερον
566 1787 681 1832 μέσον.
719 1789 836 1830 Τούτῳ
861 1788 905 1826 δὴ
941 1789 1009 1822 ἀνά
1053 1803 1074 1827 η
1108 1789 1206 1844 ἄμφω
1235 1788 1325 1832 aucep
1353 1801 1400 1821 ειν

396 1831 440 1865 τό
463 1845 503 1865 τε
521 1833 542 1863 Γ
559 1834 619 1864 καὶ
643 1832 685 1866 τὸ
703 1833 738 1865 Δ.
776 1834 885 1866 Παντὶ
909 1834 974 1879 γάρ
1001 1837 1022 1871 ἡ
1047 1834 1088 1868 τὸ
1107 1835 1130 1866 A
1151 1847 1172 1871 η
1197 1833 1240 1867 τὰ
1257 1835 1293 1875 Γ,
1312 1845 1399 1866 ωστε

396 1878 456 1909 καὶ
481 1877 530 1918 τῷ
554 1877 596 1908 Ε·
623 1877 697 1909 ἆπεὶ
723 1875 780 1909 οὖν
805 1878 847 1910 τὰ
868 1881 893 1909 A
915 1873 1101 1920 ἀδύνατον,
1129 1879 1170 1911 τό
1197 1880 1217 1910 Γ
1243 1877 1397 1923 ύπάρξει.

394 1922 432 1953 ’0
455 1916 485 1953 δ’
514 1919 618 1958 αὐτὸς
642 1921 744 1968 λόγος
768 1924 826 1954 καὶ
851 1922 906 1955 ἐπὶ
932 1924 996 1955 τοῦ
1020 1925 1057 1957 Δ.

331 1965 421 1999 Οὔτε
445 1960 490 2003 δή
515 1964 557 1998 τὸ
584 1963 636 1998 ἀεὶ
661 1964 696 1998 ὂν
719 1967 864 2013 γενητὸν
891 1963 970 2000 οὐδὲ
994 1967 1157 2013 φθαρτόν,
1177 1967 1257 2000 οὔτε
1280 1967 1322 2000 τὸ
1349 1968 1400 1999 ἀεὶ

397 2010 445 2054 μή
472 2010 520 2044 ὄν.
554 2010 662 2047 Δῆλον
687 2005 715 2042 δ’
738 2010 791 2044 ὅτι
816 2013 875 2044 καὶ
899 2012 929 2044 εἰ
977 2013 1096 2050 ενητὸν
1118 2011 1139 2050 ἦ
1157 2011 1321 2057 φθαρτόν,
1341 2012 1401 2044 οὐκ.

399 2050 521 2088 ἀίδιον.
555 2053 648 2099 ’Ἅμα
671 2055 736 2101 γάρ
763 2055 864 2088 ἔσται
881 2024 1067 2102 δυνάμενον
1088 2056 1139 2090 ἀεὶ
1157 2054 1243 2089 εἶναι
1266 2059 1326 2088 καὶ
1346 2051 1401 2088 δυ-

397 2098 541 2144 νάμενον
566 2099 614 2144 μὴ
647 2099 700 2133 ἀεὶ
727 2096 831 2133 εἶναι·
853 2102 960 2142 τοῦτο
986 2097 1023 2133 δ’·
1046 2101 1100 2135 ὅτι
1132 2097 1322 2142 ἀδύνατον,
1349 2096 1405 2133 δέ-

397 2139 533 2176 δεικται
559 2144 735 2190 πρότερον.

324 2225 394 2271 'Ap‘
423 2225 480 2260 οὖν
505 2228 534 2259 εἰ
557 2229 617 2259 καὶ
643 2228 832 2274 ἀγένητον,
860 2227 894 2261 ὃν
919 2223 976 2270 δέ,
1003 2229 1099 2262 τοῦτ’
1131 2228 1263 2275 ἀνάγκη
1291 2224 1399 2262 ἀίδιον

399 2268 507 2312 εἶναι;
537 2272 656 2316 ὁμοίως
681 2268 719 2305 δὲ
743 2275 800 2305 καὶ
826 2273 855 2304 εἱ
881 2272 1067 2318 ἄφθαρτον,
1095 2271 1130 2305 ὂν
1154 2268 1206 2306 δέ.
1239 2274 1337 2320 Λέγω
1363 2269 1402 2305 δέ

399 2317 441 2350 τὸ
460 2315 628 2363 ἀγένητον
645 2319 703 2349 καὶ
723 2315 894 2362 ἄφθαρτον
913 2318 962 2350 τοὶ
984 2320 1100 2360 κυρίως
1118 2317 1302 2364 λεγόμενα,
1323 2317 1405 2364 ἀγέ-

399 2373 500 2399 νητον
526 2361 586 2405 μὲν
612 2361 629 2393 ὂ
654 2361 728 2394 ἐστι
752 2362 824 2402 νῦν,
849 2364 908 2394 καὶ
933 2361 1097 2406 πρότερον
1123 2363 1188 2394 ουίι
1215 2362 1336 2401 ἀληθὲς
1361 2361 1400 2399 ἦν

397 2406 502 2439 εἰπεῖν
528 2406 570 2437 τό
595 2405 643 2449 μή
668 2403 775 2444 εἶναι,
804 2405 976 2451 ἄφθαρτον
1001 2402 1039 2439 δὲ
1066 2407 1082 2439 ὃ
1106 2408 1162 2439 νῦν
1195 2406 1229 2439 ὃν
1262 2406 1400 2452 ὕστερον

399 2450 447 2494 μή
475 2448 595 2488 ἀληθὲς
621 2449 721 2484 ἔσται
746 2451 851 2483 εἰπεῖν
877 2451 924 2496 μή
949 2448 1048 2484 εἶναι.

330 2537 372 2571 Ἦ
395 2539 423 2571 εἰ
447 2539 508 2583 μὲν
534 2539 652 2571 ταῦτα
679 2539 840 2577 ἀλλήλοις
869 2538 1047 2572 ἀκολουθεῖ
1069 2541 1127 2572 καὶ
1153 2539 1194 2573 τό
1219 2552 1257 2572 τε
1283 2538 1402 2586 ἀγένη-

399 2594 460 2616 τον
487 2581 659 2627 ἄφθαρτον
690 2586 749 2616 καὶ
776 2584 817 2616 τὰ
843 2584 1015 2628 ἄφθαρτον
1050 2584 1240 2631 ἀγένητον,
1270 2583 1401 2630 ἀνάγκη

398 2629 456 2660 καὶ
482 2628 524 2660 τὸ
551 2623 658 2660 ἀΐδιον
684 2628 835 2674 ἑκατέρῳ
862 2628 1072 2671 ἀκολουθεῖν,
1097 2632 1155 2662 καὶ
1180 2631 1249 2662 εἴτε
1272 2641 1306 2662 τι
1325 2628 1403 2675 ἀγέ-

400 2683 520 2713 νητον,
549 2667 676 2715 ἀΐδιον,
703 2674 772 2706 εἴτε
798 2685 833 2706 τι
859 2673 1050 2718 ἄφθαρτον,
1079 2668 1199 2706 ἀΐδιον.

387 2840 537 2869 Smorsm.
555 2856 592 2862 --
613 2850 636 2869 1.
651 2842 863 2878 Argumentum
884 2847 913 2870 et
933 2841 1036 2870 divisio
1050 2848 1152 2870 textus.
1166 2858 1187 2863 —-
1201 2842 1324 2880 Semper
1338 2851 1401 2870 esse

333 2884 365 2907 et
384 2888 440 2908 non
461 2889 578 2918 semper
598 2889 661 2910 esse
682 2887 873 2918 opponuntur
893 2881 1131 2918 contradictorie3
1153 2890 1269 2919 semper
1289 2891 1352 2910 esse
1373 2888 1403 2910 et

335 2925 452 2956 semper
479 2928 536 2948 non
564 2929 627 2949 esse
648 2922 719 2957 (seu
745 2930 898 2958 nunquam
925 2922 1005 2957 esse)
1028 2928 1218 2958 opponuntur
1241 2921 1401 2957 contrarie;

337 2964 453 2995 semper
473 2967 528 2987 non
549 2967 612 2988 esse
631 2966 660 2988 et
674 2969 730 2989 non
751 2970 869 2998 semper
890 2970 946 2989 non
967 2970 1031 2989 esse
1052 2963 1121 2997 (seu
1141 2961 1300 2999 aliquando
1320 2963 1401 2998 esse)

337 3002 527 3040 opponuntur
536 2999 767 3028 contradictorie.
780 3000 970 3029 Declarantur
979 3000 1149 3029 huiusmodi
1162 3001 1372 3038 oppositiones.
1383 3018 1402 3023 -

338 3041 366 3063 2.
381 3035 483 3064 Eidem
503 3037 632 3067 subiecto
653 3046 769 3076 oportet
782 3040 876 3069 inesse
896 3041 1082 3078 negationem
1102 3047 1167 3069 tum
1180 3041 1242 3070 eius
1257 3042 1338 3079 quod
1359 3048 1402 3070 est

337 3083 455 3119 semper
468 3084 541 3110 esse,
551 3082 614 3106 tum
627 3077 689 3107 eius
702 3080 783 3116 quod
796 3086 840 3108 est
853 3089 970 3118 semper
984 3090 1040 3109 non
1055 3090 1133 3109 esse:
1147 3081 1187 3110 ita
1200 3081 1307 3110 scilicet
1320 3082 1402 3119 quod

337 3119 412 3142 mter
431 3123 545 3159 semper
565 3124 617 3144 ens
637 3123 667 3145 et
685 3127 799 3155 semper
817 3128 880 3148 non
901 3129 952 3148 ens
972 3119 1004 3148 id
1023 3120 1060 3149 sit
1087 3121 1218 3150 medium
1243 3122 1325 3158 quod
1344 3131 1398 3158 po-

337 3159 392 3186 test
411 3154 654 3200 §liquando-eq&
673 3162 702 3185 et
721 3157 878 3195 aliquando
905 3169 967 3188 non
987 3169 1058 3189 esse.
1080 3178 1100 3182 -
1125 3161 1151 3189 3.
1173 3161 1317 3190 Probatur
1343 3161 1400 3189 hoc

337 3202 420 3231 sequi
430 3203 465 3222 ex
477 3203 657 3230 praemissis:
679 3202 708 3224 et
714 3197 814 3234 primo
827 3207 862 3226 ex
875 3198 938 3235 ipsa
950 3199 1063 3228 ratione
1076 3200 1277 3230 terminorum.
1292 3203 1401 3229 Neutra

0 3218 26 3290 ξ-
337 3233 416 3278 enim
436 3233 552 3279 negatio
573 3234 699 3270 (scilicet
713 3245 769 3264 non
789 3246 906 3275 semper
925 3247 988 3268 esse
1002 3246 1030 3267 et
1044 3249 1100 3268 non
1115 3249 1233 3279 semper
1246 3250 1304 3269 non
1319 3243 1399 3277 esse)

2 3290 26 3308 Ἀ.
335 3279 420 3310 ponit
430 3274 686 3311 sempiternitatem
699 3284 795 3312 neque
808 3276 884 3306 cirea
897 3286 960 3306 esse
979 3288 1074 3316 neque
1088 3279 1163 3308 circa
1181 3289 1238 3309 non
1253 3290 1315 3309 esse
1320 3291 1331 3314 ;
1349 3282 1400 3309 sed

0 3306 30 3362 ᾗ·
335 3319 458 3358 utraque
478 3313 562 3350 ponit
587 3315 764 3352 quandoque
792 3324 854 3344 esse
874 3322 903 3344 et
923 3319 1101 3355 quandoque
1131 3329 1192 3348 non
1213 3329 1284 3349 esse.
1316 3321 1399 3349 Unde

0 3362 30 3392 ᾖ
335 3353 414 3381 idem
435 3359 479 3381 est
499 3354 580 3391 quod
600 3360 695 3391 potest
715 3354 872 3392 aliquando
887 3365 949 3385 esse
970 3363 998 3385 et
1018 3357 1175 3395 aliquando
1195 3369 1256 3388 non
1277 3369 1355 3396 esse;
1373 3367 1401 3388 et

335 3392 393 3421 hoc
413 3399 456 3421 est
476 3393 606 3422 medium
621 3393 695 3422 inter
710 3395 769 3423 duo
784 3396 936 3432 contraria,
951 3396 1057 3425 scilicet
1077 3407 1194 3435 semper
1207 3408 1270 3427 esse
1284 3405 1312 3428 et
1325 3409 1400 3428 sem-

331 3441 391 3470 per
410 3442 467 3461 non
489 3442 561 3462 esse.
576 3450 596 3455 -
610 3442 640 3469 4.
658 3435 739 3462 Idem
759 3435 900 3471 probatur
911 3435 1024 3464 ratione
1037 3437 1196 3466 communi.
1217 3438 1281 3467 Sint
1293 3440 1321 3468 A
1335 3446 1364 3468 et
1377 3441 1400 3467 Β

335 3472 395 3500 duo
405 3472 530 3508 termini,
541 3473 600 3510 qui,
611 3480 712 3510 utpote
726 3474 872 3510 contrarii,
886 3475 958 3503 nulli
971 3475 1066 3504 eidem
1079 3477 1193 3513 possint
1206 3477 1308 3506 inesse.
1323 3479 1366 3507 Sit
1376 3480 1402 3507 G

335 3511 408 3540 alius
435 3513 590 3549 terminus,
615 3513 665 3550 qui
685 3513 725 3542 ita
745 3523 776 3542 se
797 3515 901 3543 habeat
921 3515 958 3543 ad
978 3516 1005 3543 A
1026 3517 1107 3553 quod
1128 3516 1244 3545 cuilibet
1271 3518 1400 3547 subiecto

334 3551 402 3580 insit
422 3559 473 3581 aut
486 3554 513 3581 A
527 3559 576 3581 aut
591 3553 616 3581 G
630 3555 677 3590 (se
695 3554 820 3582 habeant
840 3554 977 3583 nimirum
998 3561 1031 3583 ut
1051 3553 1208 3585 affirmatio
1221 3562 1250 3585 et
1262 3558 1400 3594 negatio).

334 3591 378 3620 Sit
398 3591 485 3621 etiam
505 3594 531 3620 D
553 3593 626 3622 alius
645 3593 801 3629 terminus,
824 3594 874 3632 qui
895 3595 1000 3623 eodem
1020 3596 1111 3624 modo
1133 3605 1163 3624 se
1187 3596 1292 3625 habeat
1317 3598 1356 3626 ad
1376 3599 1400 3626 Β

334 3631 408 3660 sicut
429 3633 455 3661 G
475 3633 513 3661 ad
526 3634 562 3661 A.
584 3633 720 3671 Sequitur
734 3634 814 3671 quod
829 3634 910 3663 omni
931 3635 956 3663 ei
978 3636 1058 3672 quod
1078 3644 1139 3664 non
1161 3642 1202 3664 est
1216 3637 1242 3664 A
1256 3646 1351 3674 neque
1365 3638 1398 3673 B,

2449 313 2518 349 107

869 574 1172 632 LECTIO
1209 577 1983 635 VIGESIMASEPTIMA

348 763 597 796 NONNULLIS
618 762 879 810 PRAEMISSIS,
903 763 1184 795 OSTENDITUR
1206 764 1390 795 NULLUM
1414 764 1724 797 SEMPITERNUM
1747 767 1848 798 ESSE
1872 767 2071 799 GENITUM
2094 767 2152 799 ET
2176 767 2505 808 CORRUPTIBILE,

554 820 614 852 ET
636 820 664 851 E
688 819 921 852 CONVERSO
944 820 1128 852 NULLUM
1152 820 1352 852 GENITUM
1374 822 1467 853 AUT
1491 822 1809 854 CORRUPTIBILE
1833 824 1933 855 ESSE
1957 825 2267 857 SEMPITERNUM
2285 843 2303 848 -

703 877 811 909 ITEM
834 877 960 909 OMNE
984 877 1230 909 lNGENlTUM
1252 878 1312 909 ET
1335 878 1699 911 INCORRUPTIBILE
1723 880 1823 911 ESSE
1847 881 2156 914 SEMPITERNUM

1456 1036 1473 1055 *
1496 1036 1661 1074 Quoniam
1684 1043 1793 1068 autem
1815 1038 1941 1078 negatio
1965 1039 2032 1070 eius
2056 1040 2187 1080 quidem
2210 1039 2299 1081 quod
2327 1046 2374 1072 est
2402 1050 2526 1081 semper
2554 1050 2562 1059 ³
2578 1049 2633 1077 Seq.
2647 1055 2751 1077 capam.

1522 1081 1674 1121 possibile
1693 1091 1770 1120 esse,
1790 1091 1857 1112 non
1870 1092 1994 1123 semper
2010 1083 2160 1123 possibile
2176 1091 2259 1123 esse;
2274 1094 2400 1125 semper
2418 1091 2526 1116 autem
2552 1075 2620 1098 Text.
2635 1081 2678 1098 ¹²²·

1523 1125 1674 1166 possibile
1693 1135 1760 1156 non
1779 1135 1857 1164 esse,
1878 1127 2085 1167 contrarium;
2105 1128 2195 1159 cuius
2218 1128 2344 1169 negatio
2359 1138 2427 1160 non
2442 1139 2523 1160 sem-

1522 1178 1579 1210 per
1601 1169 1753 1210 possibile
1776 1179 1842 1200 non
1866 1178 1948 1201 esse:

1455 1223 1582 1244 necesse
1598 1213 1782 1254 negationes
1793 1215 1960 1246 ambarum
1980 1215 2082 1246 eidem
2098 1216 2237 1256 existere,
2255 1223 2286 1248 et
2299 1227 2366 1248 esse
2381 1217 2526 1248 medium

1523 1267 1648 1298 semper
1671 1258 1750 1289 entis
1774 1265 1805 1289 et
1827 1268 1952 1300 semper
1978 1269 2044 1290 non
2063 1260 2142 1291 entis
2175 1261 2264 1302 quod
2286 1261 2436 1302 possibile
2459 1271 2526 1292 esse

1523 1307 1554 1332 et
1575 1311 1643 1332 non
1667 1312 1744 1333 esse.

1455 1345 1630 1387 Utriusque
1649 1346 1735 1376 enim
1757 1347 1884 1387 negatio
1903 1348 2098 1389 quandoque
2119 1348 2237 1387 existet,
2262 1349 2286 1380 si
2310 1359 2377 1380 non
2401 1359 2526 1390 semper

1523 1389 1572 1421 sit.
1598 1390 1704 1428 Quare
1728 1397 1759 1422 et
1785 1401 1852 1422 non
1875 1401 2000 1432 semper
2021 1402 2088 1424 non
2112 1403 2167 1424 ens
2190 1393 2248 1424 erit
2277 1394 2472 1435 quandoque
2496 1400 2527 1425 et

1522 1444 1591 1465 non
1609 1434 1683 1466 erit:
1699 1441 1730 1466 et
1752 1445 1820 1466 non
1836 1445 1961 1477 semper
1976 1436 2125 1478 possibile
2141 1447 2208 1468 esse
2227 1437 2335 1477 simul,
2354 1438 2410 1469 sed
2425 1448 2525 1480 quan-

1523 1478 1630 1520 doque
1654 1486 1724 1510 ens:
1748 1489 1846 1521 quare
1869 1487 1900 1511 et
1922 1490 1990 1511 non
2013 1490 2090 1512 esse.
2115 1481 2202 1512 Idem
2225 1481 2320 1522 igitur
2343 1482 2401 1513 erit
2422 1482 2525 1523 possi·-

1522 1522 1585 1553 bile
1609 1533 1675 1554 esse
1699 1529 1730 1554 et
1752 1531 1837 1562 non;
1861 1531 1892 1555 et
1914 1524 1977 1555 hoc
2000 1531 2047 1555 est
2069 1525 2240 1556 amborum
2262 1526 2416 1558 medium.

1455 1566 1472 1585 *
1495 1566 1589 1598 Ratio
1613 1573 1722 1598 autem
1754 1568 1937 1599 universalis
1961 1568 2049 1600 haec.
2074 1569 2143 1600 Sint
2171 1570 2256 1600 enim
2286 1572 2316 1600 A
2339 1577 2370 1601 et
2397 1571 2423 1601 B
2447 1570 2527 1601 nulli

1524 1611 1628 1642 eidem
1657 1611 1820 1651 possibilia
1849 1612 1966 1643 inesse:
1998 1613 2087 1643 omni
2117 1620 2224 1644 autem
2247 1615 2276 1644 A
2300 1621 2356 1645 aut
2378 1614 2422 1652 G,
2447 1621 2479 1645 et
2500 1614 2526 1645 B

2553 1573 2562 1583 ¹
2577 1571 2645 1594 Text.
2661 1572 2712 1600 ¹²34

1522 1662 1578 1687 aut
1592 1655 1632 1686 D.
1652 1656 1787 1687 Necesse
1810 1657 1916 1697 itaque
1935 1657 2025 1698 quod
2048 1657 2099 1688 cui
2123 1667 2227 1699 neque
2250 1660 2280 1689 A
2299 1658 2400 1690 existit
2423 1669 2526 1699 neque

1522 1700 1565 1740 B,
1589 1700 1680 1731 omni
1703 1700 1832 1732 existere
1856 1700 1885 1732 G
1907 1701 1947 1732 D.
1973 1701 2019 1732 Sit
2041 1702 2147 1743 itaque
2170 1702 2197 1733 Ε
2220 1702 2445 1734 intermedium
2474 1713 2526 1734 eo-

1523 1754 1597 1775 rum
1615 1754 1698 1786 quae
1713 1747 1743 1776 A
1757 1746 1798 1776 B:
1824 1745 2055 1776 contrariorum
2071 1746 2157 1777 enim
2176 1747 2265 1787 quod
2280 1753 2441 1786 neutrum,
2460 1757 2527 1778 me-

1524 1788 1624 1820 dium.
1650 1789 1735 1820 Huic
1757 1790 1864 1831 itaque
1883 1799 2009 1821 necesse
2033 1791 2128 1821 ambo
2153 1790 2295 1830 existere,
2320 1798 2351 1822 et
2374 1791 2403 1822 G
2426 1798 2457 1822 et
2479 1792 2524 1822 D:

1523 1833 1613 1864 omni
1630 1833 1717 1865 enim
1733 1834 1763 1865 G
1776 1841 1832 1865 aut
1846 1837 1887 1873 A,
1907 1844 2004 1875 quare
2021 1841 2052 1865 et
2075 1834 2103 1865 ei
2126 1835 2216 1876 quod
2239 1842 2286 1867 est
2303 1836 2349 1875 E;
2372 1835 2527 1877 quoniam

1477 1914 1483 1920 η
1522 1878 1618 1918 igitur
1640 1881 1670 1909 A
1691 1878 1899 1920 impossibile,
1923 1878 1953 1910 G
1976 1878 2094 1910 existet.
2118 1877 2240 1910 Eadem
2263 1887 2371 1911 autem
2393 1880 2474 1915 ratio
2498 1887 2528 1911 et

1523 1922 1556 1953 in
1579 1923 1620 1954 D.
1893 1940 1895 1943 ·

1455 1966 1474 1984 ⁴‘
1495 1967 1609 2008 Neque
1632 1967 1740 2009 itaque
1764 1977 1888 2008 semper
1912 1967 2045 1999 existens
2068 1967 2212 2008 genitum
2235 1975 2290 1999 aut
2313 1968 2526 2009 corruptibile,

1523 2021 1627 2052 neque
1656 2022 1782 2053 semper
1809 2022 1875 2042 non
1903 2022 1969 2043 ens.
1997 2012 2107 2043 Palam
2137 2019 2244 2043 autem
2273 2012 2348 2053 quia
2363 2019 2407 2050 ,et
2429 2013 2454 2043 si
2476 2023 2528 2053 ge-

1523 2056 1628 2087 nitum
1651 2063 1706 2087 aut
1729 2056 1946 2096 corruptibile,
1971 2066 2037 2087 non
2061 2056 2299 2097 sempiternum.
2324 2057 2427 2088 Simul
2443 2057 2529 2087 enim

1523 2100 1581 2132 erit
1610 2100 1760 2141 possibile
1793 2110 1917 2140 semper
1950 2110 2035 2140 esse,
2067 2107 2098 2132 et
2127 2101 2277 2141 possibile
2306 2111 2372 2132 non
2405 2111 2529 2142 semper

1524 2151 1608 2175 esse:
1633 2144 1695 2176 hoc
1723 2151 1831 2176 autem
1859 2145 1948 2186 quod
1978 2145 2174 2186 impossibile
2202 2145 2261 2184 sit,
2291 2152 2455 2177 ostensum
2483 2152 2529 2177 est

1546 2199 1621 2220 nus.

1455 2233 1472 2252 *
1496 2200 1610 2274 Igitur,
1634 2233 1660 2263 si
1680 2240 1711 2264 et
1733 2233 1911 2273 ingenitum
1934 2240 1995 2273 est,
2020 2243 2076 2264 ens
2099 2240 2224 2273 autem,
2249 2235 2311 2265 hoc
2334 2244 2460 2265 necesse
2483 2241 2529 2266 est
2556 2232 2565 2241 '
2579 2229 2647 2252 Text.
2662 2235 2704 2258 ¹²⁵·

1523 2277 1753 2318 sempiternum
1773 2285 1855 2308 esse:
1883 2277 2025 2309 similiter
2048 2285 2156 2309 autem
2179 2285 2209 2309 et
2230 2279 2255 2308 si
2279 2278 2527 2319 incorruptibile,

1523 2332 1578 2352 ens
1609 2328 1726 2352 autem.
1760 2322 1842 2352 Dico
1878 2329 1986 2353 autern
2017 2322 2195 2362 ingenitum
2230 2329 2260 2354 et
2291 2323 2528 2364 incorruptibile

1523 2376 1605 2407 quae
1636 2365 1772 2407 proprie'
1794 2366 1957 2397 dicuntur:
1986 2366 2164 2406 ingenitum
2198 2367 2330 2408 quidem
2362 2368 2452 2408 quod
2483 2374 2529 2398 est

1522 2420 1620 2449 nunc,
1643 2417 1675 2441 et
1688 2410 1776 2451 prius
1799 2420 1866 2441 non
1884 2421 1996 2442 verum
2017 2418 2082 2442 erat
2101 2411 2202 2442 dicere
2225 2421 2292 2442 non
2315 2419 2400 2450 esse;
2425 2412 2529 2442 incor-

1523 2454 1671 2496 ruptibile
1694 2461 1802 2486 autem
1824 2455 1924 2496 quod,
1948 2465 2033 2487 nunc
2057 2465 2124 2495 ens,
2147 2455 2304 2496 posterius
2327 2466 2394 2486 non
2416 2466 2528 2487 verum

1524 2499 1582 2530 erit
1604 2499 1706 2530 dicere
1729 2509 1796 2530 non
1820 2509 1896 2530 esse.

1456 2545 1523 2574 Aut
1545 2543 1571 2573 si
1595 2543 1726 2584 quidem
1758 2544 1835 2574 haec
1865 2543 1905 2574 ad
1927 2544 2065 2575 invicem
2088 2551 2345 2585 consequuntur,
2377 2550 2408 2575 et
2435 2544 2525 2586 quod

1523 2587 1655 2628 quidem
1670 2587 1849 2629 ingenitum
1868 2588 2118 2628 incorruptibile,
2135 2595 2165 2619 et
2181 2589 2270 2629 quod
2289 2588 2526 2629 incorruptibile

1523 2632 1718 2672 ingenitum;
1741 2642 1868 2663 necesse
1893 2639 1923 2663 et
1953 2632 2182 2673 sempiternum
2205 2632 2332 2673 utrique
2356 2633 2527 2673 consequi,

1524 2683 1555 2707 et
1577 2676 1643 2707 sive
1666 2676 1788 2718 aliquid
1817 2676 1996 2717 ingenitum
2019 2677 2266 2717 sempiternum,
2299 2677 2364 2708 sive
2387 2677 2528 2708 incorru-

1525 2720 1634 2761 ptibile
1658 2720 1898 2762 sempiternum.

2554 1967 2561 1975 ·
2578 1964 2645 1986 Text.
2661 1971 2708 1991 124·

1457 2851 1574 2871 necesse
1595 2842 1631 2871 sit
1652 2842 1746 2871 inesse
1761 2844 1787 2871 G
1807 2849 1836 2871 et
1856 2844 1898 2871 D:
1921 2843 1978 2872 hoc
1998 2849 2055 2879 est,
2078 2850 2194 2880 oportet
2215 2844 2295 2880 quod
2316 2845 2420 2872 ambae
2440 2853 2527 2881 nega-

1456 2882 1561 2918 tiones,
1583 2882 1689 2919 quibus
1709 2889 1851 2920 negantur
1870 2884 1897 2911 A
1919 2889 1948 2911 et
1968 2884 2000 2919 B,
2023 2883 2118 2912 eidem
2139 2883 2267 2912 subiecto
2289 2883 2385 2911 insint.
2408 2885 2450 2911 Ex
2468 2893 2527 2920 quo

1456 2928 1535 2959 patet
1549 2922 1708 2958 conclusio,
1719 2932 1825 2959 nempe
1840 2923 1921 2960 quod
1935 2922 2051 2960 negatio
2067 2923 2128 2951 eius
2143 2924 2224 2960 quod
2238 2929 2281 2951 est
2295 2932 2409 2960 semper
2423 2932 2485 2951 esse
2500 2930 2528 2951 et

1456 2961 1572 3000 negatio
1594 2961 1655 2990 eius
1677 2963 1758 2999 quod
1779 2968 1822 2990 est
1843 2971 1957 2999 semper
1978 2972 2039 2991 non
2055 2971 2130 2998 esse,
2152 2962 2250 2990 insunt
2271 2962 2365 2991 eidem
2386 2962 2526 2998 subiecto,

1457 3002 1538 3039 quod
1559 3008 1602 3030 est
1622 3002 1752 3030 medium
1774 3002 1848 3030 inter
1867 3008 2024 3039 utrumque
2043 3009 2212 3031 extremum.
2228 3019 2247 3023 -
2263 3003 2288 3030 5.
2305 3002 2461 3031 Conclusio
2482 3002 2526 3030 in-

1455 3048 1544 3071 tenta.
1560 3042 1685 3080 Semper
1699 3042 1830 3070 existens
1843 3048 1872 3071 et
1885 3051 2002 3079 semper
2015 3051 2071 3070 non
2086 3042 2216 3070 existens
2231 3051 2325 3079 neque
2341 3049 2383 3070 est
2395 3042 2526 3079 genitum

1455 3091 1552 3119 neque
1573 3081 1775 3118 corruptibile3
1797 3088 1825 3110 et
1846 3091 1862 3110 e
1883 3091 2023 3110 converso
2041 3081 2170 3118 genitum
2191 3088 2242 3110 aut
2262 3081 2447 3118 corruptibile
2469 3091 2525 3111 non

1456 3127 1500 3150 est
1510 3121 1728 3159 sempiternum,
1741 3130 1795 3150 nec
1809 3128 1950 3158 quantum
1971 3122 2008 3149 ad
2023 3130 2085 3149 esse
2099 3130 2153 3150 nec
2168 3127 2310 3158 quantum
2324 3122 2362 3150 ad
2375 3131 2436 3150 non
2452 3131 2524 3151 esse.

1456 3161 1592 3198 Sequitur
1612 3170 1646 3190 ex
1667 3161 1843 3198 praemissis.
1869 3160 1899 3189 Si
1921 3160 2000 3189 enim
2021 3161 2137 3189 daretur
2157 3160 2336 3198 oppositum,
2358 3168 2527 3198 sequeretur

1456 3202 1536 3238 quod
1551 3201 1660 3238 aliquid
1675 3207 1750 3229 esset
1770 3201 1856 3228 simul
1873 3207 1977 3237 potens
1991 3209 2106 3237 semper
2119 3209 2181 3228 esse
2195 3207 2224 3229 et
2243 3210 2305 3229 non
2316 3210 2431 3238 semper
2445 3211 2525 3238 esse;

1455 3242 1507 3269 sed
1521 3250 1584 3269 esse
1598 3250 1715 3278 semper
1728 3247 1756 3269 et
1771 3250 1827 3268 non
1841 3249 1958 3278 semper
1973 3249 2035 3268 esse
2050 3246 2118 3268 sunt
2134 3241 2356 3269 contradictorie
2371 3241 2524 3278 opposita;

1455 3290 1524 3318 ergo
1539 3287 1592 3310 etc.
1605 3297 1624 3302 -
1635 3282 1663 3308 6.
1676 3280 1773 3308 Omne
1784 3280 1865 3316 quod
1877 3286 1919 3308 est
1929 3280 2053 3317 proprie
2068 3279 2238 3317 ingenitum,
2253 3287 2281 3309 et
2291 3280 2422 3309 similiter
2437 3290 2526 3310 omne

1456 3321 1537 3357 quod
1551 3326 1593 3348 est
1610 3320 1734 3358 proprie
1750 3319 1975 3356 incorruptibile,
1996 3326 2039 3348 est
2053 3320 2270 3357 sempiternum.
2293 3322 2329 3349 Et
2342 3320 2439 3358 primo
2455 3330 2525 3350 con-

1455 3360 1579 3388 cluditur
1600 3360 1656 3387 hoc
1673 3369 1706 3387 ex
1720 3359 1894 3395 praemissis.
1911 3376 1930 3380 —
1945 3369 1971 3396 7.
1988 3360 2133 3396 Secundo,
2148 3366 2180 3388 ut
2194 3360 2267 3389 infra
2282 3361 2363 3397 (lect.
2378 3370 2438 3398 seq.
2453 3371 2482 3389 n.
2495 3363 2525 3398 9)

1455 3400 1632 3434 ostendetur,
1647 3408 1736 3427 omne
1750 3399 1909 3436 ingenitum
1923 3405 1966 3427 est
1980 3399 2197 3436 incorruptibile
2210 3406 2239 3428 et
2253 3409 2269 3429 e
2283 3410 2440 3429 converso:
2456 3410 2525 3438 ergo

1455 3439 1664 3476 sempiternum
1674 3438 1861 3475 consequitur
1874 3439 1912 3467 ad
1922 3445 2087 3477 utrumque,
2097 3449 2204 3477 nempe
2218 3446 2246 3469 et
2260 3450 2349 3469 omne
2364 3441 2524 3478 ingenitum

1455 3485 1483 3508 et
1501 3487 1589 3507 omne
1607 3478 1824 3515 incorruptibile
1838 3485 1881 3507 est
1894 3479 2112 3516 sempiternum.
2128 3497 2148 3501 -
2162 3480 2314 3517 Colligitur
2334 3490 2368 3509 ex
2389 3481 2525 3509 omnibus

1454 3518 1619 3556 praemissis
1634 3526 1757 3555 sequens
1778 3518 1853 3547 ratio
1867 3519 1905 3546 ad
1918 3519 2076 3556 principale
2090 3520 2273 3557 propositum
2288 3521 2334 3556 (cf.
2349 3521 2413 3549 lect.
2429 3530 2523 3557 praec.

1453 3569 1482 3587 n.
1490 3569 1512 3594 1,
1525 3559 1562 3593 3).
1575 3558 1691 3586 Nullum
1704 3558 1913 3595 sempiternum
1925 3565 1968 3587 est
1977 3559 2107 3597 genitum
2117 3569 2214 3598 neque
2225 3560 2424 3598 corruptibile;
2437 3569 2524 3589 omne

1454 3598 1614 3635 ingenitum
1635 3604 1663 3626 et
1682 3607 1770 3626 omne
1784 3597 2000 3635 incorruptibile
2022 3606 2064 3628 est
2077 3600 2301 3637 sempiternum3
2324 3609 2392 3638 ergo
2413 3600 2524 3628 nullum

1454 3637 1614 3675 ingenitum
1635 3643 1678 3666 est
1698 3638 1894 3676 corruptibile,
1909 3645 1937 3668 et
1951 3639 2064 3668 nullum
2085 3639 2302 3678 incorruptibile
2323 3647 2366 3669 est
2383 3639 2521 3677 genitum.
