2782 4134
1088 230 1200 267 CAP.
1230 231 1298 278 III,
1329 231 1479 268 LECT.
1511 231 1563 267 IV

229 306 334 356 quod
361 314 462 343 totus
490 308 657 344 mundus
686 319 769 343 esse
798 307 963 356 incoepit
990 320 1059 356 per
1086 308 1294 356 generatio-

227 372 319 396 nem
348 360 560 408 quandam,
600 360 768 397 dicentes
797 360 902 408 quod
931 360 1043 397 simul
1072 370 1293 408 generatum

228 420 285 449 est
303 424 409 449 mare
430 425 518 448 cum
539 413 698 449 mundo.
729 414 778 449 Et
797 413 872 449 hoc
891 413 1174 451 rationabiliter:
1205 414 1294 462 quia

228 478 317 502 cum
337 477 444 502 mare
464 465 511 501 sit
538 465 665 513 aliquo
686 466 805 502 modo
834 466 940 502 locus
960 478 1094 514 aquae,
1116 479 1214 515 quae
1240 475 1295 504 est

226 530 349 555 unum
379 518 628 565 elementum,
659 526 810 566 oportet
837 519 942 566 quod
971 519 1016 554 sit
1040 520 1087 556 de
1106 519 1292 568 principa-

226 571 325 608 libus
343 570 513 620 partibus
533 571 684 617 mundi;
715 579 751 608 et
769 571 857 608 ideo
881 571 1206 619 quandocumque
1226 572 1294 609 fuit

226 624 416 671 mundus,
447 624 516 660 fuit
543 636 661 661 mare.
692 625 741 660 Et
768 624 869 670 ideo,
891 623 986 660 sicut
1013 624 1064 660 illi
1092 637 1293 672 argumen-

192 702 199 708 ·
226 685 351 715 tantur
370 676 487 725 quod,
503 677 594 726 quia
612 677 780 714 mundus
795 677 942 725 genitus
956 676 977 698 ’¹‘
992 685 1058 724 est,
1076 685 1112 714 et
1126 689 1232 714 mare
1248 677 1303 714 sit·

225 738 461 779 generatum,
482 730 532 766 ita
550 742 758 779 possumus
778 742 799 767 e
819 742 1007 767 converso
1037 730 1292 778 argumentari

225 784 343 832 quod,
364 783 395 820 si
414 783 582 820 mundus
601 790 658 820 est
675 791 893 832 perpetuus,
916 791 951 820 et
966 795 1073 820 mare
1093 783 1139 820 sit
1156 795 1291 832 perpe-

224 844 346 874 tuum.
377 836 494 884 Quod
522 844 651 874 autem
679 837 847 874 mundus
871 837 918 874 sit
934 844 1153 886 perpetuus,
1183 849 1290 886 prae—

225 889 408 940 supponit
425 895 443 911 *
463 902 508 927 ex
527 889 585 927 his
606 902 706 938 quae
725 890 904 939 probavit
930 890 970 927 in
997 890 1092 927 libro
1115 889 1292 938 physio*

40 925 199 996 24⁰3&
226 950 262 981 et
288 943 328 981 in
354 942 452 980 libro
481 943 526 980 de
559 943 673 980 Caelo
701 942 742 990 *;
772 943 949 993 quamvis
977 944 1052 980 hoc
1079 943 1126 980 sit
1153 943 1290 980 falsum

215 1003 263 1034 -et
284 996 458 1034 ¹alienun]
487 1009 509 1033 a
537 996 627 1044 fide,
655 1004 698 1034 ut
725 1009 840 1046 supra
858 997 879 1019 ’¹‘
907 997 1050 1034 dictum
1080 1004 1146 1033 est.

191 1045 198 1052 ’
279 1049 315 1087 3.
337 1049 516 1087 Secundo
545 1049 614 1086 ibi:
642 1050 783 1087 Putare
809 1056 934 1087 autem
963 1050 1087 1087 minus
1115 1056 1197 1096 ete„
1227 1049 1290 1086 de-

193 1099 332 1152 ’su'uit
350 1102 551 1152 opiniones
580 1103 823 1153 antiquorum
845 1103 892 1141 de
922 1103 1071 1140 defectu
1094 1102 1221 1139 maris.
1243 1103 1292 1138 Et

222 1155 360 1209 primq
390 1162 590 1205 comparat
632 1157 854 1207 opinionem
893 1157 1004 1194 istam
1047 1155 1291 1205 opinionibus

223 1202 419 1248 ffiBfflosis.
459 1211 508 1247 Et
536 1209 624 1246 dicit
652 1210 757 1259 quod
785 1217 918 1259 putare
947 1210 1023 1246 hoc
1050 1208 1157 1257 quod
1185 1220 1291 1245 mare

215 1260 292 1301 fiat
317 1262 444 1300 minus
464 1263 678 1300 secundum
707 1263 967 1312 quantitatem,
989 1269 1025 1299 et
1043 1262 1198 1299 tandem
1227 1261 1291 1298 de-

218 1314 366 1364 ficiat‘ss,
383 1316 596 1354 secundum
616 1317 722 1366 quod
742 1316 832 1354 dixit
849 1315 1104 1362 Democritus,
1124 1326 1203 1351 non
1224 1314 1291 1351 dif-

215 1359 295 1414 'tert
322 1381 346 1407 a
372 1369 555 1407 fabulosis
583 1370 827 1419 opinionibus
850 1368 1006 1418 Aesopi,
1027 1368 1092 1417 qui
1121 1367 1211 1405 dixit
1239 1368 1290 1404 fa-

215 1415 359 1466 §minse
377 1423 483 1472 quod
504 1423 729 1472 Charybdis,
745 1435 844 1471 quae
865 1429 920 1460 est
939 1421 1130 1471 quaedam
1144 1433 1289 1469 vorago

220 1474 262 1515 in
280 1476 396 1524 mari,
417 1476 474 1514 bis
502 1476 700 1514 absorbuit
716 1488 842 1522 mare;
871 1475 922 1512 ita
940 1474 1047 1524 quod
1074 1481 1162 1511 ante
1190 1486 1290 1523 aqua

215 1535 343 1570 totam
371 1536 512 1566 terram
532 1529 804 1577 circumdabat,
824 1540 970 1576 vorago
991 1535 1119 1565 autem
1142 1535 1289 1564 tantum

218 1581 271 1620 'de
290 1593 391 1631 aqua
409 1582 618 1630 absorbuit,
639 1582 745 1632 quod
767 1589 920 1619 montes
939 1589 1198 1630 apparuerunt
1217 1580 1290 1618 dis-

186 1671 192 1679 ,
217 1635 393 1686 'cooperti
420 1636 469 1673 ab
498 1636 618 1685 aquis,
649 1643 687 1672 et
713 1642 813 1672 terra
837 1647 936 1684 quae
955 1634 1149 1672 interiacet
1177 1646 1287 1671 mon-

186 1688 188 1690 ’
219 1688 341 1736 tibus3
370 1689 541 1727 secundo
562 1696 691 1726 autem
710 1696 859 1726 tantum
888 1688 935 1725 de
955 1700 1055 1738 aqua
1079 1687 1286 1734 absorbuit,

114 1793 121 1802 ι
157 1762 161 1767 ·
216 1741 327 1792 quod
354 1750 613 1792 apparuerunt
631 1742 776 1779 insulae
791 1742 828 1788 *3
852 1741 988 1778 ultimo
1009 1748 1137 1778 autem
1158 1741 1287 1778 absor-

215 1795 327 1839 babit
350 1802 472 1833 totam
499 1808 642 1844 aquam
671 1795 797 1843 maris,
821 1802 859 1832 et
885 1794 939 1831 sic
965 1794 1137 1844 undique
1166 1806 1288 1831 rema-

215 1845 324 1893 nebit
341 1856 441 1886 terra
460 1848 565 1886 arida
585 1849 665 1886 sine
679 1848 700 1871 ’¹‘
718 1848 826 1885 mari.
851 1847 930 1885 Sed
948 1847 1034 1884 licet
1053 1859 1287 1896 componere

215 1894 387 1955 fibulam
414 1902 531 1940 talem
555 1909 780 1950 congrueret
806 1903 965 1950 Aesopo
989 1901 1205 1939 fabularum
1233 1900 1287 1938 in-

215 1955 380 2004 vem-ori,
402 1955 467 2005 qui
494 1956 571 1993 1106
599 1955 690 1993 dixit
718 1955 812 1992 dum
841 1955 938 1992 forte
968 1962 1066 1991 esset
1093 1954 1209 1992 iratus
1238 1954 1285 1991 ad

211 2009 476 2064 poanneum,
505 2008 603 2046 idest
630 2008 680 2046 ad
708 2008 903 2058 quendam
931 2015 1086 2057 portum
1110 2007 1173 2044 vel
1200 2007 1285 2044 litus

216 2062 346 2110 maris,
369 2069 424 2110 ut,
445 2061 561 2099 iratus
590 2061 710 2112 aquis,
731 2061 840 2111 quasi
869 2061 1029 2109 fingeret
1057 2072 1121 2097 eas
1150 2073 1287 2097 omnes

215 2111 300 2173 esse
319 2115 602 2162 absorbendas;
631 2122 763 2152 tamen
790 2114 878 2151 talia
896 2114 1022 2152 dicere
1048 2113 1287 2163 philosophis

214 2162 492 2219 inquirentibus
517 2167 718 2206 veritatem
746 2167 873 2205 minus
902 2166 1081 2204 convenit
1099 2172 1125 2203 ⁷.

174 2233 177 2239 ·
213 2234 222 2262 ῃ
244 2255 245 2258 ,
268 2233 308 2270 4,
329 2221 509 2260 Secundo
529 2221 598 2259 ibi:
621 2222 783 2270 Propter
801 2232 916 2270 quam
936 2232 1092 2257 causam
1113 2226 1196 2266 etc„
1216 2219 1286 2255 irn-

215 2276 356 2326 psobat
380 2274 616 2325 praedictam
652 2273 885 2323 positionem
912 2285 982 2322 per
1009 2273 1208 2310 rationem.
1238 2273 1287 2309 Et

217 2326 307 2367 dicit
333 2328 439 2378 quod
476 2335 634 2378 propter
667 2338 955 2377 quamcumque
993 2338 1149 2363 causam
1187 2338 1287 2375 aqua

217 2381 335 2426 maris
352 2381 480 2432 primo
500 2381 640 2418 mansit
669 2381 769 2418 circa
786 2388 940 2427 terram,
962 2379 1154 2428 oportebit
1181 2379 1287 2428 quod

216 2432 372 2490 {emper
399 2442 554 2472 maneat
572 2431 602 2471 δε
633 2434 714 2472 sive
743 2434 888 2471 dicatur
916 2433 1022 2482 quod
1049 2433 1125 2470 1106
1153 2432 1287 2469 accidit

215 2496 374 2540 propter
400 2489 627 2538 gravitatem
647 2499 782 2536 aquae,
802 2499 902 2536 quae
921 2486 1092 2536 pondere
1121 2498 1192 2523 suo
1211 2486 1287 2523 1106

215 2542 333 2581 habet
352 2543 457 2592 quod
471 2542 492 2565 ⁸²
511 2540 706 2580 subsideat
724 2540 803 2578 aeri
817 2548 855 2577 et
877 2540 1138 2589 praeemineat
1151 2546 1285 2586 terrae,

216 2598 332 2645 (quae
361 2595 519 2645 quidem
549 2606 664 2632 causa
692 2601 749 2631 est
773 2606 868 2632 vera
889 2601 924 2630 et
943 2593 1175 2639 manifesta);
1205 2592 1286 2630 sive

217 2661 489 2698 quaecumque
518 2648 590 2686 alia
619 2659 734 2685 causa
762 2647 823 2694 sit,
847 2654 1005 2696 propter
1032 2647 1108 2683 hoc
1137 2654 1287 2695 oportet

217 2703 335 2752 quod,
357 2702 388 2740 si
407 2701 613 2751 aliquando
634 2701 702 2739 fuit
729 2713 830 2749 aqua
853 2700 969 2737 maris
997 2712 1113 2749 super
1132 2707 1285 2747 terram,

217 2756 324 2806 quod
337 2768 491 2805 semper
505 2763 670 2792 maneat.
688 2754 790 2802 Quia
804 2753 920 2800 aliter,
938 2753 968 2790 si
983 2754 1058 2791 hoc
1077 2766 1156 2790 non
1176 2761 1285 2801 esset,

217 2817 411 2860 oporteret
430 2822 498 2846 eos
518 2809 644 2847 dicere
664 2814 675 2829 ¹
703 2807 809 2856 quod
837 2819 938 2856 aqua
957 2819 1055 2855 quae
1076 2807 1246 2844 elevatur
1264 2819 1286 2843 a

270 2917 299 2950 a)
313 2915 517 2949 praesupponit.
534 2929 554 2934 -
571 2913 698 2946 supponit
716 2913 770 2938 ΑΒ.
788 2926 807 2932 -
825 2913 904 2938 Iidem
924 2918 984 2945 post
1002 2920 1082 2937 unam
1101 2913 1145 2936 lin.
1163 2920 1217 2937 om.
1228 2913 1286 2946 sal-

215 2960 275 2980 sum
293 2955 336 2982 εκ
354 2951 386 2977 cf.
400 2952 451 2976 loc.
465 2951 507 2976 cit.

270 2987 296 3021 β)
316 2987 430 3023 deficiat.
442 3001 462 3006 -
474 2986 584 3020 deficere
598 2985 652 3010 AB.
668 2984 719 3015 Qui
734 2989 856 3016 pergunt:
875 2984 945 3009 sicut
958 2983 1024 3008 dicit
1041 2982 1218 3012 Democritus,
1233 2990 1284 3007 non

217 3022 327 3059 differre
340 3030 358 3048 a
363 3021 498 3057 sabulosis
509 3019 615 3053 Aesopi,
630 3020 676 3052 qui
691 3020 796 3052 quidem
803 3020 930 3053 fabulose
937 3019 1028 3052 finxit
1039 3018 1111 3051 quod
1127 3018 1286 3052 Charybdis,

216 3064 286 3093 quae
303 3062 344 3084 est
361 3058 492 3091 quaedam
508 3063 610 3090 vorago
623 3056 649 3081 in
666 3056 743 3085 mari,
758 3055 797 3081 bis
812 3055 839 3080 in
853 3054 1004 3087 praeterito
1019 3057 1138 3086 tempore
1149 3054 1287 3079 absorbuit

215 3101 300 3124 mare,
315 3094 387 3127 quod
400 3096 464 3127 ante
476 3095 561 3118 totam
575 3095 676 3117 terram
690 3091 883 3119 circumdabat,
899 3093 1004 3115 tantum
1019 3090 1052 3114 de
1065 3096 1136 3122 aqua
1150 3089 1288 3115 absorbuit

216 3131 290 3164 quod
307 3132 410 3155 montes
428 3133 477 3154 etc.

270 3165 298 3200 γ)
316 3165 363 3199 qui
381 3165 430 3190 hoc
449 3163 555 3189 dixit...
568 3163 656 3188 minus
668 3162 798 3188 convenit.
811 3176 831 3181 -
844 3161 891 3194 qui
908 3161 957 3186 hoc
974 3160 1122 3192 composuit
1140 3160 1204 3184 dum
1218 3163 1286 3185 esset

218 3201 306 3227 iratus
324 3200 362 3225 ad
375 3199 526 3229 horchmea,
537 3199 606 3224 idest
617 3197 655 3223 ad
663 3200 760 3230 portus
775 3198 816 3222 vel
833 3197 941 3230 linguas
954 3196 1045 3224 maris,
1061 3199 1092 3220 ut
1105 3199 1220 3227 propter
1232 3198 1284 3220 ter-

217 3243 278 3262 ram
298 3235 394 3269 (iram)
414 3235 492 3267 quasi
508 3234 655 3268 frangeret
673 3231 810 3265 (fingeret)
830 3239 876 3257 eas
895 3232 1010 3263 (idest...
1029 3238 1075 3256 eas
1098 3231 1175 3255 etiam
1194 3238 1284 3263 margo

217 3272 276 3298 Vnt.
292 3278 370 3303 2072,
383 3275 490 3303 excepto
509 3270 579 3302 quod
592 3276 639 3301 pro
654 3269 696 3293 vel
707 3268 814 3300 linguas
832 3267 920 3292 scribit
929 3270 1045 3298 propter
1058 3266 1175 3299 linguas)
1195 3273 1285 3290 omnes

217 3314 274 3333 esse
291 3305 480 3334 absorbendas,
495 3305 562 3329 talia
576 3303 664 3329 dicere
677 3302 844 3335 philosophis
858 3301 1051 3334 inquirentibus
1068 3301 1207 3326 veritatem
1230 3302 1283 3325 AB.

218 3343 268 3368 Ed.
286 3349 304 3366 a
322 3341 349 3366 in
366 3340 487 3366 versione
509 3339 587 3364 habet
605 3338 794 3372 porthineam,
816 3337 858 3362 hic
876 3337 1055 3362 horchineam.
1079 3336 1251 3361 Porthmeum
1271 3344 1285 3360 a

250 3384 312 3402 aeco
330 3374 478 3410 πορθμεῖον,
497 3374 568 3408 quod
580 3375 680 3403 locum,
699 3381 747 3398 seu
753 3374 859 3406 fretum
873 3370 1012 3404 significat;
1031 3376 1116 3396 textus
1131 3371 1209 3395 habet
1221 3379 1285 3404 πορ-

217 3385 292 3446 ἓὲέα,
307 3411 379 3444 quod
391 3418 539 3443 personam,
555 3417 602 3434 seu
610 3409 773 3441 portitorem
787 3406 925 3440 significan
945 3407 976 3431 ad
989 3414 1097 3431 sensum
1113 3411 1200 3431 tamen
1215 3407 1286 3439 quod

219 3448 316 3476 attinet,
328 3454 420 3479 parum
440 3445 523 3471 differt
537 3450 596 3469 utro
614 3444 694 3468 modo
713 3444 812 3475 legatur
828 3443 853 3467 in
865 3442 1010 3467 Aristotelis
1028 3446 1107 3466 textu.

272 3482 297 3515 ὅ)
317 3489 421 3514 semper
438 3483 554 3506 maneat.
567 3486 701 3511 -semper
719 3479 746 3503 in
766 3478 839 3503 omni
857 3481 975 3510 tempore
989 3479 1150 3509 permaneat
1166 3477 1219 3501 AB.
1235 3476 1286 3506 Qui

219 3522 345 3551 pergunt:
362 3517 418 3542 sive
436 3517 485 3542 hoc
503 3515 611 3541 dicatur
629 3518 655 3540 et
673 3514 722 3539 hoc
739 3513 846 3539 accidit.

273 3553 295 3586 ε)
313 3555 429 3585 propter
447 3552 496 3577 hoc
514 3553 651 3583 oportet...
671 3557 715 3575 eos
733 3549 830 3574 dicere.
848 3562 867 3567 -
884 3548 956 3581 quod
974 3547 1012 3580 (et
1030 3547 1102 3580 quod
1119 3547 1151 3579 B)
1171 3549 1286 3579 propter

219 3588 268 3614 hoc
286 3590 410 3621 oporteat
428 3587 527 3613 scilicet
541 3586 613 3619 quod
627 3585 662 3619 (si
673 3585 704 3618 B)
718 3584 863 3617 aliquando
874 3583 935 3617 suit
948 3590 1018 3615 aqua
1037 3583 1120 3608 maris
1137 3590 1218 3615 super
1233 3585 1285 3607 ter-

2337 238 2411 286 397

1349 310 1430 345 sole
1459 318 1683 358 evaporata,
1718 324 1797 348 non
1834 313 1962 352 redeat
1998 314 2134 351 iterum
2172 315 2221 352 ad
2249 324 2409 363 terram;

1350 361 1456 399 cuius
1491 363 1723 400 contrarium
1761 365 1959 402 manifeste
1987 366 2164 404 videmus
2193 368 2231 405 in
2258 370 2407 417 pluviis.

1347 416 1425 451 Aut
1453 415 1483 452 si
1511 428 1610 464 aqua
1639 418 1786 455 elevata
1814 418 1920 466 redit,
1946 431 2102 456 necesse
2132 429 2187 457 est
2214 423 2276 458 vel
2304 424 2410 470 quod

1349 479 1501 517 semper
1529 471 1638 506 duret
1660 469 1680 491 '¹‘
1707 483 1833 518 mare,
1864 471 1894 508 si
1923 484 2022 520 aqua
2051 485 2204 522 semper
2241 475 2410 512 elevatur

1348 528 1385 556 et
1404 521 1514 567 redit3
1544 529 1609 559 aut
1636 523 1742 570 quod
1770 533 1966 561 remaneat
1984 526 2155 573 quandiu
2183 527 2257 563 hoc
2285 528 2404 574 fuerit,

1348 573 1454 620 quod
1473 586 1573 622 aqua
1592 575 1698 613 redit.
1720 577 1769 613 Et
1787 577 1922 614 iterum
1941 579 2132 626 oportebit
2151 580 2238 616 ferri
2257 593 2408 618 sursum

1346 637 1415 673 per
1431 627 1742 675 evaporationem
1757 629 1848 666 illud
1864 631 1968 680 quod
1985 639 2040 668 est
2053 633 2219 680 potabile
2234 633 2273 669 in
2294 646 2404 681 aqua.

1347 679 1396 714 Et
1424 679 1476 715 sic
1505 692 1701 728 nunquam
1736 682 1982 720 exsiccabitur
2010 697 2115 721 mare
2144 685 2183 722 in
2210 686 2273 722 tali
2301 688 2408 723 alter-

1346 731 1500 768 natione
1529 732 1559 767 g:
1589 733 1679 780 quia
1706 734 1842 772 iterum
1872 748 1972 784 aqua
2001 737 2206 775 descendet
2232 738 2271 775 in
2290 751 2407 776 mare.

1346 784 1396 820 Et
1418 796 1496 821 non
1516 785 1640 822 differt
1657 794 1783 824 utrum
1803 789 1877 825 hoc
1905 791 2021 826 semel
2039 791 2117 838 fiat,
2139 791 2277 828 scilicet
2305 793 2409 841 quod

1346 849 1446 885 aqua
1475 838 1621 874 elevata
1658 839 1792 876 iterum
1822 841 2046 891 descendat,
2076 851 2141 881 aut
2175 845 2243 881 fiat
2275 857 2408 894 saepe:

1346 890 1435 939 quia
1453 898 1616 939 utroque
1635 892 1755 929 modo
1775 906 1854 930 non
1872 895 2052 933 minuitur
2066 897 2207 945 aliquid
2227 898 2275 935 de
2295 910 2406 946 aqua.

1346 944 1447 990 Quia
1466 944 1628 981 scilicet*¹
1643 953 1771 994 posset
1790 947 1862 983 dici
1882 949 1986 996 quod
2005 950 2100 986 haec
2114 951 2309 988 alternatio
2329 964 2408 988 non

1346 1009 1499 1046 semper
1527 998 1610 1044 erit,
1640 1006 1748 1035 motu
1776 1000 1864 1036 solis
1894 1009 2075 1050 cessante,
2102 1002 2189 1040 ideo
2219 1003 2409 1052 subiungit

1346 1050 1451 1099 quod
1471 1050 1501 1086 si
1521 1050 1654 1100 aliquis
1674 1051 1773 1088 dicat
1792 1054 1897 1101 quod
1921 1062 2047 1091 motus
2068 1056 2156 1092 solis
2176 1064 2308 1104 cesset,
2328 1069 2407 1094 non

1346 1103 1558 1140 remanebit
1572 1104 1714 1154 aliquid
1725 1106 1829 1153 quod
1842 1106 1962 1154 possit
1977 1107 2161 1145 exsiccare
2173 1121 2312 1158 aquam
2326 1122 2406 1147 ma-

1346 1157 1411 1194 ris:
1433 1157 1463 1194 si
1483 1165 1611 1194 autem
1638 1166 1766 1195 motus
1785 1158 1804 1180 ’³‘
1824 1159 1911 1196 solis
1940 1172 2092 1209 semper
2109 1170 2272 1210 maneat,
2294 1175 2406 1212 opor-

1345 1210 1438 1247 tebit
1456 1211 1563 1258 quod
1582 1223 1734 1260 semper
1752 1212 1820 1258 sol,
1842 1213 2153 1262 appropinquans
2172 1215 2221 1252 ad
2240 1215 2406 1264 aliquam

1344 1271 1493 1313 partem
1516 1271 1648 1310 terrae,
1672 1265 1792 1301 elevet
1818 1278 1888 1314 per
1914 1268 2226 1315 evaporationem
2247 1281 2405 1317 aquam3

1347 1324 1383 1353 et
1410 1316 1565 1365 quando
1594 1317 1741 1366 longius
1770 1319 1928 1366 recedit,
1964 1332 2049 1356 eam
2085 1320 2219 1358 cadere
2251 1330 2407 1371 propter

1345 1369 1595 1418 frigiditatem.
1622 1370 1747 1407 Et·sic
1770 1384 1848 1408 non
1866 1380 1991 1421 potest
2011 1373 2083 1409 dici
2103 1374 2207 1422 quod
2225 1385 2330 1412 mare
2350 1383 2406 1412 to-

1344 1423 1466 1460 taliter
1480 1423 1696 1471 exsiccetur,
1718 1424 1799 1461 sive
1818 1432 1947 1462 motus
1966 1425 2055 1462 solis
2075 1435 2195 1464 cesset
2214 1427 2294 1464 sive
2313 1440 2404 1465 non.

1402 1478 1434 1514 5.
1465 1476 1614 1514 Deinde
1644 1489 1732 1513 cum
1753 1477 1860 1514 dicit:
1888 1479 2126 1527 Acceperunt
2146 1486 2270 1517 autem
2288 1482 2406 1529 suspi-

1344 1530 1490 1566 cionem
1517 1531 1617 1566 hanc
1644 1538 1733 1577 etc.‚
1764 1531 1926 1568 excludit
1959 1532 2145 1569 rationem
2182 1542 2405 1571 moventem

1345 1595 1412 1619 eos
1440 1583 1490 1620 ad
1508 1583 1583 1619 hoc
1601 1584 1837 1631 ponendum.
1868 1585 1917 1621 Et
1945 1584 2156 1633 dicitquod
2180 1594 2406 1635 acceperunt

1342 1636 1444 1674 hanc
1472 1636 1708 1685 opinionem,
1738 1637 1844 1684 quod
1873 1637 2012 1674 scilicet
2038 1637 2224 1675 totaliter⁶
2243 1640 2405 1677 exsicca-

1343 1697 1445 1726 retur
1472 1701 1590 1737 mare,
1613 1697 1648 1726 et
1671 1689 1775 1739 quod
1804 1691 2036 1740 quandoque
2065 1691 2289 1741 incoeperit,
2317 1705 2405 1742 pro-

1341 1750 1426 1791 pter
1452 1743 1529 1779 hoc
1557 1742 1663 1790 quod
1690 1743 1807 1779 multa
1835 1743 1918 1780 loca
1947 1753 2131 1793 apparent
2158 1746 2279 1794 magis
2307 1746 2406 1783 sicca

1342 1808 1445 1833 nunc
1463 1807 1581 1844 quam
1595 1795 1712 1844 prius.
1734 1796 1812 1833 Sed
1831 1808 1946 1833 causa
1964 1805 2121 1846 propter
2139 1810 2255 1847 quam
2271 1799 2406 1836 accidit

1341 1849 1436 1886 haec
1455 1848 1595 1898 passio,
1617 1848 1716 1886 dicta
1736 1856 1791 1886 est
1818 1850 1922 1898 prius
1937 1849 1968 1898 ²¹⁶,
1989 1851 2078 1898 quia
2107 1851 2246 1889 scilicet
2274 1864 2406 1889 5661111-

1343 1902 1436 1940 (111111
1465 1903 1655 1950 quaedam
1685 1902 1934 1939 determinata
1953 1909 2128 1952 tempora
2154 1905 2252 1942 fiunt
2280 1918 2406 1942 exces-

1342 1968 1407 1992 sus
1435 1967 1642 2005 aquarum:
1672 1956 1740 1993 sed
1767 1967 1847 1992 non
1875 1956 2010 1993 accidit
2028 1965 2184 2006 propter
2207 1959 2282 1995 hoc
2302 1959 2407 2008 quod

1341 2016 1465 2046 totum
1493 2008 1717 2045 universum
1746 2016 1965 2056 generetur;
1995 2010 2064 2047 sed
2092 2010 2173 2047 eius
2190 2018 2316 2060 partes
2344 2024 2406 2060 ge-

1341 2069 1522 2099 nerantur
1539 2069 1558 2098 ¹.
1589 2063 1638 2098 Et
1665 2061 1802 2099 iterum
1828 2062 2040 2099 secundum
2060 2063 2131 2100 alia
2160 2064 2407 2102 determinata

1341 2123 1518 2164 tempora
1545 2115 1614 2151 erit
1642 2114 1894 2162 contrarium,
1924 2115 2063 2152 56111661
2098 2117 2203 2164 quod
2233 2118 2301 2154 erit
2326 2130 2405 2155 ma-

1341 2180 1438 2216 gnus
1458 2179 1633 2204 excessus
1653 2167 1847 2214 siccitatis3
1878 2168 1983 2217 quod
2011 2181 2099 2206 611111
2123 2170 2264 2207 factum
2283 2171 2404 2219 fuerit,

1340 2221 1478 2258 iterum
1498 2220 1747 2258 desiccabitur
1760 2228 1870 2269 terra,
1887 2233 1985 2269 quae
2006 2230 2084 2259 erat
2099 2231 2279 2272 cooperta
2298 2224 2405 2273 aquis

1340 2281 1497 2323 propter
1515 2286 1713 2311 excessum
1742 2286 1929 2323 aquarum
1957 2275 2062 2323 prius
2091 2276 2243 2314 factum.
2273 2278 2323 2314 Et
2341 2289 2405 2314 ne-

1342 2339 1447 2364 cesse
1464 2333 1532 2365 'est
1550 2327 1656 2375 quod
1681 2328 1757 2364 hoc
1784 2339 1936 2376 semper
1961 2330 2146 2376 procedat
2164 2329 2404 2378 circulariter,

1342 2381 1482 2418 scilicet
1509 2380 1614 2430 quod
1640 2388 1729 2429 post
1757 2393 1954 2418 excessum
1969 2381 1989 2403 '¹‘
2008 2394 2207 2431 aquarum,
2229 2383 2405 2421 determi—

1341 2442 1430 2471 nato
1459 2441 1650 2483 tempore,
1680 2434 1748 2470 fiat
1776 2446 1951 2471 excessus
1979 2434 2172 2483 siccitatis,
2203 2444 2239 2473 et
2267 2449 2286 2473 e
2316 2449 2405 2474 con-

1340 2499 1467 2525 verso.
1495 2486 1770 2524 Rationabilius
1799 2487 1901 2524 enirn
1929 2495 1985 2524 est
2012 2488 2065 2525 sic
2093 2489 2258 2537 opinari,
2288 2502 2404 2538 quam

1341 2553 1486 2590 ponere
1514 2540 1620 2590 quod
1648 2547 1773 2577 totum
1802 2541 1949 2577 caelum
1976 2549 2224 2590 permutetur,
2252 2550 2407 2592 propter

1342 2594 1529 2643 quasdam
1557 2593 1802 2642 particulares
1837 2594 2136 2643 permutationes
2170 2596 2368 2633 existentes
2391 2602 2405 2617 ’²

1342 2647 1441 2684 circa
1467 2655 1620 2684 terram.
1641 2667 1665 2675 -
1686 2648 1734 2683 Et
1761 2646 1852 2695 quia
1877 2647 2070 2696 praedicta
2097 2649 2246 2697 positio,
2277 2658 2405 2687 contra

1341 2713 1459 2750 quam
1491 2701 1639 2737 locutus
1675 2707 1749 2747 est,
1782 2700 1821 2737 in
1850 2701 2050 2749 superficie
2079 2702 2309 2739 rationabilis
2338 2715 2404 2752 ap-

1340 2761 1463 2803 paret,
1494 2753 1683 2802 subiungit
1717 2753 1823 2802 quod
1851 2753 1949 2790 circa
1981 2755 2056 2790 hoc
2092 2754 2315 2792 immoratus
2349 2765 2404 2794 est

1342 2807 1422 2844 eius
1450 2819 1576 2844 sermo
1605 2807 1691 2856 plus
1719 2818 1837 2854 quam
1866 2806 2022 2854 dignum
2051 2807 2172 2844 fuerit.

1340 2919 1408 2942 ram,
1431 2913 1503 2944 quod
1520 2912 1559 2936 sic
1578 2912 1747 2945 manifestum
1760 2914 1800 2936 est
1813 2918 1851 2936 ex
1864 2911 1913 2936 hoc
1931 2911 2003 2943 quod
2019 2911 2057 2936 ita
2071 2915 2177 2943 oportet
2190 2919 2234 2937 eos
2247 2913 2334 2939 dicere
2345 2915 2402 2945 ΑΒ;

1340 2955 1388 2980 pro
1406 2948 1478 2980 quod
1495 2954 1606 2979 semper,
1625 2954 1694 2979 quae
1711 2954 1814 2978 semper
1832 2947 1879 2971 Pa.

1393 2982 1419 3015 ζ)
1437 2982 1625 3008 alternatione.
1638 2996 1657 3001 -
1670 2982 1830 3007 alteratione
1842 2982 1870 3006 P.
1882 2996 1902 3002 -
1914 2982 1959 3006 AB
1973 2986 2096 3014 pergunt:
2116 2982 2179 3014 quia
2198 2982 2295 3008 iterum
2309 2984 2346 3009 ibi
2359 2985 2404 3009 de-

1339 3018 1448 3044 scendet
1460 3018 1486 3042 in
1502 3025 1577 3043 mare
1590 3018 1653 3050 quia
1667 3018 1700 3042 ab
1713 3025 1743 3042 eo
1758 3017 1897 3042 descendet
1911 3017 1982 3049 quod
1996 3025 2048 3042 non
2061 3017 2152 3050 differt
2170 3021 2260 3043 utrum
2273 3019 2316 3044 hic
2333 3020 2404 3052 (hoc)

1339 3055 1420 3079 semel
1436 3054 1493 3086 fiat
1510 3053 1610 3078 scilicet
1627 3053 1699 3085 quod
1723 3059 1794 3084 aqua
1812 3053 1914 3077 elevata
1941 3056 2030 3077 utrum
2050 3051 2176 3085 (iterum)
2196 3053 2339 3079 descendat
2357 3059 2405 3080 aut

1333 3090 1387 3122 fiat
1404 3096 1495 3120 saepe,
1514 3089 1577 3121 quia
1596 3091 1709 3120 utroque
1727 3093 1788 3117 616.;
1807 3095 1856 3120 pro
1875 3088 1971 3112 iterum
1990 3087 2144 3116 descendat,
2163 3089 2243 3113 semel
2261 3090 2404 3115 descendat

1340 3125 1387 3149 Pa.
1402 3125 1421 3148 P
1436 3129 1495 3148 ante
1514 3131 1593 3155 saepe
1606 3131 1660 3149 om.
1674 3127 1723 3148 aut
1734 3124 1796 3157 fiat,
1815 3130 1863 3155 pro
1878 3130 1935 3154 quo
1949 3123 1990 3148 ed.
2005 3130 2022 3147 a
2035 3122 2096 3154 legit
2109 3127 2158 3148 aut
2171 3124 2322 3151 descendat.

1393 3160 1419 3191 η)
1441 3159 1511 3200 Quia
1523 3158 1630 3184 scilicet.
1643 3172 1663 3178 -
1674 3159 1773 3184 scilicet
1785 3158 1856 3190 quod
1870 3158 1943 3188 (Sed
1956 3158 2019 3192 quia
2027 3158 2060 3189 9)
2078 3158 2132 3183 AB.
2145 3172 2165 3179 -
2176 3159 2226 3184 Pro
2234 3163 2327 3192 posset
2341 3160 2403 3191 dici,

1334 3202 1415 3227 posse
1437 3194 1503 3219 dicit
1521 3194 1562 3218 ed.
1585 3192 1660 3218 1561.

1392 3228 1416 3262 Θ)
1430 3229 1558 3254 totaliter.
1570 3241 1590 3248 —-
1603 3228 1710 3254 tandem
1724 3228 1870 3261 aliquando
1883 3229 1937 3253 AB.
1948 3243 1968 3248 -
1982 3229 2060 3254 Iidem
2074 3234 2246 3262 transponunt
2257 3237 2332 3256 mare
2345 3236 2406 3264 post

1340 3265 1492 3296 incoeperit.

1394 3300 1412 3332 ι)
1432 3303 1516 3324 totum
1532 3299 1711 3325 universum...
1723 3302 1925 3332 generantur.-
1936 3302 2021 3324 totum
2036 3299 2187 3325 universum
2202 3303 2228 3326 et
2241 3304 2336 3333 partes
2348 3301 2404 3327 eius

1338 3339 1500 3369 generentur
1514 3335 1566 3359 ΑΒ.
1575 3349 1594 3353 -
1603 3335 1654 3359 Pro
1668 3335 1739 3367 quod
1752 3342 1811 3360 cum
1824 3335 1930 3368 sactum
1937 3335 2035 3368 suerit,
2048 3338 2075 3360 et
2088 3343 2147 3361 cum
2154 3337 2249 3368 factus
2256 3337 2346 3370 fuerit
2358 3337 2403 3362 Pa.

1391 3370 1416 3402 κ)
1432 3370 1613 3402 particulares
1627 3370 1840 3401 permutationes
1852 3370 2005 3395 existentes.
2019 3383 2038 3390 -
2051 3371 2263 3402 permutationes
2281 3372 2403 3404 partium

1339 3408 1499 3437 apparentes
1517 3405 1565 3430 Pa.
1578 3419 1597 3424 -
1610 3406 1646 3430 Et
1663 3413 1716 3430 om.
1735 3406 1788 3430 AB.
1800 3418 1820 3425 -
1831 3405 1883 3430 Pro
1902 3406 1973 3437 quod
1991 3406 2063 3431 circa
2080 3405 2140 3435 hoc,
2159 3407 2231 3438 quod
2249 3407 2321 3433 circa
2333 3407 2404 3440 quod

1341 3442 1360 3465 P
1376 3448 1435 3465 cum
1454 3441 1494 3465 ed.
1514 3439 1589 3465 1561.
1604 3441 1694 3465 Lectio
1708 3441 1783 3465 codd.
1798 3446 1838 3465 est
1852 3440 1990 3465 conformis
2005 3442 2090 3472 textui,
2104 3446 2130 3466 et
2143 3441 2220 3466 Plana
2232 3442 2332 3467 videtur
2345 3450 2404 3467 esse

1340 3476 1464 3501 mendum
1483 3476 1684 3508 typothetarum.
1704 3476 1797 3506 Quoad
1811 3483 1842 3500 ea
1854 3483 1922 3508 quae
1934 3477 2098 3508 praecedunt,
2112 3477 2207 3502 scilicet
2221 3477 2248 3502 in
2266 3478 2404 3511 superficie

1340 3511 1508 3536 rationabilis
1526 3514 1648 3543 apparet,
1668 3511 1716 3535 nisi
1735 3511 1794 3543 quis
1812 3512 1875 3536 velit
1892 3512 2060 3537 rationabilis
2074 3519 2182 3537 erronee
2201 3513 2325 3545 scriptum
2345 3521 2403 3538 esse

1341 3554 1388 3579 pro
1407 3546 1607 3575 irrationabilis,
1627 3546 1789 3578 suspicamur
1806 3552 1867 3580 post
1880 3551 1994 3579 apparet
2006 3547 2252 3581 subintelligendum
2266 3556 2325 3573 esse
2345 3558 2358 3571 ‹
2371 3555 2403 3573 ne

1341 3581 1399 3615 quis
1417 3589 1507 3606 revera
1525 3581 1701 3606 rationabilem
1720 3589 1778 3607 eam
1797 3589 1856 3607 esse
1874 3582 2010 3608 existimet.
2021 3592 2035 3606 ›

2437 476 2446 484 '¹
2457 478 2599 502 permaneat
2610 482 2648 498 AB.

2434 1159 2445 1170 ⁸
2454 1158 2579 1180 circularis
2589 1160 2642 1182 add.

2433 1191 2472 1207 AB.

2434 1852 2442 1860 ¹
2449 1851 2520 1880 Lib.1‚
2529 1852 2579 1875 lect.
2588 1859 2644 1875 xvn.

2431 2383 2441 2392 ³
2456 2387 2565 2404 excessus
2579 2388 2618 2404 AB.
