2782 4134
63 411 73 420 ·
88 410 158 431 ualde
178 409 231 431 add.
246 416 276 436 A;

62 436 93 458 cf.
105 440 160 458 text.

63 630 72 638 ·
86 630 161 656 auget
172 635 195 650 A.

62 893 74 904 ⁸
80 893 111 914 Et
120 893 178 914 dicit
186 900 207 917 Ρ,
216 899 278 921 quae

62 919 133 940 etiam
144 919 202 940 dicit
208 920 275 941 codd.

63 952 115 966 exc.
131 952 169 967 An.

61 972 74 983 ¹*
94 972 148 993 ideo
165 972 218 993 add.
233 978 275 998 sn3

64 999 107 1019 lac.
118 1005 138 1019 r.

60 1055 72 1067 ⁴
87 1057 161 1076 motus
174 1061 197 1076 A.

60 1263 71 1274 ⁴¹
95 1263 151 1291 Cap.
169 1269 191 1289 1,
207 1269 229 1284 n.
247 1269 273 1284 2:

62 1289 216 1316 S.Th.1ect.1,
225 1295 273 1317 n.5.

61 1427 71 1436 '¹
81 1425 141 1447 illud
147 1425 215 1447 codd.
224 1432 273 1447 exc.

63 1584 76 1595 ⁸
90 1583 145 1611 quia
160 1590 181 1605 P.

61 1858 74 1870 ⁸
88 1858 219 1885 quiesceret
230 1863 262 1879 ει.

63 1908 73 1917 ·
88 1906 180 1927 divisim
194 1911 229 1928 rc.

60 2012 71 2020 ·
87 2013 150 2032 esset
167 2010 231 2038 quod
247 2017 275 2032 Au

62 2043 102 2064 zo,
117 2039 180 2059 esset
192 2039 218 2058 ut
231 2041 276 2059 cet.

303 273 378 309 216

306 361 412 402 parte
440 352 607 389 infertur.
624 373 647 380 -
663 351 777 389 Aliud
797 352 1014 399 exemplum
1042 350 1149 398 ponit
1168 350 1215 385 de
1237 361 1281 385 eo
1302 348 1366 397 qui

305 406 546 466 aequaliter*
562 405 676 442 esurit
691 413 727 442 et
746 405 829 451 sitit,
849 412 885 440 et
904 404 1019 440 habet
1034 403 1160 439 cibum
1177 409 1213 438 et
1230 408 1366 449 potum

303 459 342 496 in
370 458 518 507 aequali
546 458 736 495 distantia:
772 457 1001 494 concludunt
1038 455 1141 492 enirn
1175 454 1365 502 sophistae

305 513 408 560 quod
428 512 509 549 talis
529 511 754 559 quiesceret,
777 519 812 547 et
831 511 878 547 ad
907 516 1082 546 neutrum
1107 514 1364 544 moveretur.
1345 513 1353 527 ⁸

305 566 383 602 Sed
410 566 484 602 hoc
511 577 590 601 non
619 564 801 613 sequitur:
833 563 957 611 primo
987 561 1142 620 quidem
1172 560 1261 608 quia
1290 559 1366 596 sitis

304 619 424 667 magis
444 618 555 666 agit*
573 630 688 667 quam
709 618 845 661 f;ames
866 615 1034 651 secundo
1055 613 1154 663 quia,
1176 613 1206 650 si
1227 625 1366 661 aequa-

303 672 384 708 liter
412 672 592 708 distarent
620 671 696 708 duo
726 669 797 706 cibi
825 669 887 705 vel
912 668 987 704 duo
1015 675 1128 716 potus
1161 666 1367 715 aequaliter

304 725 590 772 desiderabiles,
621 730 786 760 curreret
818 721 866 758 ad
899 722 1057 757 alterum
1093 720 1366 769 quodcumque

305 778 545 825 contingeret.

361 832 393 868 5.
425 832 608 877 Quartam
639 828 825 865 rationem
853 827 961 876 ponit
988 827 1060 863 ibi:
1089 827 1272 863 Mirabile
1299 839 1366 863 au-

304 890 376 921 tem
393 891 474 920 etc.⁵
466 895 587 942 ,quae
604 882 714 918 etiam
733 881 926 918 ostendit*
938 879 1243 917 insufficientiam
1259 893 1367 929 prae-

305 938 424 974 dictae
454 935 616 973 rationis.
644 936 693 971 Et
712 934 799 971 dicit
817 934 923 993 quod
942 934 1113 971 mirabile
1134 934 1202 970 fuit
1221 933 1326 982 quod
1346 934 1366 954 *

304 990 536 1040 quaerebant
569 988 753 1025 rationem
792 987 925 1036 quietis
959 1000 1184 1047 corporum,
1225 995 1260 1024 et
1288 999 1366 1024 non

305 1043 535 1093 quaerebant
555 1041 742 1078 rationem
762 1049 937 1078 motuum
961 1040 1006 1062 '¹‘
998 1053 1186 1089 ipsorum;
1211 1049 1367 1090 propter

304 1109 420 1146 quam
441 1095 578 1132 scilicet
602 1107 756 1131 causam
782 1107 902 1131 unum
932 1107 1137 1143 corporum
1154 1101 1167 1115 ’³
1188 1102 1367 1131 movetur

303 1162 473 1195 sursum,
504 1148 603 1186 aliud
630 1160 724 1185 vero
753 1148 953 1195 deorsum,
984 1148 1013 1184 si
1042 1160 1120 1185 non
1150 1148 1195 1184 sit
1223 1147 1366 1196 aliquid

302 1202 533 1251 impediens3
563 1209 696 1238 natura
725 1201 826 1238 enim
848 1208 903 1238 est
930 1201 1157 1250 principium
1183 1209 1311 1238 motus
1331 1209 1367 1238 et

303 1256 437 1304 quietis
457 1255 495 1292 in
515 1268 561 1292 eo
588 1255 626 1291 in
647 1267 723 1304 quo
745 1262 811 1302 est,
836 1263 877 1291 ut
906 1255 1038 1292 dicitur
1057 1254 1096 1291 in
1121 1256 1152 1291 II
1181 1256 1329 1303 Physic.
1347 1256 1366 1276 ’¹‘

354 1310 389 1346 6.
420 1308 567 1346 Deinde
592 1321 680 1345 cum
710 1308 815 1345 dicit:
845 1309 920 1345 Sed
945 1309 1068 1345 adhuc
1087 1320 1206 1356 neque
1233 1320 1365 1345 verum

301 1362 401 1411 quod
426 1362 561 1398 dicitur
589 1370 671 1409 etc.,
701 1361 893 1410 improbat
920 1361 1154 1410 praedictam
1180 1361 1365 1399 rationem

302 1428 345 1452 ex
374 1427 420 1451 eo
450 1415 555 1463 quod
583 1415 763 1464 supponit
791 1415 940 1452 falsum.
971 1416 1020 1452 Et
1048 1414 1136 1452 dicit
1155 1415 1261 1463 quod
1288 1415 1327 1452 id
1346 1416 1366 1437 '¹‘

301 1468 404 1517 quod
425 1468 558 1505 dicitur
587 1469 623 1505 in
648 1468 840 1517 praedicta
868 1468 1024 1515 ratione,
1046 1481 1124 1505 non
1146 1477 1201 1506 est
1227 1482 1365 1507 verum

299 1534 369 1571 per
397 1534 436 1558 se
466 1530 502 1559 et
529 1521 809 1558 universaliter:
841 1529 896 1558 est
924 1521 1026 1558 enirn
1045 1523 1121 1559 hoc
1139 1535 1277 1559 verum
1297 1535 1367 1572 per

301 1575 488 1622 accidens,
519 1575 623 1624 quod
642 1576 661 1596 '¹‘
685 1587 807 1621 omne,
837 1575 933 1612 idest
960 1583 1095 1622 totum,
1126 1588 1282 1613 necesse
1312 1583 1367 1613 est

301 1640 456 1664 manere
484 1628 522 1665 in
552 1628 698 1675 medio,
729 1628 778 1665 ad
806 1628 911 1677 quod
939 1628 1029 1665 nihil
1058 1629 1178 1677 magis
1207 1630 1368 1678 pertinet

302 1681 406 1730 quod
444 1689 644 1718 moveatur
671 1683 746 1718 huc
778 1694 895 1730 quam
930 1682 1026 1719 illuc.
1065 1683 1142 1720 Sed
1170 1683 1200 1720 si
1228 1683 1367 1720 habeat

302 1734 584 1771 inclinationem
612 1743 654 1771 ut
691 1743 892 1772 moveatur
924 1736 973 1773 ad
1001 1735 1167 1785 aliquam
1196 1744 1366 1785 partem,

301 1795 457 1837 propter
485 1789 583 1824 hanc
608 1788 804 1835 rationem,
827 1788 914 1837 quia
933 1789 1072 1826 scilicet
1091 1797 1147 1826 est
1165 1789 1203 1826 in
1223 1790 1366 1837 medio,

303 1853 380 1878 non
402 1853 446 1877 ex
466 1841 685 1878 necessitate
710 1841 877 1891 quiescet
891 1841 923 1888 *,
945 1842 1012 1879 sed
1032 1843 1267 1889 movebitur;
1289 1856 1368 1880 non

303 1902 432 1931 tamen
460 1895 671 1932 secundum
700 1903 835 1941 totum,
856 1895 924 1932 sed
945 1895 1109 1932 divisum
1129 1897 1149 1917 ”³
1172 1896 1210 1933 in
1228 1904 1366 1945 partes,

304 1947 399 1984 sicut
416 1955 518 1996 patet
538 1948 583 1985 de
612 1948 708 1996 igne.
740 1948 779 1985 Si
809 1948 910 1985 enim
930 1961 1067 1986 verum
1097 1957 1153 1986 est
1181 1950 1286 1998 quod
1315 1949 1368 1987 di-

305 2009 413 2046 cunt,
443 2014 597 2038 necesse
628 2009 683 2039 est
711 2002 817 2050 quod
848 2003 884 2048 *,
915 2001 945 2038 si
973 2010 1179 2051 poneretur
1207 2003 1302 2051 ignis
1330 2003 1369 2040 in

303 2054 433 2091 medio
462 2055 616 2103 mundi,
656 2055 761 2104 quod
798 2056 1007 2104 quiesceret
1034 2056 1103 2104 ibi,
1143 2056 1239 2093 sicut
1271 2064 1370 2093 terra

355 2213 374 2248 ι)
389 2214 551 2239 concludunt
564 2214 666 2239 enim...
687 2217 846 2240 moueretur.
857 2229 876 2234 -
889 2215 1050 2240 concludunt
1066 2215 1135 2240 enim
1150 2215 1283 2247 sophistae
1298 2215 1370 2247 quod

301 2250 364 2275 talis
383 2250 527 2282 quiesceret
545 2253 572 2275 ct
590 2257 642 2275 non
661 2251 698 2275 ad
717 2251 866 2275 necessaria
886 2254 1036 2275 moveretur
1055 2250 1088 2280 P;
1107 2251 1270 2276 concludunt
1290 2249 1368 2284 (con-

300 2286 385 2311 cludit
403 2286 477 2318 AGl)
497 2285 566 2310 enim
585 2286 726 2317 sophistice
746 2286 817 2318 quod
835 2286 896 2311 talis
911 2286 1055 2318 quiesceret
1068 2290 1094 2311 et
1107 2286 1174 2318 (non
1190 2287 1248 2310 add.
1263 2287 1313 2319 sF)
1332 2287 1369 2312 ad

302 2321 451 2346 necessaria
471 2321 524 2352 (ad
542 2324 666 2346 neutrum
685 2322 748 2354 Asl)
773 2325 925 2346 moveretur
944 2322 1054 2347 codices.
1078 2322 1129 2346 Pro
1148 2325 1173 2347 et
1193 2329 1244 2346 non
1268 2322 1305 2347 ad
1324 2330 1368 2348 ne-

301 2357 431 2385 cessaria,
452 2357 522 2389 quod
541 2364 593 2380 non
613 2362 652 2381 est
671 2357 703 2381 ad
722 2365 777 2382 rem
797 2357 823 2381 in
841 2357 968 2389 praesenti
989 2358 1055 2386 loco,
1075 2358 1186 2390 legimus
1205 2361 1232 2382 et
1250 2358 1286 2382 ad
1305 2366 1368 2383 neu—

302 2395 382 2422 trum,
403 2400 461 2417 curn
480 2392 537 2422 Asl,
557 2393 627 2425 quod
646 2392 712 2417 bene
731 2393 839 2425 quadrat
858 2393 889 2417 ad
909 2397 1066 2418 contextum.

356 2427 381 2462 κ)
403 2435 483 2452 unum
497 2435 648 2459 corporum.
662 2442 680 2447 -
693 2435 774 2452 unum
787 2435 883 2460 corpus
898 2428 998 2453 scilicet
1011 2429 1030 2453 P
1046 2433 1071 2453 et
1086 2429 1161 2454 codd.
1176 2437 1230 2454 exc.
1246 2429 1300 2453 Α.-
1310 2429 1367 2454 Lin.

302 2470 358 2496 seq.
378 2471 425 2495 pro
444 2463 519 2488 aliud
538 2470 600 2488 νει-ο
619 2463 756 2493 deorsum,
775 2464 850 2488 aliud
870 2467 958 2488 autem
977 2464 1014 2488 ad
1033 2464 1148 2488 medium
1167 2465 1204 2493 Α;
1225 2464 1256 2489 cf.
1275 2469 1335 2489 text.
1350 2478 1368 2483 —-

303 2498 330 2522 ln
349 2498 399 2523 fine
418 2506 498 2527 num„
518 2498 552 2523 ibi
570 2499 735 2531 principium
755 2502 878 2524 motus...
898 2499 924 2524 in
946 2499 976 2523 11
991 2499 1106 2532 Phssic„
1127 2507 1175 2532 pro
1189 2500 1367 2531 principium,

303 2534 432 2558 terminus
448 2534 467 2558 P
486 2539 511 2559 et
529 2534 602 2558 codd.
616 2542 669 2558 exc.
685 2535 730 2563 sG.
746 2534 777 2559 cf.
788 2535 805 2559 1.
815 2542 851 2565 c.;
871 2535 897 2559 in
917 2541 947 2559 eo
967 2534 993 2559 in
1014 2542 1064 2566 quo
1078 2539 1118 2559 est
1133 2543 1186 2560 om.
1200 2535 1259 2565 AF,
1275 2535 1300 2559 in
1317 2542 1368 2567 quo

303 2572 343 2594 est
360 2577 414 2594 om.
427 2574 490 2599 cet.;
510 2572 539 2594 ut
558 2569 657 2594 dicitur
676 2570 707 2594 11
722 2569 828 2603 Phssic.
844 2570 873 2594 P.

355 2603 384 2638 λ)
405 2608 434 2629 ut
452 2604 550 2629 scilicet
569 2607 652 2629 totum
673 2608 831 2630 moveretur.
845 2618 864 2624 -
877 2612 925 2637 pro
945 2608 982 2634 ut,
1001 2605 1074 2637 quod
1091 2605 1120 2634 F.
1135 2605 1176 2630 vel
1194 2610 1242 2630 cet.
1262 2613 1316 2630 exc.
1330 2606 1368 2636 Α;

303 2647 351 2671 pro
370 2642 528 2665 moveretur.
550 2647 601 2664 non
618 2643 769 2665 moveretur
788 2641 863 2665 codd.
877 2648 930 2665 exc.
945 2640 978 2665 G.
991 2654 1010 2659 -
1031 2641 1094 2665 Post
1114 2640 1157 2665 lin.
1171 2641 1194 2665 Α
1208 2649 1261 2666 om.
1276 2641 1368 2666 homo-

304 2675 418 2699 teleuton
437 2675 474 2699 ad
487 2678 627 2706 partem...
642 2683 710 2707 pars
730 2675 807 2708 ignis.

358 2709 388 2743 μ)
409 2710 518 2742 aliquod
533 2713 661 2742 punctum
682 2711 849 2736 indivisibile.
863 2725 883 2730 —
906 2711 1008 2743 aliquid
1027 2712 1174 2743 punctuale
1198 2715 1224 2736 et
1248 2712 1369 2737 indivisi-

307 2744 359 2770 bile
372 2745 404 2770 Α.
417 2758 436 2765 —‹
449 2746 538 2770 Statim
553 2753 601 2778 pro
616 2745 699 2775 Sicut,
714 2746 759 2771 Sic
773 2747 800 2776 P,
814 2747 892 2772 Nunc
906 2747 959 2771 BD.
972 2760 991 2766 -
1003 2747 1090 2772 Altera
1103 2747 1168 2772 linea
1188 2755 1236 2780 pro
1254 2748 1368 2773 conden-

1002 272 1073 309 DE
1103 270 1278 307 CAELO
1307 269 1378 305 ET
1407 266 1602 304 MUNDO
1633 266 1727 302 LIB.
1759 266 1790 301 II

1421 346 1600 394 quiescit,
1632 358 1677 382 eo
1708 346 1813 395 quod
1842 346 2011 383 similiter
2039 357 2078 382 se
2106 346 2265 383 haberet
2293 346 2342 383 ad
2371 347 2492 395 quod-

1421 400 1510 436 libet
1536 407 1723 448 punctum
1751 399 1789 436 in
1820 401 1925 436 caelo
1947 399 2153 447 signatum:
2184 407 2220 435 et
2239 406 2368 436 tamen
2397 399 2492 448 ignis

1422 453 1460 489 in
1488 453 1618 489 medio
1646 453 1791 501 positus
1820 461 2041 490 moveretur
2057 454 2076 473 '³²
2097 465 2118 489 a
2138 452 2268 489 medio
2292 465 2413 501 usque
2443 453 2491 490 ad

1422 513 1656 552 extremum,
1687 506 1718 542 si
1746 506 1836 543 nihil
1865 506 2095 555 prohiberet,
2125 506 2220 542 sicut
2250 513 2285 542 et
2313 518 2414 542 nunc
2436 506 2492 543 vi-

1422 559 1532 596 detur
1551 559 1713 596 moveri.
1744 559 1821 596 Sed
1842 567 1968 596 tamen
1988 572 2067 596 non
2094 567 2216 596 totum
2245 567 2424 596 movetur
2443 559 2493 597 ad

1421 625 1543 649 unum
1571 620 1757 662 punctum
1778 614 1818 649 *ε

1421 666 1614 714 praedicta
1643 666 1808 713 ratione,
1837 675 1878 703 ut
1907 666 2047 703 scilicet
2078 674 2199 703 totum
2231 674 2452 704 moveretur
2480 666 2494 688 λ

1421 719 1471 756 ad
1485 731 1604 756 unam
1619 727 1780 768 partem.
1803 720 1880 757 Sed
1899 720 2119 757 movebitur
2131 732 2386 769 unaquaeque
2405 733 2494 769 pars

1421 773 1516 821 ignis
1545 774 1594 810 ad
1622 782 1771 822 partem
1806 773 1898 810 caeli
1927 773 1998 810 sibi
2026 774 2372 823 proportionatam,
2401 782 2494 823 puta

1421 834 1556 876 quarta
1575 839 1662 875 pars
1691 827 1785 875 ignis
1810 827 1859 864 ad
1887 835 2062 875 quartam
2083 835 2230 876 partem
2261 828 2492 874 continentis,

1422 880 1563 917 scilicet
1591 880 1701 916 caeli:
1732 892 1870 929 corpus
1899 880 2003 917 enirn
2031 893 2110 918 non
2139 889 2195 918 est
2223 881 2378 930 aliquod
2397 893 2494 930 pun-

1423 941 1526 970 ctum
1555 933 1780 970 indivisibile
1808 939 1838 970 μ.
1879 933 1984 970 Sicut
2021 942 2150 971 autem
2187 942 2312 983 partes
2350 943 2492 983 terrae,

1422 987 1452 1023 si
1488 994 1613 1023 essent
1650 987 1842 1036 dispersae
1876 986 1974 1023 circa
2012 995 2226 1025 extremum
2256 988 2367 1035 caeli,
2403 1001 2493 1025 con-

1422 1040 1686 1087 densarentur,
1718 1040 1766 1077 ad
1795 1040 1870 1076 hoc
1898 1040 2005 1088 quod
2033 1041 2208 1078 venirent
2236 1042 2274 1078 in
2302 1042 2494 1079 minorem

1420 1095 1561 1140 locum,
1592 1093 1732 1130 scilicet
1759 1093 1798 1130 in
1827 1093 2018 1140 medium,
2049 1094 2103 1130 sic
2131 1102 2323 1143 oporteret
2352 1108 2372 1132 e
2402 1108 2492 1132 con-

1419 1160 1554 1184 verso:
1586 1147 1675 1196 quia
1695 1148 1714 1168 *
1743 1146 1774 1183 si
1802 1146 1897 1194 ignis
1926 1155 2149 1184 moveretur
2167 1160 2190 1184 a
2209 1148 2340 1185 medio
2368 1161 2492 1197 usque

1420 1201 1470 1238 ad
1490 1208 1713 1248 extremum,
1735 1208 1928 1250 oporteret
1941 1201 1961 1221 *
1981 1201 2086 1249 quod
2105 1213 2175 1249 per
2203 1201 2492 1239 rarefactionern

1421 1267 1466 1291 ex
1493 1267 1615 1303 parvo
1644 1255 1730 1291 loco
1761 1261 1981 1291 moveretur
2009 1252 2058 1291 ad
2084 1255 2104 1275 ’²²
2131 1255 2262 1291 locum
2291 1255 2490 1292 maiorem.

1475 1320 1510 1356 7.
1541 1309 1590 1344 Et
1617 1308 1670 1344 sic
1698 1315 1821 1344 cessat
1849 1307 2012 1344 obiectio
2033 1308 2065 1354 *,
2096 1320 2172 1357 qua
2199 1315 2330 1357 posset
2358 1308 2492 1358 aliquis

1420 1361 1591 1398 resistere
1607 1361 1842 1410 supradictis,
1859 1361 1988 1398 dicens
2002 1361 2273 1410 *impossibile
2289 1373 2371 1399 esse
2386 1362 2492 1411 quod

1420 1415 1587 1463 singulae
1610 1423 1736 1464 partes
1764 1414 1859 1463 ignis
1887 1415 2072 1452 ferrentur
2089 1416 2109 1436 *
2137 1414 2186 1452 ad
2215 1415 2380 1463 singulas
2407 1427 2549 1466 par-‘³⁹

1420 1476 1476 1505 tes
1505 1468 1610 1515 caeli,
1640 1476 1797 1518 propter
1814 1469 1890 1505 hoc
1910 1468 2014 1517 quod
2039 1469 2145 1506 locus
2166 1477 2358 1506 extremus
2384 1482 2492 1507 exce—

1421 1521 1473 1559 dit
1500 1522 1629 1558 locum
1649 1522 1821 1559 medium
1850 1521 1889 1558 in
1916 1522 2136 1570 quantitate.
2169 1523 2246 1561 Sed
2274 1523 2350 1560 hoc
2366 1534 2493 1560 remo-

1420 1582 1541 1622 vetur,
1571 1575 1661 1624 quia
1688 1575 1784 1623 ignis
1813 1587 1882 1624 per
1909 1575 2198 1613 rarefactionem
2228 1576 2494 1614 extenderetur

1421 1629 1460 1666 in
1483 1628 1669 1666 maiorem
1698 1629 1826 1665 locum
1845 1634 1868 1665 ⁹.
1899 1629 1948 1665 Et
1976 1641 2022 1665 ex
2049 1630 2125 1666 hoc
2155 1630 2346 1667 concludit
2372 1629 2491 1679 quod,

1422 1682 1452 1719 si
1476 1683 1583 1719 locus
1611 1681 1760 1719 medius
1789 1694 1868 1718 non
1897 1690 1996 1719 esset
2025 1683 2200 1720 naturalis
2229 1691 2363 1730 terrae,
2385 1683 2494 1732 quod

1421 1743 1577 1785 propter
1605 1735 1791 1772 rationem
1824 1735 2076 1773 similitudinis
2105 1737 2180 1773 hoc
2208 1737 2328 1774 modo
2358 1749 2492 1774 move-

1422 1796 1524 1826 retur
1551 1801 1573 1825 a
1601 1788 1730 1825 medio
1758 1800 1894 1825 versus
1928 1797 2159 1836 extremum,
2190 1790 2297 1838 quod
2324 1789 2493 1838 singulae

1422 1849 1547 1891 partes
1564 1841 1643 1878 eius
1660 1850 1907 1878 moverentur
1925 1842 1978 1879 ad
1990 1842 2155 1890 singulas
2174 1850 2300 1892 partes
2321 1843 2492 1892 extremi,

1423 1895 1519 1933 sicut
1547 1895 1594 1932 de
1623 1895 1708 1943 igne
1739 1895 1883 1932 dictum
1913 1903 1967 1932 est
1988 1897 2020 1933 *κ

1476 1948 1620 1986 Ultimo
1649 1955 1778 1985 autem
1807 1949 1988 1998 epilogat,
2012 1925 2149 1986 ‘dicens
2165 1947 2178 1973 f
2197 1950 2274 1987 fere
2294 1950 2391 1988 haec
2411 1962 2493 1988 esse

1423 2002 1554 2039 omnia
1582 2014 1681 2050 quae
1710 2002 1853 2051 antiqui
1882 2002 2061 2052 suspicati
2089 2010 2177 2040 sunt
2203 2003 2302 2040 circa
2330 2004 2493 2052 figuram

1423 2064 1543 2093 terrae
1569 2063 1604 2092 et
1619 2056 1747 2092 locum
1764 2055 1894 2105 ipsius,
1917 2064 1952 2093 et
1966 2064 2117 2094 motum
2134 2056 2215 2094 eius
2228 2058 2291 2094 vel
2311 2057 2492 2106 quietem.

1420 2219 1554 2246 sarentur,
1571 2216 1641 2248 quod
1654 2215 1765 2248 legimus
1779 2223 1840 2240 cum
1854 2216 1885 2247 A,
1895 2219 1922 2241 et
1931 2215 2077 2242 densentur
2090 2217 2177 2247 ceteri,
2192 2217 2384 2250 corrumpendo
2399 2224 2495 2251 nempe

1420 2259 1468 2276 con
1490 2252 1515 2276 in
1534 2255 1574 2281 et;
1594 2255 1620 2277 et
1638 2251 1868 2276 condensat-entur
1886 2252 1916 2277 P.

1474 2287 1498 2320 ν)
1518 2287 1573 2312 Sed
1591 2287 1640 2312 hoc
1659 2290 1844 2313 removetur...
1862 2287 1957 2313 locum.
1975 2301 1995 2307 -
2013 2289 2048 2313 lta
2068 2288 2125 2319 ΡΑ;
2145 2288 2193 2314 sed
2211 2288 2272 2314 licet
2295 2289 2369 2313 locus
2391 2288 2492 2319 maior,

1420 2322 1491 2356 ignis
1507 2330 1557 2354 per
1575 2323 1781 2357 rarefactionem
1800 2323 1959 2348 extenderet
1972 2330 2000 2348 se
2015 2323 2041 2348 in
2057 2324 2185 2349 maiorem
2195 2324 2291 2349 docum
2306 2324 2342 2354 E?
2361 2324 2410 2349 sed
2422 2324 2494 2354 licet,

1420 2358 1483 2391 quia
1498 2359 1568 2392 ignis
1582 2366 1635 2391 per
1650 2359 1856 2392 raresactionem
1870 2359 2030 2384 extenderet
2044 2358 2083 2392 (se
2097 2359 2156 2384 add.
2171 2359 2204 2392 D)
2219 2359 2245 2384 in
2262 2360 2391 2384 maiorem
2404 2359 2493 2385 locum

1420 2399 1467 2419 cet.
1486 2409 1504 2412 -
1523 2394 1659 2426 Pergimus
1679 2394 1771 2419 deinde
1791 2402 1851 2419 cum
1866 2395 1889 2419 Α
1909 2395 1946 2419 Ee
1963 2401 2000 2419 ex
2014 2395 2096 2420 hoc...
2114 2398 2281 2426 extremum;
2301 2402 2415 2428 quorum
2434 2395 2494 2420 loeo

1420 2430 1439 2454 Ρ
1459 2429 1536 2454 habet
1555 2430 1592 2454 Et
1610 2437 1647 2454 ex
1666 2430 1714 2454 hoc
1733 2430 1869 2455 concludit
1887 2429 1959 2462 quod
1981 2430 2006 2455 si
2029 2430 2101 2456 locus
2120 2430 2223 2455 medius
2249 2437 2300 2455 non
2321 2433 2389 2455 esset
2413 2434 2493 2456 natu-

1421 2465 1486 2489 ralis
1505 2468 1595 2490 terrae
1609 2465 1661 2490 nisi
1674 2468 1790 2497 propter
1808 2465 1939 2490 ratIonem
1954 2465 2147 2494 similitudinis,
2167 2465 2217 2490 hoc
2235 2465 2315 2490 modo
2334 2465 2414 2490 etiam
2436 2472 2492 2491 mo-

1421 2503 1529 2525 veretur
1546 2507 1563 2525 a
1583 2501 1670 2525 medio
1689 2507 1772 2532 usque
1789 2501 1827 2526 ad
1845 2504 2012 2531 extr-emmiu
2032 2506 2079 2526 cet.
2099 2501 2188 2533 legunt
2209 2501 2245 2526 Et
2264 2508 2302 2525 ex
2321 2501 2370 2526 hoc
2387 2501 2492 2527 contin-

1420 2538 1496 2568 geret
1516 2536 1665 2568 (contingit
1678 2536 1716 2568 G)
1730 2536 1802 2568 quod
1821 2536 1862 2568 (si
1880 2536 1939 2562 add.
1954 2536 1994 2568 G)
2008 2537 2080 2562 locus
2095 2536 2197 2562 medius
2211 2544 2262 2561 non
2277 2539 2346 2562 esset
2358 2537 2491 2562 naturalis

1422 2574 1511 2596 terrae
1527 2574 1642 2603 propter
1660 2571 1792 2596 rationem
1808 2571 2004 2602 similitudinis,
2024 2572 2073 2597 hoc
2091 2575 2179 2597 autem
2200 2575 2352 2598 moveretur
2370 2579 2388 2597 a
2403 2572 2491 2598 medio

1423 2613 1503 2639 usque
1521 2606 1559 2631 ad
1577 2610 1739 2631 extremum.

1476 2640 1498 2673 ξ)
1514 2642 1639 2675 epilogat,
1655 2642 1781 2668 dicens.—
1795 2642 1956 2676 epilogando
1970 2643 2104 2669 concludit
2116 2644 2147 2674 A,
2162 2643 2280 2676 epilogat
2292 2643 2428 2669 concludit
2441 2647 2491 2669 cet.

1421 2691 1439 2695 —
1449 2677 1515 2702 Dein
1528 2685 1575 2710 pro
1582 2679 1652 2712 sere,
1661 2677 1738 2711 sorte
1748 2678 1868 2703 BCDEF.
1877 2692 1896 2697 -
1905 2679 1946 2703 Ad
1956 2677 2033 2704 finem
2046 2679 2162 2704 lectionis
2172 2682 2199 2704 et
2209 2682 2309 2704 motum
2323 2679 2364 2704 vel
2376 2679 2490 2712 quietem

1422 2713 1478 2738 eius
1493 2713 1524 2744 Α,
1538 2716 1565 2738 et
1583 2717 1683 2738 motum
1702 2714 1758 2739 eius
1778 2715 1819 2739 vel
1837 2715 1949 2747 quietem
1969 2718 2018 2740 etc.
2033 2715 2066 2746 P;
2080 2715 2126 2739 sed
2144 2718 2193 2740 ete.
2212 2715 2368 2740 unanimiter
2386 2715 2492 2740 codices

1423 2749 1552 2773 omittunt.

1850 621 1887 650 et
1909 614 1986 650 hoc
2008 613 2133 649 solum
2155 613 2427 650 removebatur
2454 613 2493 650 in
2519 619 2559 647 'n

2520 650 2542 668 et
2561 647 2632 668 codd.
2647 653 2696 669 exc.
2711 653 2735 669 A.

2520 451 2528 460 ·
2550 453 2655 472 movetur
2678 457 2692 472 Ρ
2713 454 2736 473 et

2520 477 2590 499 codd.
2606 484 2655 499 exc.
2671 483 2716 499 Ast.

2560 622 2651 642 unctum
2666 626 2715 642 om.
2723 627 2737 642 P

2618 674 2636 700 λ

2519 1156 2529 1166 ·
2543 1150 2609 1184 q'uoae
2621 1157 2692 1180 codd.

2518 1209 2528 1219 ·
2543 1211 2638 1237 oportet
2648 1216 2671 1232 A.

2518 1262 2528 1272 ·
2543 1261 2568 1284 {n
2582 1268 2605 1284 A.

2519 1315 2528 1324 ”
2542 1315 2608 1337 ratio
2621 1321 2689 1338 amr.

2517 1367 2601 1396 ’,ἀει
2618 1369 2643 1390 et
2654 1367 2736 1391 dicere

2518 1400 2548 1421 n,
2559 1384 2608 1417 om'.
2617 1400 2674 1422 ισ-
2689 1395 2732 1417 lae.

2519 1427 2656 1477 'serantur
2668 1455 2692 1471 A.

2519 1905 2619 1928 'Num
2629 1911 2708 1934 praec.
