2782 4134
1271 357 1453 409 DIVI

277 482 1172 617 THOMAE
1269 484 2452 646 AQUINATIS

753 728 825 778 IN
875 727 1143 779 LIBRUM
1192 728 1478 781 PRIMUM
1525 730 1986 785 ARISTOTELIS

1340 863 1398 893 DE

411 976 1228 1063 GENERATIONE
1285 978 1424 1060 ET
1484 979 2318 1067 CORRUPTIONE

1208 1116 1528 1184 EXPOSITIO

762 1369 1246 1424 PROOEMIUM
1282 1368 1583 1424 SANCTI
1618 1369 1963 1427 THOMAE

922 1503 1172 1534 SUBIECTUM
1195 1504 1253 1534 ET
1277 1504 1477 1535 MATERIA
1499 1504 1631 1535 HUIUS
1656 1505 1807 1536 OPERIS

320 1622 470 1650 swoms.
486 1635 522 1640 —
542 1628 566 1647 1.
589 1619 665 1647 Cum
679 1617 815 1647 scientiae
829 1625 857 1646 et
871 1627 975 1646 omnes
996 1618 1111 1646 habitus
1126 1618 1339 1656 distinguantur

265 1670 319 1700 per
339 1660 461 1696 obiecta,
476 1668 511 1688 ex
531 1658 637 1697 quibus
651 1658 777 1696 speciem
798 1658 915 1694 habent,
929 1664 1026 1695 partes
1040 1658 1175 1687 scientiae
1189 1658 1337 1694 naturalis,

265 1710 342 1740 quae
363 1700 527 1730 considerat
547 1705 662 1727 motum
683 1705 719 1727 et‘
732 1698 867 1734 mobilia,
890 1699 1050 1726 secundum
1075 1699 1182 1727 horum
1204 1698 1338 1727 differen-

265 1741 337 1770 tiam
351 1747 467 1778 oportet
482 1740 563 1777 quod
578 1739 791 1776 distinguantur
805 1745 833 1767 et
847 1738 1028 1767 ordinentur.
1045 1740 1116 1767 Post
1130 1737 1338 1767 consideratio-

266 1791 336 1810 nem
357 1790 426 1818 ergo
442 1787 577 1809 motuum
594 1786 622 1807 et
636 1778 790 1807 mobilium
806 1778 836 1806 in
851 1778 1002 1807 communi
1023 1778 1097 1815 (Lib.
1112 1779 1338 1817 Physicorum);

266 1828 295 1850 et
308 1827 376 1859 post
396 1819 660 1849 considerationem
675 1820 710 1847 de
726 1818 898 1855 corporibus
915 1819 1074 1846 secundum
1091 1819 1171 1855 quod
1185 1825 1340 1847 moventur

266 1868 350 1890 motu
361 1861 455 1897 locali,
465 1860 514 1898 qui
526 1866 569 1888 est
576 1859 729 1896 perfectior
739 1859 801 1887 aliis
809 1865 837 1887 et
847 1858 1012 1887 communis
1020 1858 1157 1887 omnibus
1166 1858 1339 1895 corporibus

266 1901 445 1930 naturalibus
461 1901 535 1936 (Lib.
551 1900 587 1928 de
605 1900 694 1928 Caelo
709 1904 736 1927 et
747 1899 889 1934 Mundo);
904 1905 992 1926 restat
1010 1898 1204 1927 consideratio
1225 1899 1261 1926 de
1276 1898 1339 1926 aliis

266 1940 512 1979 consequentibus
522 1939 659 1975 motibus,
673 1939 722 1976 qui
738 1939 767 1966 in
778 1938 847 1967 solis
858 1938 1042 1966 inferioribus
1054 1938 1253 1974 inveniuntur3
1265 1938 1339 1966 inter

266 1991 342 2018 quos
362 1981 557 2018 principatum
578 1979 690 2008 obtinet
710 1978 857 2016 generatio
879 1985 907 2007 et
928 1978 1086 2015 corruptio.
1107 1994 1129 2000 —
1150 1986 1177 2006 2.
1199 1980 1243 2006 De
1263 1988 1339 2006 uno-

267 2031 386 2060 quoque
403 2027 501 2050 autem
522 2020 604 2058 quod
624 2019 655 2048 in
675 2019 808 2057 pluribus
829 2018 983 2054 invenitur,
998 2018 1077 2055 prius
1092 2018 1338 2047 considerandum

505 2129 512 2136 .
551 2124 570 2134 “·
607 2113 683 2150 icut
715 2112 826 2150 tradit
856 2112 1114 2161 Philosophus
1146 2112 1186 2149 in
1214 2113 1263 2148 III
1293 2112 1339 2148 de

574 2190 585 2208 ,η
607 2166 748 2203 Anima
762 2165 794 2212 ⁹¹²,
816 2165 993 2203 scientiae
1013 2172 1188 2202 secantur
1203 2177 1337 2213 quem-

270 2443 359 2473 sunt
377 2441 505 2471 motus
525 2439 562 2469 et
581 2432 725 2469 mobile
739 2431 772 2469 t2:
796 2432 883 2470 dicit
903 2432 1006 2469 enim
1026 2432 1283 2480 Philosophus
1302 2431 1341 2468 in

236 2516 242 2527 ‚
271 2490 303 2526 11
328 2487 478 2536 Physic.
503 2485 523 2507 ’¹‘
552 2486 657 2535 quod
685 2498 954 2534 quaecumque
987 2493 1094 2522 mota
1122 2492 1282 2522 movent
1308 2490 1340 2531 ⁷,

271 2547 358 2580 sunt
376 2540 557 2590 physicae
577 2539 857 2588 speculationis.
884 2540 933 2576 Et
957 2539 1045 2576 ideo
1066 2545 1217 2588 oportet
1235 2538 1343 2586 quod

271 2594 485 2633 secundum
515 2592 767 2630 differentiam
792 2599 971 2629 motuum
997 2600 1033 2629 et
1052 2591 1266 2640 mobilium,
1287 2591 1341 2629 di-

272 2649 509 2697 stinguantur
528 2654 565 2683 et
579 2646 801 2683 ordinentur
818 2653 944 2694 partes
960 2645 1137 2682 scientiae
1153 2645 1342 2682 naturalis.

272 2702 424 2739 Primus
445 2707 574 2737 autem
593 2707 769 2736 motuum
785 2696 798 2720 ὃ
819 2707 874 2736 est
893 2707 1021 2736 motus
1036 2698 1180 2746 localis,
1199 2698 1263 2747 qui
1287 2706 1343 2735 est

273 2754 475 2804 perfectior
503 2753 655 2801 ceteris,
690 2760 726 2789 et
754 2752 971 2789 communis
1000 2752 1180 2789 omnibus
1209 2764 1344 2800 corpo-

173 2827 179 2838 ·
216 2827 222 2833 ·
239 2854 245 2860 .
275 2808 378 2846 ribus
398 2806 643 2853 naturalibus,
663 2813 705 2842 ut
723 2807 907 2854 probatur
925 2805 964 2842 in
981 2807 1069 2843 VIII
1088 2806 1238 2854 Physic.
1256 2805 1276 2826 '³‘
1296 2806 1345 2842 Et

275 2861 362 2899 ideo
382 2867 469 2910 post
489 2859 833 2897 considerationem
853 2866 1029 2895 motuum
1048 2858 1069 2880 ‘¹‘
1089 2867 1124 2895 et
1143 2858 1344 2895 mobilium

274 2915 315 2952 in
334 2913 544 2961 communi,
561 2926 660 2962 quae
679 2913 747 2950 fuit
765 2912 900 2949 tradita
915 2912 954 2949 in
969 2912 1064 2949 libro
1079 2913 1342 2961 Physicorum,

274 2969 402 3018 primo
441 2967 608 3016 oportuit
644 2966 749 3015 quod
784 2973 1004 3002 tractaretur
1039 2966 1086 3002 de
1122 2965 1347 3014 corporibus

277 3021 489 3059 secundum
518 3020 624 3069 quod
650 3027 856 3057 moventur
884 3027 994 3056 motu
1026 3019 1154 3066 locali,
1184 3019 1222 3055 in
1250 3019 1346 3055 libro

332 3181 359 3214 α)
379 3180 602 3213 quemadmodum
617 3182 643 3204 et
656 3186 707 3204 res.
719 3192 738 3199 —-
752 3180 772 3204 C
785 3187 839 3204 om.
853 3182 879 3204 et
884 3186 894 3208 ;
908 3179 940 3204 de
956 3179 1049 3211 quibus
1065 3181 1128 3203 sunt
1142 3178 1211 3202 addit
1223 3179 1258 3208 B;
1273 3186 1346 3210 grae-

278 3224 339 3241 cum
351 3216 429 3240 habet
441 3211 475 3245 εἷς
494 3214 527 3240 τὰ
547 3211 698 3250 πράγματα.
711 3229 731 3234 —-
749 3215 840 3239 Statim
855 3223 903 3247 pro
922 3222 1020 3244 omnes,
1036 3218 1061 3239 et
1076 3221 1166 3239 omnes
1179 3214 1283 3238 PCab—
1296 3214 1346 3237 Pro

273 3259 326 3284 per
344 3251 453 3280 obiecta,
473 3251 618 3276 secundum
637 3250 739 3275 obiecta
762 3251 792 3280 A,
815 3250 884 3275 sicut
903 3250 1005 3275 obiecta
1025 3250 1061 3281 B;
1079 3257 1128 3282 pro
1151 3257 1188 3274 ex
1210 3249 1310 3281 quibus,
1331 3255 1348 3272 a

277 3287 371 3320 quibus
390 3287 422 3311 Α.

333 3321 358 3355 β)
378 3322 432 3347 Res
449 3325 539 3347 autem
608 3321 710 3346 mobile.
728 3335 747 3340 —
765 3321 818 3346 Res
842 3324 931 3345 autem
951 3328 1030 3352 quam
1049 3319 1202 3345 considerat
1222 3318 1348 3351 (scientia

279 3358 350 3382 addit
366 3358 404 3390 A)
425 3357 558 3382 naturalis
580 3360 619 3382 est
638 3360 725 3382 motus
748 3360 774 3381 et
798 3356 891 3381 mobile
909 3356 985 3384 ACa,
1005 3356 1058 3380 Res
1083 3358 1170 3379 autem
1195 3354 1349 3379 considerat

279 3393 391 3418 scientia
410 3393 543 3418 naturalis
561 3395 587 3418 et
605 3396 692 3417 motus
711 3395 737 3417 et
756 3392 850 3416 mobile
868 3392 897 3416 B.

334 3428 361 3461 γ)
381 3431 454 3452 mota
472 3431 587 3453 movent.
600 3442 620 3446 —
639 3431 711 3453 motu
731 3430 871 3452 moventur
889 3427 920 3456 A,
941 3429 1013 3450 mota
1033 3428 1172 3450 moventur
1190 3426 1211 3449 Β
1218 3433 1226 3455 ;
1247 3424 1279 3449 cf.
1299 3425 1348 3448 loc.

281 3464 324 3488 cit.
342 3462 477 3496 κινούμενα
496 3462 566 3488 κινεῖ.
580 3477 600 3483 -
613 3463 632 3487 Ρ
653 3463 795 3494 corrumpit
809 3461 939 3495 physicae
957 3461 983 3485 in
1003 3460 1211 3492 philosophicae.
1222 3474 1241 3478 -
1258 3460 1347 3484 Statim

281 3507 329 3532 pro
348 3498 535 3532 differentiam,
556 3498 722 3532 differentias
739 3499 775 3528 A;
795 3505 844 3530 pro
863 3489 1006 3525 mobilium,
1028 3495 1188 3520 moventium
1208 3496 1237 3519 B.

336 3533 361 3566 ὃ)
382 3536 509 3558 motuum.
527 3548 546 3552 -
564 3537 590 3559 et
609 3533 743 3558 mobilium
767 3533 864 3557 addunt
883 3532 921 3556 Ca
935 3532 1017 3562 male.
1035 3544 1053 3549 —-
1072 3531 1122 3554 Pro
1142 3534 1228 3555 motus
1249 3529 1348 3558 localis,

283 3569 339 3601 ipse
358 3572 444 3593 motus
463 3569 553 3594 localis
573 3569 657 3594 PCab.
675 3582 694 3588 —-
711 3570 762 3593 Pro
776 3567 924 3600 perfectior
942 3566 1068 3591 ceteris...
1081 3565 1244 3597 corporibus,
1260 3565 1350 3598 perfe-

283 3605 353 3630 ctior
371 3604 481 3636 (ceteris
504 3604 563 3629 add.
581 3604 618 3636 A)
644 3608 670 3629 et
692 3603 859 3629 communior
883 3602 1003 3627 omnibus
1027 3601 1140 3626 motibus
1159 3601 1233 3629 PAb,·
1256 3600 1350 3625 ceteris

284 3640 407 3664 omittunt
425 3640 473 3664 Ca.

1391 1625 1433 1647 est
1449 1618 1479 1647 in
1491 1619 1641 1647 communi
1659 1629 1748 1656 quam
1760 1619 1790 1647 in
1801 1619 1978 1656 particulari-2
1994 1620 2123 1657 alioquin
2134 1627 2281 1657 oporteret
2294 1621 2372 1649 idem
2384 1622 2460 1649 mul-

1390 1659 1476 1687 toties
1490 1665 1628 1696 repetere.
1651 1660 1734 1687 Unde
1748 1659 1827 1696 prius
1843 1666 1957 1696 oportet
1972 1661 2008 1688 de
2022 1661 2208 1697 generatione
2222 1667 2250 1688 et
2272 1660 2460 1698 corruptione

1391 1698 1421 1726 in
1436 1699 1586 1727 communi
1601 1699 1801 1735 determinare,
1818 1709 1906 1736 quam
1920 1700 1957 1728 ad
1971 1700 2080 1736 species
2095 1700 2156 1729 eius
2171 1701 2354 1729 descendere.
2371 1701 2459 1729 Simi-

1390 1739 1463 1774 liter,
1479 1738 1548 1776 quia
1561 1739 1692 1767 eiusdem
1706 1739 1946 1768 considerationis
1960 1746 2003 1768 est
2017 1749 2173 1768 commune
2187 1750 2277 1777 genus
2292 1747 2320 1769 et
2334 1740 2363 1768 id
2378 1741 2458 1778 quod

1392 1785 1435 1807 est
1455 1779 1582 1815 primurn
1604 1779 1634 1807 in
1655 1788 1759 1816 genere
1780 1779 1839 1815 illo,
1861 1780 1942 1816 quod
1963 1786 2006 1808 est
2027 1789 2114 1809 causa
2134 1780 2222 1808 totius
2243 1780 2368 1818 generis,
2390 1780 2458 1809 ideo

1392 1818 1422 1846 in
1443 1819 1500 1847 hoc
1521 1819 1604 1854 libro,
1620 1819 1670 1856 qui
1684 1826 1726 1847 est
1740 1819 1823 1847 tertia
1836 1829 1903 1856 pars
1924 1819 2060 1848 scientiae
2081 1820 2228 1855 naturalis,
2251 1820 2459 1849 determinatur

1391 1868 1453 1886 non
1475 1859 1572 1887 solum
1601 1859 1636 1887 de
1663 1859 1851 1896 generatione
1872 1866 1900 1888 et
1921 1859 2106 1896 corruptione
2135 1860 2165 1888 in
2186 1860 2352 1896 communi,
2375 1866 2402 1888 et
2423 1861 2460 1888 de

1392 1898 1455 1926 aliis
1477 1899 1723 1935 consequentibus
1744 1899 1887 1935 motibus,
1910 1900 1960 1927 sed
1982 1900 2068 1928 etiam
2090 1901 2125 1928 de
2139 1900 2324 1937 generatione
2346 1906 2373 1928 et
2395 1909 2459 1929 cor-

1392 1938 1527 1975 ruptione
1549 1939 1776 1974 elementorum,
1799 1948 1873 1976 quae
1894 1945 1961 1967 sunt
1982 1940 2126 1976 quaedam
2154 1939 2248 1976 prima
2269 1939 2408 1976 principia
2430 1940 2460 1967 in

1393 1978 1495 2006 ordine
1516 1978 1724 2016 generabilium
1746 1985 1774 2007 et
1795 1979 2034 2015 corruptibilium,
2054 1986 2082 2007 et
2102 1986 2169 2007 sunt
2190 1989 2276 2008 causa
2299 1979 2461 2017 generatio-

1393 2018 1447 2054 nis,
1470 2018 1665 2055 corruptionis
1687 2025 1715 2047 et
1735 2019 1911 2047 alterationis
1933 2019 1962 2047 in
1984 2019 2121 2047 omnibus
2142 2019 2204 2048 aliis
2227 2019 2406 2056 corporibus.

1393 2112 1438 2148 de
1471 2112 1608 2157 Caelo‚-
1636 2124 1735 2160 quae
1761 2119 1816 2149 est
1835 2113 2004 2149 secunda
2030 2125 2119 2162 pars
2148 2112 2326 2150 scientiae
2354 2120 2462 2150 natu-

1393 2165 1480 2202 ralis
1499 2171 1520 2202 ².
1552 2166 1684 2202 Restat
1710 2165 1820 2214 igitur
1848 2166 2099 2203 consideratio
2120 2166 2166 2203 de
2186 2166 2354 2203 motibus
2383 2166 2462 2203 aliis

1394 2218 1734 2266 consequentibus,
1766 2219 1830 2267 qui
1858 2232 1937 2256 non
1966 2227 2053 2256 sunt
2082 2231 2309 2256 communes
2339 2219 2462 2256 omni-

1394 2272 1466 2308 bus
1495 2272 1733 2320 corporibus,
1762 2272 1831 2309 sed
1858 2272 2103 2309 inveniuntur
2130 2272 2169 2309 in
2198 2272 2286 2309 solis
2311 2272 2462 2309 inferio-

1394 2324 1497 2361 ribus
1518 2324 1542 2361 ζ.
1575 2326 1674 2361 Inter
1697 2328 1795 2373 quos
1813 2325 2068 2374 principatum
2098 2325 2242 2363 obtinet
2269 2325 2461 2373 generatio

1395 2385 1432 2414 et
1460 2378 1673 2426 corruptio.¹
1698 2378 1879 2415 Alteratio
1914 2379 2017 2415 enim
2051 2378 2247 2416 ordinatur
2275 2379 2324 2415 ad
2351 2391 2464 2427 gene-

1395 2431 1583 2468 rationem
1603 2431 1698 2468 sicut
1717 2432 1765 2468 ad
1785 2432 1905 2468 finem
1924 2437 1949 2478 η,
1971 2432 2036 2480 qui
2056 2439 2112 2469 est
2131 2431 2332 2481 perfectior
2355 2439 2462 2469 natu—

1396 2484 1521 2521 raliter
1546 2484 1604 2522 his
1624 2497 1723 2533 quae
1743 2493 1830 2522 sunt
1849 2485 1898 2522 ad
1916 2483 2046 2522 finem.
2067 2486 2328 2533 Augmentum
2349 2485 2461 2522 etiam

1397 2545 1674 2586 consequenter
1711 2551 1751 2575 se
1788 2539 1904 2575 habet
1941 2539 1988 2575 ad
2025 2538 2334 2586 generationem:
2372 2551 2463 2575 nam

1397 2599 1647 2639 augmentum
1666 2604 1746 2628 non
1765 2592 1809 2628 fit
1827 2591 1907 2628 sine
1927 2592 2093 2641 quadam
2112 2591 2326 2640 particulari
2351 2604 2464 2639 gene-

1399 2644 1555 2692 ratione,
1584 2657 1662 2694 qua
1689 2645 1828 2681 scilicet
1846 2643 1858 2665 ⁶
1882 2645 2156 2682 nutrimentum
2178 2645 2408 2682 convertitur
2426 2644 2465 2681 in

1398 2698 1599 2744 nutritum3
1621 2698 1717 2735 sicut
1736 2698 1992 2747 Philosophus
2013 2699 2101 2736 dicit
2119 2699 2155 2735 in
2173 2700 2205 2735 II
2226 2699 2271 2735 de
2288 2698 2429 2735 Anima
2443 2697 2463 2719 ²¹*

1399 2752 1505 2799 quod
1534 2751 1640 2788 cibus
1669 2752 1784 2788 nutrit
1814 2751 2040 2800 inquantum
2076 2759 2132 2788 est
2167 2752 2336 2801 potentia
2364 2764 2464 2799 caro,

1400 2813 1619 2852 augmentat
1647 2813 1775 2842 autem
1804 2805 2030 2853 inquantum
2051 2813 2106 2842 est
2128 2805 2296 2854 potentia
2324 2812 2465 2852 quanta

1401 2870 1489 2894 caro
1509 2865 1527 2894 ‘.
1558 2859 1607 2895 Et
1629 2858 1717 2895 ideo
1747 2871 1902 2895 necesse
1932 2866 2003 2906 est,
2033 2858 2122 2907 quia
2149 2858 2188 2895 hi
2215 2865 2343 2894 motus
2371 2870 2464 2905 quo-

1402 2911 1612 2948 dammodo
1644 2919 1920 2960 consequenter
1948 2924 1988 2948 se
2012 2912 2153 2948 habent
2181 2911 2229 2947 ad
2257 2911 2465 2958 generatio-

1401 2976 1512 3011 nem,
1542 2965 1649 3012 quod
1686 2965 1798 3001 simul
1837 2965 1884 3002 de
1921 2965 1979 3001 his
2008 2971 2044 3000 et
2073 2964 2120 3000 de
2157 2963 2400 3011 generatione
2430 2970 2466 2999 et

1404 3018 1645 3067 corruptione
1674 3026 1860 3055 tractetur.

1455 3178 1476 3210 ε)
1492 3178 1583 3209 primo
1602 3177 1720 3208 oportuit
1785 3175 1910 3200 scientiae
1929 3174 2070 3199 naturalis.
2088 3188 2107 3193 -
2120 3174 2240 3205 primum
2259 3173 2378 3205 oportuit
2395 3173 2468 3205 quod

1402 3213 1557 3237 traderetur
1577 3213 1610 3237 de
1621 3211 1776 3243 corporibus
1790 3218 1857 3243 quae
1872 3213 2012 3235 moventur
2026 3213 2098 3234 motu
2113 3209 2206 3234 locali:
2224 3209 2272 3233 hoc
2280 3209 2339 3242 suit
2357 3209 2383 3233 in
2399 3209 2466 3233 libro

1403 3248 1435 3272 de
1451 3248 1529 3272 Caelo
1543 3251 1569 3272 et
1582 3247 1693 3275 Mundo,
1705 3247 1750 3278 qui
1763 3249 1803 3270 est
1816 3246 1932 3270 secunda
1941 3252 2008 3276 pars
2018 3245 2139 3276 partium
2153 3244 2279 3269 scientiae
2294 3244 2426 3268 naturalis
2436 3245 2467 3268 Β.

1455 3283 1480 3315 ζ)
1500 3283 1526 3307 in
1545 3283 1608 3307 solis
1627 3281 1805 3315 inferioribus.
1823 3295 1842 3299 -
1861 3281 1886 3305 in
1907 3280 2077 3313 inferioribus
2095 3279 2250 3311 corporibus
2269 3280 2298 3303 B.
2323 3279 2373 3303 Pro
2394 3279 2467 3304 Inter

1402 3325 1475 3350 quos,
1497 3318 1570 3342 Inter
1588 3317 1655 3341 alios
1670 3317 1710 3341 ed.
1724 3324 1750 3345 a,
1771 3316 1844 3340 Inter
1861 3316 1929 3340 alios
1943 3318 2031 3340 autem
2045 3316 2079 3345 C;
2098 3323 2147 3347 pro
2162 3314 2343 3346 principatum
2358 3314 2467 3345 obtinet,

1398 3353 1562 3385 principium
1582 3352 1700 3377 obtinent
1718 3352 1748 3382 A,
1762 3351 1863 3375 obtinet
1877 3351 2040 3382 principium
2055 3351 2083 3380 B,
2098 3350 2282 3382 principatum
2301 3349 2419 3375 obtinent
2432 3350 2467 3380 (ῖς

1402 3389 1434 3413 ad
1453 3388 1552 3413 obtinet
1571 3393 1596 3411 et
1614 3387 1732 3411 obtinent
1750 3386 1781 3411 cf.
1800 3387 1859 3410 Vol.
1875 3386 1906 3416 ΙΙ,
1927 3385 2010 3410 Praef.
2028 3393 2099 3410 xvm.

1455 3423 1481 3455 η)
1501 3423 1538 3447 ad
1549 3423 1642 3455 finem.
1656 3436 1675 3441 —-
1692 3421 1729 3446 ad
1747 3421 1890 3446 terminum
1909 3422 1944 3451 B,
1969 3421 2012 3453 qui
2037 3421 2134 3453 pergit:
2154 3421 2283 3446 terminus
2307 3424 2396 3445 autem
2414 3420 2470 3445 sive

1396 3459 1463 3491 finis
1482 3457 1642 3482 naturaliter
1656 3457 1736 3488 prior
1755 3460 1794 3481 est
1812 3457 1852 3481 his
1872 3463 1938 3488 quae
1957 3459 2019 3481 sunt
2036 3456 2074 3480 ad
2084 3457 2186 3489 finem,·
2205 3456 2244 3480 Ca
2262 3464 2315 3480 om.
2334 3456 2380 3488 qui
2397 3459 2468 3481 est...

1403 3494 1440 3518 ad
1451 3494 1543 3527 finem,
1564 3493 1624 3524 quia
1642 3492 1838 3517 homoteleuton
1858 3496 1906 3516 est.

1457 3527 1480 3560 θ)
1500 3535 1552 3560 qua
1571 3527 1677 3552 scilicet.
1691 3541 1710 3545 —
1721 3527 1783 3559 quia
1802 3527 1901 3552 scilicet
1918 3527 1950 3551 A.
1964 3541 1983 3545 -
1996 3525 2054 3552 Lin.
2074 3534 2131 3559 seq.
2150 3535 2198 3560 pro
2210 3526 2286 3556 sicut,
2305 3526 2375 3551 sicut
2388 3526 2469 3551 etiam

1404 3563 1488 3588 PCab.

1458 3599 1475 3630 ι)
1495 3601 1695 3631 augmentat...
1714 3605 1786 3622 caro.
1799 3612 1816 3615 —
1836 3598 1886 3621 Pro
1905 3601 2070 3630 augmentat,
2090 3600 2172 3630 auget
2184 3598 2242 3626 AB;
2257 3600 2345 3622 autem
2364 3604 2418 3621 om.
2432 3597 2469 3625 A;

1399 3634 1522 3666 potentia
1536 3636 1637 3666 quanta
1649 3641 1703 3657 om.
1714 3633 1733 3657 Β
1741 3641 1748 3664 ;
1769 3641 1816 3665 pro
1829 3636 1867 3658 est
1880 3633 2003 3665 potentia
2017 3636 2118 3665 quanta
2131 3640 2202 3662 caro,
2224 3633 2244 3657 C
2257 3632 2368 3665 spatium
2382 3632 2470 3656 album

2492 2705 2568 2753 §.0453

2570 2721 2576 2727 .
2590 2710 2620 2730 tv,
2636 2710 2705 2732 n.13;

2572 2747 2578 2753 .
2592 2731 2644 2753 lect.
2654 2737 2686 2752 nt.
