2690 4062
1052 226 1164 263 CAP.
1193 226 1261 274 v1‚
1293 227 1445 264 LECT.
1475 208 1544 264 ’ΧΠ

2314 245 2409 270 LXVII

907 449 1210 506 LECTIO
1246 454 1727 511 DUODECIMA

657 608 715 638 DE
739 608 991 645 QUIBUSDAM
1014 610 1333 643 ACCIDENTIBUS
1357 613 1415 643 ET
1438 614 1703 647 EFFECTIBUS
1725 617 1972 648 VENTORUM

214 747 315 783 Οὕτω
340 747 376 781 δέ
403 747 626 793 τεταγμένων
652 748 719 779 τῶν
742 746 886 791 ἀνέμων,
905 747 1009 785 δῆλον
1027 747 1082 781 ὅτι
1101 748 1173 794 ἅμα
1192 754 1285 782 πνεῖν

283 795 364 832 τούς
397 794 458 836 μὲν
491 793 666 829 ἐναντίους
697 790 760 837 οὐχ
791 791 859 824 οἷόν
891 804 930 824 τε
958 793 1074 837 (κατα
1102 790 1285 839 διάμετρον

281 836 367 884 γάρ·
395 837 514 881 ἅτερος
533 835 591 870 οὖν
613 835 787 869 παύσεται
810 834 1066 880 ἀποβιασθείς),
1086 840 1167 876 τους
1184 834 1222 871 ’δὲ
1239 839 1286 883 μή

282 881 375 914 οὕτω
406 883 577 927 κειμένους
610 881 691 925 πρὸς
726 879 892 919 ἀλλήλους
919 881 1014 914 οὐθέν
1048 882 1188 924 κωλύει,
1217 884 1285 915 οἷον

282 925 324 959 τό
340 928 364 957 Ζ
385 928 446 959 καὶ
471 929 507 960 Δ.
535 927 599 959 Δια
624 926 732 958 τοῦτο
759 924 834 968 ἅμα
859 925 1015 958 πνέουσιν
1041 926 1150 959 ἐνίοτε
1178 926 1287 972 ἀμφό-

283 982 376 1015 τεροι
400 971 440 1004 οὔ
461 983 504 1004 ιοι
530 970 587 1003 ἐπὶ
613 971 654 1002 ‘ro‘
680 970 769 1004 αὐτό
804 974 963 1015 σημεῖον,
991 970 1052 1003 οὐκ
1077 970 1113 1002 ἐκ
1138 972 1200 1004 τοῦ
1228 969 1287 1004 αύ-

236 1054 237 1057 ,
281 1016 366 1057 τοῦ,
393 1016 432 1049 οὗ
458 1018 474 1049 ἑ
498 1016 547 1058 τῷ
574 1014 670 1055 αὐτῷ’
698 1014 884 1059 πνεύματι.
918 1016 1024 1047 Κατά
1046 1014 1083 1046 δὲ
1110 1017 1174 1053 τοίς
1198 1014 1288 1059 ὥρας

282 1061 346 1097 τοίς
365 1060 525 1098 ἐναντίας
543 1061 572 1092 οἱ
591 1060 741 1092 ἐναντίοι
762 1058 916 1103 μάλιστα
934 1058 1104 1100 πνέουσιν,
1125 1059 1194 1091 οἷον
1212 1063 1286 1103 περὶ

279 1103 455 1149 ἰσημερίαν
481 1106 548 1141 τήν
567 1105 628 1149 μὲν
650 1103 785 1148 ἐαρινὴν
808 1106 943 1141 καικίας
967 1106 1026 1135 καὶ
1045 1102 1128 1140 ὅλως
1146 1104 1194 1136 τοὶ
1211 1104 1288 1136 ἑπέ-

280 1158 381 1190 κιινα
403 1150 534 1194 τροπῆς
557 1147 700 1193 θερινῆς,
726 1150 799 1192 περὶ
825 1144 863 1179 δέ
887 1149 953 1185 τήν
978 1148 1214 1192 μετοπωρινήν
1237 1149 1287 1179 λί-

265 1190 508 1269 ᾓιςςῑπερῑμδέ
533 1194 666 1238 τροποίς
689 1192 818 1237 θερινάς
842 1194 901 1237 μὲν
925 1192 1076 1237 ζέφυρος,
1097 1194 1286 1237 χειμερινάς

223 1258 225 1260 -
338 1249 376 1271 ευ
398 1249 414 1270 ο
437 1262 444 1270 .

207 1249 460 1320 ''tantast-⁹002«.
476 1278 514 1313 δὲ
532 1285 604 1320 τοῖς
619 1282 734 1319 ἀλλοις
747 1279 902 1324 μάλιστα
917 1283 976 1313 καὶ
994 1279 1161 1313 παύουσιν
1177 1277 1287 1324 ἀπαρ-

279 1328 378 1359 κτίαι
399 1329 459 1359 καὶ
483 1325 641 1371 θρασκίαι
665 1328 723 1358 καὶ
759 1325 768 1337 ’
791 1325 937 1371 γέσται·
962 1323 1023 1358 δια
1042 1326 1084 1357 τὸ
1101 1322 1286 1370 ἐγγυτάτω

220 1382 224 1387 ·
276 1370 345 1422 γὰρ
371 1372 438 1408 τήν
463 1371 570 1415 ὁρμήν
600 1371 716 1404 αὐτῶν
749 1337 836 1402 ἴέναι
865 1371 985 1402 πολλοί
1011 1381 1049 1401 τε
1074 1372 1133 1401 καὶ
1158 1370 1286 1414 ἰσχυροὶ

223 1421 224 1424 ’
281 1414 420 1448 πνέουσι
454 1415 610 1460 μάλιστα
643 1414 757 1447 οὗτοι·
787 1408 840 1446 διὸ
874 1415 933 1445 καὶ
966 1412 1189 1456 αἱθριώτατοί
1223 1414 1287 1445 εἰσι

281 1460 350 1493 τῶν
382 1458 532 1505 ἀνέμων·
560 1459 721 1496 πνέοντες
752 1459 817 1504 γαρ
848 1455 992 1504 ἐγγύθεν
1022 1458 1177 1502 μάλιστα
1203 1457 1289 1490 ἀπο-

281 1504 476 1550 βιαζόμενοί
501 1516 541 1537 τε
567 1503 684 1536 τᾶλλα
711 1501 898 1545 πνεύματα
923 1501 1091 1541 παύουσι,
1116 1504 1175 1534 καὶ
1203 1502 1288 1535 ἀπο-

303 1549 451 1586 υσῶντες
485 1550 534 1580 τα
563 1545 796 1591 συνιστάμενα
827 1545 907 1590 νέφη
942 1547 1096 1579 ποιοῦσιν
1132 1544 1285 1591 αἰθρίαν,

347 1595 395 1637 μη
420 1592 537 1637 ψυχροὶ
562 1587 693 1637 σφόδρα
719 1590 868 1635 τύχωσιν
895 1589 968 1634 ἅμα
993 1590 1102 1628 ὄντες.
1138 1589 1228 1623 Τότε
1254 1585 1286 1622 δ’

282 1638 343 1671 οὔκ
368 1636 506 1682 αῐθριοι·
535 1635 575 1668 ἂν
600 1637 665 1684 γοὶρ
689 1634 753 1668 ὦσι
778 1635 908 1680 μᾶλλον
932 1634 1049 1680 ψυχροὶ
1075 1634 1096 1672 ἦ
1121 1635 1285 1681 μεγάλοι,

279 1679 442 1726 φθάνουσι
474 1693 521 1718 πη
549 1680 667 1718 νύντες
693 1679 714 1718 ἦ
741 1677 986 1724 προωθοῦντες.
1021 1680 1059 1711 ‘0
1082 1675 1121 1711 δὲ
1151 1681 1287 1717 καικίας

222 1746 226 1750 ⁴
279 1724 343 1759 οὔκ
361 1726 500 1770 αἴθριος,
540 1737 574 1758 τι
593 1724 816 1770 ἀνακάμπτει
838 1724 883 1761 εἰς
909 1723 1035 1757 αὐτόν·
1061 1722 1135 1757 ὅθεν
1159 1727 1217 1755 καὶ
1233 1723 1287 1756 λέ-

279 1781 384 1819 γεται
409 1771 431 1807 ἧ
458 1772 643 1816 παροιμία·

326 1813 430 1847 ἕλκων
457 1815 471 1847 ἐ
494 1815 502 1826 ’
532 1815 640 1848 αὐτὸν
665 1812 756 1846 ω’στε
779 1814 916 1849 καικίας
941 1811 1049 1856 νέφος.

213 1861 252 1895 Δί
275 1857 314 1892 δὲ
339 1871 556 1904 περιστασεις
589 1862 746 1906 γίνονται
771 1857 887 1890 αὐτῶν
914 1856 1216 1901 καταπαυομένων
1241 1857 1287 1894 εἰς

235 1910 237 1924 ¹=
281 1905 363 1942 τους
386 1903 569 1950 ἐχομένους
601 1903 699 1936 κατοί
731 1903 795 1939 τήν
828 1901 892 1934 τοῦ
921 1901 1018 1937 ἡλίου
1050 1901 1287 1945 μετάστασιν,

227 1949 244 1973 ’ν
278 1947 340 1981 διαὶ
364 1950 406 1980 ‘ro'
431 1947 596 1981 κινεῖσθαι
628 1947 784 1992 μάλιστα
809 1945 849 1978 τό
876 1943 1038 1991 ἐχόμενον
1071 1946 1134 1983 τῆς
1161 1946 1286 1990 ἀρχῆς·

220 2004 230 2008 “
280 1993 303 2031 η’
319 1988 349 2024 δ’
372 1992 461 2038 ἀρχή
480 1991 573 2026 οὕτω
596 1996 743 2024 κινεῖται
768 1991 836 2023 τῶν
855 1988 1060 2033 πνευμάτων
1081 1991 1123 2028 ὠς
1142 1992 1157 2024 ὁ
1177 1989 1285 2028 ἥλιος.

211 2038 251 2072 o!
275 2037 428 2071 ἐναντίοι
452 2033 482 2068 δ’
505 2036 526 2075 ἦ
545 2037 659 2070 ταύτό
686 2036 854 2076 ποιοῦσιν,
873 2033 895 2071 ἢ
914 2034 1083 2075 ἐναντίον,
1107 2035 1175 2068 οἷον
1194 2034 1287 2080 ὑγροὶ

219 2085 231 2091 “’
277 2081 337 2126 λὶψ
359 2084 417 2114 καὶ
441 2084 593 2123 καικίας,
613 2081 649 2114 δν
667 2081 920 2117 ἑλλησποντίαν
946 2078 1027 2110 ἔνιοι
1049 2080 1207 2119 καλοῦσι,
1226 2082 1287 2111 καὶ

279 2125 388 2171 εὖρος,
414 2126 450 2159 ὂν
477 2125 691 2164 ἀπηλιώτην.
717 2125 816 2169 Ξηροί
842 2122 870 2154 δ’
901 2122 1069 2168 ἀργέστης
1093 2127 1151 2155 καὶ
1176 2122 1286 2165 εὖρος·

281 2170 342 2205 ἀπ’
371 2170 478 2217 ἀρχῆς
503 2169 532 2202 δ’
563 2170 662 2208 οὗτος
696 2168 810 2213 ξηρὸς,
838 2167 1007 2199 τελευτῶν
1031 2162 1062 2198 δ’
1091 2167 1284 2206 ὑδατώδης.

211 2251 408 2305 Νιφετώδης
426 2257 464 2291 δὲ
481 2258 584 2304 μέσης
608 2261 667 2290 καὶ
687 2257 882 2301 ἀπαρκτίας
907 2255 1080 2300 μάλιστα·
1108 2256 1206 2290 οὗτοι
1222 2259 1287 2304 γὰρ

281 2302 507 2349 ψυχρότατοι.
535 2301 748 2346 Χαλαζώδης
771 2296 801 2332 δ’
825 2301 1021 2344 ἀπαρκτίας
1044 2303 1103 2332 καὶ
1127 2301 1288 2346 θρασκίας

279 2352 338 2381 καὶ
357 2347 538 2394 ἀργέστης.
565 2342 806 2392 Καυματώδης
822 2341 860 2377 δὲ
882 2344 979 2382 νότος
1000 2346 1058 2375 καὶ
1077 2345 1211 2391 ζέφυρος
1229 2349 1288 2378 καὶ

282 2391 390 2438 εὖρος.
423 2393 545 2436 Νέφεσι
570 2388 608 2424 δὲ
634 2391 797 2424 πυκνοῧσι
823 2391 883 2422 τόν
906 2387 1048 2433 οὐρανὸν
1072 2393 1208 2429 καικίας
1229 2392 1288 2436 μέν

280 2434 428 2483 σφόδρα,
454 2436 512 2481 λὶψ
536 2432 564 2468 δ’
595 2435 824 2480 ἀραιοτέροις,
850 2435 987 2472 καικίας
1012 2434 1072 2476 μὲν
1097 2430 1157 2467 διαί
1181 2447 1220 2467 τε
1247 2436 1289 2467 τό

283 2481 524 2526 ἀνακάμπτειν
558 2482 639 2525 πρὸς
673 2481 781 2513 αὐτόν
814 2481 872 2510 καὶ
905 2477 964 2510 διαὶ
993 2478 1034 2510 τό
1066 2480 1177 2517 κοινός
1202 2476 1289 2511 εἶναι

281 2526 399 2571 βορέου
424 2528 483 2557 καὶ
508 2525 618 2570 εὔρου,
638 2523 728 2557 ώστε
746 2518 807 2555 8ιά
822 2524 881 2568 μέν
905 2524 949 2557 ,τὸ
975 2522 1097 2600 ψυέρὸς
1122 2521 1209 2555 εἶναι
1227 2536 1290 2561 πη-

281 2572 362 2619 γνύς
387 2571 447 2603 τᾶν
475 2570 671 2614 ἀτμίζοντα
697 2567 784 2612 ἀέρα
809 2569 997 2607 συνίστησι,
1047 2569 1084 2600 tol
1109 2563 1146 2600 δὲ
1171 2569 1212 2600 τό
1239 2569 1288 2610 τῷ

282 2615 378 2656 τόπῳ
393 2614 626 2652 ἀπηλιωτικός
643 2611 730 2645 εἶναι
748 2612 818 2657 ἔχει
836 2611 967 2648 πολλήν
985 2610 1066 2650 ὕλην
1082 2615 1141 2645 καὶ
1156 2608 1289 2656 ἀτμίδα

282 2660 324 2697 ἧν
349 2651 505 2704 προωθεΐ.
539 2658 664 2703 Αίθριοι
687 2653 726 2689 δὲ
753 2658 964 2702 ἀπαρκτίας,
990 2655 1164 2701 θρασκίας,
1194 2656 1290 2703 ἀργέ-

283 2702 386 2742 στης·
412 2704 434 2740 ἡ
458 2699 489 2735 δ’
511 2704 610 2735 αἰτία
634 2705 768 2747 εἴρηται
794 2701 971 2746 πρότερον.
999 2702 1231 2746 Ἀστραπαῖοι
1252 2696 1289 2733 δὲ

283 2747 438 2793 μάλιστα
463 2746 560 2781 οὗτοί
586 2759 626 2779 τε
650 2749 708 2779 καὶ
735 2748 752 2779 ὁ
777 2746 897 2790 μέσης·
924 2742 984 2778 διοῖ.
1008 2746 1066 2790 μὲν
1091 2747 1156 2792 γοὶρ
1175 2747 1216 2778 *ro*
1235 2746 1291 2792 ἑγ-

282 2792 384 2840 γόθεν
409 2796 502 2824 πνεῖν
527 2791 645 2836 ψυχροί
662 2792 739 2832 εἱσι,
758 2786 818 2823 διαὶ
840 2786 879 2822 δὲ
906 2791 948 2822 τὸ
972 2790 1095 2835 ψυχρόν
1123 2790 1288 2843 ἀστραπή

282 2836 434 2884 γίνεται·
462 2834 654 2881 ἐκκρίνεται
688 2836 736 2882 γοὶ
784 2834 966 2867 συνιόντων
992 2839 1060 2867 τῶν
1086 2845 1208 2879 νεφων·
1235 2831 1311 2873 διὸι

281 2884 340 2914 καὶ
359 2881 440 2913 ἔνιοι
457 2892 527 2913 των
546 2880 664 2914 αὐτῶν
683 2891 818 2913 τουτων
835 2876 1049 2925 χαλαζώδεις
1069 2879 1149 2911 εἰσίν
1161 2891 1168 2898 ·
1197 2880 1290 2924 ταχυ

282 2926 347 2972 γάρ
374 2925 595 2971 πηγνύουσιν.

208 2970 381 3015 Ἐκνεφίαι
394 2969 431 3003 δέ
448 2971 605 3016 γίνονται
619 2969 819 3014 μετοπώρου
837 2969 897 3012 μέν
912 2968 1080 3012 μάλιστα,
1096 2964 1157 2999 εἶτ’
1176 2967 1287 3011 ἔαρος,

282 3017 342 3047 καὶ
367 3015 521 3059 μάλιστα
548 3015 741 3058 ἀπαρκτίας
765 3014 823 3045 καὶ
842 3011 1003 3057 θρασκίας
1027 3015 1085 3044 καὶ
1106 3010 1285 3058 ἀργέστης.

283 3060 398 3092 Αἴτιον
423 3057 451 3091 δ“
474 3056 530 3091 ὅτι
547 3061 577 3091 οἱ
598 3058 748 3101 ἑκνεφίαι
771 3059 929 3104 γίνονται
954 3056 1108 3101 μάλιστα
1126 3055 1212 3089 ὅταν
1233 3057 1290 3088 ἄλ-

281 3105 350 3135 λων
376 3102 549 3136 πνεόντων
568 3103 799 3135 ἑπιπίπτωσιν
817 3100 940 3145 ἕτεροι,
960 3101 1056 3134 οὗτοι
1078 3100 1116 3132 δὲ
1135 3099 1289 3146 μάλιστα

283 3149 511 3180 ἐπιπίπτουσι
529 3151 601 3184 τοῖς
621 3147 736 3184 ἄλλοις
755 3145 928 3178 πνέουσιν·
950 3147 971 3182 ἢ
989 3140 1019 3177 δ’
1041 3146 1140 3177 αἰτία
1157 3146 1290 3189 εἴρηται

282 3195 342 3224 καὶ
361 3192 490 3224 τούτου
509 3190 687 3236 πρότερον.
704 3192 743 3222 Οἱ
756 3186 786 3221 δ’
804 3191 940 3227 ἐτησίαι
957 3192 1200 3234 περιίστανται
1218 3193 1289 3226 τοῖς

283 3236 344 3281 μέν
364 3238 437 3281 περὶ
458 3232 588 3280 δυσμας
605 3235 753 3268 οἰκοῦσιν
777 3233 813 3266 ἐκ
839 3235 905 3266 τῶν
931 3232 1128 3277 ἀπαρκτίων
1148 3234 1192 3270 εἰς
1213 3232 1289 3276 θρα-

283 3283 380 3318 σκίας
403 3283 462 3312 καὶ
490 3279 660 3327 ἀργέστας
684 3282 744 3311 καὶ
768 3277 925 3330 ζεφύρους
953 3279 987 3320 (ὁ
1009 3279 1074 3323 γαρ
1095 3278 1289 3321 ἀπαρκτίας

283 3324 421 3369 ζέφυρός
447 3325 573 3367 ἐστιν),
598 3323 784 3377 ἀρχόμενοι,
805 3324 864 3367 μὲν
891 3323 960 3354 απὸ
986 3324 1049 3359 τῆς
1077 3322 1215 3366 ἄρκτου,
1235 3333 1292 3353 τε·
1346 3350 1351 3353 ,

682 3368 690 3379 x

254 3367 258 3370 ’
283 3370 473 3407 λευτῶντες
499 3364 527 3401 δ’
557 3370 603 3407 εἱς
628 3381 709 3406 τους
739 3377 867 3411 πορρω·
895 3370 967 3403 τοῖς
997 3362 1034 3398 δὲ
1060 3367 1140 3409 πρὸς
1167 3364 1208 3397 ἕω
1234 3377 1292 3397 πε-

284 3417 483 3459 ριίστανται
507 3412 605 3458 μέχρι
631 3414 694 3446 τοῦ
720 3409 932 3448 ἀπηλιώτου.

217 3458 292 3503 Περὶ
317 3460 378 3503 μέν
403 3456 461 3491 οὖν
488 3457 631 3502 ἀνέμων,
652 3457 715 3494 τῆς
742 3457 771 3487 τ’
793 3454 828 3495 ἐξ
856 3455 960 3500 ἀρχῆς
988 3454 1103 3486 αὐτῶν
1128 3451 1290 3499 γενέσεως

285 3504 345 3534 καὶ
371 3503 487 3540 οὐσίας
518 3504 576 3534 καὶ
607 3502 674 3533 τῶν
704 3498 961 3544 συμβαινόντων
990 3498 1087 3540 κοινῇ
1119 3509 1157 3528 τε
1183 3495 1294 3533 παθη-

287 3548 405 3591 μοίτων
430 3549 489 3578 καὶ
515 3548 589 3590 περὶ
615 3544 780 3586 ἕκαστον,
807 3542 946 3574 τοσαῦθ’
973 3543 1052 3586 ήμῖν
1078 3539 1231 3584 εἰρήσθω.

1342 754 1360 773 *
1375 754 1426 785 Sic
1445 762 1553 786 autem
1576 757 1727 789 ordinatis
1745 760 1857 798 ventis,
1876 760 1983 800 palam
2007 762 2097 802 quod
2120 761 2216 792 simul
2240 762 2314 793 flare
2334 769 2410 793 con-

1410 799 1521 830 trarios
1552 800 1683 841 quidem
1715 813 1781 833 non
1811 804 1960 844 possibile
1991 803 2190 847 (secundum
2220 806 2410 838 diametrum

1410 843 1513 883 enim3
1537 845 1614 875 alter
1636 845 1731 886 igitur
1754 849 1885 879 cessabit
1899 849 2083 880 violentiam
2106 848 2248 893 passus),
2273 861 2339 881 non
2367 851 2410 882 sic

1410 894 1518 918 autem
1541 889 1662 929 positos
1686 890 1862 922 adinvicem
1885 893 1964 923 nihil
1986 894 2144 933 prohibet,
2167 901 2245 935 puta
2267 895 2292 926 Z
2316 902 2346 926 et
2368 896 2408 926 D.

1409 932 1542 972 Propter
1556 933 1618 964 hoc
1640 934 1735 964 simul
1752 935 1827 966 flant
1843 936 2015 977 aliquando
2035 938 2130 968 ambo
2148 938 2253 972 ourioi
2269 939 2309 970 ad
2324 939 2411 970 idem

1409 977 1552 1016 signum:
1578 987 1644 1008 non
1668 988 1705 1008 ex
1728 980 1857 1018 eodem,
1881 991 1984 1022 neque
2009 982 2123 1012 eodem
2146 982 2268 1023 spiritu.
2293 983 2410 1014 Secun-

1410 1021 1490 1051 dum
1512 1027 1658 1062 tempora
1681 1029 1788 1053 autem
1812 1025 1964 1055 contraria
1987 1026 2134 1056 contrarii
2156 1027 2292 1058 maxime
2315 1027 2409 1066 flant,

1409 1071 1488 1105 puta
1503 1065 1583 1096 circa
1598 1066 1837 1107 aequinoctium
1850 1069 1975 1099 vernale
1992 1070 2119 1109 caecias,
2133 1077 2164 1101 et
2178 1071 2314 1102 totaliter
2328 1082 2410 1112 quae

1409 1109 1492 1139 ultra
1507 1109 1669 1150 tropicum
1685 1111 1879 1150 aestivalem,
1898 1113 1976 1143 circa
1991 1115 2174 1145 autumnale
2191 1122 2298 1146 autem
2315 1115 2408 1154 libes,

1411 1152 1491 1184 circa
1514 1154 1674 1185 versiones
1698 1162 1806 1186 autem
1822 1157 1983 1188 aestivales
1997 1158 2170 1200 zephyruS,
2195 1159 2275 1190 circa
2288 1159 2407 1190 hiema-

1409 1196 1455 1227 les
1478 1204 1586 1228 autem
1610 1209 1715 1230 eurus.

1343 1285 1491 1316 Incidunt
1513 1293 1621 1317 autem
1643 1287 1711 1318 aliis
1735 1288 1889 1327 maxime,
1914 1295 1944 1320 et
1968 1299 2086 1321 cessare
2113 1290 2233 1322 faciunt
2255 1292 2409 1332 aparctiae

1411 1336 1442 1360 et
1464 1330 1615 1362 thrasciae
1643 1338 1674 1362 et
1701 1339 1856 1372 argestae:
1885 1333 2020 1364 maxime
2049 1334 2135 1364 enirn
2164 1335 2202 1365 de
2225 1345 2326 1376 prope
2353 1335 2411 1366 im-

1410 1380 1502 1414 petus
1532 1374 1677 1415 ipsorum
1708 1383 1770 1415 est,
1795 1377 1956 1418 crebrique
1987 1385 2018 1408 et
2041 1378 2137 1409 fortes
2168 1379 2244 1410 flant
2274 1380 2410 1410 maxime

1409 1417 1478 1457 isti3
1502 1426 1632 1459 propter
1645 1420 1735 1460 quod
1751 1427 1782 1451 et
1798 1421 1987 1451 serenissimi
2003 1429 2077 1453 sunt
2092 1429 2275 1454 ventorum:
2300 1424 2410 1454 flantes

1411 1462 1498 1493 enim
1513 1463 1552 1493 de
1567 1473 1679 1504 prope,
1695 1465 1832 1495 maxime
1855 1465 2039 1505 repellentes
2063 1466 2141 1497 alios
2157 1473 2268 1498 ventos
2292 1478 2410 1498 cessare

1410 1506 1540 1545 faciunt,
1558 1513 1588 1538 et
1608 1508 1748 1539 efflantes
1773 1509 1977 1540 consistentes
2001 1511 2100 1541 nubes
2124 1511 2243 1542 faciunt
2265 1512 2410 1542 serenita-

1411 1557 1487 1590 tem,
1505 1551 1530 1581 si
1547 1561 1614 1582 non
1633 1552 1737 1592 frigidi
1759 1553 1962 1584 vehementer
1983 1554 2099 1585 fuerint
2117 1555 2212 1586 simul
2236 1555 2410 1587 existentes.

1410 1596 1505 1626 Tunc
1529 1602 1635 1626 autem
1660 1606 1726 1627 non
1749 1597 1867 1627 sereni:
1892 1597 1918 1627 si
1942 1598 2027 1628 enim
2050 1598 2166 1630 fuerint
2185 1599 2283 1640 magis
2307 1600 2411 1640 frigidi

1411 1650 1510 1681 quam
1526 1640 1644 1680 magni,
1660 1641 1866 1681 praeveniunt
1882 1642 2082 1682 coagulantes
2098 1643 2198 1683 magis
2215 1653 2312 1684 quam
2335 1654 2410 1684 pro-

1411 1684 1574 1724 pellentes.
1600 1683 1729 1715 Caecias
1753 1692 1860 1716 autem
1883 1696 1949 1716 non
1973 1696 2112 1725 serenus,
2136 1687 2211 1728 quia
2233 1688 2362 1719 reflectit
2377 1688 2411 1719 in

1411 1728 1562 1769 seipsum.
1586 1729 1679 1759 Unde
1713 1736 1743 1760 et
1766 1729 1880 1760 dicitur
1902 1731 2122 1770 proverbium:
2148 1731 2272 1762 trahens
2301 1732 2340 1762 ad
2365 1742 2410 1763 se-

1409 1772 1517 1813 ipsum
1540 1779 1576 1803 ut
1600 1773 1717 1804 caecias
1741 1774 1870 1804 nubem.

1343 1861 1532 1902 Gyrationes
1563 1868 1670 1892 autem
1697 1861 1779 1892 fiunt
1800 1862 1945 1902 ipsorum
1970 1863 2159 1894 cessantium
2182 1863 2215 1893 in
2238 1863 2343 1894 habita
2366 1874 2411 1894 se-

1411 1906 1554 1936 cundum
1578 1906 1653 1936 solis
1677 1906 1926 1945 translationem,
1943 1907 2018 1947 quia
2042 1913 2188 1938 movetur
2206 1908 2342 1938 maxime
2358 1908 2411 1938 ha-

1410 1949 1515 1980 bitum
1538 1950 1710 1990 principio;
1734 1951 1927 1991 principium
1951 1958 2058 1982 autem
2081 1951 2124 1982 sic
2143 1958 2290 1982 movetur
2305 1959 2413 1983 vento-

1410 2004 1483 2024 rum
1506 2001 1543 2025 ut
1566 1994 1625 2025 sol.

1344 2038 1503 2069 Contrarii
1527 2045 1635 2069 autem
1664 2046 1719 2070 aut
1747 2039 1833 2070 idem
1856 2039 1990 2077 faciunt,
2015 2047 2069 2071 aut
2097 2039 2310 2078 contrarium3
2333 2047 2410 2080 puta

1410 2082 1535 2113 humidi
1558 2083 1617 2113 libs
1634 2090 1665 2113 et
1681 2084 1809 2122 caecias,
1826 2094 1924 2124 quem
1945 2083 2188 2124 hellespontiam
2211 2084 2342 2125 quidam
2356 2095 2412 2115 vo-

1411 2133 1493 2164 cant,
1511 2133 1543 2157 et
1558 2137 1664 2165 euruS,
1681 2137 1780 2168 quem
1801 2128 1982 2168 apeliotem.
2000 2128 2080 2158 Sicci
2096 2135 2202 2158 autem
2226 2135 2359 2168 argestes
2383 2136 2413 2159 et

1411 2178 1523 2209 eurus;
1547 2181 1566 2201 a
1588 2171 1746 2212 principio
1770 2179 1878 2203 autern
1892 2172 1951 2202 iste
1970 2172 2081 2210 siccus,
2097 2182 2289 2203 consumens
2305 2180 2412 2204 autem

1411 2224 1562 2255 aquosus.

1343 2259 1526 2289 Nebulosus
1549 2265 1657 2290 autem
1672 2269 1774 2291 meses
1798 2267 1829 2291 et
1847 2260 1998 2300 aparctias
2017 2260 2168 2290 maxime:
2192 2260 2243 2291 isti
2259 2260 2344 2291 enirn
2361 2261 2411 2291 fri-

1411 2303 1575 2343 gidissimi.
1608 2303 1827 2335 Grandinosus
1853 2312 1960 2335 autem
1984 2304 2134 2344 aparctias
2159 2311 2189 2335 et
2211 2304 2360 2335 thrascias
2383 2311 2414 2336 et

1411 2354 1558 2388 argestes.
1581 2349 1760 2379 Aestuosus
1783 2355 1890 2379 autem
1910 2355 2014 2379 auster
2037 2355 2067 2379 et
2082 2348 2239 2389 zephyrus
2256 2355 2286 2379 et
2304 2359 2408 2380 eurus.

1410 2392 1559 2422 Nubibus
1594 2398 1701 2423 autem
1737 2393 1931 2423 condensant
1963 2393 2090 2423 coelum
2131 2393 2248 2423 caecias
2282 2393 2413 2434 quidem

1410 2436 1512 2474 valde,
1526 2436 1585 2467 libs
1601 2443 1710 2467 autem
1725 2437 1844 2476 rarius;
1862 2437 1979 2467 caecias
1995 2437 2126 2477 quidem
2143 2444 2308 2477 propterea
2323 2438 2413 2478 quod

1412 2480 1542 2511 reflectit
1571 2481 1611 2511 ad
1639 2481 1763 2521 ipsum,
1796 2488 1827 2512 et
1849 2481 1924 2522 quia
1953 2481 2134 2511 communis
2165 2487 2211 2511 est
2240 2481 2354 2512 boreae
2383 2489 2414 2522 et

1413 2532 1508 2555 euro:
1539 2535 1636 2565 quare
1666 2525 1742 2566 quia
1769 2525 1901 2565 frigidus
1929 2532 1975 2556 est
2005 2525 2176 2565 coagulans
2206 2532 2412 2565 vaporantem

1412 2579 1517 2599 aerem
1541 2575 1683 2600 constare
1707 2569 1795 2607 facit,
1816 2569 1890 2610 quia
1914 2575 2021 2600 autem
2044 2569 2116 2600 loco
2141 2569 2325 2609 apelioticus
2350 2576 2412 2608 est,

1412 2613 1507 2644 habet
1538 2613 1674 2644 multam
1706 2613 1870 2644 materiam
1893 2620 1924 2644 et
1945 2623 2099 2653 vaporem
2128 2623 2225 2654 quem
2253 2614 2411 2654 propellit.

1411 2657 1519 2689 Sereni
1551 2664 1658 2689 autem
1682 2658 1834 2698 aparctias
1858 2665 1889 2689 et
1911 2658 2059 2688 thrascias
2091 2664 2122 2688 et
2144 2664 2295 2697 argestes;
2321 2668 2414 2688 causa

1411 2709 1520 2732 autem
1543 2702 1625 2733 dicta
1656 2709 1702 2733 est
1730 2702 1828 2743 prius.
1861 2701 2104 2733 Coruscationes
2135 2701 2254 2732 faciunt
2276 2702 2412 2732 maxime

1412 2753 1519 2777 autem
1542 2746 1575 2776 hi
1599 2753 1630 2777 et
1652 2754 1771 2777 meses:
1795 2746 1871 2787 quia
1894 2746 1980 2776 enim
2004 2746 2043 2775 de
2066 2755 2165 2786 prope
2190 2745 2285 2784 flant,
2310 2745 2413 2785 frigidi

1411 2797 1497 2829 sunt,
1520 2797 1651 2830 propter
1673 2790 1824 2830 frigidum
1847 2797 1956 2821 autem
1978 2790 2149 2829 fulguratio
2168 2789 2218 2820 fit:
2235 2796 2414 2830 segregatur

1411 2835 1498 2865 enim
1527 2834 1743 2865 constantibus
1767 2834 1920 2872 nubibus;
1950 2841 2079 2874 propter
2109 2833 2197 2874 quod
2229 2840 2260 2864 et
2282 2833 2413 2874 quidam

1412 2879 1588 2909 eorundem
1603 2878 1721 2909 horum
1739 2878 1922 2919 grandinosi
1938 2884 2029 2908 sunt:
2046 2877 2107 2908 cito
2132 2877 2217 2907 enim
2233 2877 2410 2917 coagulant.

1345 2967 1526 3007 Ecnephiae
1550 2974 1656 2998 autem
1680 2966 1762 2997 fiunt
1784 2973 1940 2997 autumno
1969 2965 2099 3006 quidem
2123 2964 2274 3002 maxime,
2299 2965 2412 2995 deinde

1411 3021 1500 3049 vere,
1525 3018 1556 3042 et
1579 3011 1714 3041 maxime
1738 3010 1889 3050 aparctias
1908 3017 1938 3040 et
1957 3009 2074 3040 caecias
2093 3015 2124 3039 et
2139 3015 2282 3048 argestes.
2309 3008 2413 3039 Causa

1411 3062 1530 3093 autem,
1548 3055 1622 3096 quia
1646 3054 1816 3095 ecnephiae
1838 3054 1920 3084 fiunt
1943 3053 2079 3083 maxime
2103 3053 2232 3093 quando
2253 3052 2320 3082 aliis
2335 3052 2412 3083 flan-

1412 3100 1496 3130 tibus
1519 3099 1685 3129 inciderint
1708 3098 1775 3136 alii,
1799 3098 1850 3128 isti
1873 3104 1980 3128 autem
2008 3097 2152 3128 incidunt
2181 3096 2317 3126 maxime
2345 3096 2412 3126 aliis

1413 3143 1577 3181 flantibus;
1602 3153 1695 3173 causa
1714 3149 1821 3173 autem
1836 3142 1917 3172 dicta
1933 3148 1979 3172 est
2002 3148 2032 3172 et
2054 3141 2150 3171 huius
2167 3140 2266 3181 prius.
2290 3140 2413 3170 Etesiae

1412 3194 1520 3218 autem
1542 3193 1654 3227 gyrant
1671 3186 1884 3217 habitantibus
1900 3186 1980 3216 circa
2000 3185 2196 3216 occidentem
2217 3194 2253 3214 ex
2269 3184 2412 3224 aparctiis

1411 3232 1445 3261 in
1468 3231 1616 3261 thrascias
1640 3237 1671 3261 et
1693 3237 1828 3270 argestas
1845 3236 1876 3260 et
1893 3230 2049 3270 zephyros
2073 3227 2238 3271 (aparctias
2262 3228 2346 3258 enim
2362 3238 2412 3258 ze·

1412 3275 1532 3316 phyrus
1556 3275 1632 3316 est),
1661 3274 1846 3314 incipientes
1869 3274 2000 3314 quidem
2022 3274 2060 3303 ab
2085 3273 2182 3311 Ursa,
2205 3272 2409 3303 terminantes

1412 3326 1520 3350 autem
1543 3320 1582 3349 ad
1605 3319 1718 3358 longe;
1748 3318 1796 3348 his
1825 3325 1932 3348 autem
1956 3317 2011 3358 qui
2039 3317 2079 3347 ad
2103 3316 2275 3356 orientem,
2301 3323 2412 3357 gyrant

1411 3373 1514 3403 usque
1538 3363 1577 3393 ad
1601 3363 1781 3403 apeliotem.

1345 3453 1393 3482 De
1415 3451 1517 3482 ventis
1541 3450 1671 3491 quidem
1694 3450 1799 3490 igitur,
1821 3456 1851 3480 et
1874 3450 1912 3480 de
1936 3459 1972 3479 ea
1994 3459 2075 3489 quae
2100 3458 2117 3478 a
2140 3447 2295 3488 principio
2318 3457 2410 3487 gene-

1412 3495 1534 3526 ratione
1557 3495 1717 3534 ipsorum,
1742 3500 1773 3524 et
1796 3494 1979 3531 substantia,
2004 3499 2034 3523 et
2056 3492 2268 3523 accidentibus
2292 3491 2410 3531 passio-

1412 3539 1506 3570 nibus
1530 3538 1742 3569 communiter
1765 3545 1795 3569 et
1818 3538 1994 3569 secundum
2017 3545 2300 3578 unumquemque,
2325 3541 2410 3566 tanta

1413 3583 1505 3614 nobis
1529 3583 1610 3614 dicta
1633 3582 1704 3613 sint.

2437 765 2448 776 ¹*
2463 766 2518 793 Seq.
2535 771 2586 793 cap.
2600 772 2633 787 vr.
