<?xml version="1.0" encoding="UTF-8"?>
<!DOCTYPE html PUBLIC "-//W3C//DTD XHTML 1.0 Transitional//EN"
    "http://www.w3.org/TR/xhtml1/DTD/xhtml1-transitional.dtd">
<html xmlns="http://www.w3.org/1999/xhtml" xml:lang="en" lang="en">
 <head>
  <title>
</title>
<meta http-equiv="Content-Type" content="text/html;charset=utf-8" />
  <meta name='ocr-system' content='tesseract 3.04.00' />
  <meta name='ocr-capabilities' content='ocr_page ocr_carea ocr_par ocr_line ocrx_word'/>
</head>
<body>
  <div class='ocr_page' id='page_1' title='image "./operaomniaiussui03thom/operaomniaiussui03thom_0415.png"; bbox 0 0 2782 4134; ppageno 0'>
   <div class='ocr_carea' id='block_1_1' title="bbox 0 748 214 3988">
    <p class='ocr_par' dir='ltr' id='par_1_1' title="bbox 0 748 214 3988">
     <span class='ocr_line' id='line_1_1' title="bbox 0 748 214 3988; baseline 0 0"><span class='ocrx_word' id='word_1_1' title='bbox 0 748 214 3988; x_wconf 95' lang='lat' dir='ltr'> </span> 
     </span>
    </p>
   </div>
   <div class='ocr_carea' id='block_1_2' title="bbox 20 4092 34 4132">
    <p class='ocr_par' dir='ltr' id='par_1_2' title="bbox 20 4092 34 4132">
     <span class='ocr_line' id='line_1_2' title="bbox 20 4092 34 4132; baseline 0 2"><span class='ocrx_word' id='word_1_2' title='bbox 20 4092 34 4132; x_wconf 95' lang='lat' dir='ltr'> </span> 
     </span>
    </p>
   </div>
   <div class='ocr_carea' id='block_1_3' title="bbox 824 254 1305 310">
    <p class='ocr_par' dir='ltr' id='par_1_3' title="bbox 824 254 1305 310">
     <span class='ocr_line' id='line_1_3' title="bbox 824 254 1305 310; baseline 0 -10"><span class='ocrx_word' id='word_1_3' title='bbox 824 254 831 277; x_wconf 69' lang='lat' dir='ltr'><em>s</em></span> <span class='ocrx_word' id='word_1_4' title='bbox 1077 264 1189 301; x_wconf 84' lang='lat' dir='ltr'>CAP.</span> <span class='ocrx_word' id='word_1_5' title='bbox 1218 265 1305 310; x_wconf 86' lang='lat' dir='ltr'>XII,</span> 
     </span>
    </p>
   </div>
   <div class='ocr_carea' id='block_1_4' title="bbox 234 340 1304 602">
    <p class='ocr_par' dir='ltr' id='par_1_4' title="bbox 234 340 1304 602">
     <span class='ocr_line' id='line_1_4' title="bbox 234 340 1303 390; baseline 0.002 -13"><span class='ocrx_word' id='word_1_6' title='bbox 234 340 343 390; x_wconf 90' lang='lat' dir='ltr'>ponit</span> <span class='ocrx_word' id='word_1_7' title='bbox 371 342 581 379; x_wconf 87' lang='lat' dir='ltr'>secundam</span> <span class='ocrx_word' id='word_1_8' title='bbox 619 342 892 379; x_wconf 86' lang='lat' dir='ltr'>difficultatem.</span> <span class='ocrx_word' id='word_1_9' title='bbox 923 343 972 379; x_wconf 93' lang='lat' dir='ltr'>Et</span> <span class='ocrx_word' id='word_1_10' title='bbox 1001 343 1099 379; x_wconf 91' lang='lat' dir='ltr'>circa</span> <span class='ocrx_word' id='word_1_11' title='bbox 1126 344 1201 379; x_wconf 90' lang='lat' dir='ltr'>hoc</span> <span class='ocrx_word' id='word_1_12' title='bbox 1233 342 1303 380; x_wconf 91' lang='lat' dir='ltr'>tria</span> 
     </span>
     <span class='ocr_line' id='line_1_5' title="bbox 234 393 1303 444; baseline 0.002 -14"><span class='ocrx_word' id='word_1_13' title='bbox 234 393 332 430; x_wconf 82' lang='lat' dir='ltr'>facit.</span> <span class='ocrx_word' id='word_1_14' title='bbox 354 394 484 431; x_wconf 90' lang='lat' dir='ltr'>Primo</span> <span class='ocrx_word' id='word_1_15' title='bbox 512 395 622 444; x_wconf 92' lang='lat' dir='ltr'>ponit</span> <span class='ocrx_word' id='word_1_16' title='bbox 640 395 912 432; x_wconf 89' lang='lat' dir='ltr'>difficultatem.</span> <span class='ocrx_word' id='word_1_17' title='bbox 943 396 992 432; x_wconf 90' lang='lat' dir='ltr'>Et</span> <span class='ocrx_word' id='word_1_18' title='bbox 1016 395 1105 432; x_wconf 89' lang='lat' dir='ltr'>dicit</span> <span class='ocrx_word' id='word_1_19' title='bbox 1123 396 1230 443; x_wconf 94' lang='lat' dir='ltr'>quod</span> <span class='ocrx_word' id='word_1_20' title='bbox 1248 396 1303 432; x_wconf 91' lang='lat' dir='ltr'>in-</span> 
     </span>
     <span class='ocr_line' id='line_1_6' title="bbox 237 447 1302 496; baseline 0.002 -13"><span class='ocrx_word' id='word_1_21' title='bbox 237 447 472 484; x_wconf 87' lang='lat' dir='ltr'>conveniens</span> <span class='ocrx_word' id='word_1_22' title='bbox 499 448 652 485; x_wconf 89' lang='lat' dir='ltr'>videtur</span> <span class='ocrx_word' id='word_1_23' title='bbox 679 447 783 496; x_wconf 91' lang='lat' dir='ltr'>quod</span> <span class='ocrx_word' id='word_1_24' title='bbox 817 455 918 496; x_wconf 88' lang='lat' dir='ltr'>aqua</span> <span class='ocrx_word' id='word_1_25' title='bbox 946 450 1164 496; x_wconf 86' lang='lat' dir='ltr'>congeletur</span> <span class='ocrx_word' id='word_1_26' title='bbox 1191 461 1302 496; x_wconf 90' lang='lat' dir='ltr'>supe-</span> 
     </span>
     <span class='ocr_line' id='line_1_7' title="bbox 235 499 1304 550; baseline 0.001 -14"><span class='ocrx_word' id='word_1_27' title='bbox 235 499 334 536; x_wconf 87' lang='lat' dir='ltr'>rius:</span> <span class='ocrx_word' id='word_1_28' title='bbox 363 500 453 549; x_wconf 90' lang='lat' dir='ltr'>quia</span> <span class='ocrx_word' id='word_1_29' title='bbox 490 512 569 537; x_wconf 91' lang='lat' dir='ltr'>non</span> <span class='ocrx_word' id='word_1_30' title='bbox 601 508 728 549; x_wconf 90' lang='lat' dir='ltr'>potest</span> <span class='ocrx_word' id='word_1_31' title='bbox 745 506 759 523; x_wconf 85' lang='lat'>’¹</span> <span class='ocrx_word' id='word_1_32' title='bbox 789 501 979 548; x_wconf 89' lang='lat' dir='ltr'>congelari</span> <span class='ocrx_word' id='word_1_33' title='bbox 1016 509 1221 550; x_wconf 83' lang='lat' dir='ltr'>antequam</span> <span class='ocrx_word' id='word_1_34' title='bbox 1257 501 1304 537; x_wconf 91' lang='lat' dir='ltr'>sit</span> 
     </span>
     <span class='ocr_line' id='line_1_8' title="bbox 235 553 1303 602; baseline 0.001 -13"><span class='ocrx_word' id='word_1_35' title='bbox 235 553 354 598; x_wconf 84' lang='lat' dir='ltr'>facta3</span> <span class='ocrx_word' id='word_1_36' title='bbox 383 564 509 602; x_wconf 90' lang='lat' dir='ltr'>neque</span> <span class='ocrx_word' id='word_1_37' title='bbox 537 560 743 602; x_wconf 85' lang='lat' dir='ltr'>postquam</span> <span class='ocrx_word' id='word_1_38' title='bbox 772 561 828 590; x_wconf 90' lang='lat' dir='ltr'>est</span> <span class='ocrx_word' id='word_1_39' title='bbox 855 554 972 599; x_wconf 89' lang='lat' dir='ltr'>facta,</span> <span class='ocrx_word' id='word_1_40' title='bbox 1003 566 1201 590; x_wconf 90' lang='lat' dir='ltr'>remanere</span> <span class='ocrx_word' id='word_1_41' title='bbox 1231 555 1303 590; x_wconf 93' lang='lat' dir='ltr'>ele-</span> 
     </span>
    </p>
   </div>
   <div class='ocr_carea' id='block_1_5' title="bbox 234 605 1309 654">
    <p class='ocr_par' dir='ltr' id='par_1_5' title="bbox 234 605 1309 654">
     <span class='ocr_line' id='line_1_9' title="bbox 234 605 1309 654; baseline 0 -11"><span class='ocrx_word' id='word_1_42' title='bbox 234 613 345 652; x_wconf 83' lang='lat' dir='ltr'>vata,</span> <span class='ocrx_word' id='word_1_43' title='bbox 375 606 559 654; x_wconf 88' lang='lat' dir='ltr'>quoniam</span> <span class='ocrx_word' id='word_1_44' title='bbox 593 605 718 642; x_wconf 90' lang='lat' dir='ltr'>statim</span> <span class='ocrx_word' id='word_1_45' title='bbox 757 606 867 643; x_wconf 91' lang='lat' dir='ltr'>cadit.</span> <span class='ocrx_word' id='word_1_46' title='bbox 905 607 1018 643; x_wconf 87' lang='lat' dir='ltr'>Unde</span> <span class='ocrx_word' id='word_1_47' title='bbox 1046 619 1125 643; x_wconf 93' lang='lat' dir='ltr'>non</span> <span class='ocrx_word' id='word_1_48' title='bbox 1152 606 1309 651; x_wconf 64' lang='lat' dir='ltr'>videtur⁴</span> 
     </span>
    </p>
   </div>
   <div class='ocr_carea' id='block_1_6' title="bbox 179 658 1306 1716">
    <p class='ocr_par' dir='ltr' id='par_1_6' title="bbox 235 658 1303 760">
     <span class='ocr_line' id='line_1_10' title="bbox 235 658 1303 707; baseline 0 -12"><span class='ocrx_word' id='word_1_49' title='bbox 235 658 343 707; x_wconf 90' lang='lat' dir='ltr'>quod</span> <span class='ocrx_word' id='word_1_50' title='bbox 369 658 490 707; x_wconf 89' lang='lat' dir='ltr'>possit</span> <span class='ocrx_word' id='word_1_51' title='bbox 524 658 604 695; x_wconf 90' lang='lat' dir='ltr'>dari</span> <span class='ocrx_word' id='word_1_52' title='bbox 640 666 792 706; x_wconf 89' lang='lat' dir='ltr'>tempus</span> <span class='ocrx_word' id='word_1_53' title='bbox 828 659 869 695; x_wconf 92' lang='lat' dir='ltr'>in</span> <span class='ocrx_word' id='word_1_54' title='bbox 897 671 974 707; x_wconf 92' lang='lat' dir='ltr'>quo</span> <span class='ocrx_word' id='word_1_55' title='bbox 1009 660 1226 707; x_wconf 88' lang='lat' dir='ltr'>congeletur</span> <span class='ocrx_word' id='word_1_56' title='bbox 1254 659 1303 696; x_wconf 92' lang='lat' dir='ltr'>ad</span> 
     </span>
     <span class='ocr_line' id='line_1_11' title="bbox 235 711 755 760; baseline -0.002 -12"><span class='ocrx_word' id='word_1_57' title='bbox 235 711 523 760; x_wconf 86' lang='lat' dir='ltr'>generationem</span> <span class='ocrx_word' id='word_1_58' title='bbox 551 711 755 759; x_wconf 86' lang='lat' dir='ltr'>grandinis.</span> 
     </span>
    </p>

    <p class='ocr_par' dir='ltr' id='par_1_7' title="bbox 179 764 1306 1716">
     <span class='ocr_line' id='line_1_12' title="bbox 288 764 1305 813; baseline 0.001 -13"><span class='ocrx_word' id='word_1_59' title='bbox 288 775 327 811; x_wconf 94' lang='lat'>4.</span> <span class='ocrx_word' id='word_1_60' title='bbox 364 765 542 801; x_wconf 91' lang='lat' dir='ltr'>Secundo</span> <span class='ocrx_word' id='word_1_61' title='bbox 577 764 653 801; x_wconf 87' lang='lat' dir='ltr'>ibi:</span> <span class='ocrx_word' id='word_1_62' title='bbox 691 765 743 801; x_wconf 81' lang='lat' dir='ltr'>At</span> <span class='ocrx_word' id='word_1_63' title='bbox 776 775 868 801; x_wconf 77' lang='lat' dir='ltr'>vero</span> <span class='ocrx_word' id='word_1_64' title='bbox 906 776 1026 813; x_wconf 87' lang='lat' dir='ltr'>neque</span> <span class='ocrx_word' id='word_1_65' title='bbox 1062 765 1305 813; x_wconf 83' lang='lat' dir='ltr'>quemadmo-</span> 
     </span>
     <span class='ocr_line' id='line_1_13' title="bbox 234 817 1304 866; baseline 0 -12"><span class='ocrx_word' id='word_1_66' title='bbox 234 817 326 854; x_wconf 91' lang='lat' dir='ltr'>dum</span> <span class='ocrx_word' id='word_1_67' title='bbox 347 824 431 864; x_wconf 91' lang='lat' dir='ltr'>etc.,</span> <span class='ocrx_word' id='word_1_68' title='bbox 451 817 559 866; x_wconf 91' lang='lat' dir='ltr'>ponit</span> <span class='ocrx_word' id='word_1_69' title='bbox 578 817 774 865; x_wconf 88' lang='lat' dir='ltr'>quandam</span> <span class='ocrx_word' id='word_1_70' title='bbox 803 825 1053 866; x_wconf 88' lang='lat' dir='ltr'>apparentem</span> <span class='ocrx_word' id='word_1_71' title='bbox 1074 817 1304 854; x_wconf 91' lang='lat' dir='ltr'>solutionem</span> 
     </span>
     <span class='ocr_line' id='line_1_14' title="bbox 235 869 1304 919; baseline 0 -12"><span class='ocrx_word' id='word_1_72' title='bbox 235 869 349 907; x_wconf 88' lang='lat' dir='ltr'>huius</span> <span class='ocrx_word' id='word_1_73' title='bbox 368 870 609 907; x_wconf 83' lang='lat' dir='ltr'>difficultatis.</span> <span class='ocrx_word' id='word_1_74' title='bbox 630 871 766 907; x_wconf 87' lang='lat' dir='ltr'>Posset</span> <span class='ocrx_word' id='word_1_75' title='bbox 785 871 888 907; x_wconf 92' lang='lat' dir='ltr'>enim</span> <span class='ocrx_word' id='word_1_76' title='bbox 903 870 1036 919; x_wconf 88' lang='lat' dir='ltr'>aliquis</span> <span class='ocrx_word' id='word_1_77' title='bbox 1056 870 1180 907; x_wconf 86' lang='lat' dir='ltr'>dicere</span> <span class='ocrx_word' id='word_1_78' title='bbox 1200 871 1304 919; x_wconf 92' lang='lat' dir='ltr'>quod</span> 
     </span>
     <span class='ocr_line' id='line_1_15' title="bbox 236 923 1304 972; baseline 0 -12"><span class='ocrx_word' id='word_1_79' title='bbox 236 935 350 971; x_wconf 92' lang='lat' dir='ltr'>aqua,</span> <span class='ocrx_word' id='word_1_80' title='bbox 371 923 494 961; x_wconf 86' lang='lat' dir='ltr'>divisa</span> <span class='ocrx_word' id='word_1_81' title='bbox 513 923 551 960; x_wconf 92' lang='lat' dir='ltr'>in</span> <span class='ocrx_word' id='word_1_82' title='bbox 570 930 698 972; x_wconf 90' lang='lat' dir='ltr'>partes</span> <span class='ocrx_word' id='word_1_83' title='bbox 729 923 920 970; x_wconf 90' lang='lat' dir='ltr'>minimas,</span> <span class='ocrx_word' id='word_1_84' title='bbox 951 931 1123 960; x_wconf 89' lang='lat' dir='ltr'>remanet</span> <span class='ocrx_word' id='word_1_85' title='bbox 1150 924 1189 960; x_wconf 91' lang='lat' dir='ltr'>in</span> <span class='ocrx_word' id='word_1_86' title='bbox 1217 935 1304 960; x_wconf 90' lang='lat' dir='ltr'>aere</span> 
     </span>
     <span class='ocr_line' id='line_1_16' title="bbox 179 976 1304 1026; baseline 0.001 -13"><span class='ocrx_word' id='word_1_87' title='bbox 179 981 181 983; x_wconf 83' lang='lat'>&#39;</span> <span class='ocrx_word' id='word_1_88' title='bbox 237 976 345 1026; x_wconf 80' lang='lat' dir='ltr'>quasi</span> <span class='ocrx_word' id='word_1_89' title='bbox 373 976 407 1012; x_wconf 89' lang='lat' dir='ltr'>ei</span> <span class='ocrx_word' id='word_1_90' title='bbox 436 976 665 1022; x_wconf 87' lang='lat' dir='ltr'>commixta;</span> <span class='ocrx_word' id='word_1_91' title='bbox 696 983 732 1013; x_wconf 91' lang='lat' dir='ltr'>et</span> <span class='ocrx_word' id='word_1_92' title='bbox 750 989 829 1013; x_wconf 91' lang='lat' dir='ltr'>non</span> <span class='ocrx_word' id='word_1_93' title='bbox 853 977 952 1014; x_wconf 89' lang='lat' dir='ltr'>cadit</span> <span class='ocrx_word' id='word_1_94' title='bbox 980 977 1118 1024; x_wconf 89' lang='lat' dir='ltr'>statim,</span> <span class='ocrx_word' id='word_1_95' title='bbox 1138 977 1205 1014; x_wconf 90' lang='lat' dir='ltr'>sed</span> <span class='ocrx_word' id='word_1_96' title='bbox 1233 976 1304 1013; x_wconf 91' lang='lat' dir='ltr'>im-</span> 
     </span>
     <span class='ocr_line' id='line_1_17' title="bbox 236 1029 1306 1078; baseline 0 -12"><span class='ocrx_word' id='word_1_97' title='bbox 236 1037 408 1067; x_wconf 83' lang='lat' dir='ltr'>moratur</span> <span class='ocrx_word' id='word_1_98' title='bbox 435 1029 474 1066; x_wconf 91' lang='lat' dir='ltr'>in</span> <span class='ocrx_word' id='word_1_99' title='bbox 502 1041 601 1067; x_wconf 89' lang='lat' dir='ltr'>aere.</span> <span class='ocrx_word' id='word_1_100' title='bbox 632 1030 682 1066; x_wconf 91' lang='lat' dir='ltr'>Et</span> <span class='ocrx_word' id='word_1_101' title='bbox 703 1029 724 1051; x_wconf 75' lang='lat'>&#39;¹‘</span> <span class='ocrx_word' id='word_1_102' title='bbox 750 1042 819 1078; x_wconf 92' lang='lat' dir='ltr'>per</span> <span class='ocrx_word' id='word_1_103' title='bbox 845 1030 950 1067; x_wconf 90' lang='lat' dir='ltr'>hunc</span> <span class='ocrx_word' id='word_1_104' title='bbox 980 1030 1143 1067; x_wconf 90' lang='lat' dir='ltr'>modum</span> <span class='ocrx_word' id='word_1_105' title='bbox 1171 1029 1306 1067; x_wconf 91' lang='lat' dir='ltr'>accidit</span> 
     </span>
     <span class='ocr_line' id='line_1_18' title="bbox 202 1082 1306 1133; baseline 0 -14"><span class='ocrx_word' id='word_1_106' title='bbox 202 1109 209 1116; x_wconf 91' lang='lat'>.</span> <span class='ocrx_word' id='word_1_107' title='bbox 234 1082 392 1133; x_wconf 80' lang='lat' dir='ltr'>‘quando</span> <span class='ocrx_word' id='word_1_108' title='bbox 414 1082 555 1120; x_wconf 88' lang='lat' dir='ltr'>cadunt</span> <span class='ocrx_word' id='word_1_109' title='bbox 565 1083 759 1131; x_wconf 84' lang='lat' dir='ltr'>psecades,</span> <span class='ocrx_word' id='word_1_110' title='bbox 780 1083 827 1120; x_wconf 91' lang='lat' dir='ltr'>de</span> <span class='ocrx_word' id='word_1_111' title='bbox 847 1083 986 1132; x_wconf 94' lang='lat' dir='ltr'>quibus</span> <span class='ocrx_word' id='word_1_112' title='bbox 1006 1082 1149 1131; x_wconf 78' lang='lat' dir='ltr'>supra*</span> <span class='ocrx_word' id='word_1_113' title='bbox 1164 1083 1306 1120; x_wconf 90' lang='lat' dir='ltr'>dictum</span> 
     </span>
     <span class='ocr_line' id='line_1_19' title="bbox 234 1135 1304 1185; baseline 0 -13"><span class='ocrx_word' id='word_1_114' title='bbox 234 1142 304 1173; x_wconf 78' lang='lat' dir='ltr'>est.</span> <span class='ocrx_word' id='word_1_115' title='bbox 325 1135 376 1176; x_wconf 86' lang='lat' dir='ltr'>Et</span> <span class='ocrx_word' id='word_1_116' title='bbox 393 1135 517 1173; x_wconf 85' lang='lat' dir='ltr'>simile</span> <span class='ocrx_word' id='word_1_117' title='bbox 537 1143 592 1172; x_wconf 89' lang='lat' dir='ltr'>est</span> <span class='ocrx_word' id='word_1_118' title='bbox 612 1136 726 1172; x_wconf 89' lang='lat' dir='ltr'>etiam</span> <span class='ocrx_word' id='word_1_119' title='bbox 745 1136 792 1173; x_wconf 89' lang='lat' dir='ltr'>de</span> <span class='ocrx_word' id='word_1_120' title='bbox 811 1143 911 1173; x_wconf 92' lang='lat' dir='ltr'>terra</span> <span class='ocrx_word' id='word_1_121' title='bbox 929 1136 949 1158; x_wconf 82' lang='lat'><strong>*</strong></span> <span class='ocrx_word' id='word_1_122' title='bbox 976 1144 1151 1185; x_wconf 89' lang='lat' dir='ltr'>respectu</span> <span class='ocrx_word' id='word_1_123' title='bbox 1170 1148 1304 1184; x_wconf 81' lang='lat' dir='ltr'>aquae,</span> 
     </span>
     <span class='ocr_line' id='line_1_20' title="bbox 236 1188 1303 1238; baseline -0.001 -12"><span class='ocrx_word' id='word_1_124' title='bbox 236 1200 341 1238; x_wconf 67' lang='lat' dir='ltr'>quae</span> <span class='ocrx_word' id='word_1_125' title='bbox 364 1188 415 1226; x_wconf 87' lang='lat' dir='ltr'>ita</span> <span class='ocrx_word' id='word_1_126' title='bbox 427 1189 618 1232; x_wconf 69' lang='lat' dir='ltr'>,sehabet</span> <span class='ocrx_word' id='word_1_127' title='bbox 637 1189 685 1226; x_wconf 92' lang='lat' dir='ltr'>ad</span> <span class='ocrx_word' id='word_1_128' title='bbox 705 1197 846 1226; x_wconf 90' lang='lat' dir='ltr'>terram</span> <span class='ocrx_word' id='word_1_129' title='bbox 865 1189 960 1226; x_wconf 92' lang='lat' dir='ltr'>sicut</span> <span class='ocrx_word' id='word_1_130' title='bbox 987 1201 1053 1226; x_wconf 90' lang='lat' dir='ltr'>aer</span> <span class='ocrx_word' id='word_1_131' title='bbox 1071 1189 1120 1226; x_wconf 92' lang='lat' dir='ltr'>ad</span> <span class='ocrx_word' id='word_1_132' title='bbox 1145 1201 1303 1238; x_wconf 89' lang='lat' dir='ltr'>aquam:</span> 
     </span>
     <span class='ocr_line' id='line_1_21' title="bbox 197 1236 1304 1301; baseline -0.001 -22"><span class='ocrx_word' id='word_1_133' title='bbox 197 1251 210 1261; x_wconf 50' lang='lat' dir='ltr'>t</span> <span class='ocrx_word' id='word_1_134' title='bbox 235 1236 452 1291; x_wconf 51' lang='lat' dir='ltr'>trementer</span> <span class='ocrx_word' id='word_1_135' title='bbox 472 1242 573 1279; x_wconf 90' lang='lat' dir='ltr'>enim</span> <span class='ocrx_word' id='word_1_136' title='bbox 593 1254 731 1279; x_wconf 89' lang='lat' dir='ltr'>aurum</span> <span class='ocrx_word' id='word_1_137' title='bbox 745 1243 808 1279; x_wconf 89' lang='lat' dir='ltr'>vel</span> <span class='ocrx_word' id='word_1_138' title='bbox 828 1249 928 1279; x_wconf 90' lang='lat' dir='ltr'>terra</span> <span class='ocrx_word' id='word_1_139' title='bbox 946 1249 1166 1301; x_wconf 85' lang='lat' dir='ltr'>supernatat</span> <span class='ocrx_word' id='word_1_140' title='bbox 1183 1253 1304 1290; x_wconf 88' lang='lat' dir='ltr'>aquae</span> 
     </span>
     <span class='ocr_line' id='line_1_22' title="bbox 233 1293 1306 1345; baseline -0.001 -13"><span class='ocrx_word' id='word_1_141' title='bbox 233 1301 393 1345; x_wconf 69' lang='lat' dir='ltr'>pmpter</span> <span class='ocrx_word' id='word_1_142' title='bbox 409 1295 638 1344; x_wconf 89' lang='lat' dir='ltr'>parvitatem</span> <span class='ocrx_word' id='word_1_143' title='bbox 658 1293 852 1344; x_wconf 71' lang='lat' dir='ltr'>partium·</span> <span class='ocrx_word' id='word_1_144' title='bbox 859 1308 869 1340; x_wconf 89' lang='lat'>;</span> <span class='ocrx_word' id='word_1_145' title='bbox 894 1295 962 1332; x_wconf 91' lang='lat' dir='ltr'>sed</span> <span class='ocrx_word' id='word_1_146' title='bbox 982 1295 1013 1332; x_wconf 92' lang='lat' dir='ltr'>si</span> <span class='ocrx_word' id='word_1_147' title='bbox 1032 1306 1306 1342; x_wconf 87' lang='lat' dir='ltr'>congregaren—</span> 
     </span>
     <span class='ocr_line' id='line_1_23' title="bbox 234 1347 1304 1397; baseline -0.002 -11"><span class='ocrx_word' id='word_1_148' title='bbox 234 1347 399 1386; x_wconf 65' lang='lat' dir='ltr'>nii-‘illae</span> <span class='ocrx_word' id='word_1_149' title='bbox 417 1356 544 1397; x_wconf 88' lang='lat' dir='ltr'>partes</span> <span class='ocrx_word' id='word_1_150' title='bbox 562 1355 684 1385; x_wconf 89' lang='lat' dir='ltr'>terrae</span> <span class='ocrx_word' id='word_1_151' title='bbox 703 1349 766 1385; x_wconf 92' lang='lat' dir='ltr'>vel</span> <span class='ocrx_word' id='word_1_152' title='bbox 785 1348 878 1395; x_wconf 86' lang='lat' dir='ltr'>auri,</span> <span class='ocrx_word' id='word_1_153' title='bbox 900 1348 1080 1385; x_wconf 85' lang='lat' dir='ltr'>caderent</span> <span class='ocrx_word' id='word_1_154' title='bbox 1097 1348 1168 1384; x_wconf 92' lang='lat' dir='ltr'>sub</span> <span class='ocrx_word' id='word_1_155' title='bbox 1193 1360 1304 1396; x_wconf 91' lang='lat' dir='ltr'>aqua.</span> 
     </span>
     <span class='ocr_line' id='line_1_24' title="bbox 235 1396 1305 1460; baseline -0.001 -22"><span class='ocrx_word' id='word_1_156' title='bbox 235 1396 362 1449; x_wconf 75' lang='lat' dir='ltr'>Unlde,</span> <span class='ocrx_word' id='word_1_157' title='bbox 383 1401 619 1449; x_wconf 90' lang='lat' dir='ltr'>congregatis</span> <span class='ocrx_word' id='word_1_158' title='bbox 645 1401 775 1450; x_wconf 86' lang='lat' dir='ltr'>parvis</span> <span class='ocrx_word' id='word_1_159' title='bbox 797 1401 969 1450; x_wconf 89' lang='lat' dir='ltr'>partibus</span> <span class='ocrx_word' id='word_1_160' title='bbox 988 1413 1110 1460; x_wconf 79' lang='lat' dir='ltr'>aquae</span> <span class='ocrx_word' id='word_1_161' title='bbox 1131 1413 1229 1449; x_wconf 91' lang='lat' dir='ltr'>quae</span> <span class='ocrx_word' id='word_1_162' title='bbox 1250 1413 1305 1437; x_wconf 90' lang='lat' dir='ltr'>re-</span> 
     </span>
     <span class='ocr_line' id='line_1_25' title="bbox 234 1453 1305 1514; baseline -0.002 -22"><span class='ocrx_word' id='word_1_163' title='bbox 234 1453 387 1493; x_wconf 67' lang='lat' dir='ltr'>uident</span> <span class='ocrx_word' id='word_1_164' title='bbox 377 1466 416 1492; x_wconf 88' lang='lat' dir='ltr'>m</span> <span class='ocrx_word' id='word_1_165' title='bbox 431 1466 531 1502; x_wconf 87' lang='lat' dir='ltr'>aere,</span> <span class='ocrx_word' id='word_1_166' title='bbox 547 1455 644 1491; x_wconf 91' lang='lat' dir='ltr'>fiunt</span> <span class='ocrx_word' id='word_1_167' title='bbox 658 1466 822 1514; x_wconf 78' lang='lat' dir='ltr'>magnae</span> <span class='ocrx_word' id='word_1_168' title='bbox 840 1462 979 1502; x_wconf 86' lang='lat' dir='ltr'>guttae,</span> <span class='ocrx_word' id='word_1_169' title='bbox 1001 1462 1037 1490; x_wconf 89' lang='lat' dir='ltr'>et</span> <span class='ocrx_word' id='word_1_170' title='bbox 1055 1453 1108 1490; x_wconf 93' lang='lat' dir='ltr'>sic</span> <span class='ocrx_word' id='word_1_171' title='bbox 1125 1454 1305 1491; x_wconf 89' lang='lat' dir='ltr'>deorsum</span> 
     </span>
     <span class='ocr_line' id='line_1_26' title="bbox 234 1507 1305 1556; baseline -0.003 -10"><span class='ocrx_word' id='word_1_172' title='bbox 234 1507 407 1546; x_wconf 67' lang='lat' dir='ltr'>teruntur</span> <span class='ocrx_word' id='word_1_173' title='bbox 423 1508 621 1556; x_wconf 89' lang='lat' dir='ltr'>psecades.</span> <span class='ocrx_word' id='word_1_174' title='bbox 642 1508 693 1544; x_wconf 78' lang='lat' dir='ltr'>Et&#39;</span> <span class='ocrx_word' id='word_1_175' title='bbox 710 1507 759 1544; x_wconf 87' lang='lat' dir='ltr'>ita</span> <span class='ocrx_word' id='word_1_176' title='bbox 778 1514 908 1555; x_wconf 90' lang='lat' dir='ltr'>posset</span> <span class='ocrx_word' id='word_1_177' title='bbox 926 1507 1061 1556; x_wconf 91' lang='lat' dir='ltr'>aliquis</span> <span class='ocrx_word' id='word_1_178' title='bbox 1081 1507 1206 1544; x_wconf 86' lang='lat' dir='ltr'>dicere</span> <span class='ocrx_word' id='word_1_179' title='bbox 1226 1519 1305 1544; x_wconf 90' lang='lat' dir='ltr'>non</span> 
     </span>
     <span class='ocr_line' id='line_1_27' title="bbox 237 1560 1305 1619; baseline -0.002 -20"><span class='ocrx_word' id='word_1_180' title='bbox 237 1572 322 1598; x_wconf 86' lang='lat' dir='ltr'>esse</span> <span class='ocrx_word' id='word_1_181' title='bbox 349 1560 626 1598; x_wconf 83' lang='lat' dir='ltr'>inconveniens</span> <span class='ocrx_word' id='word_1_182' title='bbox 653 1560 759 1619; x_wconf 81' lang='lat' dir='ltr'>quod</span> <span class='ocrx_word' id='word_1_183' title='bbox 778 1566 904 1609; x_wconf 79' lang='lat' dir='ltr'>aqua·</span> <span class='ocrx_word' id='word_1_184' title='bbox 930 1560 1099 1597; x_wconf 91' lang='lat' dir='ltr'>insidens</span> <span class='ocrx_word' id='word_1_185' title='bbox 1119 1560 1196 1598; x_wconf 90' lang='lat' dir='ltr'>aeri</span> <span class='ocrx_word' id='word_1_186' title='bbox 1216 1573 1305 1597; x_wconf 91' lang='lat' dir='ltr'>con-</span> 
     </span>
     <span class='ocr_line' id='line_1_28' title="bbox 234 1613 1045 1663; baseline -0.002 -11"><span class='ocrx_word' id='word_1_187' title='bbox 234 1614 423 1663; x_wconf 74' lang='lat' dir='ltr'>gelaretur</span> <span class='ocrx_word' id='word_1_188' title='bbox 450 1613 499 1650; x_wconf 86' lang='lat' dir='ltr'>ad</span> <span class='ocrx_word' id='word_1_189' title='bbox 526 1613 811 1661; x_wconf 85' lang='lat' dir='ltr'>generationem</span> <span class='ocrx_word' id='word_1_190' title='bbox 841 1613 1045 1660; x_wconf 84' lang='lat' dir='ltr'>grandinis.</span> 
     </span>
     <span class='ocr_line' id='line_1_29' title="bbox 283 1665 1303 1716; baseline 0 -12"><span class='ocrx_word' id='word_1_191' title='bbox 283 1666 490 1712; x_wconf 64' lang='lat' dir='ltr'>25..;.Tenio</span> <span class='ocrx_word' id='word_1_192' title='bbox 523 1665 598 1703; x_wconf 89' lang='lat' dir='ltr'>ibi:</span> <span class='ocrx_word' id='word_1_193' title='bbox 635 1667 726 1703; x_wconf 89' lang='lat' dir='ltr'>Hoc</span> <span class='ocrx_word' id='word_1_194' title='bbox 761 1666 862 1703; x_wconf 86' lang='lat' dir='ltr'>enim</span> <span class='ocrx_word' id='word_1_195' title='bbox 896 1678 971 1703; x_wconf 86' lang='lat' dir='ltr'>non</span> <span class='ocrx_word' id='word_1_196' title='bbox 1000 1667 1184 1716; x_wconf 82' lang='lat' dir='ltr'>contingit</span> <span class='ocrx_word' id='word_1_197' title='bbox 1211 1674 1303 1713; x_wconf 92' lang='lat' dir='ltr'>etc.,</span> 
     </span>
    </p>
   </div>
   <div class='ocr_carea' id='block_1_7' title="bbox 95 1704 1304 1768">
    <p class='ocr_par' dir='ltr' id='par_1_8' title="bbox 95 1704 1304 1768">
     <span class='ocr_line' id='line_1_30' title="bbox 95 1704 1304 1768; baseline -0.001 -10"><span class='ocrx_word' id='word_1_198' title='bbox 95 1706 99 1707; x_wconf 28' lang='lat'><em>⁷</em></span> <span class='ocrx_word' id='word_1_199' title='bbox 121 1704 131 1722; x_wconf 54' lang='lat'><strong>⁵</strong></span> <span class='ocrx_word' id='word_1_200' title='bbox 175 1757 179 1760; x_wconf 82' lang='grc'><strong>,</strong></span> <span class='ocrx_word' id='word_1_201' title='bbox 195 1724 204 1732; x_wconf 81' lang='grc'><strong>’</strong></span> <span class='ocrx_word' id='word_1_202' title='bbox 232 1719 400 1758; x_wconf 70' lang='lat' dir='ltr'>e‘xeludit</span> <span class='ocrx_word' id='word_1_203' title='bbox 419 1719 559 1757; x_wconf 91' lang='lat' dir='ltr'>dictam</span> <span class='ocrx_word' id='word_1_204' title='bbox 579 1719 828 1756; x_wconf 88' lang='lat' dir='ltr'>solutionem:</span> <span class='ocrx_word' id='word_1_205' title='bbox 841 1718 972 1756; x_wconf 91' lang='lat' dir='ltr'>dicens</span> <span class='ocrx_word' id='word_1_206' title='bbox 991 1721 1097 1768; x_wconf 93' lang='lat' dir='ltr'>quod</span> <span class='ocrx_word' id='word_1_207' title='bbox 1116 1732 1195 1757; x_wconf 90' lang='lat' dir='ltr'>non</span> <span class='ocrx_word' id='word_1_208' title='bbox 1215 1733 1304 1757; x_wconf 90' lang='lat' dir='ltr'>con-</span> 
     </span>
    </p>
   </div>
   <div class='ocr_carea' id='block_1_8' title="bbox 225 1771 1305 3042">
    <p class='ocr_par' dir='ltr' id='par_1_9' title="bbox 185 1771 1305 2675">
     <span class='ocr_line' id='line_1_31' title="bbox 234 1771 1301 1822; baseline 0.001 -13"><span class='ocrx_word' id='word_1_209' title='bbox 234 1771 350 1821; x_wconf 61' lang='lat' dir='ltr'>tingit.</span> <span class='ocrx_word' id='word_1_210' title='bbox 369 1772 453 1810; x_wconf 87' lang='lat' dir='ltr'>fieri</span> <span class='ocrx_word' id='word_1_211' title='bbox 479 1772 519 1809; x_wconf 90' lang='lat' dir='ltr'>in</span> <span class='ocrx_word' id='word_1_212' title='bbox 547 1772 743 1820; x_wconf 83' lang='lat' dir='ltr'>grandine,</span> <span class='ocrx_word' id='word_1_213' title='bbox 773 1772 868 1809; x_wconf 90' lang='lat' dir='ltr'>sicut</span> <span class='ocrx_word' id='word_1_214' title='bbox 896 1772 1078 1821; x_wconf 90' lang='lat' dir='ltr'>contingit</span> <span class='ocrx_word' id='word_1_215' title='bbox 1104 1773 1143 1810; x_wconf 92' lang='lat' dir='ltr'>in</span> <span class='ocrx_word' id='word_1_216' title='bbox 1170 1785 1301 1822; x_wconf 91' lang='lat' dir='ltr'>pseca-</span> 
     </span>
     <span class='ocr_line' id='line_1_32' title="bbox 231 1825 1305 1875; baseline -0.001 -11"><span class='ocrx_word' id='word_1_217' title='bbox 231 1825 348 1864; x_wconf 58' lang='lat' dir='ltr'>&amp;us</span> <span class='ocrx_word' id='word_1_218' title='bbox 366 1832 392 1863; x_wconf 69' lang='lat'>⁸.</span> <span class='ocrx_word' id='word_1_219' title='bbox 423 1825 525 1873; x_wconf 90' lang='lat' dir='ltr'>Quia</span> <span class='ocrx_word' id='word_1_220' title='bbox 551 1833 679 1875; x_wconf 91' lang='lat' dir='ltr'>partes</span> <span class='ocrx_word' id='word_1_221' title='bbox 707 1837 831 1875; x_wconf 88' lang='lat' dir='ltr'>aquae</span> <span class='ocrx_word' id='word_1_222' title='bbox 859 1827 1090 1874; x_wconf 86' lang='lat' dir='ltr'>congelatae,</span> <span class='ocrx_word' id='word_1_223' title='bbox 1120 1826 1150 1863; x_wconf 92' lang='lat' dir='ltr'>si</span> <span class='ocrx_word' id='word_1_224' title='bbox 1180 1834 1305 1863; x_wconf 91' lang='lat' dir='ltr'>essent</span> 
     </span>
     <span class='ocr_line' id='line_1_33' title="bbox 230 1879 1303 1930; baseline 0.001 -14"><span class='ocrx_word' id='word_1_225' title='bbox 230 1888 391 1930; x_wconf 69' lang='lat' dir='ltr'>parvae,</span> <span class='ocrx_word' id='word_1_226' title='bbox 412 1891 492 1916; x_wconf 89' lang='lat' dir='ltr'>non</span> <span class='ocrx_word' id='word_1_227' title='bbox 510 1886 668 1928; x_wconf 89' lang='lat' dir='ltr'>possent</span> <span class='ocrx_word' id='word_1_228' title='bbox 688 1879 786 1916; x_wconf 88' lang='lat' dir='ltr'>uniri</span> <span class='ocrx_word' id='word_1_229' title='bbox 804 1887 846 1916; x_wconf 92' lang='lat' dir='ltr'>ut</span> <span class='ocrx_word' id='word_1_230' title='bbox 860 1880 1028 1916; x_wconf 87' lang='lat' dir='ltr'>facerent</span> <span class='ocrx_word' id='word_1_231' title='bbox 1047 1879 1203 1928; x_wconf 89' lang='lat' dir='ltr'>aliquod</span> <span class='ocrx_word' id='word_1_232' title='bbox 1222 1892 1303 1917; x_wconf 92' lang='lat' dir='ltr'>ma-</span> 
     </span>
     <span class='ocr_line' id='line_1_34' title="bbox 232 1931 1303 1982; baseline 0 -12"><span class='ocrx_word' id='word_1_233' title='bbox 232 1938 367 1982; x_wconf 73' lang='lat' dir='ltr'>gnum,</span> <span class='ocrx_word' id='word_1_234' title='bbox 395 1931 493 1969; x_wconf 89' lang='lat' dir='ltr'>sicut</span> <span class='ocrx_word' id='word_1_235' title='bbox 511 1938 568 1969; x_wconf 88' lang='lat' dir='ltr'>est</span> <span class='ocrx_word' id='word_1_236' title='bbox 586 1932 745 1980; x_wconf 89' lang='lat' dir='ltr'>grando,</span> <span class='ocrx_word' id='word_1_237' title='bbox 766 1932 862 1970; x_wconf 92' lang='lat' dir='ltr'>sicut</span> <span class='ocrx_word' id='word_1_238' title='bbox 881 1932 1149 1970; x_wconf 91' lang='lat' dir='ltr'>continuantur</span> <span class='ocrx_word' id='word_1_239' title='bbox 1176 1941 1303 1982; x_wconf 91' lang='lat' dir='ltr'>partes</span> 
     </span>
     <span class='ocr_line' id='line_1_35' title="bbox 232 1985 1304 2035; baseline 0.001 -13"><span class='ocrx_word' id='word_1_240' title='bbox 232 1996 359 2034; x_wconf 75' lang='lat' dir='ltr'>aquae</span> <span class='ocrx_word' id='word_1_241' title='bbox 386 1985 570 2023; x_wconf 89' lang='lat' dir='ltr'>humidae</span> <span class='ocrx_word' id='word_1_242' title='bbox 599 1985 804 2022; x_wconf 88' lang='lat' dir='ltr'>existentis:</span> <span class='ocrx_word' id='word_1_243' title='bbox 834 1985 924 2035; x_wconf 91' lang='lat' dir='ltr'>quia</span> <span class='ocrx_word' id='word_1_244' title='bbox 953 1985 1118 2033; x_wconf 90' lang='lat' dir='ltr'>duriora,</span> <span class='ocrx_word' id='word_1_245' title='bbox 1147 1994 1190 2023; x_wconf 93' lang='lat' dir='ltr'>ut</span> <span class='ocrx_word' id='word_1_246' title='bbox 1217 1995 1304 2023; x_wconf 91' lang='lat' dir='ltr'>sunt</span> 
     </span>
     <span class='ocr_line' id='line_1_36' title="bbox 231 2038 1302 2088; baseline 0.001 -13"><span class='ocrx_word' id='word_1_247' title='bbox 231 2039 457 2088; x_wconf 71' lang='lat' dir='ltr'>nongelata,</span> <span class='ocrx_word' id='word_1_248' title='bbox 491 2051 570 2076; x_wconf 90' lang='lat' dir='ltr'>non</span> <span class='ocrx_word' id='word_1_249' title='bbox 596 2038 648 2075; x_wconf 80' lang='lat' dir='ltr'>ita</span> <span class='ocrx_word' id='word_1_250' title='bbox 675 2039 892 2076; x_wconf 85' lang='lat' dir='ltr'>adunantur</span> <span class='ocrx_word' id='word_1_251' title='bbox 919 2039 1015 2076; x_wconf 91' lang='lat' dir='ltr'>sicut</span> <span class='ocrx_word' id='word_1_252' title='bbox 1042 2039 1260 2076; x_wconf 86' lang='lat' dir='ltr'>humidiora</span> <span class='ocrx_word' id='word_1_253' title='bbox 1278 2039 1302 2077; x_wconf 56' lang='grc' dir='ltr'>λ.</span> 
     </span>
     <span class='ocr_line' id='line_1_37' title="bbox 231 2091 1303 2142; baseline 0 -12"><span class='ocrx_word' id='word_1_254' title='bbox 231 2091 349 2137; x_wconf 72' lang='lat' dir='ltr'>Unde</span> <span class='ocrx_word' id='word_1_255' title='bbox 375 2099 570 2141; x_wconf 84' lang='lat' dir='ltr'>oporteret</span> <span class='ocrx_word' id='word_1_256' title='bbox 587 2091 695 2140; x_wconf 91' lang='lat' dir='ltr'>quod</span> <span class='ocrx_word' id='word_1_257' title='bbox 722 2099 826 2129; x_wconf 86' lang='lat' dir='ltr'>tanta</span> <span class='ocrx_word' id='word_1_258' title='bbox 844 2104 945 2141; x_wconf 92' lang='lat' dir='ltr'>aqua</span> <span class='ocrx_word' id='word_1_259' title='bbox 972 2100 1115 2142; x_wconf 88' lang='lat' dir='ltr'>quanta</span> <span class='ocrx_word' id='word_1_260' title='bbox 1143 2100 1200 2129; x_wconf 92' lang='lat' dir='ltr'>est</span> <span class='ocrx_word' id='word_1_261' title='bbox 1223 2105 1303 2130; x_wconf 90' lang='lat' dir='ltr'>ma-</span> 
     </span>
     <span class='ocr_line' id='line_1_38' title="bbox 229 2144 1304 2194; baseline 0 -11"><span class='ocrx_word' id='word_1_262' title='bbox 229 2144 392 2194; x_wconf 71' lang='lat' dir='ltr'>gnirudo</span> <span class='ocrx_word' id='word_1_263' title='bbox 419 2144 632 2194; x_wconf 88' lang='lat' dir='ltr'>grandinis,</span> <span class='ocrx_word' id='word_1_264' title='bbox 662 2157 814 2182; x_wconf 91' lang='lat' dir='ltr'>sursum</span> <span class='ocrx_word' id='word_1_265' title='bbox 843 2153 1016 2182; x_wconf 89' lang='lat' dir='ltr'>maneret</span> <span class='ocrx_word' id='word_1_266' title='bbox 1042 2145 1081 2183; x_wconf 93' lang='lat' dir='ltr'>in</span> <span class='ocrx_word' id='word_1_267' title='bbox 1108 2158 1196 2182; x_wconf 90' lang='lat' dir='ltr'>aere</span> <span class='ocrx_word' id='word_1_268' title='bbox 1224 2158 1304 2183; x_wconf 93' lang='lat' dir='ltr'>non</span> 
     </span>
     <span class='ocr_line' id='line_1_39' title="bbox 228 2198 1304 2248; baseline -0.002 -11.077"><span class='ocrx_word' id='word_1_269' title='bbox 228 2198 393 2237; x_wconf 59' lang='lat' dir='ltr'>uidens:</span> <span class='ocrx_word' id='word_1_270' title='bbox 421 2198 528 2247; x_wconf 92' lang='lat' dir='ltr'>quod</span> <span class='ocrx_word' id='word_1_271' title='bbox 554 2205 660 2247; x_wconf 90' lang='lat' dir='ltr'>patet</span> <span class='ocrx_word' id='word_1_272' title='bbox 676 2198 708 2246; x_wconf 86' lang='lat'>*,</span> <span class='ocrx_word' id='word_1_273' title='bbox 735 2198 824 2247; x_wconf 91' lang='lat' dir='ltr'>quia</span> <span class='ocrx_word' id='word_1_274' title='bbox 851 2211 932 2235; x_wconf 91' lang='lat' dir='ltr'>non</span> <span class='ocrx_word' id='word_1_275' title='bbox 960 2206 1060 2235; x_wconf 91' lang='lat' dir='ltr'>esset</span> <span class='ocrx_word' id='word_1_276' title='bbox 1087 2206 1190 2236; x_wconf 87' lang='lat' dir='ltr'>tanta</span> <span class='ocrx_word' id='word_1_277' title='bbox 1216 2207 1304 2248; x_wconf 92' lang='lat' dir='ltr'>post</span> 
     </span>
     <span class='ocr_line' id='line_1_40' title="bbox 229 2251 1303 2300; baseline -0.001 -11"><span class='ocrx_word' id='word_1_278' title='bbox 229 2251 553 2300; x_wconf 70' lang='lat' dir='ltr'>congelationem,</span> <span class='ocrx_word' id='word_1_279' title='bbox 578 2251 609 2288; x_wconf 86' lang='lat' dir='ltr'>si</span> <span class='ocrx_word' id='word_1_280' title='bbox 628 2263 707 2288; x_wconf 91' lang='lat' dir='ltr'>non</span> <span class='ocrx_word' id='word_1_281' title='bbox 735 2252 865 2289; x_wconf 85' lang='lat' dir='ltr'>fuisset</span> <span class='ocrx_word' id='word_1_282' title='bbox 882 2259 986 2288; x_wconf 90' lang='lat' dir='ltr'>tanta</span> <span class='ocrx_word' id='word_1_283' title='bbox 1013 2259 1102 2289; x_wconf 88' lang='lat' dir='ltr'>ante</span> <span class='ocrx_word' id='word_1_284' title='bbox 1129 2253 1303 2299; x_wconf 89' lang='lat' dir='ltr'>congela-</span> 
     </span>
     <span class='ocr_line' id='line_1_41' title="bbox 228 2304 1304 2354; baseline -0.001 -11"><span class='ocrx_word' id='word_1_285' title='bbox 228 2305 410 2350; x_wconf 74' lang='lat' dir='ltr'>tionem3</span> <span class='ocrx_word' id='word_1_286' title='bbox 429 2317 475 2341; x_wconf 90' lang='lat' dir='ltr'>ex</span> <span class='ocrx_word' id='word_1_287' title='bbox 494 2304 622 2341; x_wconf 90' lang='lat' dir='ltr'>multis</span> <span class='ocrx_word' id='word_1_288' title='bbox 651 2304 755 2341; x_wconf 88' lang='lat' dir='ltr'>enim</span> <span class='ocrx_word' id='word_1_289' title='bbox 774 2305 903 2353; x_wconf 90' lang='lat' dir='ltr'>parvis</span> <span class='ocrx_word' id='word_1_290' title='bbox 931 2317 1011 2341; x_wconf 91' lang='lat' dir='ltr'>non</span> <span class='ocrx_word' id='word_1_291' title='bbox 1037 2313 1199 2354; x_wconf 90' lang='lat' dir='ltr'>possunt</span> <span class='ocrx_word' id='word_1_292' title='bbox 1221 2305 1304 2342; x_wconf 90' lang='lat' dir='ltr'>fieri</span> 
     </span>
     <span class='ocr_line' id='line_1_42' title="bbox 232 2357 1304 2407; baseline -0.001 -11"><span class='ocrx_word' id='word_1_293' title='bbox 232 2358 354 2397; x_wconf 82' lang='lat' dir='ltr'>multa</span> <span class='ocrx_word' id='word_1_294' title='bbox 390 2369 530 2406; x_wconf 88' lang='lat' dir='ltr'>magna</span> <span class='ocrx_word' id='word_1_295' title='bbox 564 2357 755 2395; x_wconf 89' lang='lat' dir='ltr'>continua.</span> <span class='ocrx_word' id='word_1_296' title='bbox 790 2358 868 2395; x_wconf 91' lang='lat' dir='ltr'>Sed</span> <span class='ocrx_word' id='word_1_297' title='bbox 901 2357 1007 2406; x_wconf 93' lang='lat' dir='ltr'>quod</span> <span class='ocrx_word' id='word_1_298' title='bbox 1025 2359 1046 2386; x_wconf 62' lang='lat' dir='ltr'>i·</span> <span class='ocrx_word' id='word_1_299' title='bbox 1071 2365 1175 2395; x_wconf 90' lang='lat' dir='ltr'>tanta</span> <span class='ocrx_word' id='word_1_300' title='bbox 1203 2370 1304 2407; x_wconf 88' lang='lat' dir='ltr'>aqua</span> 
     </span>
     <span class='ocr_line' id='line_1_43' title="bbox 232 2411 1300 2460; baseline -0.001 -11"><span class='ocrx_word' id='word_1_301' title='bbox 232 2423 385 2449; x_wconf 83' lang='lat' dir='ltr'>sursum</span> <span class='ocrx_word' id='word_1_302' title='bbox 414 2418 570 2447; x_wconf 89' lang='lat' dir='ltr'>maneat</span> <span class='ocrx_word' id='word_1_303' title='bbox 596 2423 676 2448; x_wconf 92' lang='lat' dir='ltr'>non</span> <span class='ocrx_word' id='word_1_304' title='bbox 701 2411 854 2457; x_wconf 88' lang='lat' dir='ltr'>cadens,</span> <span class='ocrx_word' id='word_1_305' title='bbox 874 2411 1027 2459; x_wconf 86' lang='lat' dir='ltr'>videtur</span> <span class='ocrx_word' id='word_1_306' title='bbox 1053 2411 1300 2460; x_wconf 89' lang='lat' dir='ltr'>impossibile.</span> 
     </span>
     <span class='ocr_line' id='line_1_44' title="bbox 230 2463 1300 2514; baseline 0 -14"><span class='ocrx_word' id='word_1_307' title='bbox 230 2465 325 2502; x_wconf 49' lang='lat' dir='ltr'>mio.</span> <span class='ocrx_word' id='word_1_308' title='bbox 349 2463 500 2501; x_wconf 90' lang='lat' dir='ltr'>Deinde</span> <span class='ocrx_word' id='word_1_309' title='bbox 529 2475 619 2500; x_wconf 89' lang='lat' dir='ltr'>cum</span> <span class='ocrx_word' id='word_1_310' title='bbox 649 2463 755 2501; x_wconf 87' lang='lat' dir='ltr'>dicit:</span> <span class='ocrx_word' id='word_1_311' title='bbox 782 2465 859 2501; x_wconf 88' lang='lat' dir='ltr'>His</span> <span class='ocrx_word' id='word_1_312' title='bbox 886 2465 1036 2512; x_wconf 85' lang='lat' dir='ltr'>quidem</span> <span class='ocrx_word' id='word_1_313' title='bbox 1065 2465 1182 2514; x_wconf 81' lang='lat' dir='ltr'>igitur</span> <span class='ocrx_word' id='word_1_314' title='bbox 1210 2471 1300 2511; x_wconf 89' lang='lat' dir='ltr'>etc.,</span> 
     </span>
     <span class='ocr_line' id='line_1_45' title="bbox 232 2517 1301 2566; baseline -0.001 -11"><span class='ocrx_word' id='word_1_315' title='bbox 232 2517 398 2566; x_wconf 79' lang='lat' dir='ltr'>assignat</span> <span class='ocrx_word' id='word_1_316' title='bbox 417 2529 573 2554; x_wconf 89' lang='lat' dir='ltr'>causam</span> <span class='ocrx_word' id='word_1_317' title='bbox 593 2517 849 2566; x_wconf 89' lang='lat' dir='ltr'>generationis</span> <span class='ocrx_word' id='word_1_318' title='bbox 867 2517 1074 2565; x_wconf 83' lang='lat' dir='ltr'>grandinis.</span> <span class='ocrx_word' id='word_1_319' title='bbox 1103 2518 1153 2554; x_wconf 89' lang='lat' dir='ltr'>Et</span> <span class='ocrx_word' id='word_1_320' title='bbox 1175 2517 1301 2565; x_wconf 89' lang='lat' dir='ltr'>primo</span> 
     </span>
     <span class='ocr_line' id='line_1_46' title="bbox 230 2570 1302 2621; baseline 0 -13"><span class='ocrx_word' id='word_1_321' title='bbox 230 2570 340 2621; x_wconf 84' lang='lat' dir='ltr'>ponit</span> <span class='ocrx_word' id='word_1_322' title='bbox 380 2570 606 2620; x_wconf 88' lang='lat' dir='ltr'>opinionem</span> <span class='ocrx_word' id='word_1_323' title='bbox 643 2570 830 2616; x_wconf 86' lang='lat' dir='ltr'>aliorum;</span> <span class='ocrx_word' id='word_1_324' title='bbox 870 2570 1039 2607; x_wconf 91' lang='lat' dir='ltr'>secundo</span> <span class='ocrx_word' id='word_1_325' title='bbox 1079 2570 1302 2619; x_wconf 89' lang='lat' dir='ltr'>opinionem</span> 
     </span>
     <span class='ocr_line' id='line_1_47' title="bbox 227 2623 1198 2675; baseline -0.001 -14"><span class='ocrx_word' id='word_1_326' title='bbox 227 2624 449 2675; x_wconf 69' lang='lat' dir='ltr'>propriam,</span> <span class='ocrx_word' id='word_1_327' title='bbox 478 2623 554 2661; x_wconf 84' lang='lat' dir='ltr'>ibi:</span> <span class='ocrx_word' id='word_1_328' title='bbox 582 2624 658 2660; x_wconf 88' lang='lat' dir='ltr'>Sed</span> <span class='ocrx_word' id='word_1_329' title='bbox 683 2624 864 2672; x_wconf 85' lang='lat' dir='ltr'>quoniam</span> <span class='ocrx_word' id='word_1_330' title='bbox 891 2624 1062 2660; x_wconf 78' lang='lat' dir='ltr'>videmus</span> <span class='ocrx_word' id='word_1_331' title='bbox 1080 2623 1100 2645; x_wconf 63' lang='lat'>²⁸</span> <span class='ocrx_word' id='word_1_332' title='bbox 1129 2631 1198 2660; x_wconf 90' lang='lat' dir='ltr'>etc.</span> 
     </span>
    </p>

    <p class='ocr_par' dir='ltr' id='par_1_10' title="bbox 225 2676 1302 3042">
     <span class='ocr_line' id='line_1_48' title="bbox 231 2676 1301 2726; baseline 0.003 -16"><span class='ocrx_word' id='word_1_333' title='bbox 231 2677 398 2718; x_wconf 58' lang='lat' dir='ltr'>mCirca</span> <span class='ocrx_word' id='word_1_334' title='bbox 424 2677 595 2726; x_wconf 89' lang='lat' dir='ltr'>primum</span> <span class='ocrx_word' id='word_1_335' title='bbox 624 2677 702 2714; x_wconf 93' lang='lat' dir='ltr'>duo</span> <span class='ocrx_word' id='word_1_336' title='bbox 730 2677 828 2714; x_wconf 90' lang='lat' dir='ltr'>facit.</span> <span class='ocrx_word' id='word_1_337' title='bbox 858 2677 989 2713; x_wconf 89' lang='lat' dir='ltr'>Primo</span> <span class='ocrx_word' id='word_1_338' title='bbox 1012 2677 1194 2726; x_wconf 91' lang='lat' dir='ltr'>proponit</span> <span class='ocrx_word' id='word_1_339' title='bbox 1221 2676 1301 2725; x_wconf 89' lang='lat' dir='ltr'>opi-</span> 
     </span>
     <span class='ocr_line' id='line_1_49' title="bbox 225 2730 1301 2779; baseline -0.002 -11"><span class='ocrx_word' id='word_1_340' title='bbox 225 2730 389 2768; x_wconf 71' lang='lat' dir='ltr'>inionem</span> <span class='ocrx_word' id='word_1_341' title='bbox 417 2730 582 2777; x_wconf 85' lang='lat' dir='ltr'>aliorum</span> <span class='ocrx_word' id='word_1_342' title='bbox 601 2730 632 2767; x_wconf 61' lang='grc' dir='ltr'>’ἱ</span> <span class='ocrx_word' id='word_1_343' title='bbox 662 2731 713 2766; x_wconf 94' lang='lat' dir='ltr'>Et</span> <span class='ocrx_word' id='word_1_344' title='bbox 740 2730 828 2768; x_wconf 90' lang='lat' dir='ltr'>dicit</span> <span class='ocrx_word' id='word_1_345' title='bbox 856 2731 960 2779; x_wconf 93' lang='lat' dir='ltr'>quod</span> <span class='ocrx_word' id='word_1_346' title='bbox 989 2730 1219 2778; x_wconf 91' lang='lat' dir='ltr'>quibusdam</span> <span class='ocrx_word' id='word_1_347' title='bbox 1246 2730 1301 2767; x_wconf 90' lang='lat' dir='ltr'>vi-</span> 
     </span>
     <span class='ocr_line' id='line_1_50' title="bbox 227 2782 1302 2843; baseline -0.002 -22"><span class='ocrx_word' id='word_1_348' title='bbox 227 2782 342 2822; x_wconf 71' lang='lat' dir='ltr'>detur</span> <span class='ocrx_word' id='word_1_349' title='bbox 369 2784 493 2843; x_wconf 75' lang='lat' dir='ltr'>quod,</span> <span class='ocrx_word' id='word_1_350' title='bbox 523 2795 612 2820; x_wconf 90' lang='lat' dir='ltr'>cum</span> <span class='ocrx_word' id='word_1_351' title='bbox 641 2783 764 2820; x_wconf 90' lang='lat' dir='ltr'>nubes</span> <span class='ocrx_word' id='word_1_352' title='bbox 793 2795 838 2820; x_wconf 87' lang='lat' dir='ltr'>ex</span> <span class='ocrx_word' id='word_1_353' title='bbox 867 2795 1008 2830; x_wconf 89' lang='lat' dir='ltr'>magno</span> <span class='ocrx_word' id='word_1_354' title='bbox 1038 2783 1163 2819; x_wconf 89' lang='lat' dir='ltr'>calore</span> <span class='ocrx_word' id='word_1_355' title='bbox 1192 2783 1302 2820; x_wconf 89' lang='lat' dir='ltr'>fuerit</span> 
     </span>
     <span class='ocr_line' id='line_1_51' title="bbox 229 2835 1301 2887; baseline -0.003 -12"><span class='ocrx_word' id='word_1_356' title='bbox 229 2835 430 2887; x_wconf 70' lang='lat' dir='ltr'>hnpulsa</span> <span class='ocrx_word' id='word_1_357' title='bbox 420 2849 461 2874; x_wconf 90' lang='lat' dir='ltr'>m</span> <span class='ocrx_word' id='word_1_358' title='bbox 491 2837 620 2873; x_wconf 92' lang='lat' dir='ltr'>locum</span> <span class='ocrx_word' id='word_1_359' title='bbox 649 2836 900 2884; x_wconf 89' lang='lat' dir='ltr'>superiorem,</span> <span class='ocrx_word' id='word_1_360' title='bbox 922 2836 987 2883; x_wconf 92' lang='lat' dir='ltr'>qui</span> <span class='ocrx_word' id='word_1_361' title='bbox 1015 2844 1072 2872; x_wconf 89' lang='lat' dir='ltr'>est</span> <span class='ocrx_word' id='word_1_362' title='bbox 1097 2836 1212 2873; x_wconf 92' lang='lat' dir='ltr'>valde</span> <span class='ocrx_word' id='word_1_363' title='bbox 1240 2836 1301 2872; x_wconf 83' lang='lat' dir='ltr'>fri-</span> 
     </span>
     <span class='ocr_line' id='line_1_52' title="bbox 228 2889 1299 2939; baseline -0.003 -11"><span class='ocrx_word' id='word_1_364' title='bbox 228 2890 342 2939; x_wconf 71' lang='lat' dir='ltr'>gidus</span> <span class='ocrx_word' id='word_1_365' title='bbox 369 2902 416 2927; x_wconf 82' lang='lat' dir='ltr'>ex</span> <span class='ocrx_word' id='word_1_366' title='bbox 445 2902 491 2927; x_wconf 90' lang='lat' dir='ltr'>eo</span> <span class='ocrx_word' id='word_1_367' title='bbox 521 2889 626 2939; x_wconf 90' lang='lat' dir='ltr'>quod</span> <span class='ocrx_word' id='word_1_368' title='bbox 644 2889 665 2911; x_wconf 73' lang='lat'>&#39;¹‘</span> <span class='ocrx_word' id='word_1_369' title='bbox 692 2889 745 2926; x_wconf 92' lang='lat' dir='ltr'>ibi</span> <span class='ocrx_word' id='word_1_370' title='bbox 773 2889 950 2926; x_wconf 90' lang='lat' dir='ltr'>desinunt</span> <span class='ocrx_word' id='word_1_371' title='bbox 978 2889 1073 2925; x_wconf 91' lang='lat' dir='ltr'>radii</span> <span class='ocrx_word' id='word_1_372' title='bbox 1101 2889 1248 2925; x_wconf 90' lang='lat' dir='ltr'>refracti</span> <span class='ocrx_word' id='word_1_373' title='bbox 1277 2901 1299 2925; x_wconf 89' lang='lat' dir='ltr'>a</span> 
     </span>
     <span class='ocr_line' id='line_1_53' title="bbox 229 2938 1300 2992; baseline -0.002 -12"><span class='ocrx_word' id='word_1_374' title='bbox 229 2949 339 2991; x_wconf 88' lang='lat' dir='ltr'>terra,</span> <span class='ocrx_word' id='word_1_375' title='bbox 360 2955 460 2992; x_wconf 89' lang='lat' dir='ltr'>aqua</span> <span class='ocrx_word' id='word_1_376' title='bbox 486 2943 648 2980; x_wconf 90' lang='lat' dir='ltr'>veniens</span> <span class='ocrx_word' id='word_1_377' title='bbox 675 2942 727 2979; x_wconf 89' lang='lat' dir='ltr'>ibi</span> <span class='ocrx_word' id='word_1_378' title='bbox 757 2943 989 2990; x_wconf 89' lang='lat' dir='ltr'>coagulatur,</span> <span class='ocrx_word' id='word_1_379' title='bbox 1018 2949 1176 2991; x_wconf 89' lang='lat' dir='ltr'>propter</span> <span class='ocrx_word' id='word_1_380' title='bbox 1197 2938 1300 2990; x_wconf 87' lang='lat' dir='ltr'>frigi-</span> 
     </span>
     <span class='ocr_line' id='line_1_54' title="bbox 228 2995 1300 3042; baseline -0.004 -7"><span class='ocrx_word' id='word_1_381' title='bbox 228 2995 387 3035; x_wconf 73' lang='lat' dir='ltr'>ditatem</span> <span class='ocrx_word' id='word_1_382' title='bbox 419 2996 504 3034; x_wconf 91' lang='lat' dir='ltr'>loci.</span> <span class='ocrx_word' id='word_1_383' title='bbox 534 2997 585 3033; x_wconf 94' lang='lat' dir='ltr'>Et</span> <span class='ocrx_word' id='word_1_384' title='bbox 610 2995 732 3034; x_wconf 91' lang='lat' dir='ltr'>ideo</span> <span class='ocrx_word' id='word_1_385' title='bbox 722 3008 762 3033; x_wconf 80' lang='lat' dir='ltr'>in</span> <span class='ocrx_word' id='word_1_386' title='bbox 781 3003 923 3032; x_wconf 90' lang='lat' dir='ltr'>aestate</span> <span class='ocrx_word' id='word_1_387' title='bbox 952 3003 988 3032; x_wconf 88' lang='lat' dir='ltr'>et</span> <span class='ocrx_word' id='word_1_388' title='bbox 1015 2995 1054 3032; x_wconf 92' lang='lat' dir='ltr'>in</span> <span class='ocrx_word' id='word_1_389' title='bbox 1083 2995 1300 3042; x_wconf 90' lang='lat' dir='ltr'>regionibus</span> 
     </span>
    </p>
   </div>
   <div class='ocr_carea' id='block_1_9' title="bbox 1335 263 1588 301">
    <p class='ocr_par' dir='ltr' id='par_1_11' title="bbox 1335 263 1588 301">
     <span class='ocr_line' id='line_1_55' title="bbox 1335 263 1588 301; baseline 0 -1"><span class='ocrx_word' id='word_1_390' title='bbox 1335 264 1487 301; x_wconf 91' lang='lat' dir='ltr'>LECT.</span> <span class='ocrx_word' id='word_1_391' title='bbox 1516 263 1588 300; x_wconf 91' lang='lat' dir='ltr'>XV</span> 
     </span>
    </p>
   </div>
   <div class='ocr_carea' id='block_1_10' title="bbox 1356 342 2425 2566">
    <p class='ocr_par' dir='ltr' id='par_1_12' title="bbox 1357 342 2425 496">
     <span class='ocr_line' id='line_1_56' title="bbox 1358 342 2424 392; baseline 0.002 -13"><span class='ocrx_word' id='word_1_392' title='bbox 1358 343 1486 380; x_wconf 88' lang='lat' dir='ltr'>calidis</span> <span class='ocrx_word' id='word_1_393' title='bbox 1506 349 1517 362; x_wconf 83' lang='lat'>¹</span> <span class='ocrx_word' id='word_1_394' title='bbox 1540 343 1637 380; x_wconf 91' lang='lat' dir='ltr'>fiunt</span> <span class='ocrx_word' id='word_1_395' title='bbox 1664 342 1877 391; x_wconf 89' lang='lat' dir='ltr'>grandines,</span> <span class='ocrx_word' id='word_1_396' title='bbox 1898 342 1988 392; x_wconf 90' lang='lat' dir='ltr'>quia</span> <span class='ocrx_word' id='word_1_397' title='bbox 2016 355 2178 390; x_wconf 90' lang='lat' dir='ltr'>magnus</span> <span class='ocrx_word' id='word_1_398' title='bbox 2207 344 2309 380; x_wconf 89' lang='lat' dir='ltr'>calor</span> <span class='ocrx_word' id='word_1_399' title='bbox 2328 345 2424 381; x_wconf 91' lang='lat' dir='ltr'>mul-</span> 
     </span>
     <span class='ocr_line' id='line_1_57' title="bbox 1357 396 2425 445; baseline 0.002 -13"><span class='ocrx_word' id='word_1_400' title='bbox 1357 403 1439 432; x_wconf 92' lang='lat' dir='ltr'>tum</span> <span class='ocrx_word' id='word_1_401' title='bbox 1472 396 1630 445; x_wconf 88' lang='lat' dir='ltr'>impellit</span> <span class='ocrx_word' id='word_1_402' title='bbox 1657 397 1779 433; x_wconf 93' lang='lat' dir='ltr'>nubes</span> <span class='ocrx_word' id='word_1_403' title='bbox 1807 396 1845 432; x_wconf 90' lang='lat' dir='ltr'>in</span> <span class='ocrx_word' id='word_1_404' title='bbox 1866 396 2101 445; x_wconf 91' lang='lat' dir='ltr'>superiorem</span> <span class='ocrx_word' id='word_1_405' title='bbox 2122 397 2250 434; x_wconf 90' lang='lat' dir='ltr'>locum</span> <span class='ocrx_word' id='word_1_406' title='bbox 2275 409 2425 434; x_wconf 88' lang='lat' dir='ltr'>sursum</span> 
     </span>
     <span class='ocr_line' id='line_1_58' title="bbox 1357 450 1658 496; baseline 0.003 -11"><span class='ocrx_word' id='word_1_407' title='bbox 1357 450 1469 496; x_wconf 91' lang='lat' dir='ltr'>longe</span> <span class='ocrx_word' id='word_1_408' title='bbox 1499 461 1521 485; x_wconf 91' lang='lat' dir='ltr'>a</span> <span class='ocrx_word' id='word_1_409' title='bbox 1549 457 1658 486; x_wconf 87' lang='lat' dir='ltr'>terra.</span> 
     </span>
    </p>

    <p class='ocr_par' dir='ltr' id='par_1_13' title="bbox 1356 502 2424 868">
     <span class='ocr_line' id='line_1_59' title="bbox 1411 502 2424 550; baseline 0.002 -12"><span class='ocrx_word' id='word_1_410' title='bbox 1411 514 1447 549; x_wconf 90' lang='lat'>7.</span> <span class='ocrx_word' id='word_1_411' title='bbox 1474 502 1652 539; x_wconf 91' lang='lat' dir='ltr'>Secundo</span> <span class='ocrx_word' id='word_1_412' title='bbox 1681 502 1754 539; x_wconf 87' lang='lat' dir='ltr'>ibi:</span> <span class='ocrx_word' id='word_1_413' title='bbox 1781 502 1929 539; x_wconf 83' lang='lat' dir='ltr'>Accidit</span> <span class='ocrx_word' id='word_1_414' title='bbox 1954 507 2079 539; x_wconf 87' lang='lat' dir='ltr'>autem</span> <span class='ocrx_word' id='word_1_415' title='bbox 2109 509 2199 548; x_wconf 92' lang='lat' dir='ltr'>etc.,</span> <span class='ocrx_word' id='word_1_416' title='bbox 2228 502 2424 550; x_wconf 90' lang='lat' dir='ltr'>impugnat</span> 
     </span>
     <span class='ocr_line' id='line_1_60' title="bbox 1356 554 2423 604; baseline 0.002 -13"><span class='ocrx_word' id='word_1_417' title='bbox 1356 554 1591 602; x_wconf 88' lang='lat' dir='ltr'>praedictam</span> <span class='ocrx_word' id='word_1_418' title='bbox 1610 555 1842 604; x_wconf 90' lang='lat' dir='ltr'>positionem</span> <span class='ocrx_word' id='word_1_419' title='bbox 1861 555 1980 592; x_wconf 92' lang='lat' dir='ltr'>tribus</span> <span class='ocrx_word' id='word_1_420' title='bbox 2006 555 2226 592; x_wconf 90' lang='lat' dir='ltr'>rationibus.</span> <span class='ocrx_word' id='word_1_421' title='bbox 2249 556 2423 602; x_wconf 90' lang='lat' dir='ltr'>Quarum</span> 
     </span>
     <span class='ocr_line' id='line_1_61' title="bbox 1358 606 2423 657; baseline 0.003 -15"><span class='ocrx_word' id='word_1_422' title='bbox 1358 606 1481 654; x_wconf 88' lang='lat' dir='ltr'>prima</span> <span class='ocrx_word' id='word_1_423' title='bbox 1509 615 1576 655; x_wconf 91' lang='lat' dir='ltr'>est,</span> <span class='ocrx_word' id='word_1_424' title='bbox 1597 608 1703 657; x_wconf 92' lang='lat' dir='ltr'>quod</span> <span class='ocrx_word' id='word_1_425' title='bbox 1740 608 1919 645; x_wconf 90' lang='lat' dir='ltr'>videmus</span> <span class='ocrx_word' id='word_1_426' title='bbox 1946 608 1985 644; x_wconf 93' lang='lat' dir='ltr'>in</span> <span class='ocrx_word' id='word_1_427' title='bbox 2013 608 2095 645; x_wconf 88' lang='lat' dir='ltr'>altis</span> <span class='ocrx_word' id='word_1_428' title='bbox 2123 608 2316 645; x_wconf 87' lang='lat' dir='ltr'>montibus</span> <span class='ocrx_word' id='word_1_429' title='bbox 2346 621 2423 646; x_wconf 90' lang='lat' dir='ltr'>non</span> 
     </span>
     <span class='ocr_line' id='line_1_62' title="bbox 1358 659 2424 710; baseline 0.003 -15"><span class='ocrx_word' id='word_1_430' title='bbox 1358 659 1440 695; x_wconf 88' lang='lat' dir='ltr'>fieri</span> <span class='ocrx_word' id='word_1_431' title='bbox 1469 660 1687 707; x_wconf 88' lang='lat' dir='ltr'>grandines:</span> <span class='ocrx_word' id='word_1_432' title='bbox 1717 661 1821 709; x_wconf 92' lang='lat' dir='ltr'>quod</span> <span class='ocrx_word' id='word_1_433' title='bbox 1849 669 1979 698; x_wconf 90' lang='lat' dir='ltr'>tamen</span> <span class='ocrx_word' id='word_1_434' title='bbox 2017 661 2218 710; x_wconf 87' lang='lat' dir='ltr'>oportebat</span> <span class='ocrx_word' id='word_1_435' title='bbox 2235 661 2267 708; x_wconf 70' lang='lat'>²¹⁶,</span> <span class='ocrx_word' id='word_1_436' title='bbox 2297 661 2327 698; x_wconf 92' lang='lat' dir='ltr'>si</span> <span class='ocrx_word' id='word_1_437' title='bbox 2354 674 2424 710; x_wconf 91' lang='lat' dir='ltr'>per</span> 
     </span>
     <span class='ocr_line' id='line_1_63' title="bbox 1359 712 2423 762; baseline 0.004 -15"><span class='ocrx_word' id='word_1_438' title='bbox 1359 712 1610 749; x_wconf 90' lang='lat' dir='ltr'>elevationem</span> <span class='ocrx_word' id='word_1_439' title='bbox 1624 714 1778 762; x_wconf 87' lang='lat' dir='ltr'>vaporis</span> <span class='ocrx_word' id='word_1_440' title='bbox 1793 714 1831 750; x_wconf 89' lang='lat' dir='ltr'>in</span> <span class='ocrx_word' id='word_1_441' title='bbox 1846 715 2159 757; x_wconf 74' lang='lat' dir='ltr'>locum,multum</span> <span class='ocrx_word' id='word_1_442' title='bbox 2178 715 2296 751; x_wconf 89' lang='lat' dir='ltr'>altum</span> <span class='ocrx_word' id='word_1_443' title='bbox 2311 727 2423 762; x_wconf 90' lang='lat' dir='ltr'>gene-</span> 
     </span>
     <span class='ocr_line' id='line_1_64' title="bbox 1359 766 2422 813; baseline 0.004 -13"><span class='ocrx_word' id='word_1_444' title='bbox 1359 772 1530 801; x_wconf 89' lang='lat' dir='ltr'>rarentur</span> <span class='ocrx_word' id='word_1_445' title='bbox 1557 766 1778 813; x_wconf 90' lang='lat' dir='ltr'>grandines;</span> <span class='ocrx_word' id='word_1_446' title='bbox 1800 767 1894 804; x_wconf 90' lang='lat' dir='ltr'>sicut</span> <span class='ocrx_word' id='word_1_447' title='bbox 1923 767 2036 804; x_wconf 89' lang='lat' dir='ltr'>etiam</span> <span class='ocrx_word' id='word_1_448' title='bbox 2055 767 2233 804; x_wconf 90' lang='lat' dir='ltr'>videmus</span> <span class='ocrx_word' id='word_1_449' title='bbox 2253 767 2291 804; x_wconf 92' lang='lat' dir='ltr'>in</span> <span class='ocrx_word' id='word_1_450' title='bbox 2310 779 2422 805; x_wconf 91' lang='lat' dir='ltr'>mon-</span> 
     </span>
     <span class='ocr_line' id='line_1_65' title="bbox 1358 818 2389 868; baseline 0.003 -14"><span class='ocrx_word' id='word_1_451' title='bbox 1358 818 1458 854; x_wconf 90' lang='lat' dir='ltr'>tibus</span> <span class='ocrx_word' id='word_1_452' title='bbox 1487 818 1567 854; x_wconf 90' lang='lat' dir='ltr'>altis</span> <span class='ocrx_word' id='word_1_453' title='bbox 1595 819 1677 855; x_wconf 90' lang='lat' dir='ltr'>fieri</span> <span class='ocrx_word' id='word_1_454' title='bbox 1706 819 1825 867; x_wconf 84' lang='lat' dir='ltr'>nives,</span> <span class='ocrx_word' id='word_1_455' title='bbox 1855 832 1952 868; x_wconf 92' lang='lat' dir='ltr'>quae</span> <span class='ocrx_word' id='word_1_456' title='bbox 1981 828 2208 868; x_wconf 88' lang='lat' dir='ltr'>generantur</span> <span class='ocrx_word' id='word_1_457' title='bbox 2236 820 2274 857; x_wconf 92' lang='lat' dir='ltr'>in</span> <span class='ocrx_word' id='word_1_458' title='bbox 2302 822 2389 858; x_wconf 91' lang='lat' dir='ltr'>alto.</span> 
     </span>
    </p>

    <p class='ocr_par' dir='ltr' id='par_1_14' title="bbox 1358 871 2424 1769">
     <span class='ocr_line' id='line_1_66' title="bbox 1414 871 2422 921; baseline 0.003 -14"><span class='ocrx_word' id='word_1_459' title='bbox 1414 871 1449 907; x_wconf 92' lang='lat'>8.</span> <span class='ocrx_word' id='word_1_460' title='bbox 1481 871 1700 908; x_wconf 88' lang='lat' dir='ltr'>Secundam</span> <span class='ocrx_word' id='word_1_461' title='bbox 1721 872 1905 909; x_wconf 91' lang='lat' dir='ltr'>rationem</span> <span class='ocrx_word' id='word_1_462' title='bbox 1925 873 2031 921; x_wconf 91' lang='lat' dir='ltr'>ponit</span> <span class='ocrx_word' id='word_1_463' title='bbox 2049 873 2118 909; x_wconf 92' lang='lat' dir='ltr'>ibi:</span> <span class='ocrx_word' id='word_1_464' title='bbox 2144 874 2280 910; x_wconf 81' lang='lat' dir='ltr'>Adhuc</span> <span class='ocrx_word' id='word_1_465' title='bbox 2297 880 2422 911; x_wconf 87' lang='lat' dir='ltr'>autem</span> 
     </span>
     <span class='ocr_line' id='line_1_67' title="bbox 1358 924 2422 975; baseline 0.004 -15"><span class='ocrx_word' id='word_1_466' title='bbox 1358 935 1470 972; x_wconf 87' lang='lat' dir='ltr'>saepe</span> <span class='ocrx_word' id='word_1_467' title='bbox 1480 931 1549 961; x_wconf 92' lang='lat' dir='ltr'>etc.</span> <span class='ocrx_word' id='word_1_468' title='bbox 1562 925 1611 960; x_wconf 91' lang='lat' dir='ltr'>Et</span> <span class='ocrx_word' id='word_1_469' title='bbox 1625 924 1714 961; x_wconf 88' lang='lat' dir='ltr'>dicit</span> <span class='ocrx_word' id='word_1_470' title='bbox 1727 925 1832 973; x_wconf 91' lang='lat' dir='ltr'>quod</span> <span class='ocrx_word' id='word_1_471' title='bbox 1847 938 1961 974; x_wconf 90' lang='lat' dir='ltr'>saepe</span> <span class='ocrx_word' id='word_1_472' title='bbox 1970 926 2076 963; x_wconf 88' lang='lat' dir='ltr'>visae</span> <span class='ocrx_word' id='word_1_473' title='bbox 2091 933 2178 963; x_wconf 92' lang='lat' dir='ltr'>sunt</span> <span class='ocrx_word' id='word_1_474' title='bbox 2192 927 2314 963; x_wconf 91' lang='lat' dir='ltr'>nubes</span> <span class='ocrx_word' id='word_1_475' title='bbox 2324 939 2422 975; x_wconf 90' lang='lat' dir='ltr'>quae</span> 
     </span>
     <span class='ocr_line' id='line_1_68' title="bbox 1360 977 2424 1027; baseline 0.004 -14"><span class='ocrx_word' id='word_1_476' title='bbox 1360 977 1530 1014; x_wconf 89' lang='lat' dir='ltr'>feruntur</span> <span class='ocrx_word' id='word_1_477' title='bbox 1565 989 1687 1026; x_wconf 89' lang='lat' dir='ltr'>prope</span> <span class='ocrx_word' id='word_1_478' title='bbox 1724 985 1862 1014; x_wconf 91' lang='lat' dir='ltr'>terram</span> <span class='ocrx_word' id='word_1_479' title='bbox 1893 991 1979 1015; x_wconf 92' lang='lat' dir='ltr'>cum</span> <span class='ocrx_word' id='word_1_480' title='bbox 2006 980 2126 1016; x_wconf 89' lang='lat' dir='ltr'>multo</span> <span class='ocrx_word' id='word_1_481' title='bbox 2156 991 2274 1027; x_wconf 91' lang='lat' dir='ltr'>sono,</span> <span class='ocrx_word' id='word_1_482' title='bbox 2302 979 2355 1017; x_wconf 91' lang='lat' dir='ltr'>ita</span> <span class='ocrx_word' id='word_1_483' title='bbox 2381 986 2424 1017; x_wconf 93' lang='lat' dir='ltr'>ut</span> 
     </span>
     <span class='ocr_line' id='line_1_69' title="bbox 1360 1029 2422 1079; baseline 0.004 -13"><span class='ocrx_word' id='word_1_484' title='bbox 1360 1030 1515 1079; x_wconf 90' lang='lat' dir='ltr'>quidam</span> <span class='ocrx_word' id='word_1_485' title='bbox 1534 1030 1730 1067; x_wconf 89' lang='lat' dir='ltr'>audientes</span> <span class='ocrx_word' id='word_1_486' title='bbox 1759 1031 1936 1068; x_wconf 91' lang='lat' dir='ltr'>cadentes</span> <span class='ocrx_word' id='word_1_487' title='bbox 1955 1029 1968 1055; x_wconf 74' lang='lat'>‘</span> <span class='ocrx_word' id='word_1_488' title='bbox 1995 1039 2214 1079; x_wconf 89' lang='lat' dir='ltr'>terreantur,</span> <span class='ocrx_word' id='word_1_489' title='bbox 2235 1045 2280 1069; x_wconf 90' lang='lat' dir='ltr'>ac</span> <span class='ocrx_word' id='word_1_490' title='bbox 2298 1033 2330 1069; x_wconf 91' lang='lat' dir='ltr'>si</span> <span class='ocrx_word' id='word_1_491' title='bbox 2358 1033 2422 1070; x_wconf 91' lang='lat' dir='ltr'>ali—</span> 
     </span>
     <span class='ocr_line' id='line_1_70' title="bbox 1360 1083 2420 1134; baseline 0.004 -15"><span class='ocrx_word' id='word_1_492' title='bbox 1360 1083 1466 1131; x_wconf 91' lang='lat' dir='ltr'>quod</span> <span class='ocrx_word' id='word_1_493' title='bbox 1477 1083 1600 1120; x_wconf 85' lang='lat' dir='ltr'>maius</span> <span class='ocrx_word' id='word_1_494' title='bbox 1611 1084 1780 1120; x_wconf 83' lang='lat' dir='ltr'>futurum</span> <span class='ocrx_word' id='word_1_495' title='bbox 1790 1085 2047 1132; x_wconf 89' lang='lat' dir='ltr'>portendatur.</span> <span class='ocrx_word' id='word_1_496' title='bbox 2061 1085 2278 1134; x_wconf 89' lang='lat' dir='ltr'>Aliquando</span> <span class='ocrx_word' id='word_1_497' title='bbox 2295 1085 2420 1133; x_wconf 89' lang='lat' dir='ltr'>etiam,</span> 
     </span>
     <span class='ocr_line' id='line_1_71' title="bbox 1359 1136 2424 1185; baseline 0.004 -13"><span class='ocrx_word' id='word_1_498' title='bbox 1359 1136 1495 1173; x_wconf 91' lang='lat' dir='ltr'>talibus</span> <span class='ocrx_word' id='word_1_499' title='bbox 1523 1136 1690 1174; x_wconf 90' lang='lat' dir='ltr'>nubibus</span> <span class='ocrx_word' id='word_1_500' title='bbox 1708 1136 1800 1174; x_wconf 90' lang='lat' dir='ltr'>visis</span> <span class='ocrx_word' id='word_1_501' title='bbox 1827 1149 1947 1185; x_wconf 90' lang='lat' dir='ltr'>prope</span> <span class='ocrx_word' id='word_1_502' title='bbox 1975 1144 2113 1174; x_wconf 88' lang='lat' dir='ltr'>terram</span> <span class='ocrx_word' id='word_1_503' title='bbox 2142 1138 2222 1175; x_wconf 94' lang='lat' dir='ltr'>sine</span> <span class='ocrx_word' id='word_1_504' title='bbox 2251 1151 2359 1185; x_wconf 93' lang='lat' dir='ltr'>sono,</span> <span class='ocrx_word' id='word_1_505' title='bbox 2380 1140 2424 1176; x_wconf 93' lang='lat' dir='ltr'>fit</span> 
     </span>
     <span class='ocr_line' id='line_1_72' title="bbox 1359 1189 2422 1240; baseline 0.004 -15"><span class='ocrx_word' id='word_1_506' title='bbox 1359 1190 1478 1226; x_wconf 78' lang='lat' dir='ltr'>&#39;multa</span> <span class='ocrx_word' id='word_1_507' title='bbox 1505 1189 1664 1237; x_wconf 91' lang='lat' dir='ltr'>grando,</span> <span class='ocrx_word' id='word_1_508' title='bbox 1689 1189 1916 1227; x_wconf 91' lang='lat' dir='ltr'>incredibilis</span> <span class='ocrx_word' id='word_1_509' title='bbox 1936 1191 2204 1238; x_wconf 89' lang='lat' dir='ltr'>magnitudinis</span> <span class='ocrx_word' id='word_1_510' title='bbox 2224 1200 2260 1228; x_wconf 92' lang='lat' dir='ltr'>et</span> <span class='ocrx_word' id='word_1_511' title='bbox 2278 1192 2422 1240; x_wconf 88' lang='lat' dir='ltr'>figurae</span> 
     </span>
     <span class='ocr_line' id='line_1_73' title="bbox 1360 1242 2421 1292; baseline 0.004 -14"><span class='ocrx_word' id='word_1_512' title='bbox 1360 1254 1439 1279; x_wconf 92' lang='lat' dir='ltr'>non</span> <span class='ocrx_word' id='word_1_513' title='bbox 1467 1242 1663 1280; x_wconf 89' lang='lat' dir='ltr'>rotundae.</span> <span class='ocrx_word' id='word_1_514' title='bbox 1694 1243 1780 1279; x_wconf 93' lang='lat' dir='ltr'>Hoc</span> <span class='ocrx_word' id='word_1_515' title='bbox 1810 1251 1949 1291; x_wconf 87' lang='lat' dir='ltr'>autem,</span> <span class='ocrx_word' id='word_1_516' title='bbox 1979 1244 2118 1280; x_wconf 91' lang='lat' dir='ltr'>scilicet</span> <span class='ocrx_word' id='word_1_517' title='bbox 2145 1245 2250 1292; x_wconf 91' lang='lat' dir='ltr'>quod</span> <span class='ocrx_word' id='word_1_518' title='bbox 2278 1245 2421 1292; x_wconf 90' lang='lat' dir='ltr'>grando</span> 
     </span>
     <span class='ocr_line' id='line_1_74' title="bbox 1360 1295 2423 1346; baseline 0.003 -14"><span class='ocrx_word' id='word_1_519' title='bbox 1360 1308 1439 1332; x_wconf 92' lang='lat' dir='ltr'>non</span> <span class='ocrx_word' id='word_1_520' title='bbox 1459 1295 1506 1332; x_wconf 90' lang='lat' dir='ltr'>sit</span> <span class='ocrx_word' id='word_1_521' title='bbox 1523 1296 1668 1343; x_wconf 90' lang='lat' dir='ltr'>figurae</span> <span class='ocrx_word' id='word_1_522' title='bbox 1687 1296 1872 1333; x_wconf 90' lang='lat' dir='ltr'>rotundae</span> <span class='ocrx_word' id='word_1_523' title='bbox 1889 1305 1925 1333; x_wconf 91' lang='lat' dir='ltr'>et</span> <span class='ocrx_word' id='word_1_524' title='bbox 1944 1297 2048 1345; x_wconf 91' lang='lat' dir='ltr'>quod</span> <span class='ocrx_word' id='word_1_525' title='bbox 2068 1297 2113 1333; x_wconf 91' lang='lat' dir='ltr'>sit</span> <span class='ocrx_word' id='word_1_526' title='bbox 2128 1309 2290 1345; x_wconf 90' lang='lat' dir='ltr'>magnae</span> <span class='ocrx_word' id='word_1_527' title='bbox 2305 1310 2423 1346; x_wconf 88' lang='lat' dir='ltr'>quan-</span> 
     </span>
     <span class='ocr_line' id='line_1_75' title="bbox 1360 1348 2422 1398; baseline 0.003 -13"><span class='ocrx_word' id='word_1_528' title='bbox 1360 1348 1492 1396; x_wconf 87' lang='lat' dir='ltr'>titatis,</span> <span class='ocrx_word' id='word_1_529' title='bbox 1519 1349 1654 1386; x_wconf 91' lang='lat' dir='ltr'>accidit</span> <span class='ocrx_word' id='word_1_530' title='bbox 1683 1361 1728 1385; x_wconf 91' lang='lat' dir='ltr'>ex</span> <span class='ocrx_word' id='word_1_531' title='bbox 1756 1349 1831 1386; x_wconf 90' lang='lat' dir='ltr'>hoc</span> <span class='ocrx_word' id='word_1_532' title='bbox 1859 1349 1964 1398; x_wconf 89' lang='lat' dir='ltr'>quod</span> <span class='ocrx_word' id='word_1_533' title='bbox 1994 1350 2202 1398; x_wconf 90' lang='lat' dir='ltr'>congelatio</span> <span class='ocrx_word' id='word_1_534' title='bbox 2232 1351 2422 1398; x_wconf 87' lang='lat' dir='ltr'>grandinis</span> 
     </span>
     <span class='ocr_line' id='line_1_76' title="bbox 1361 1402 2422 1452; baseline 0.003 -14"><span class='ocrx_word' id='word_1_535' title='bbox 1361 1410 1417 1439; x_wconf 92' lang='lat' dir='ltr'>est</span> <span class='ocrx_word' id='word_1_536' title='bbox 1446 1403 1542 1439; x_wconf 87' lang='lat' dir='ltr'>facta</span> <span class='ocrx_word' id='word_1_537' title='bbox 1569 1414 1691 1451; x_wconf 90' lang='lat' dir='ltr'>prope</span> <span class='ocrx_word' id='word_1_538' title='bbox 1720 1410 1859 1439; x_wconf 89' lang='lat' dir='ltr'>terram</span> <span class='ocrx_word' id='word_1_539' title='bbox 1879 1408 1902 1447; x_wconf 86' lang='lat'>⁰,</span> <span class='ocrx_word' id='word_1_540' title='bbox 1931 1411 1966 1439; x_wconf 91' lang='lat' dir='ltr'>et</span> <span class='ocrx_word' id='word_1_541' title='bbox 1985 1402 2072 1439; x_wconf 90' lang='lat' dir='ltr'>ideo</span> <span class='ocrx_word' id='word_1_542' title='bbox 2100 1415 2220 1451; x_wconf 87' lang='lat' dir='ltr'>parvo</span> <span class='ocrx_word' id='word_1_543' title='bbox 2249 1411 2422 1452; x_wconf 91' lang='lat' dir='ltr'>tempore</span> 
     </span>
     <span class='ocr_line' id='line_1_77' title="bbox 1360 1455 2421 1505; baseline 0.002 -13"><span class='ocrx_word' id='word_1_544' title='bbox 1360 1456 1403 1492; x_wconf 92' lang='lat' dir='ltr'>fit</span> <span class='ocrx_word' id='word_1_545' title='bbox 1430 1463 1559 1492; x_wconf 89' lang='lat' dir='ltr'>motus</span> <span class='ocrx_word' id='word_1_546' title='bbox 1588 1455 1726 1504; x_wconf 90' lang='lat' dir='ltr'>ipsius:</span> <span class='ocrx_word' id='word_1_547' title='bbox 1756 1456 1843 1504; x_wconf 92' lang='lat' dir='ltr'>quia</span> <span class='ocrx_word' id='word_1_548' title='bbox 1871 1455 1902 1492; x_wconf 92' lang='lat' dir='ltr'>si</span> <span class='ocrx_word' id='word_1_549' title='bbox 1930 1457 2050 1492; x_wconf 91' lang='lat' dir='ltr'>multo</span> <span class='ocrx_word' id='word_1_550' title='bbox 2085 1464 2259 1505; x_wconf 91' lang='lat' dir='ltr'>tempore</span> <span class='ocrx_word' id='word_1_551' title='bbox 2288 1457 2396 1494; x_wconf 91' lang='lat' dir='ltr'>fieret</span> <span class='ocrx_word' id='word_1_552' title='bbox 2412 1487 2421 1504; x_wconf 95' lang='lat'>,</span> 
     </span>
     <span class='ocr_line' id='line_1_78' title="bbox 1360 1508 2423 1557; baseline 0.002 -13"><span class='ocrx_word' id='word_1_553' title='bbox 1360 1509 1555 1545; x_wconf 89' lang='lat' dir='ltr'>deminuta</span> <span class='ocrx_word' id='word_1_554' title='bbox 1574 1508 1704 1545; x_wconf 82' lang='lat' dir='ltr'>fuisset</span> <span class='ocrx_word' id='word_1_555' title='bbox 1719 1508 1906 1557; x_wconf 91' lang='lat' dir='ltr'>quantitas</span> <span class='ocrx_word' id='word_1_556' title='bbox 1921 1508 2124 1556; x_wconf 87' lang='lat' dir='ltr'>grandinis,</span> <span class='ocrx_word' id='word_1_557' title='bbox 2142 1517 2178 1546; x_wconf 93' lang='lat' dir='ltr'>et</span> <span class='ocrx_word' id='word_1_558' title='bbox 2197 1510 2317 1557; x_wconf 89' lang='lat' dir='ltr'>figura</span> <span class='ocrx_word' id='word_1_559' title='bbox 2336 1510 2423 1546; x_wconf 85' lang='lat' dir='ltr'>fuis-</span> 
     </span>
     <span class='ocr_line' id='line_1_79' title="bbox 1360 1561 2423 1611; baseline 0.001 -13"><span class='ocrx_word' id='word_1_560' title='bbox 1360 1570 1417 1598; x_wconf 94' lang='lat' dir='ltr'>set</span> <span class='ocrx_word' id='word_1_561' title='bbox 1431 1562 1528 1598; x_wconf 87' lang='lat' dir='ltr'>facta</span> <span class='ocrx_word' id='word_1_562' title='bbox 1543 1561 1718 1608; x_wconf 91' lang='lat' dir='ltr'>rotunda,</span> <span class='ocrx_word' id='word_1_563' title='bbox 1739 1570 1849 1598; x_wconf 91' lang='lat' dir='ltr'>motu</span> <span class='ocrx_word' id='word_1_564' title='bbox 1868 1562 2097 1599; x_wconf 91' lang='lat' dir='ltr'>dissolvente</span> <span class='ocrx_word' id='word_1_565' title='bbox 2117 1563 2319 1611; x_wconf 84' lang='lat' dir='ltr'>praecipue</span> <span class='ocrx_word' id='word_1_566' title='bbox 2338 1575 2423 1611; x_wconf 89' lang='lat' dir='ltr'>par-</span> 
     </span>
     <span class='ocr_line' id='line_1_80' title="bbox 1359 1614 2423 1664; baseline 0.002 -13"><span class='ocrx_word' id='word_1_567' title='bbox 1359 1623 1416 1651; x_wconf 92' lang='lat' dir='ltr'>tes</span> <span class='ocrx_word' id='word_1_568' title='bbox 1444 1615 1654 1663; x_wconf 89' lang='lat' dir='ltr'>angulares,</span> <span class='ocrx_word' id='word_1_569' title='bbox 1685 1614 1817 1651; x_wconf 83' lang='lat' dir='ltr'>fortius</span> <span class='ocrx_word' id='word_1_570' title='bbox 1847 1614 2059 1652; x_wconf 88' lang='lat' dir='ltr'>dividentes</span> <span class='ocrx_word' id='word_1_571' title='bbox 2089 1627 2216 1652; x_wconf 90' lang='lat' dir='ltr'>aerem</span> <span class='ocrx_word' id='word_1_572' title='bbox 2242 1623 2277 1652; x_wconf 95' lang='lat' dir='ltr'>et</span> <span class='ocrx_word' id='word_1_573' title='bbox 2303 1617 2423 1664; x_wconf 88' lang='lat' dir='ltr'>magis</span> 
     </span>
     <span class='ocr_line' id='line_1_81' title="bbox 1361 1667 2423 1717; baseline 0.002 -13"><span class='ocrx_word' id='word_1_574' title='bbox 1361 1668 1394 1704; x_wconf 90' lang='lat' dir='ltr'>ei</span> <span class='ocrx_word' id='word_1_575' title='bbox 1423 1667 1648 1704; x_wconf 90' lang='lat' dir='ltr'>resistentes.</span> <span class='ocrx_word' id='word_1_576' title='bbox 1680 1668 1771 1704; x_wconf 93' lang='lat' dir='ltr'>Non</span> <span class='ocrx_word' id='word_1_577' title='bbox 1800 1680 1889 1716; x_wconf 91' lang='lat' dir='ltr'>ergo</span> <span class='ocrx_word' id='word_1_578' title='bbox 1922 1680 2060 1705; x_wconf 92' lang='lat' dir='ltr'>verum</span> <span class='ocrx_word' id='word_1_579' title='bbox 2090 1676 2145 1705; x_wconf 91' lang='lat' dir='ltr'>est</span> <span class='ocrx_word' id='word_1_580' title='bbox 2173 1669 2278 1717; x_wconf 91' lang='lat' dir='ltr'>quod</span> <span class='ocrx_word' id='word_1_581' title='bbox 2310 1681 2423 1716; x_wconf 89' lang='lat' dir='ltr'>gene-</span> 
     </span>
     <span class='ocr_line' id='line_1_82' title="bbox 1360 1720 2302 1769; baseline 0 -11"><span class='ocrx_word' id='word_1_582' title='bbox 1360 1721 1454 1758; x_wconf 92' lang='lat' dir='ltr'>ratio</span> <span class='ocrx_word' id='word_1_583' title='bbox 1483 1721 1675 1769; x_wconf 91' lang='lat' dir='ltr'>grandinis</span> <span class='ocrx_word' id='word_1_584' title='bbox 1702 1721 1746 1758; x_wconf 91' lang='lat' dir='ltr'>fit</span> <span class='ocrx_word' id='word_1_585' title='bbox 1763 1720 1783 1742; x_wconf 70' lang='lat'>²¹⁸</span> <span class='ocrx_word' id='word_1_586' title='bbox 1811 1721 1974 1757; x_wconf 89' lang='lat' dir='ltr'>multum</span> <span class='ocrx_word' id='word_1_587' title='bbox 2003 1722 2115 1769; x_wconf 90' lang='lat' dir='ltr'>longe</span> <span class='ocrx_word' id='word_1_588' title='bbox 2143 1734 2165 1758; x_wconf 92' lang='lat' dir='ltr'>a</span> <span class='ocrx_word' id='word_1_589' title='bbox 2192 1729 2302 1758; x_wconf 89' lang='lat' dir='ltr'>terra.</span> 
     </span>
    </p>

    <p class='ocr_par' dir='ltr' id='par_1_15' title="bbox 1357 1774 2425 2566">
     <span class='ocr_line' id='line_1_83' title="bbox 1413 1774 2423 1823; baseline 0.002 -13"><span class='ocrx_word' id='word_1_590' title='bbox 1413 1787 1448 1822; x_wconf 87' lang='lat'>9.</span> <span class='ocrx_word' id='word_1_591' title='bbox 1472 1774 1642 1811; x_wconf 90' lang='lat' dir='ltr'>Tertiam</span> <span class='ocrx_word' id='word_1_592' title='bbox 1672 1774 1859 1810; x_wconf 89' lang='lat' dir='ltr'>rationem</span> <span class='ocrx_word' id='word_1_593' title='bbox 1882 1774 1989 1823; x_wconf 91' lang='lat' dir='ltr'>ponit</span> <span class='ocrx_word' id='word_1_594' title='bbox 2018 1774 2086 1811; x_wconf 87' lang='lat' dir='ltr'>ibi:</span> <span class='ocrx_word' id='word_1_595' title='bbox 2114 1775 2166 1811; x_wconf 84' lang='lat' dir='ltr'>At</span> <span class='ocrx_word' id='word_1_596' title='bbox 2181 1786 2271 1811; x_wconf 77' lang='lat' dir='ltr'>vero</span> <span class='ocrx_word' id='word_1_597' title='bbox 2301 1787 2423 1812; x_wconf 77' lang='lat' dir='ltr'>neces-</span> 
     </span>
     <span class='ocr_line' id='line_1_84' title="bbox 1357 1827 2423 1876; baseline 0.002 -13"><span class='ocrx_word' id='word_1_598' title='bbox 1357 1828 1502 1864; x_wconf 83' lang='lat' dir='ltr'>sarium</span> <span class='ocrx_word' id='word_1_599' title='bbox 1532 1835 1601 1864; x_wconf 84' lang='lat' dir='ltr'>ete.</span> <span class='ocrx_word' id='word_1_600' title='bbox 1631 1828 1680 1864; x_wconf 87' lang='lat' dir='ltr'>Et</span> <span class='ocrx_word' id='word_1_601' title='bbox 1709 1827 1797 1864; x_wconf 89' lang='lat' dir='ltr'>dicit</span> <span class='ocrx_word' id='word_1_602' title='bbox 1823 1827 1930 1876; x_wconf 92' lang='lat' dir='ltr'>quod</span> <span class='ocrx_word' id='word_1_603' title='bbox 1957 1839 2112 1864; x_wconf 90' lang='lat' dir='ltr'>necesse</span> <span class='ocrx_word' id='word_1_604' title='bbox 2132 1835 2188 1864; x_wconf 90' lang='lat' dir='ltr'>est</span> <span class='ocrx_word' id='word_1_605' title='bbox 2215 1828 2318 1876; x_wconf 92' lang='lat' dir='ltr'>quod</span> <span class='ocrx_word' id='word_1_606' title='bbox 2343 1841 2423 1865; x_wconf 90' lang='lat' dir='ltr'>ma·</span> 
     </span>
     <span class='ocr_line' id='line_1_85' title="bbox 1359 1880 2423 1928; baseline 0.002 -11"><span class='ocrx_word' id='word_1_607' title='bbox 1359 1881 1516 1928; x_wconf 90' lang='lat' dir='ltr'>gnitudo</span> <span class='ocrx_word' id='word_1_608' title='bbox 1536 1880 1726 1928; x_wconf 88' lang='lat' dir='ltr'>grandinis</span> <span class='ocrx_word' id='word_1_609' title='bbox 1755 1880 1946 1928; x_wconf 83' lang='lat' dir='ltr'>contingat</span> <span class='ocrx_word' id='word_1_610' title='bbox 1974 1892 2019 1917; x_wconf 88' lang='lat' dir='ltr'>ex</span> <span class='ocrx_word' id='word_1_611' title='bbox 2043 1881 2258 1918; x_wconf 88' lang='lat' dir='ltr'>fortitudine</span> <span class='ocrx_word' id='word_1_612' title='bbox 2287 1894 2423 1919; x_wconf 91' lang='lat' dir='ltr'>causae</span> 
     </span>
     <span class='ocr_line' id='line_1_86' title="bbox 1359 1933 2423 1983; baseline 0.001 -13"><span class='ocrx_word' id='word_1_613' title='bbox 1359 1933 1631 1982; x_wconf 90' lang='lat' dir='ltr'>coagulationis</span> <span class='ocrx_word' id='word_1_614' title='bbox 1663 1933 1876 1981; x_wconf 87' lang='lat' dir='ltr'>grandinis:</span> <span class='ocrx_word' id='word_1_615' title='bbox 1910 1933 1999 1983; x_wconf 90' lang='lat' dir='ltr'>quia</span> <span class='ocrx_word' id='word_1_616' title='bbox 2035 1934 2180 1981; x_wconf 88' lang='lat' dir='ltr'>grando</span> <span class='ocrx_word' id='word_1_617' title='bbox 2215 1942 2271 1971; x_wconf 88' lang='lat' dir='ltr'>est</span> <span class='ocrx_word' id='word_1_618' title='bbox 2303 1935 2423 1983; x_wconf 92' lang='lat' dir='ltr'>quod-</span> 
     </span>
     <span class='ocr_line' id='line_1_87' title="bbox 1360 1986 2425 2035; baseline 0.002 -12"><span class='ocrx_word' id='word_1_619' title='bbox 1360 1988 1451 2024; x_wconf 91' lang='lat' dir='ltr'>dam</span> <span class='ocrx_word' id='word_1_620' title='bbox 1480 1987 1720 2035; x_wconf 90' lang='lat' dir='ltr'>congelatum</span> <span class='ocrx_word' id='word_1_621' title='bbox 1747 1986 1843 2023; x_wconf 92' lang='lat' dir='ltr'>sicut</span> <span class='ocrx_word' id='word_1_622' title='bbox 1875 1987 2090 2035; x_wconf 89' lang='lat' dir='ltr'>crystallus,</span> <span class='ocrx_word' id='word_1_623' title='bbox 2119 1995 2161 2024; x_wconf 92' lang='lat' dir='ltr'>ut</span> <span class='ocrx_word' id='word_1_624' title='bbox 2190 1995 2245 2024; x_wconf 90' lang='lat' dir='ltr'>est</span> <span class='ocrx_word' id='word_1_625' title='bbox 2273 1987 2425 2025; x_wconf 91' lang='lat' dir='ltr'>cuilibet</span> 
     </span>
     <span class='ocr_line' id='line_1_88' title="bbox 1359 2039 2425 2087; baseline 0.002 -11"><span class='ocrx_word' id='word_1_626' title='bbox 1359 2040 1615 2077; x_wconf 88' lang='lat' dir='ltr'>manifestum.</span> <span class='ocrx_word' id='word_1_627' title='bbox 1638 2040 1716 2076; x_wconf 92' lang='lat' dir='ltr'>Sed</span> <span class='ocrx_word' id='word_1_628' title='bbox 1744 2040 1967 2087; x_wconf 90' lang='lat' dir='ltr'>magnitudo</span> <span class='ocrx_word' id='word_1_629' title='bbox 1997 2039 2188 2087; x_wconf 87' lang='lat' dir='ltr'>grandinis</span> <span class='ocrx_word' id='word_1_630' title='bbox 2219 2040 2342 2077; x_wconf 91' lang='lat' dir='ltr'>maior</span> <span class='ocrx_word' id='word_1_631' title='bbox 2370 2049 2425 2078; x_wconf 92' lang='lat' dir='ltr'>est</span> 
     </span>
     <span class='ocr_line' id='line_1_89' title="bbox 1358 2093 2422 2142; baseline 0.002 -13"><span class='ocrx_word' id='word_1_632' title='bbox 1358 2093 1397 2130; x_wconf 90' lang='lat' dir='ltr'>in</span> <span class='ocrx_word' id='word_1_633' title='bbox 1417 2093 1662 2141; x_wconf 89' lang='lat' dir='ltr'>grandinibus</span> <span class='ocrx_word' id='word_1_634' title='bbox 1678 2099 1696 2115; x_wconf 57' lang='grc' dir='ltr'>π</span> <span class='ocrx_word' id='word_1_635' title='bbox 1716 2105 1814 2142; x_wconf 90' lang='lat' dir='ltr'>quae</span> <span class='ocrx_word' id='word_1_636' title='bbox 1834 2105 1913 2130; x_wconf 93' lang='lat' dir='ltr'>non</span> <span class='ocrx_word' id='word_1_637' title='bbox 1937 2100 2023 2130; x_wconf 88' lang='lat' dir='ltr'>sunt</span> <span class='ocrx_word' id='word_1_638' title='bbox 2046 2093 2253 2130; x_wconf 92' lang='lat' dir='ltr'>rotundae:</span> <span class='ocrx_word' id='word_1_639' title='bbox 2280 2106 2325 2130; x_wconf 87' lang='lat' dir='ltr'>ex</span> <span class='ocrx_word' id='word_1_640' title='bbox 2345 2107 2422 2142; x_wconf 93' lang='lat' dir='ltr'>quo</span> 
     </span>
     <span class='ocr_line' id='line_1_90' title="bbox 1357 2146 2424 2195; baseline 0.001 -12"><span class='ocrx_word' id='word_1_641' title='bbox 1357 2154 1484 2195; x_wconf 91' lang='lat' dir='ltr'>potest</span> <span class='ocrx_word' id='word_1_642' title='bbox 1521 2146 1697 2183; x_wconf 90' lang='lat' dir='ltr'>concludi</span> <span class='ocrx_word' id='word_1_643' title='bbox 1735 2146 1839 2195; x_wconf 92' lang='lat' dir='ltr'>quod</span> <span class='ocrx_word' id='word_1_644' title='bbox 1868 2146 2068 2194; x_wconf 91' lang='lat' dir='ltr'>grandines</span> <span class='ocrx_word' id='word_1_645' title='bbox 2103 2159 2202 2194; x_wconf 90' lang='lat' dir='ltr'>quae</span> <span class='ocrx_word' id='word_1_646' title='bbox 2229 2159 2308 2183; x_wconf 93' lang='lat' dir='ltr'>non</span> <span class='ocrx_word' id='word_1_647' title='bbox 2337 2155 2424 2184; x_wconf 91' lang='lat' dir='ltr'>sunt</span> 
     </span>
     <span class='ocr_line' id='line_1_91' title="bbox 1358 2199 2423 2248; baseline 0.001 -12"><span class='ocrx_word' id='word_1_648' title='bbox 1358 2199 1503 2247; x_wconf 87' lang='lat' dir='ltr'>figurae</span> <span class='ocrx_word' id='word_1_649' title='bbox 1532 2200 1730 2245; x_wconf 88' lang='lat' dir='ltr'>rotundae,</span> <span class='ocrx_word' id='word_1_650' title='bbox 1752 2200 1917 2236; x_wconf 87' lang='lat' dir='ltr'>habeant</span> <span class='ocrx_word' id='word_1_651' title='bbox 1935 2200 2073 2235; x_wconf 85' lang='lat' dir='ltr'>fortem</span> <span class='ocrx_word' id='word_1_652' title='bbox 2104 2211 2258 2236; x_wconf 86' lang='lat' dir='ltr'>causam</span> <span class='ocrx_word' id='word_1_653' title='bbox 2286 2212 2423 2248; x_wconf 91' lang='lat' dir='ltr'>conge—</span> 
     </span>
     <span class='ocr_line' id='line_1_92' title="bbox 1357 2252 2422 2300; baseline 0.001 -11"><span class='ocrx_word' id='word_1_654' title='bbox 1357 2252 1518 2289; x_wconf 83' lang='lat' dir='ltr'>lationis.</span> <span class='ocrx_word' id='word_1_655' title='bbox 1554 2252 1632 2289; x_wconf 91' lang='lat' dir='ltr'>Sed</span> <span class='ocrx_word' id='word_1_656' title='bbox 1659 2253 1735 2289; x_wconf 88' lang='lat' dir='ltr'>hoc</span> <span class='ocrx_word' id='word_1_657' title='bbox 1770 2252 1875 2300; x_wconf 89' lang='lat' dir='ltr'>quod</span> <span class='ocrx_word' id='word_1_658' title='bbox 1912 2253 2056 2300; x_wconf 89' lang='lat' dir='ltr'>grando</span> <span class='ocrx_word' id='word_1_659' title='bbox 2091 2264 2170 2289; x_wconf 91' lang='lat' dir='ltr'>non</span> <span class='ocrx_word' id='word_1_660' title='bbox 2198 2252 2244 2289; x_wconf 91' lang='lat' dir='ltr'>sit</span> <span class='ocrx_word' id='word_1_661' title='bbox 2277 2253 2422 2300; x_wconf 89' lang='lat' dir='ltr'>figurae</span> 
     </span>
     <span class='ocr_line' id='line_1_93' title="bbox 1357 2305 2422 2355; baseline 0.001 -13"><span class='ocrx_word' id='word_1_662' title='bbox 1357 2305 1556 2352; x_wconf 88' lang='lat' dir='ltr'>rotundae,</span> <span class='ocrx_word' id='word_1_663' title='bbox 1578 2312 1634 2342; x_wconf 92' lang='lat' dir='ltr'>est</span> <span class='ocrx_word' id='word_1_664' title='bbox 1652 2305 1803 2353; x_wconf 90' lang='lat' dir='ltr'>signum</span> <span class='ocrx_word' id='word_1_665' title='bbox 1833 2305 1938 2354; x_wconf 91' lang='lat' dir='ltr'>quod</span> <span class='ocrx_word' id='word_1_666' title='bbox 1966 2305 2012 2342; x_wconf 93' lang='lat' dir='ltr'>sit</span> <span class='ocrx_word' id='word_1_667' title='bbox 2030 2305 2050 2326; x_wconf 72' lang='lat'>&#39;¹‘</span> <span class='ocrx_word' id='word_1_668' title='bbox 2079 2305 2275 2352; x_wconf 90' lang='lat' dir='ltr'>congelata</span> <span class='ocrx_word' id='word_1_669' title='bbox 2301 2318 2422 2355; x_wconf 88' lang='lat' dir='ltr'>prope</span> 
     </span>
     <span class='ocr_line' id='line_1_94' title="bbox 1357 2357 2422 2408; baseline 0.001 -13"><span class='ocrx_word' id='word_1_670' title='bbox 1357 2366 1514 2396; x_wconf 89' lang='lat' dir='ltr'>terram:</span> <span class='ocrx_word' id='word_1_671' title='bbox 1540 2357 1631 2406; x_wconf 88' lang='lat' dir='ltr'>quia</span> <span class='ocrx_word' id='word_1_672' title='bbox 1658 2358 1690 2395; x_wconf 93' lang='lat' dir='ltr'>si</span> <span class='ocrx_word' id='word_1_673' title='bbox 1717 2358 1892 2395; x_wconf 88' lang='lat' dir='ltr'>venirent</span> <span class='ocrx_word' id='word_1_674' title='bbox 1912 2358 1959 2396; x_wconf 92' lang='lat' dir='ltr'>de</span> <span class='ocrx_word' id='word_1_675' title='bbox 1979 2357 2104 2406; x_wconf 79' lang='lat' dir='ltr'>longe,</span> <span class='ocrx_word' id='word_1_676' title='bbox 2126 2358 2422 2408; x_wconf 89' lang='lat' dir='ltr'>circumquaque</span> 
     </span>
     <span class='ocr_line' id='line_1_95' title="bbox 1357 2411 2423 2460; baseline 0.001 -12"><span class='ocrx_word' id='word_1_677' title='bbox 1357 2418 1484 2448; x_wconf 92' lang='lat' dir='ltr'>essent</span> <span class='ocrx_word' id='word_1_678' title='bbox 1502 2411 1658 2458; x_wconf 89' lang='lat' dir='ltr'>attritae,</span> <span class='ocrx_word' id='word_1_679' title='bbox 1678 2418 1836 2460; x_wconf 89' lang='lat' dir='ltr'>propter</span> <span class='ocrx_word' id='word_1_680' title='bbox 1863 2419 2014 2448; x_wconf 89' lang='lat' dir='ltr'>motum</span> <span class='ocrx_word' id='word_1_681' title='bbox 2033 2424 2056 2448; x_wconf 91' lang='lat' dir='ltr'>a</span> <span class='ocrx_word' id='word_1_682' title='bbox 2071 2411 2292 2459; x_wconf 90' lang='lat' dir='ltr'>longinquo,</span> <span class='ocrx_word' id='word_1_683' title='bbox 2314 2420 2350 2449; x_wconf 91' lang='lat' dir='ltr'>et</span> <span class='ocrx_word' id='word_1_684' title='bbox 2369 2413 2423 2449; x_wconf 90' lang='lat' dir='ltr'>sic</span> 
     </span>
     <span class='ocr_line' id='line_1_96' title="bbox 1357 2464 2420 2512; baseline 0.001 -11"><span class='ocrx_word' id='word_1_685' title='bbox 1357 2473 1483 2502; x_wconf 90' lang='lat' dir='ltr'>essent</span> <span class='ocrx_word' id='word_1_686' title='bbox 1510 2465 1652 2512; x_wconf 90' lang='lat' dir='ltr'>figurae</span> <span class='ocrx_word' id='word_1_687' title='bbox 1673 2464 1859 2501; x_wconf 90' lang='lat' dir='ltr'>rotundae</span> <span class='ocrx_word' id='word_1_688' title='bbox 1880 2472 1916 2501; x_wconf 90' lang='lat' dir='ltr'>et</span> <span class='ocrx_word' id='word_1_689' title='bbox 1934 2464 2194 2512; x_wconf 86' lang='lat' dir='ltr'>magnitudine</span> <span class='ocrx_word' id='word_1_690' title='bbox 2213 2465 2380 2502; x_wconf 91' lang='lat' dir='ltr'>minores</span> <span class='ocrx_word' id='word_1_691' title='bbox 2395 2471 2420 2502; x_wconf 75' lang='grc' dir='ltr'>Ρ.</span> 
     </span>
     <span class='ocr_line' id='line_1_97' title="bbox 1357 2517 2423 2566; baseline 0 -11"><span class='ocrx_word' id='word_1_692' title='bbox 1357 2519 1468 2555; x_wconf 93' lang='lat' dir='ltr'>Unde</span> <span class='ocrx_word' id='word_1_693' title='bbox 1499 2518 1690 2554; x_wconf 91' lang='lat' dir='ltr'>concludit</span> <span class='ocrx_word' id='word_1_694' title='bbox 1727 2518 1831 2566; x_wconf 90' lang='lat' dir='ltr'>quod</span> <span class='ocrx_word' id='word_1_695' title='bbox 1870 2517 2080 2565; x_wconf 89' lang='lat' dir='ltr'>coagulatio</span> <span class='ocrx_word' id='word_1_696' title='bbox 2117 2518 2306 2565; x_wconf 91' lang='lat' dir='ltr'>grandinis</span> <span class='ocrx_word' id='word_1_697' title='bbox 2344 2531 2423 2555; x_wconf 93' lang='lat' dir='ltr'>non</span> 
     </span>
    </p>
   </div>
   <div class='ocr_carea' id='block_1_11' title="bbox 2349 265 2418 311">
    <p class='ocr_par' dir='ltr' id='par_1_16' title="bbox 2349 265 2418 311">
     <span class='ocr_line' id='line_1_98' title="bbox 2349 265 2418 311; baseline 0 -11"><span class='ocrx_word' id='word_1_698' title='bbox 2349 265 2418 311; x_wconf 84' lang='lat'>371</span> 
     </span>
    </p>
   </div>
   <div class='ocr_carea' id='block_1_12' title="bbox 1357 2571 2447 2620">
    <p class='ocr_par' dir='ltr' id='par_1_17' title="bbox 1357 2571 2447 2620">
     <span class='ocr_line' id='line_1_99' title="bbox 1357 2571 2447 2620; baseline 0.001 -13"><span class='ocrx_word' id='word_1_699' title='bbox 1357 2571 1493 2608; x_wconf 90' lang='lat' dir='ltr'>accidit</span> <span class='ocrx_word' id='word_1_700' title='bbox 1524 2578 1681 2620; x_wconf 91' lang='lat' dir='ltr'>propter</span> <span class='ocrx_word' id='word_1_701' title='bbox 1716 2571 1792 2607; x_wconf 92' lang='lat' dir='ltr'>hoc</span> <span class='ocrx_word' id='word_1_702' title='bbox 1829 2572 1933 2619; x_wconf 93' lang='lat' dir='ltr'>quod</span> <span class='ocrx_word' id='word_1_703' title='bbox 1964 2583 2130 2619; x_wconf 86' lang='lat' dir='ltr'>vapores</span> <span class='ocrx_word' id='word_1_704' title='bbox 2167 2572 2447 2620; x_wconf 56' lang='lat' dir='ltr'>propellantur*</span> 
     </span>
    </p>
   </div>
   <div class='ocr_carea' id='block_1_13' title="bbox 1354 2624 2423 3042">
    <p class='ocr_par' dir='ltr' id='par_1_18' title="bbox 1356 2624 2423 2714">
     <span class='ocr_line' id='line_1_100' title="bbox 1356 2624 2423 2672; baseline 0.002 -12"><span class='ocrx_word' id='word_1_705' title='bbox 1356 2625 1395 2661; x_wconf 93' lang='lat' dir='ltr'>in</span> <span class='ocrx_word' id='word_1_706' title='bbox 1423 2625 1552 2661; x_wconf 89' lang='lat' dir='ltr'>locum</span> <span class='ocrx_word' id='word_1_707' title='bbox 1580 2624 1758 2672; x_wconf 87' lang='lat' dir='ltr'>frigidum</span> <span class='ocrx_word' id='word_1_708' title='bbox 1787 2636 2023 2672; x_wconf 91' lang='lat' dir='ltr'>supremum,</span> <span class='ocrx_word' id='word_1_709' title='bbox 2044 2625 2205 2661; x_wconf 91' lang='lat' dir='ltr'>multum</span> <span class='ocrx_word' id='word_1_710' title='bbox 2233 2632 2423 2662; x_wconf 91' lang='lat' dir='ltr'>remotum</span> 
     </span>
     <span class='ocr_line' id='line_1_101' title="bbox 1357 2685 1516 2714; baseline 0 0"><span class='ocrx_word' id='word_1_711' title='bbox 1357 2690 1379 2714; x_wconf 91' lang='lat' dir='ltr'>a</span> <span class='ocrx_word' id='word_1_712' title='bbox 1406 2685 1516 2714; x_wconf 85' lang='lat' dir='ltr'>terra.</span> 
     </span>
    </p>

    <p class='ocr_par' dir='ltr' id='par_1_19' title="bbox 1354 2729 2421 2979">
     <span class='ocr_line' id='line_1_102' title="bbox 1417 2729 2421 2778; baseline 0 -11"><span class='ocrx_word' id='word_1_713' title='bbox 1417 2743 1473 2768; x_wconf 80' lang='lat' dir='ltr'>io.</span> <span class='ocrx_word' id='word_1_714' title='bbox 1486 2730 1636 2767; x_wconf 88' lang='lat' dir='ltr'>Deinde</span> <span class='ocrx_word' id='word_1_715' title='bbox 1652 2742 1742 2766; x_wconf 91' lang='lat' dir='ltr'>cum</span> <span class='ocrx_word' id='word_1_716' title='bbox 1757 2729 1860 2767; x_wconf 87' lang='lat' dir='ltr'>dicit:</span> <span class='ocrx_word' id='word_1_717' title='bbox 1877 2730 1952 2766; x_wconf 87' lang='lat' dir='ltr'>Sed</span> <span class='ocrx_word' id='word_1_718' title='bbox 1964 2730 2143 2778; x_wconf 86' lang='lat' dir='ltr'>quoniam</span> <span class='ocrx_word' id='word_1_719' title='bbox 2159 2730 2421 2778; x_wconf 66' lang='lat' dir='ltr'>videmusetc„</span> 
     </span>
     <span class='ocr_line' id='line_1_103' title="bbox 1356 2783 2420 2832; baseline -0.001 -12"><span class='ocrx_word' id='word_1_720' title='bbox 1356 2783 1520 2831; x_wconf 88' lang='lat' dir='ltr'>assignat</span> <span class='ocrx_word' id='word_1_721' title='bbox 1548 2794 1704 2820; x_wconf 91' lang='lat' dir='ltr'>causam</span> <span class='ocrx_word' id='word_1_722' title='bbox 1742 2783 1994 2831; x_wconf 84' lang='lat' dir='ltr'>generationis</span> <span class='ocrx_word' id='word_1_723' title='bbox 2031 2783 2232 2830; x_wconf 89' lang='lat' dir='ltr'>grandinis.</span> <span class='ocrx_word' id='word_1_724' title='bbox 2265 2785 2306 2820; x_wconf 92' lang='lat' dir='ltr'>In</span> <span class='ocrx_word' id='word_1_725' title='bbox 2343 2796 2420 2832; x_wconf 92' lang='lat' dir='ltr'>quo</span> 
     </span>
     <span class='ocr_line' id='line_1_104' title="bbox 1354 2836 2420 2885; baseline 0 -13"><span class='ocrx_word' id='word_1_726' title='bbox 1354 2836 1480 2885; x_wconf 90' lang='lat' dir='ltr'>primo</span> <span class='ocrx_word' id='word_1_727' title='bbox 1502 2836 1666 2872; x_wconf 86' lang='lat' dir='ltr'>excludit</span> <span class='ocrx_word' id='word_1_728' title='bbox 1679 2842 1692 2855; x_wconf 85' lang='lat'>&#39;</span> <span class='ocrx_word' id='word_1_729' title='bbox 1713 2848 1830 2872; x_wconf 89' lang='lat' dir='ltr'>unam</span> <span class='ocrx_word' id='word_1_730' title='bbox 1855 2836 2115 2873; x_wconf 90' lang='lat' dir='ltr'>difficultatem</span> <span class='ocrx_word' id='word_1_731' title='bbox 2136 2836 2309 2884; x_wconf 90' lang='lat' dir='ltr'>superius</span> <span class='ocrx_word' id='word_1_732' title='bbox 2338 2848 2420 2872; x_wconf 91' lang='lat' dir='ltr'>mo-</span> 
     </span>
     <span class='ocr_line' id='line_1_105' title="bbox 1355 2888 2419 2936; baseline -0.001 -10"><span class='ocrx_word' id='word_1_733' title='bbox 1355 2897 1453 2934; x_wconf 89' lang='lat' dir='ltr'>tam;</span> <span class='ocrx_word' id='word_1_734' title='bbox 1483 2889 1653 2925; x_wconf 90' lang='lat' dir='ltr'>secundo</span> <span class='ocrx_word' id='word_1_735' title='bbox 1684 2889 1847 2926; x_wconf 88' lang='lat' dir='ltr'>excludit</span> <span class='ocrx_word' id='word_1_736' title='bbox 1873 2889 1998 2936; x_wconf 84' lang='lat' dir='ltr'>aliam,</span> <span class='ocrx_word' id='word_1_737' title='bbox 2027 2888 2095 2925; x_wconf 91' lang='lat' dir='ltr'>ibi:</span> <span class='ocrx_word' id='word_1_738' title='bbox 2123 2889 2270 2925; x_wconf 82' lang='lat' dir='ltr'>Accidit</span> <span class='ocrx_word' id='word_1_739' title='bbox 2294 2894 2419 2926; x_wconf 88' lang='lat' dir='ltr'>autem</span> 
     </span>
     <span class='ocr_line' id='line_1_106' title="bbox 1354 2941 1551 2979; baseline -0.005 0"><span class='ocrx_word' id='word_1_740' title='bbox 1354 2944 1426 2979; x_wconf 82' lang='lat' dir='ltr'>hoc</span> <span class='ocrx_word' id='word_1_741' title='bbox 1443 2941 1463 2963; x_wconf 71' lang='lat'>²¹⁶</span> <span class='ocrx_word' id='word_1_742' title='bbox 1483 2950 1551 2979; x_wconf 91' lang='lat' dir='ltr'>etc.</span> 
     </span>
    </p>

    <p class='ocr_par' dir='ltr' id='par_1_20' title="bbox 1408 2994 2419 3042">
     <span class='ocr_line' id='line_1_107' title="bbox 1408 2994 2419 3042; baseline -0.002 -10"><span class='ocrx_word' id='word_1_743' title='bbox 1408 2994 1509 3032; x_wconf 90' lang='lat' dir='ltr'>Dicit</span> <span class='ocrx_word' id='word_1_744' title='bbox 1529 3007 1618 3042; x_wconf 88' lang='lat' dir='ltr'>ergo</span> <span class='ocrx_word' id='word_1_745' title='bbox 1638 2994 1763 3042; x_wconf 89' lang='lat' dir='ltr'>primo</span> <span class='ocrx_word' id='word_1_746' title='bbox 1786 2995 1890 3042; x_wconf 93' lang='lat' dir='ltr'>quod</span> <span class='ocrx_word' id='word_1_747' title='bbox 1905 3006 1974 3042; x_wconf 91' lang='lat' dir='ltr'>per</span> <span class='ocrx_word' id='word_1_748' title='bbox 1993 2994 2294 3042; x_wconf 87' lang='lat' dir='ltr'>experimentum</span> <span class='ocrx_word' id='word_1_749' title='bbox 2314 2994 2419 3032; x_wconf 92' lang='lat' dir='ltr'>vide-</span> 
     </span>
    </p>
   </div>
   <div class='ocr_carea' id='block_1_14' title="bbox 965 3075 1486 3079">
    <p class='ocr_par' dir='ltr' id='par_1_21' title="bbox 965 3075 1486 3079">
     <span class='ocr_line' id='line_1_108' title="bbox 965 3075 1486 3079; baseline 0 0"><span class='ocrx_word' id='word_1_750' title='bbox 965 3075 1486 3079; x_wconf 95' lang='lat' dir='ltr'> </span> 
     </span>
    </p>
   </div>
   <div class='ocr_carea' id='block_1_15' title="bbox 223 3117 1299 3644">
    <p class='ocr_par' dir='ltr' id='par_1_22' title="bbox 227 3117 1298 3250">
     <span class='ocr_line' id='line_1_109' title="bbox 255 3117 1298 3152; baseline -0.002 -7.948"><span class='ocrx_word' id='word_1_751' title='bbox 255 3118 311 3152; x_wconf 68' lang='lat' dir='ltr'>·q)</span> <span class='ocrx_word' id='word_1_752' title='bbox 328 3118 393 3151; x_wconf 73' lang='lat' dir='ltr'>qnia</span> <span class='ocrx_word' id='word_1_753' title='bbox 411 3125 464 3144; x_wconf 82' lang='lat' dir='ltr'>non</span> <span class='ocrx_word' id='word_1_754' title='bbox 478 3121 612 3150; x_wconf 75' lang='lat' dir='ltr'>potest.-</span> <span class='ocrx_word' id='word_1_755' title='bbox 622 3117 687 3150; x_wconf 78' lang='lat' dir='ltr'>quia</span> <span class='ocrx_word' id='word_1_756' title='bbox 704 3124 775 3150; x_wconf 80' lang='lat' dir='ltr'>aqua</span> <span class='ocrx_word' id='word_1_757' title='bbox 790 3125 844 3142; x_wconf 87' lang='lat' dir='ltr'>non</span> <span class='ocrx_word' id='word_1_758' title='bbox 854 3120 945 3149; x_wconf 73' lang='lat' dir='ltr'>potest</span> <span class='ocrx_word' id='word_1_759' title='bbox 956 3119 1041 3142; x_wconf 85' lang='lat' dir='ltr'>AB.-</span> <span class='ocrx_word' id='word_1_760' title='bbox 1054 3118 1135 3142; x_wconf 75' lang='lat' dir='ltr'>iidem</span> <span class='ocrx_word' id='word_1_761' title='bbox 1147 3125 1195 3150; x_wconf 84' lang='lat' dir='ltr'>pm</span> <span class='ocrx_word' id='word_1_762' title='bbox 1206 3118 1244 3142; x_wconf 80' lang='lat' dir='ltr'>sit</span> <span class='ocrx_word' id='word_1_763' title='bbox 1250 3119 1298 3152; x_wconf 83' lang='lat' dir='ltr'>fa</span> 
     </span>
     <span class='ocr_line' id='line_1_110' title="bbox 227 3154 1299 3194; baseline -0.002 -14"><span class='ocrx_word' id='word_1_764' title='bbox 227 3157 362 3180; x_wconf 49' lang='lat' dir='ltr'>&amp;mest</span> <span class='ocrx_word' id='word_1_765' title='bbox 372 3154 460 3188; x_wconf 74' lang='lat' dir='ltr'>sacta,</span> <span class='ocrx_word' id='word_1_766' title='bbox 478 3154 516 3178; x_wconf 75' lang='lat' dir='ltr'>sit</span> <span class='ocrx_word' id='word_1_767' title='bbox 531 3154 612 3188; x_wconf 79' lang='lat' dir='ltr'>sacta</span> <span class='ocrx_word' id='word_1_768' title='bbox 629 3160 701 3185; x_wconf 83' lang='lat' dir='ltr'>aqua</span> <span class='ocrx_word' id='word_1_769' title='bbox 724 3160 808 3185; x_wconf 84' lang='lat' dir='ltr'>neque</span> <span class='ocrx_word' id='word_1_770' title='bbox 822 3156 915 3185; x_wconf 79' lang='lat' dir='ltr'>potest</span> <span class='ocrx_word' id='word_1_771' title='bbox 932 3156 1077 3185; x_wconf 77' lang='lat' dir='ltr'>postquam</span> <span class='ocrx_word' id='word_1_772' title='bbox 1097 3156 1137 3178; x_wconf 76' lang='lat' dir='ltr'>est</span> <span class='ocrx_word' id='word_1_773' title='bbox 1153 3157 1299 3194; x_wconf 78' lang='lat' dir='ltr'>generata,·</span> 
     </span>
     <span class='ocr_line' id='line_1_111' title="bbox 228 3188 1296 3222; baseline -0.001 -8"><span class='ocrx_word' id='word_1_774' title='bbox 228 3194 290 3214; x_wconf 69' lang='lat' dir='ltr'>m</span> <span class='ocrx_word' id='word_1_775' title='bbox 306 3189 411 3215; x_wconf 78' lang='lat' dir='ltr'>elevata</span> <span class='ocrx_word' id='word_1_776' title='bbox 428 3189 468 3214; x_wconf 87' lang='lat' dir='ltr'>Pa</span> <span class='ocrx_word' id='word_1_777' title='bbox 485 3189 584 3214; x_wconf 80' lang='lat' dir='ltr'>addunt</span> <span class='ocrx_word' id='word_1_778' title='bbox 601 3189 744 3222; x_wconf 79' lang='lat' dir='ltr'>congelata</span> <span class='ocrx_word' id='word_1_779' title='bbox 757 3191 799 3217; x_wconf 87' lang='lat' dir='ltr'>et‚·</span> <span class='ocrx_word' id='word_1_780' title='bbox 816 3196 864 3220; x_wconf 89' lang='lat' dir='ltr'>pro</span> <span class='ocrx_word' id='word_1_781' title='bbox 884 3189 1011 3221; x_wconf 79' lang='lat' dir='ltr'>quoniam</span> <span class='ocrx_word' id='word_1_782' title='bbox 1029 3188 1122 3213; x_wconf 79' lang='lat' dir='ltr'>statim</span> <span class='ocrx_word' id='word_1_783' title='bbox 1135 3189 1218 3217; x_wconf 85' lang='lat' dir='ltr'>cadit,</span> <span class='ocrx_word' id='word_1_784' title='bbox 1233 3189 1296 3221; x_wconf 84' lang='lat' dir='ltr'>quin</span> 
     </span>
     <span class='ocr_line' id='line_1_112' title="bbox 227 3224 493 3250; baseline -0.008 0"><span class='ocrx_word' id='word_1_785' title='bbox 227 3225 320 3250; x_wconf 70' lang='lat' dir='ltr'>atatim</span> <span class='ocrx_word' id='word_1_786' title='bbox 337 3224 422 3250; x_wconf 75' lang='lat' dir='ltr'>cadat</span> <span class='ocrx_word' id='word_1_787' title='bbox 437 3224 493 3248; x_wconf 77' lang='grc' dir='ltr'>ΑΒ.</span> 
     </span>
    </p>

    <p class='ocr_par' dir='ltr' id='par_1_23' title="bbox 223 3258 1298 3328">
     <span class='ocr_line' id='line_1_113' title="bbox 226 3258 1298 3300; baseline 0 -16"><span class='ocrx_word' id='word_1_788' title='bbox 226 3261 238 3266; x_wconf 87' lang='lat'>&#39;&#39;</span> <span class='ocrx_word' id='word_1_789' title='bbox 281 3258 306 3292; x_wconf 79' lang='grc' dir='ltr'>θ)</span> <span class='ocrx_word' id='word_1_790' title='bbox 321 3262 442 3300; x_wconf 49' lang='lat' dir='ltr'>propter.</span> <span class='ocrx_word' id='word_1_791' title='bbox 451 3259 617 3290; x_wconf 77' lang='lat' dir='ltr'>parvitatem</span> <span class='ocrx_word' id='word_1_792' title='bbox 631 3258 798 3290; x_wconf 49' lang='lat' dir='ltr'>partiumn-</span> <span class='ocrx_word' id='word_1_793' title='bbox 811 3259 884 3291; x_wconf 82' lang='lat' dir='ltr'>quod</span> <span class='ocrx_word' id='word_1_794' title='bbox 896 3258 1018 3290; x_wconf 81' lang='lat' dir='ltr'>pertinet</span> <span class='ocrx_word' id='word_1_795' title='bbox 1035 3259 1073 3283; x_wconf 86' lang='lat' dir='ltr'>ad</span> <span class='ocrx_word' id='word_1_796' title='bbox 1086 3258 1252 3290; x_wconf 77' lang='lat' dir='ltr'>parvitatem</span> <span class='ocrx_word' id='word_1_797' title='bbox 1266 3260 1298 3290; x_wconf 89' lang='lat' dir='ltr'>A,</span> 
     </span>
     <span class='ocr_line' id='line_1_114' title="bbox 223 3294 574 3328; baseline -0.006 -8"><span class='ocrx_word' id='word_1_798' title='bbox 223 3295 346 3328; x_wconf 70' lang='lat' dir='ltr'>pertinet</span> <span class='ocrx_word' id='word_1_799' title='bbox 359 3294 526 3326; x_wconf 73' lang='lat' dir='ltr'>parvitatem</span> <span class='ocrx_word' id='word_1_800' title='bbox 543 3295 574 3319; x_wconf 85' lang='grc' dir='ltr'>Β.</span> 
     </span>
    </p>

    <p class='ocr_par' dir='ltr' id='par_1_24' title="bbox 283 3328 1297 3363">
     <span class='ocr_line' id='line_1_115' title="bbox 283 3328 1297 3363; baseline -0.002 -8"><span class='ocrx_word' id='word_1_801' title='bbox 283 3330 302 3363; x_wconf 91' lang='grc' dir='ltr'>ι)</span> <span class='ocrx_word' id='word_1_802' title='bbox 316 3330 405 3355; x_wconf 81' lang='lat' dir='ltr'>dicere</span> <span class='ocrx_word' id='word_1_803' title='bbox 424 3336 476 3354; x_wconf 83' lang='lat' dir='ltr'>non</span> <span class='ocrx_word' id='word_1_804' title='bbox 493 3336 549 3354; x_wconf 70' lang='lat' dir='ltr'>esee</span> <span class='ocrx_word' id='word_1_805' title='bbox 563 3329 750 3353; x_wconf 77' lang='lat' dir='ltr'>mconveniens</span> <span class='ocrx_word' id='word_1_806' title='bbox 767 3328 839 3360; x_wconf 83' lang='lat' dir='ltr'>quod</span> <span class='ocrx_word' id='word_1_807' title='bbox 852 3335 965 3361; x_wconf 81' lang='lat' dir='ltr'>aqua.-</span> <span class='ocrx_word' id='word_1_808' title='bbox 945 3329 1068 3354; x_wconf 80' lang='lat' dir='ltr'>-dicere</span> <span class='ocrx_word' id='word_1_809' title='bbox 1081 3329 1153 3360; x_wconf 87' lang='lat' dir='ltr'>quod</span> <span class='ocrx_word' id='word_1_810' title='bbox 1165 3335 1238 3361; x_wconf 86' lang='lat' dir='ltr'>aqua</span> <span class='ocrx_word' id='word_1_811' title='bbox 1250 3329 1297 3353; x_wconf 84' lang='lat' dir='ltr'>Pa.</span> 
     </span>
    </p>

    <p class='ocr_par' dir='ltr' id='par_1_25' title="bbox 228 3363 1296 3501">
     <span class='ocr_line' id='line_1_116' title="bbox 283 3363 1296 3398; baseline -0.001 -9"><span class='ocrx_word' id='word_1_812' title='bbox 283 3365 309 3398; x_wconf 79' lang='grc' dir='ltr'>ι)</span> <span class='ocrx_word' id='word_1_813' title='bbox 328 3365 444 3390; x_wconf 81' lang='lat' dir='ltr'>dicens..</span> <span class='ocrx_word' id='word_1_814' title='bbox 446 3364 632 3396; x_wconf 74' lang='lat' dir='ltr'>.psecadibus.</span> <span class='ocrx_word' id='word_1_815' title='bbox 649 3377 669 3383; x_wconf 94' lang='lat'>-</span> <span class='ocrx_word' id='word_1_816' title='bbox 686 3367 713 3388; x_wconf 83' lang='lat' dir='ltr'>et</span> <span class='ocrx_word' id='word_1_817' title='bbox 731 3363 798 3389; x_wconf 84' lang='lat' dir='ltr'>dicit</span> <span class='ocrx_word' id='word_1_818' title='bbox 815 3364 887 3396; x_wconf 83' lang='lat' dir='ltr'>quod</span> <span class='ocrx_word' id='word_1_819' title='bbox 905 3371 958 3389; x_wconf 88' lang='lat' dir='ltr'>non</span> <span class='ocrx_word' id='word_1_820' title='bbox 983 3364 1023 3388; x_wconf 85' lang='lat' dir='ltr'>ita</span> <span class='ocrx_word' id='word_1_821' title='bbox 1039 3363 1174 3396; x_wconf 84' lang='lat' dir='ltr'>contingit</span> <span class='ocrx_word' id='word_1_822' title='bbox 1184 3364 1252 3396; x_wconf 80' lang='lat' dir='ltr'>fieri</span> <span class='ocrx_word' id='word_1_823' title='bbox 1270 3364 1296 3388; x_wconf 89' lang='lat' dir='ltr'>in</span> 
     </span>
     <span class='ocr_line' id='line_1_117' title="bbox 228 3398 1296 3474; baseline -0.002 -15"><span class='ocrx_word' id='word_1_824' title='bbox 228 3399 560 3474; x_wconf 44' lang='lat' dir='ltr'>mqiiimiias&#39;dzizygtraiz.</span> <span class='ocrx_word' id='word_1_825' title='bbox 566 3398 738 3459; x_wconf 40' lang='lat' dir='ltr'>{mitiga</span> <span class='ocrx_word' id='word_1_826' title='bbox 744 3399 851 3458; x_wconf 74' lang='lat' dir='ltr'>A—BHoc</span> <span class='ocrx_word' id='word_1_827' title='bbox 869 3441 923 3458; x_wconf 89' lang='lat' dir='ltr'>om.</span> <span class='ocrx_word' id='word_1_828' title='bbox 936 3434 994 3463; x_wconf 76' lang='lat' dir='ltr'>AB.</span> <span class='ocrx_word' id='word_1_829' title='bbox 1013 3433 1062 3458; x_wconf 77' lang='lat' dir='ltr'>sed</span> <span class='ocrx_word' id='word_1_830' title='bbox 1079 3441 1094 3458; x_wconf 85' lang='lat' dir='ltr'>a</span> <span class='ocrx_word' id='word_1_831' title='bbox 1112 3438 1182 3458; x_wconf 83' lang='lat' dir='ltr'>textu</span> <span class='ocrx_word' id='word_1_832' title='bbox 1201 3433 1296 3465; x_wconf 85' lang='lat' dir='ltr'>requiri</span> 
     </span>
     <span class='ocr_line' id='line_1_118' title="bbox 228 3469 942 3501; baseline -0.004 -5"><span class='ocrx_word' id='word_1_833' title='bbox 228 3471 339 3496; x_wconf 83' lang='lat' dir='ltr'>videtur.</span> <span class='ocrx_word' id='word_1_834' title='bbox 356 3484 376 3489; x_wconf 92' lang='lat'>—</span> <span class='ocrx_word' id='word_1_835' title='bbox 394 3469 476 3494; x_wconf 88' lang='lat' dir='ltr'>Iidem</span> <span class='ocrx_word' id='word_1_836' title='bbox 493 3469 581 3494; x_wconf 80' lang='lat' dir='ltr'>statim</span> <span class='ocrx_word' id='word_1_837' title='bbox 599 3477 648 3501; x_wconf 88' lang='lat' dir='ltr'>pro</span> <span class='ocrx_word' id='word_1_838' title='bbox 665 3471 809 3500; x_wconf 79' lang='lat' dir='ltr'>oporteret,</span> <span class='ocrx_word' id='word_1_839' title='bbox 828 3471 942 3500; x_wconf 84' lang='lat' dir='ltr'>oportet.</span> 
     </span>
    </p>

    <p class='ocr_par' dir='ltr' id='par_1_26' title="bbox 227 3503 1297 3644">
     <span class='ocr_line' id='line_1_119' title="bbox 231 3503 1297 3540; baseline -0.002 -11"><span class='ocrx_word' id='word_1_840' title='bbox 231 3527 234 3529; x_wconf 72' lang='grc'><strong>,</strong></span> <span class='ocrx_word' id='word_1_841' title='bbox 283 3506 312 3540; x_wconf 80' lang='grc' dir='ltr'>μ.)</span> <span class='ocrx_word' id='word_1_842' title='bbox 331 3512 369 3530; x_wconf 78' lang='lat' dir='ltr'>ex</span> <span class='ocrx_word' id='word_1_843' title='bbox 381 3504 471 3529; x_wconf 73' lang='lat' dir='ltr'>multis</span> <span class='ocrx_word' id='word_1_844' title='bbox 485 3504 574 3529; x_wconf 76' lang='lat' dir='ltr'>enim.</span> <span class='ocrx_word' id='word_1_845' title='bbox 576 3504 662 3529; x_wconf 83' lang='lat' dir='ltr'>..Sed</span> <span class='ocrx_word' id='word_1_846' title='bbox 675 3504 786 3536; x_wconf 78' lang='lat' dir='ltr'>quod.-</span> <span class='ocrx_word' id='word_1_847' title='bbox 799 3511 836 3528; x_wconf 80' lang='lat' dir='ltr'>ex</span> <span class='ocrx_word' id='word_1_848' title='bbox 850 3504 941 3529; x_wconf 79' lang='lat' dir='ltr'>multis</span> <span class='ocrx_word' id='word_1_849' title='bbox 948 3503 1044 3535; x_wconf 81' lang='lat' dir='ltr'>parvis</span> <span class='ocrx_word' id='word_1_850' title='bbox 1059 3510 1111 3528; x_wconf 85' lang='lat' dir='ltr'>non</span> <span class='ocrx_word' id='word_1_851' title='bbox 1127 3505 1220 3535; x_wconf 74' lang='lat' dir='ltr'>posset</span> <span class='ocrx_word' id='word_1_852' title='bbox 1230 3503 1297 3535; x_wconf 88' lang='lat' dir='ltr'>fieri</span> 
     </span>
     <span class='ocr_line' id='line_1_120' title="bbox 230 3539 859 3581; baseline -0.005 -15"><span class='ocrx_word' id='word_1_853' title='bbox 230 3548 311 3566; x_wconf 84' lang='lat' dir='ltr'>unum</span> <span class='ocrx_word' id='word_1_854' title='bbox 331 3547 458 3581; x_wconf 81' lang='lat' dir='ltr'>magnum</span> <span class='ocrx_word' id='word_1_855' title='bbox 477 3540 641 3564; x_wconf 86' lang='lat' dir='ltr'>continuum.</span> <span class='ocrx_word' id='word_1_856' title='bbox 662 3539 698 3564; x_wconf 82' lang='lat' dir='ltr'>Et</span> <span class='ocrx_word' id='word_1_857' title='bbox 715 3539 787 3571; x_wconf 86' lang='lat' dir='ltr'>quod</span> <span class='ocrx_word' id='word_1_858' title='bbox 805 3539 859 3564; x_wconf 87' lang='grc' dir='ltr'>ΑΒ.</span> 
     </span>
     <span class='ocr_line' id='line_1_121' title="bbox 227 3572 1295 3608; baseline -0.003 -7"><span class='ocrx_word' id='word_1_859' title='bbox 227 3590 234 3594; x_wconf 81' lang='lat'>-</span> <span class='ocrx_word' id='word_1_860' title='bbox 282 3577 308 3608; x_wconf 80' lang='lat' dir='ltr'>v)</span> <span class='ocrx_word' id='word_1_861' title='bbox 326 3579 353 3601; x_wconf 85' lang='lat' dir='ltr'>et</span> <span class='ocrx_word' id='word_1_862' title='bbox 375 3576 402 3600; x_wconf 81' lang='lat' dir='ltr'>in</span> <span class='ocrx_word' id='word_1_863' title='bbox 428 3575 582 3608; x_wconf 77' lang='lat' dir='ltr'>regionibus</span> <span class='ocrx_word' id='word_1_864' title='bbox 606 3574 710 3600; x_wconf 77' lang='lat' dir='ltr'>calidis.</span> <span class='ocrx_word' id='word_1_865' title='bbox 727 3588 747 3593; x_wconf 97' lang='lat'><em>-</em></span> <span class='ocrx_word' id='word_1_866' title='bbox 764 3577 791 3599; x_wconf 88' lang='lat' dir='ltr'>et</span> <span class='ocrx_word' id='word_1_867' title='bbox 814 3582 869 3599; x_wconf 88' lang='lat' dir='ltr'>om.</span> <span class='ocrx_word' id='word_1_868' title='bbox 886 3574 937 3603; x_wconf 80' lang='lat' dir='ltr'>Pa,</span> <span class='ocrx_word' id='word_1_869' title='bbox 957 3574 1004 3599; x_wconf 83' lang='lat' dir='ltr'>sed</span> <span class='ocrx_word' id='word_1_870' title='bbox 1023 3573 1056 3599; x_wconf 83' lang='lat' dir='ltr'>cf.</span> <span class='ocrx_word' id='word_1_871' title='bbox 1074 3581 1147 3598; x_wconf 86' lang='lat' dir='ltr'>num.</span> <span class='ocrx_word' id='word_1_872' title='bbox 1169 3580 1193 3598; x_wconf 89' lang='lat'>2.</span> <span class='ocrx_word' id='word_1_873' title='bbox 1211 3586 1230 3592; x_wconf 91' lang='lat'>-</span> <span class='ocrx_word' id='word_1_874' title='bbox 1248 3572 1295 3598; x_wconf 90' lang='lat' dir='ltr'>Se-</span> 
     </span>
     <span class='ocr_line' id='line_1_122' title="bbox 229 3610 856 3644; baseline -0.003 -8"><span class='ocrx_word' id='word_1_875' title='bbox 229 3612 319 3644; x_wconf 71' lang='lat' dir='ltr'>quenti</span> <span class='ocrx_word' id='word_1_876' title='bbox 338 3612 382 3636; x_wconf 84' lang='lat' dir='ltr'>lin.</span> <span class='ocrx_word' id='word_1_877' title='bbox 401 3610 428 3636; x_wconf 82' lang='lat' dir='ltr'>in</span> <span class='ocrx_word' id='word_1_878' title='bbox 447 3610 611 3642; x_wconf 83' lang='lat' dir='ltr'>superiorem</span> <span class='ocrx_word' id='word_1_879' title='bbox 630 3611 715 3635; x_wconf 87' lang='lat' dir='ltr'>locum</span> <span class='ocrx_word' id='word_1_880' title='bbox 733 3617 787 3634; x_wconf 88' lang='lat' dir='ltr'>om.</span> <span class='ocrx_word' id='word_1_881' title='bbox 801 3610 856 3634; x_wconf 75' lang='lat' dir='ltr'>AB.</span> 
     </span>
    </p>
   </div>
   <div class='ocr_carea' id='block_1_16' title="bbox 1406 3116 2418 3150">
    <p class='ocr_par' dir='ltr' id='par_1_27' title="bbox 1406 3116 2418 3150">
     <span class='ocr_line' id='line_1_123' title="bbox 1406 3116 2418 3150; baseline -0.001 -8"><span class='ocrx_word' id='word_1_882' title='bbox 1406 3116 1429 3150; x_wconf 77' lang='grc' dir='ltr'>Ε)</span> <span class='ocrx_word' id='word_1_883' title='bbox 1449 3117 1613 3142; x_wconf 44' lang='lat' dir='ltr'>cadentesm</span> <span class='ocrx_word' id='word_1_884' title='bbox 1624 3119 1763 3142; x_wconf 83' lang='lat' dir='ltr'>cantantes</span> <span class='ocrx_word' id='word_1_885' title='bbox 1781 3117 1812 3144; x_wconf 85' lang='grc' dir='ltr'>Α.</span> <span class='ocrx_word' id='word_1_886' title='bbox 1830 3118 1966 3140; x_wconf 80' lang='lat' dir='ltr'>cantentes</span> <span class='ocrx_word' id='word_1_887' title='bbox 1983 3117 2013 3145; x_wconf 86' lang='lat' dir='ltr'>B,</span> <span class='ocrx_word' id='word_1_888' title='bbox 2027 3124 2059 3140; x_wconf 81' lang='lat' dir='ltr'>an</span> <span class='ocrx_word' id='word_1_889' title='bbox 2079 3121 2199 3147; x_wconf 84' lang='lat' dir='ltr'>corrupte</span> <span class='ocrx_word' id='word_1_890' title='bbox 2217 3123 2265 3147; x_wconf 89' lang='lat' dir='ltr'>pro</span> <span class='ocrx_word' id='word_1_891' title='bbox 2283 3118 2310 3140; x_wconf 86' lang='lat' dir='ltr'>et</span> <span class='ocrx_word' id='word_1_892' title='bbox 2328 3116 2418 3141; x_wconf 78' lang='lat' dir='ltr'>viden-</span> 
     </span>
    </p>
   </div>
   <div class='ocr_carea' id='block_1_17' title="bbox 1347 3149 2419 3254">
    <p class='ocr_par' dir='ltr' id='par_1_28' title="bbox 1347 3149 2419 3254">
     <span class='ocr_line' id='line_1_124' title="bbox 1353 3149 2419 3185; baseline -0.001 -8"><span class='ocrx_word' id='word_1_893' title='bbox 1353 3156 1403 3182; x_wconf 84' lang='lat' dir='ltr'>tes,</span> <span class='ocrx_word' id='word_1_894' title='bbox 1423 3153 1496 3185; x_wconf 84' lang='lat' dir='ltr'>quod</span> <span class='ocrx_word' id='word_1_895' title='bbox 1515 3153 1653 3184; x_wconf 84' lang='lat' dir='ltr'>quadraret</span> <span class='ocrx_word' id='word_1_896' title='bbox 1665 3159 1724 3176; x_wconf 90' lang='lat' dir='ltr'>cum</span> <span class='ocrx_word' id='word_1_897' title='bbox 1747 3149 1838 3176; x_wconf 54' lang='lat' dir='ltr'>textui&lt;</span> <span class='ocrx_word' id='word_1_898' title='bbox 1851 3164 1871 3170; x_wconf 91' lang='lat'><em>—</em></span> <span class='ocrx_word' id='word_1_899' title='bbox 1889 3151 1978 3175; x_wconf 84' lang='lat' dir='ltr'>Statim</span> <span class='ocrx_word' id='word_1_900' title='bbox 1998 3159 2046 3183; x_wconf 91' lang='lat' dir='ltr'>pro</span> <span class='ocrx_word' id='word_1_901' title='bbox 2064 3158 2096 3175; x_wconf 85' lang='lat' dir='ltr'>ae</span> <span class='ocrx_word' id='word_1_902' title='bbox 2114 3151 2138 3175; x_wconf 86' lang='lat' dir='ltr'>si</span> <span class='ocrx_word' id='word_1_903' title='bbox 2155 3150 2265 3182; x_wconf 84' lang='lat' dir='ltr'>aliquod</span> <span class='ocrx_word' id='word_1_904' title='bbox 2277 3151 2419 3185; x_wconf 84' lang='lat' dir='ltr'>maiussu-</span> 
     </span>
     <span class='ocr_line' id='line_1_125' title="bbox 1347 3186 2418 3254; baseline 0.001 -42"><span class='ocrx_word' id='word_1_905' title='bbox 1347 3191 1445 3254; x_wconf 46' lang='lat'>21:2³2</span> <span class='ocrx_word' id='word_1_906' title='bbox 1448 3188 1648 3247; x_wconf 45' lang='grc' dir='ltr'>ἰεῖῑὶεηάαων</span> <span class='ocrx_word' id='word_1_907' title='bbox 1668 3187 1713 3211; x_wconf 86' lang='grc' dir='ltr'>ΑΒ</span> <span class='ocrx_word' id='word_1_908' title='bbox 1731 3186 1827 3211; x_wconf 84' lang='lat' dir='ltr'>habent</span> <span class='ocrx_word' id='word_1_909' title='bbox 1844 3193 1877 3210; x_wconf 84' lang='lat' dir='ltr'>ac</span> <span class='ocrx_word' id='word_1_910' title='bbox 1889 3186 1914 3211; x_wconf 73' lang='lat' dir='ltr'>si</span> <span class='ocrx_word' id='word_1_911' title='bbox 1925 3186 2035 3218; x_wconf 84' lang='lat' dir='ltr'>aliquod</span> <span class='ocrx_word' id='word_1_912' title='bbox 2053 3186 2139 3211; x_wconf 87' lang='lat' dir='ltr'>maius</span> <span class='ocrx_word' id='word_1_913' title='bbox 2153 3186 2251 3218; x_wconf 81' lang='lat' dir='ltr'>(magis</span> <span class='ocrx_word' id='word_1_914' title='bbox 2264 3186 2296 3218; x_wconf 84' lang='lat' dir='ltr'>B)</span> <span class='ocrx_word' id='word_1_915' title='bbox 2309 3186 2418 3219; x_wconf 81' lang='lat' dir='ltr'>furtum</span> 
     </span>
    </p>
   </div>
   <div class='ocr_carea' id='block_1_18' title="bbox 1349 3255 2417 3642">
    <p class='ocr_par' dir='ltr' id='par_1_29' title="bbox 1350 3255 2417 3423">
     <span class='ocr_line' id='line_1_126' title="bbox 1405 3255 2416 3291; baseline 0 -9"><span class='ocrx_word' id='word_1_916' title='bbox 1405 3258 1430 3289; x_wconf 90' lang='grc' dir='ltr'>ο)</span> <span class='ocrx_word' id='word_1_917' title='bbox 1450 3261 1490 3282; x_wconf 87' lang='lat' dir='ltr'>est</span> <span class='ocrx_word' id='word_1_918' title='bbox 1501 3258 1581 3291; x_wconf 86' lang='lat' dir='ltr'>sacta</span> <span class='ocrx_word' id='word_1_919' title='bbox 1595 3263 1682 3288; x_wconf 82' lang='lat' dir='ltr'>prope</span> <span class='ocrx_word' id='word_1_920' title='bbox 1700 3259 1809 3281; x_wconf 83' lang='lat' dir='ltr'>terram.</span> <span class='ocrx_word' id='word_1_921' title='bbox 1822 3256 1921 3289; x_wconf 86' lang='lat' dir='ltr'>-sacti</span> <span class='ocrx_word' id='word_1_922' title='bbox 1934 3264 2021 3288; x_wconf 80' lang='lat' dir='ltr'>prope</span> <span class='ocrx_word' id='word_1_923' title='bbox 2034 3259 2135 3281; x_wconf 87' lang='lat' dir='ltr'>terram</span> <span class='ocrx_word' id='word_1_924' title='bbox 2154 3257 2207 3281; x_wconf 87' lang='lat' dir='ltr'>AB.</span> <span class='ocrx_word' id='word_1_925' title='bbox 2223 3255 2274 3286; x_wconf 83' lang='lat' dir='ltr'>Qui</span> <span class='ocrx_word' id='word_1_926' title='bbox 2292 3261 2416 3289; x_wconf 85' lang='lat' dir='ltr'>pergunt:</span> 
     </span>
     <span class='ocr_line' id='line_1_127' title="bbox 1351 3291 2417 3326; baseline 0 -9"><span class='ocrx_word' id='word_1_927' title='bbox 1351 3297 1377 3318; x_wconf 85' lang='lat' dir='ltr'>et</span> <span class='ocrx_word' id='word_1_928' title='bbox 1395 3293 1454 3317; x_wconf 87' lang='lat' dir='ltr'>ideo</span> <span class='ocrx_word' id='word_1_929' title='bbox 1469 3300 1557 3324; x_wconf 77' lang='lat' dir='ltr'>parvo</span> <span class='ocrx_word' id='word_1_930' title='bbox 1577 3295 1694 3323; x_wconf 82' lang='lat' dir='ltr'>tempore</span> <span class='ocrx_word' id='word_1_931' title='bbox 1706 3291 1765 3324; x_wconf 84' lang='lat' dir='ltr'>suit</span> <span class='ocrx_word' id='word_1_932' title='bbox 1783 3294 1870 3316; x_wconf 84' lang='lat' dir='ltr'>motus</span> <span class='ocrx_word' id='word_1_933' title='bbox 1889 3291 1972 3323; x_wconf 80' lang='lat' dir='ltr'>ipsius</span> <span class='ocrx_word' id='word_1_934' title='bbox 1978 3300 1988 3321; x_wconf 89' lang='lat'>‚·</span> <span class='ocrx_word' id='word_1_935' title='bbox 2003 3292 2065 3324; x_wconf 87' lang='lat' dir='ltr'>quia</span> <span class='ocrx_word' id='word_1_936' title='bbox 2078 3292 2103 3317; x_wconf 81' lang='lat' dir='ltr'>si</span> <span class='ocrx_word' id='word_1_937' title='bbox 2118 3292 2201 3316; x_wconf 80' lang='lat' dir='ltr'>multo</span> <span class='ocrx_word' id='word_1_938' title='bbox 2214 3295 2332 3323; x_wconf 76' lang='lat' dir='ltr'>tempore</span> <span class='ocrx_word' id='word_1_939' title='bbox 2344 3293 2417 3326; x_wconf 79' lang='lat' dir='ltr'>suis-</span> 
     </span>
     <span class='ocr_line' id='line_1_128' title="bbox 1350 3327 2416 3360; baseline 0 -8"><span class='ocrx_word' id='word_1_940' title='bbox 1350 3331 1403 3357; x_wconf 85' lang='lat' dir='ltr'>set,</span> <span class='ocrx_word' id='word_1_941' title='bbox 1424 3328 1560 3352; x_wconf 86' lang='lat' dir='ltr'>deminuta</span> <span class='ocrx_word' id='word_1_942' title='bbox 1578 3327 1678 3360; x_wconf 78' lang='lat' dir='ltr'>suisset</span> <span class='ocrx_word' id='word_1_943' title='bbox 1701 3327 1838 3359; x_wconf 77' lang='lat' dir='ltr'>quantitas</span> <span class='ocrx_word' id='word_1_944' title='bbox 1861 3327 2006 3359; x_wconf 82' lang='lat' dir='ltr'>grandinis</span> <span class='ocrx_word' id='word_1_945' title='bbox 2029 3330 2056 3352; x_wconf 86' lang='lat' dir='ltr'>et</span> <span class='ocrx_word' id='word_1_946' title='bbox 2073 3327 2171 3360; x_wconf 84' lang='lat' dir='ltr'>figura</span> <span class='ocrx_word' id='word_1_947' title='bbox 2191 3327 2322 3357; x_wconf 82' lang='lat' dir='ltr'>rotunda,</span> <span class='ocrx_word' id='word_1_948' title='bbox 2343 3330 2416 3353; x_wconf 86' lang='lat' dir='ltr'>motu</span> 
     </span>
     <span class='ocr_line' id='line_1_129' title="bbox 1351 3360 2415 3398; baseline 0.001 -11"><span class='ocrx_word' id='word_1_949' title='bbox 1351 3363 1516 3391; x_wconf 85' lang='lat' dir='ltr'>dissolvente,</span> <span class='ocrx_word' id='word_1_950' title='bbox 1537 3366 1563 3387; x_wconf 87' lang='lat' dir='ltr'>et</span> <span class='ocrx_word' id='word_1_951' title='bbox 1576 3362 1724 3394; x_wconf 75' lang='lat' dir='ltr'>praecipue</span> <span class='ocrx_word' id='word_1_952' title='bbox 1738 3365 1832 3393; x_wconf 80' lang='lat' dir='ltr'>partes</span> <span class='ocrx_word' id='word_1_953' title='bbox 1849 3362 1993 3395; x_wconf 83' lang='lat' dir='ltr'>angulares</span> <span class='ocrx_word' id='word_1_954' title='bbox 2012 3362 2136 3398; x_wconf 79' lang='lat' dir='ltr'>videntur</span> <span class='ocrx_word' id='word_1_955' title='bbox 2157 3360 2302 3395; x_wconf 80' lang='lat' dir='ltr'>(intensius</span> <span class='ocrx_word' id='word_1_956' title='bbox 2319 3363 2356 3395; x_wconf 91' lang='lat' dir='ltr'>B)</span> <span class='ocrx_word' id='word_1_957' title='bbox 2375 3363 2415 3388; x_wconf 88' lang='lat' dir='ltr'>di-</span> 
     </span>
     <span class='ocr_line' id='line_1_130' title="bbox 1351 3398 1585 3423; baseline 0 -1"><span class='ocrx_word' id='word_1_958' title='bbox 1351 3398 1468 3423; x_wconf 79' lang='lat' dir='ltr'>videntes</span> <span class='ocrx_word' id='word_1_959' title='bbox 1486 3404 1585 3422; x_wconf 84' lang='lat' dir='ltr'>aer-em.</span> 
     </span>
    </p>

    <p class='ocr_par' dir='ltr' id='par_1_30' title="bbox 1403 3432 2325 3466">
     <span class='ocr_line' id='line_1_131' title="bbox 1403 3432 2325 3466; baseline 0.001 -9"><span class='ocrx_word' id='word_1_960' title='bbox 1403 3433 1432 3464; x_wconf 85' lang='grc' dir='ltr'>π)</span> <span class='ocrx_word' id='word_1_961' title='bbox 1453 3433 1540 3457; x_wconf 83' lang='lat' dir='ltr'>maior</span> <span class='ocrx_word' id='word_1_962' title='bbox 1557 3435 1597 3457; x_wconf 83' lang='lat' dir='ltr'>est</span> <span class='ocrx_word' id='word_1_963' title='bbox 1615 3433 1641 3457; x_wconf 90' lang='lat' dir='ltr'>in</span> <span class='ocrx_word' id='word_1_964' title='bbox 1660 3432 1847 3465; x_wconf 75' lang='lat' dir='ltr'>grandinibus.</span> <span class='ocrx_word' id='word_1_965' title='bbox 1864 3444 1884 3453; x_wconf 84' lang='lat'>-·</span> <span class='ocrx_word' id='word_1_966' title='bbox 1901 3436 1941 3457; x_wconf 81' lang='lat' dir='ltr'>est</span> <span class='ocrx_word' id='word_1_967' title='bbox 1959 3433 1986 3457; x_wconf 84' lang='lat' dir='ltr'>in</span> <span class='ocrx_word' id='word_1_968' title='bbox 2006 3433 2058 3458; x_wconf 86' lang='lat' dir='ltr'>illis</span> <span class='ocrx_word' id='word_1_969' title='bbox 2075 3433 2254 3466; x_wconf 80' lang='lat' dir='ltr'>grandinibus</span> <span class='ocrx_word' id='word_1_970' title='bbox 2271 3433 2325 3458; x_wconf 83' lang='grc' dir='ltr'>ΑΒ.</span> 
     </span>
    </p>

    <p class='ocr_par' dir='ltr' id='par_1_31' title="bbox 1349 3467 2414 3563">
     <span class='ocr_line' id='line_1_132' title="bbox 1402 3467 2414 3501; baseline 0.001 -9"><span class='ocrx_word' id='word_1_971' title='bbox 1402 3468 1427 3501; x_wconf 88' lang='grc' dir='ltr'>ρ)</span> <span class='ocrx_word' id='word_1_972' title='bbox 1447 3467 1633 3500; x_wconf 83' lang='lat' dir='ltr'>magnitudine</span> <span class='ocrx_word' id='word_1_973' title='bbox 1651 3467 1775 3492; x_wconf 63' lang='lat' dir='ltr'>minores.</span> <span class='ocrx_word' id='word_1_974' title='bbox 1792 3481 1812 3487; x_wconf 95' lang='lat'>-</span> <span class='ocrx_word' id='word_1_975' title='bbox 1830 3468 2016 3500; x_wconf 78' lang='lat' dir='ltr'>magnitudine</span> <span class='ocrx_word' id='word_1_976' title='bbox 2034 3468 2132 3493; x_wconf 84' lang='lat' dir='ltr'>minori</span> <span class='ocrx_word' id='word_1_977' title='bbox 2149 3469 2203 3492; x_wconf 80' lang='lat' dir='ltr'>AB.</span> <span class='ocrx_word' id='word_1_978' title='bbox 2218 3482 2239 3488; x_wconf 90' lang='lat'>—</span> <span class='ocrx_word' id='word_1_979' title='bbox 2254 3467 2317 3492; x_wconf 79' lang='lat' dir='ltr'>Post</span> <span class='ocrx_word' id='word_1_980' title='bbox 2334 3476 2414 3493; x_wconf 79' lang='lat' dir='ltr'>unam</span> 
     </span>
     <span class='ocr_line' id='line_1_133' title="bbox 1349 3503 2414 3535; baseline 0.002 -8"><span class='ocrx_word' id='word_1_981' title='bbox 1349 3503 1393 3527; x_wconf 84' lang='lat' dir='ltr'>lin.</span> <span class='ocrx_word' id='word_1_982' title='bbox 1409 3503 1446 3527; x_wconf 86' lang='lat' dir='ltr'>Pa</span> <span class='ocrx_word' id='word_1_983' title='bbox 1465 3511 1512 3535; x_wconf 87' lang='lat' dir='ltr'>pro</span> <span class='ocrx_word' id='word_1_984' title='bbox 1526 3503 1717 3534; x_wconf 78' lang='lat' dir='ltr'>propellantur</span> <span class='ocrx_word' id='word_1_985' title='bbox 1731 3503 1820 3535; x_wconf 85' lang='lat' dir='ltr'>legunt</span> <span class='ocrx_word' id='word_1_986' title='bbox 1832 3503 2040 3535; x_wconf 81' lang='lat' dir='ltr'>compellantur,·</span> <span class='ocrx_word' id='word_1_987' title='bbox 2050 3504 2085 3529; x_wconf 18' lang='lat' dir='ltr'>rin</span> <span class='ocrx_word' id='word_1_988' title='bbox 2103 3503 2154 3528; x_wconf 88' lang='lat' dir='ltr'>fine</span> <span class='ocrx_word' id='word_1_989' title='bbox 2166 3511 2239 3529; x_wconf 89' lang='lat' dir='ltr'>num.</span> <span class='ocrx_word' id='word_1_990' title='bbox 2253 3508 2312 3528; x_wconf 84' lang='lat' dir='ltr'>ante</span> <span class='ocrx_word' id='word_1_991' title='bbox 2328 3511 2414 3529; x_wconf 86' lang='lat' dir='ltr'>remo-</span> 
     </span>
     <span class='ocr_line' id='line_1_134' title="bbox 1350 3539 1675 3563; baseline 0 -1"><span class='ocrx_word' id='word_1_992' title='bbox 1350 3541 1406 3562; x_wconf 87' lang='lat' dir='ltr'>tum</span> <span class='ocrx_word' id='word_1_993' title='bbox 1425 3539 1469 3562; x_wconf 88' lang='lat' dir='ltr'>AB</span> <span class='ocrx_word' id='word_1_994' title='bbox 1488 3546 1542 3563; x_wconf 90' lang='lat' dir='ltr'>om.</span> <span class='ocrx_word' id='word_1_995' title='bbox 1555 3539 1675 3563; x_wconf 88' lang='lat' dir='ltr'>multum.</span> 
     </span>
    </p>

    <p class='ocr_par' dir='ltr' id='par_1_32' title="bbox 1349 3572 2413 3642">
     <span class='ocr_line' id='line_1_135' title="bbox 1402 3572 2413 3606; baseline 0.001 -8"><span class='ocrx_word' id='word_1_996' title='bbox 1402 3572 1429 3605; x_wconf 89' lang='grc' dir='ltr'>σ)</span> <span class='ocrx_word' id='word_1_997' title='bbox 1444 3573 1536 3605; x_wconf 82' lang='lat' dir='ltr'>primo</span> <span class='ocrx_word' id='word_1_998' title='bbox 1554 3573 1685 3598; x_wconf 79' lang='lat' dir='ltr'>excludit.</span> <span class='ocrx_word' id='word_1_999' title='bbox 1694 3573 1814 3606; x_wconf 81' lang='lat' dir='ltr'>-primo</span> <span class='ocrx_word' id='word_1_1000' title='bbox 1828 3581 1882 3598; x_wconf 91' lang='lat' dir='ltr'>om.</span> <span class='ocrx_word' id='word_1_1001' title='bbox 1897 3574 1940 3598; x_wconf 83' lang='grc' dir='ltr'>ΑΒ</span> <span class='ocrx_word' id='word_1_1002' title='bbox 1954 3573 1996 3598; x_wconf 84' lang='lat' dir='ltr'>hic</span> <span class='ocrx_word' id='word_1_1003' title='bbox 2011 3579 2038 3600; x_wconf 84' lang='lat' dir='ltr'>et</span> <span class='ocrx_word' id='word_1_1004' title='bbox 2050 3579 2110 3606; x_wconf 83' lang='lat' dir='ltr'>post</span> <span class='ocrx_word' id='word_1_1005' title='bbox 2124 3575 2187 3600; x_wconf 80' lang='lat' dir='ltr'>duas</span> <span class='ocrx_word' id='word_1_1006' title='bbox 2202 3575 2259 3606; x_wconf 85' lang='lat' dir='ltr'>1in.;</span> <span class='ocrx_word' id='word_1_1007' title='bbox 2278 3574 2322 3600; x_wconf 85' lang='lat' dir='ltr'>ubi</span> <span class='ocrx_word' id='word_1_1008' title='bbox 2337 3575 2413 3599; x_wconf 87' lang='lat' dir='ltr'>etiam</span> 
     </span>
     <span class='ocr_line' id='line_1_136' title="bbox 1349 3609 2014 3642; baseline 0.003 -10"><span class='ocrx_word' id='word_1_1009' title='bbox 1349 3616 1396 3641; x_wconf 91' lang='lat' dir='ltr'>pro</span> <span class='ocrx_word' id='word_1_1010' title='bbox 1410 3616 1463 3640; x_wconf 77' lang='lat' dir='ltr'>per</span> <span class='ocrx_word' id='word_1_1011' title='bbox 1482 3609 1695 3640; x_wconf 78' lang='lat' dir='ltr'>experimentum</span> <span class='ocrx_word' id='word_1_1012' title='bbox 1714 3610 1804 3642; x_wconf 87' lang='lat' dir='ltr'>legunt</span> <span class='ocrx_word' id='word_1_1013' title='bbox 1821 3609 2014 3641; x_wconf 73' lang='lat' dir='ltr'>experimento.</span> 
     </span>
    </p>
   </div>
   <div class='ocr_carea' id='block_1_19' title="bbox 2452 670 2645 697">
    <p class='ocr_par' dir='ltr' id='par_1_33' title="bbox 2452 670 2645 697">
     <span class='ocr_line' id='line_1_137' title="bbox 2452 670 2645 697; baseline 0 -7"><span class='ocrx_word' id='word_1_1014' title='bbox 2452 672 2460 680; x_wconf 89' lang='grc'><strong>”</strong></span> <span class='ocrx_word' id='word_1_1015' title='bbox 2476 670 2597 697; x_wconf 83' lang='lat' dir='ltr'>oporteret</span> <span class='ocrx_word' id='word_1_1016' title='bbox 2609 675 2645 691; x_wconf 73' lang='grc' dir='ltr'>ΑΒ.</span> 
     </span>
    </p>
   </div>
   <div class='ocr_carea' id='block_1_20' title="bbox 2449 1726 2556 1747">
    <p class='ocr_par' dir='ltr' id='par_1_34' title="bbox 2449 1726 2556 1747">
     <span class='ocr_line' id='line_1_138' title="bbox 2449 1726 2556 1747; baseline -0.019 0"><span class='ocrx_word' id='word_1_1017' title='bbox 2449 1726 2460 1736; x_wconf 77' lang='grc'>”“</span> <span class='ocrx_word' id='word_1_1018' title='bbox 2475 1726 2506 1747; x_wconf 74' lang='lat' dir='ltr'>sit</span> <span class='ocrx_word' id='word_1_1019' title='bbox 2518 1731 2556 1747; x_wconf 71' lang='lat' dir='ltr'>Aa.</span> 
     </span>
    </p>
   </div>
   <div class='ocr_carea' id='block_1_21' title="bbox 2451 2313 2610 2334">
    <p class='ocr_par' dir='ltr' id='par_1_35' title="bbox 2451 2313 2610 2334">
     <span class='ocr_line' id='line_1_139' title="bbox 2451 2313 2610 2334; baseline 0.006 -1"><span class='ocrx_word' id='word_1_1020' title='bbox 2451 2314 2458 2322; x_wconf 95' lang='grc'>·</span> <span class='ocrx_word' id='word_1_1021' title='bbox 2469 2313 2503 2334; x_wconf 71' lang='lat' dir='ltr'>sit</span> <span class='ocrx_word' id='word_1_1022' title='bbox 2512 2318 2562 2334; x_wconf 87' lang='lat' dir='ltr'>om.</span> <span class='ocrx_word' id='word_1_1023' title='bbox 2571 2319 2610 2334; x_wconf 72' lang='grc' dir='ltr'>ΑΒ.</span> 
     </span>
    </p>
   </div>
   <div class='ocr_carea' id='block_1_22' title="bbox 2447 2950 2605 2978">
    <p class='ocr_par' dir='ltr' id='par_1_36' title="bbox 2447 2950 2605 2978">
     <span class='ocr_line' id='line_1_140' title="bbox 2447 2950 2605 2978; baseline 0 -6"><span class='ocrx_word' id='word_1_1024' title='bbox 2447 2952 2455 2960; x_wconf 85' lang='grc'><strong>”</strong></span> <span class='ocrx_word' id='word_1_1025' title='bbox 2470 2950 2541 2972; x_wconf 85' lang='lat' dir='ltr'>Num.</span> <span class='ocrx_word' id='word_1_1026' title='bbox 2555 2956 2605 2978; x_wconf 83' lang='lat' dir='ltr'>seq.</span> 
     </span>
    </p>
   </div>
  </div>
 </body>
</html>
