2690 4062
66 683 78 694 ⁸
99 683 123 704 in
140 682 260 710 principio

69 709 171 731 dlximus
185 709 219 731 Pb.

67 903 77 912 '¹
92 902 163 924 Num.
179 908 228 930 seq.

168 999 180 1015 ν

64 1036 225 1064 *positionem
236 1042 273 1059 ca.
301 1032 352 1065 vel
368 1041 501 1076 propter
518 1033 705 1076 passionem
753 1044 770 1066 a

305 255 363 280 LVI

305 327 524 360 universitatis
541 327 717 372 principio,
757 327 824 360 uod
841 335 954 360 movet
969 327 1112 370 primum
1128 334 1269 366 motum,
1282 326 1368 358 sicut

306 371 567 405 demonstratum
591 380 640 405 est
662 372 697 405 in
755 372 788 405 ΙΙ
810 371 930 405 Primae
951 370 1163 415 Philosophiae.
1183 369 1287 410 Quod
1311 381 1367 402 au-

306 424 373 448 tem
400 423 511 448 motus
543 416 585 448 sit
614 417 790 449 continuus
820 415 977 459 probatur
1006 426 1046 447 ex
1076 423 1246 458 tempore,
1275 412 1366 457 quod

305 468 355 492 est
377 459 560 493 secundum
588 468 738 493 naturam
763 460 980 499 continuum,
1008 466 1040 491 et
1063 469 1132 491 non
1155 457 1308 490 deficiens
1338 467 1364 492 μ.

306 503 513 548 Impossibile
537 505 625 537 enim
648 513 697 537 est
721 503 810 548 quod
833 512 963 547 tempus
988 502 1030 535 sit
1052 502 1121 535 sine
1145 509 1253 542 motu,
1282 502 1367 534 sicut

305 547 508 592 impossibile
524 557 573 581 est
589 547 677 592 quod
701 549 810 592 passio
830 548 871 580 sit
889 548 958 579 sine
975 546 1110 597 proprio
1127 545 1292 578 subiecto:
1317 553 1367 578 est

306 592 394 625 enim
410 600 540 636 tempus
559 603 715 625 numerus
739 591 875 624 alicuius
899 599 1047 623 continui
1065 598 1196 630 motus3
1221 598 1271 623 est
1286 600 1365 633 ergo

304 647 461 669 numerus
477 645 587 669 motus
604 635 784 669 circularis:
803 636 879 679 quia
897 635 981 667 sicut
997 634 1250 667 determinatum
1266 642 1315 666 est
1334 634 1366 667 in

304 680 349 713 his
371 691 448 724 quae
469 691 490 712 a
506 681 654 725 principio
673 680 698 720 *‚
714 679 797 712 idest
820 680 854 712 in
870 679 953 712 VIII
976 678 1103 723 Physic.,
1120 678 1230 711 nullus
1254 687 1365 711 motus

304 732 413 768 potest
430 735 499 757 esse
516 725 691 757 continuus
706 732 738 756 et
753 734 811 767 per
835 732 930 756 etuus
947 723 1010 756 nisi
1026 722 1117 755 solus
1134 722 1308 756 circularis.

352 778 401 801 10.
418 768 546 802 Deinde
570 780 645 801 cum
674 767 769 801 dicit:
818 767 961 800 ontinuus
983 773 1084 800 autem
1106 773 1204 800 motus
1227 775 1300 808 etc.,
1317 767 1365 799 in-

326 813 403 845 uirit
417 812 504 845 unde
520 821 630 845 motus
645 811 760 845 habeat
780 812 1038 845 continuitatem.
1057 811 1098 844 Et
1118 812 1201 844 circa
1217 810 1281 844 hoc
1298 810 1365 844 duo

316 857 395 889 acit:
412 857 518 900 primo
533 865 645 889 movet
661 857 900 900 quaestionem3
921 855 1067 889 secundo
1092 855 1200 896 solvit,
1213 855 1273 888 ibi:
1290 855 1365 888 Ma-

303 901 440 945 mfestum
459 900 483 933 it
523 912 558 933 ue
581 901 654 944 quia
675 912 706 933 eo
721 902 738 921 *
754 909 814 933 etc.
833 900 973 940 Quaerit
992 911 1082 944 ergo,
1099 911 1175 932 cum
1191 908 1302 933 motus
1323 900 1365 932 sit

303 910 643 984 continuusffiabetne
668 945 917 977 continuitatem
934 953 1068 988 propter
1088 944 1152 977 hoc
1176 943 1267 988 quod
1290 955 1365 977 mo-

301 987 364 1021 bile
379 989 420 1021 sit
440 989 645 1028 continuum,
660 988 712 1021 vel
751 997 861 1066 raptet
875 988 988 1021 locum
1004 989 1038 1021 in
1054 1000 1121 1033 quo
1141 997 1190 1022 est
1208 996 1318 1021 motus
1340 998 1364 1028 v,

817 1044 916 1077 quam
940 1041 990 1066 est
1012 1032 1143 1066 motus?

802 244 874 280 DE
903 243 1291 281 GENERATIONE
1319 243 1392 279 ET
1422 242 1805 280 CORRUPTIONE
1835 243 1930 280 LIB.
1962 245 1994 280 II

1469 330 1518 353 11.
1536 320 1666 354 Deinde
1685 331 1762 353 cum
1779 320 1871 354 dicit:
1889 320 1985 354 Mani
1997 327 2092 355 esium
2104 321 2205 367 itaque
2220 332 2294 366 etc.,
2307 325 2497 369 respondet,

1421 365 1532 399 dicens
1556 363 1770 398 manifestum
1794 376 1866 398 esse
1890 377 1958 409 quo
2005 374 2118 399 motus
2147 367 2294 402 caelestis
2318 377 2369 402 est
2391 371 2497 404 conti-

1420 421 1518 450 nuus,
1536 410 1613 454 quia
1635 408 1669 442 id
1686 408 1777 453 quod
1801 418 1955 443 movetur
1979 418 2029 443 est
2052 411 2262 453 continuum,
2285 421 2318 446 et
2332 425 2403 447 non
2419 415 2498 459 quia

1420 454 1514 487 locus
1538 454 1572 486 in
1596 464 1664 498 quo
1688 461 1738 486 est
1760 462 1892 486 motus:
1918 455 1995 499 quia
2025 455 2153 499 primus
2182 456 2272 490 orbis
2294 468 2365 491 non
2388 467 2438 492 est
2460 460 2496 492 in

1420 498 1496 531 loco
1512 498 1576 530 nisi
1589 509 1648 542 per
1663 497 1831 531 accidens:
1850 499 1928 542 quia
1943 498 2069 532 scilicet
2083 499 2278 535 relationem
2294 503 2494 537 continentis

1421 542 1461 576 ad
1486 550 1679 575 contentum
1696 541 1794 575 habet
1817 541 1859 575 ad
1877 542 1990 576 locum
2016 542 2046 576 ξε
2070 553 2104 577 et
2127 544 2203 579 ideo
2227 557 2297 579 non
2320 555 2371 581 est
2390 548 2495 581 conti-

1421 598 1507 620 nuus
1523 585 1563 619 ab
1583 597 1624 619 eo
1641 586 1675 619 in
1692 597 1760 631 quo
1779 595 1903 629 movet.
1920 587 2036 621 Motus
2057 589 2147 622 enim
2162 590 2198 623 in
2214 601 2334 634 genere
2349 603 2419 625 non
2437 591 2495 626 ha-

1421 631 1476 664 bet
1495 631 1746 664 continuitatem
1763 630 1802 663 ab
1826 642 1867 664 eo
1883 632 1919 665 in
1936 643 2004 677 quo
2027 642 2203 667 movetur:
2221 635 2299 680 quia
2315 635 2495 681 aliquando

1421 684 1470 708 est
1493 684 1605 708 motus
1622 675 1800 708 continuus
1815 674 1832 693 ⁴
1846 676 1883 709 in
1898 677 2064 721 passione,
2081 689 2165 722 quae
2185 689 2322 714 non-est
2337 681 2495 715 continua
2523 684 2532 694 '

1420 720 1484 752 nisi
1514 730 1573 763 per
1603 718 1776 760 accidens,
1807 721 1885 765 quia
1911 720 1946 755 id
1974 722 2028 755 cui
2054 723 2174 757 accidit
2203 732 2255 757 est
2284 725 2494 760 continuum.

1421 764 1457 798 Si
1481 772 1592 797 autem
1608 763 1726 809 aliquis
1749 773 1862 798 motus
1878 765 1922 799 sit
1945 767 2123 800 continuus
2147 767 2187 801 ab
2206 779 2248 802 eo
2271 769 2307 802 in
2329 781 2399 814 quo
2421 781 2495 804 mo-

1419 817 1524 849 vetur,
1544 808 1608 841 hoc
1630 807 1764 842 habebit
1779 808 1871 843 solus
1893 819 2007 844 motus
2026 811 2158 846 localis:
2183 813 2260 858 quia
2283 813 2378 847 locus
2396 813 2495 849 habet

1420 852 1585 897 quandam
1601 852 1866 896 magnitudinem
1890 864 1923 888 et
1939 856 2203 891 continuitatem.
2224 857 2290 892 Sed
2305 869 2368 892 nec
2383 860 2494 894 omnis

1420 906 1532 930 motus
1555 897 1680 938 localis,
1705 897 1764 931 sed
1791 897 1884 932 solus
1908 899 2092 942 circularis;
2116 902 2193 946 quia
2223 901 2316 947 quod
2339 906 2496 938 movetur

1420 941 1629 983 circulariter,
1645 950 1695 975 est
1710 942 1799 976 idem
1814 953 1947 988 semper
1962 953 1996 978 et
2010 946 2121 989 seipso
2137 947 2350 981 continuum:
2367 956 2401 981 et
2415 947 2493 983 ideo

1419 985 1496 1020 facit
1518 995 1650 1020 motum
1674 987 1913 1031 sempiternum
1941 997 1974 1022 et
1997 990 2213 1033 continuum3
2243 1001 2357 1026 motus
2380 1001 2492 1027 autem

1419 1032 1639 1075 sempiternus
1663 1030 1740 1065 facit
1762 1040 1894 1077 tempus
1917 1034 2167 1078 sempiternum.

352 1191 381 1227 μ)
399 1192 541 1217 secundum
561 1195 686 1217 naturam
709 1193 864 1218 continuum
883 1195 910 1217 et
927 1200 979 1218 non
1004 1192 1136 1226 deficiens.
1152 1206 1172 1213 -
1190 1193 1226 1218 lta
1244 1193 1280 1218 Pb
1300 1200 1360 1218 cum
1469 1191 1493 1225 ξ)
1514 1193 1540 1218 in
1560 1193 1618 1219 loco
1637 1193 1726 1219 nisi...
1739 1194 1778 1219 ad
1799 1194 1895 1220 locum.
1912 1208 1933 1215 -
1950 1195 1990 1221 ca

298 1227 458 1258 B.A1berto;
478 1228 518 1252 ed.
532 1235 550 1252 a
568 1227 646 1252 habet
664 1228 751 1252 solum
769 1228 918 1257 continuus,
939 1228 959 1253 C
977 1228 1141 1254 continuum.

351 1263 374 1296 ν)
389 1266 529 1295 propter...
548 1266 642 1288 motus.
660 1275 680 1282 ·-
692 1267 807 1296 propter
825 1267 912 1289 motus
925 1263 952 1289 in
972 1271 1023 1296 quo
1035 1267 1076 1290 est
1089 1265 1175 1290 Iocum
1197 1264 1237 1289 ed.
1251 1271 1276 1294 a,
1292 1271 1359 1297 pro-

294 1301 360 1331 pter
378 1301 478 1323 motum
496 1299 523 1324 in
542 1306 594 1331 quo
612 1301 651 1324 est
669 1299 741 1324 locus
759 1299 789 1324 C.

2013 1203 2062 1230 pro
2086 1196 2188 1223 scillcet
2211 1196 2382 1229 relationem,
2400 1198 2426 1225 εἰ
2436 1205 2492 1233 per

1414 1228 1578 1259 relationem,
1594 1233 1621 1254 et
1633 1237 1688 1255 om.
1702 1230 1813 1255 alterum
1827 1230 1880 1262 ad‚·
1897 1230 1934 1256 Pb
1949 1230 2057 1257 habent:
2071 1232 2099 1258 ὶη
2113 1233 2171 1259 loeo
2179 1241 2233 1267 per
2245 1238 2275 1259 se
2287 1241 2336 1260 nec
2348 1237 2389 1261 m
2401 1236 2491 1262 mous

1412 1264 1607 1326 3ῗίῗέἴῖἑῖ
1625 1271 1656 1291 eo
1662 1273 1672 1296 ,·
1691 1265 1803 1299 legimus
1822 1273 1883 1292 cum
1901 1267 1932 1293 B.
1942 1267 2061 1294 Alberto.
2078 1281 2098 1288 —
2115 1269 2175 1295 Lin.
2193 1277 2253 1304 seq·
2270 1274 2333 1303 post
2349 1270 2384 1297 ab
2401 1277 2434 1296 eo
2451 1270 2490 1297 Ρ)
