2690 4062
304 250 459 277 LXXXVIII

306 328 393 351 seres
418 324 450 349 et
473 315 570 348 latera
595 312 685 353 dolii,
702 311 806 344 multo
831 310 936 343 maior
959 317 1007 342 est
1031 318 1129 352 quam
1161 306 1263 355 virtus
1283 303 1366 354 ‘vin13

306 373 363 406 per
387 371 485 405 quam
508 367 623 391 natum
654 366 703 390 est
734 355 857 389 effundi
888 353 1057 387 deorsum:
1082 350 1156 383 ideo
1188 360 1222 381 1n
1246 358 1365 398 minori

306 415 454 449 tempore
478 403 596 446 frangit
619 401 718 434 latera
732 400 828 440 vasis,
854 409 952 442 quarn
968 397 1083 429 vinum
1106 402 1220 444 natum
1237 400 1278 424 Slt
1293 402 1364 423 mo-

305 450 373 482 veri
404 448 575 487 deorsum3
607 453 805 490 quapropter
837 441 1001 476 confracto
1032 450 1107 489 vase
1135 448 1250 488 uinum
1281 444 1364 486 stare

305 493 414 538 potuit
436 503 494 536 per
510 490 677 524 modicum
701 498 842 531 ternpuS,
857 486 996 519 maxime
1014 484 1041 516 si
1065 490 1106 533 ξιτ
1124 492 1239 514 Vinum
1259 490 1364 530 Visco-

305 549 379 570 sum
403 545 435 570 et
458 546 620 580 grossum,
637 542 668 566 et
691 544 747 566 vas
771 532 811 564 sit
835 540 1008 574 porosum,
1033 538 1108 571 quia
1132 534 1210 558 tunc
1238 522 1364 556 fac111us

305 581 429 614 fulmen
452 579 624 624 pertransit
646 589 702 610 vas
727 575 815 620 quod
839 582 887 607 est
919 583 1104 621 porosum,
1123 581 1222 620 quam
1249 579 1306 601 vas
1331 568 1364 599 in

305 637 372 703 puo
397 636 464 657 non
488 624 697 656 inveniuntur
725 620 805 664 pori.
830 619 896 651 Sua
925 617 1022 650 etiam
1047 613 1207 647 caliditate
1239 611 1364 645 fulmen

318 671 380 703 acit
402 670 516 702 vinum
540 677 691 710 grossum
711 673 743 697 et
765 664 949 701 viscosum,
974 660 1114 692 maxime
1134 659 1168 690 in
1192 655 1363 701 superficie

305 714 407 747 facere
431 720 539 756 potest
563 710 654 754 quasi
679 716 840 747 crustam,
869 714 904 738 ut
928 713 1016 748 patet
1040 703 1079 736 de
1104 714 1203 746 sapa,
1229 709 1364 751 propter

305 757 394 802 quod
417 757 530 790 vinum
554 753 675 787 tardius
699 750 885 785 effunditur.
914 748 979 782 Sed
1002 746 1090 781 aliud
1113 746 1259 796 fulmen,
1288 756 1363 789 qu1a

305 810 355 835 est
377 801 531 845 grossiu5‚
548 806 680 842 propter
703 796 839 829 nimiam
858 794 927 826 eius
952 792 1135 826 tarditatem
1158 802 1227 824 non
1251 798 1294 822 1ta
1310 801 1364 832 pe-

304 854 423 878 netrat:
449 853 480 877 et
504 844 578 887 quia
602 850 650 874 est
674 839 807 874 calidius
832 849 931 883 quam
950 836 1078 876 subtile,
1096 836 1186 880 prius
1210 833 1316 867 adurit
1332 841 1364 866 et

304 889 427 922 colorat
450 898 548 932 quam
564 893 720 930 penetret,
736 884 780 916 ita
797 882 886 927 quod
902 881 1031 915 adustio
1075 880 1219 913 raevenit
1232 886 1363 911 motum

302 932 440 966 localem
456 932 525 964 eius
542 931 576 963 in
595 927 804 974 penetrando.
822 928 897 960 Hoc
914 934 1024 959 autem
1057 924 1178 964 ulmen,
1195 923 1271 967 quia
1286 933 1361 966 pro-

329 986 374 1010 ter
396 987 489 1008 suam
512 975 697 1018 grossitiem
720 983 788 1005 non
812 970 954 1004 multum
978 977 1135 1014 penetrat,
1152 967 1227 1001 ideo
1250 967 1360 999 minus

314 1020 399 1054 aedit
413 1020 491 1053 dura
515 1027 547 1052 et
568 1017 749 1051 resistentia
773 1027 872 1060 quam
894 1025 973 1047 rara.
996 1013 1092 1048 Unde
1116 1010 1291 1056 aliquando
1316 1011 1363 1043 in-

301 1073 436 1098 ventum
459 1071 517 1103 est,
535 1061 623 1107 quod
648 1061 789 1094 excussit
818 1057 994 1103 aliquando
1018 1066 1160 1097 vestem,
1184 1054 1360 1100 aliquando

301 1108 385 1153 pilos
409 1116 441 1140 et
464 1106 595 1140 barbam
611 1105 765 1145 hominis,
782 1103 917 1137 homine
934 1103 968 1135 in
992 1101 1084 1135 nullo
1105 1101 1235 1145 penitus
1259 1100 1358 1133 laeso.

302 1152 365 1186 Sed
388 1152 532 1196 primum
555 1149 679 1183 fulmen
703 1160 740 1182 ea
764 1159 847 1192 quae
871 1158 989 1191 parum
1007 1146 1162 1179 resistunt
1185 1156 1254 1178 non
1271 1143 1359 1177 colo-

300 1205 348 1230 rat
371 1204 426 1229 aut
450 1195 564 1235 adurit,
581 1193 638 1227 sed
662 1194 727 1226 cito
750 1200 908 1236 penetrat,
930 1191 1014 1224 sicut
1037 1190 1127 1235 prius
1152 1189 1276 1222 dictum
1300 1197 1357 1221 est.

300 1241 346 1274 Ea
369 1251 447 1273 vero
467 1250 549 1283 quae
573 1238 738 1277 resistunt,
755 1245 791 1269 ut
814 1244 891 1269 sunt
906 1246 1044 1278 corpora
1068 1234 1159 1274 dura,
1174 1234 1279 1277 magis
1303 1244 1358 1276 pa-

300 1285 423 1317 tiuntur
446 1283 485 1316 ab
509 1283 572 1316 hoc
596 1281 743 1321 fulmine,
761 1281 837 1325 quia
860 1291 898 1313 ea
921 1279 1028 1313 adurit
1051 1287 1186 1322 propter
1199 1277 1290 1311 'duas
1314 1289 1360 1310 ra-

299 1329 403 1362 tiones
411 1340 421 1368 ;
445 1328 552 1371 primo
577 1326 653 1371 quia
676 1337 714 1359 ea
738 1336 820 1369 quae
844 1324 1006 1357 sustinent
1032 1322 1189 1356 fixionem
1212 1321 1358 1355 fulminis

298 1373 413 1405 maiori
437 1380 595 1415 ternpore,
614 1370 718 1414 magis
742 1370 909 1413 patiuntur
932 1367 971 1401 ab
988 1379 1044 1401 eo:
1068 1366 1126 1400 sed
1148 1365 1274 1400 fulmen
1293 1366 1359 1410 agit

298 1417 332 1450 in
355 1416 534 1449 resistentia
558 1415 674 1448 maiori
697 1422 860 1464 tempore3
885 1411 1031 1445 secundo
1055 1412 1131 1456 quia
1155 1410 1288 1456 quando
1310 1422 1358 1443 re-

299 1461 421 1494 sistitur
443 1460 581 1504 spiritui‚
598 1467 676 1492 tunc
695 1458 828 1502 spiritus
851 1455 1043 1490 fortificatur
1069 1458 1102 1490 e't
1124 1455 1359 1499 multiplicatur

298 1514 330 1538 et
352 1504 468 1537 fortius
491 1504 567 1548 agit.
585 1503 626 1536 Et
641 1502 705 1536 hoc
721 1503 820 1535 etiam
836 1500 1020 1534 manifestat
1043 1500 1173 1534 duobus
1189 1499 1357 1544 exemplis.

298 1549 408 1582 Primo
433 1548 509 1592 quia
531 1548 640 1581 visum
656 1555 705 1580 est
728 1545 938 1591 quandoque,
955 1544 1046 1589 quod
1070 1544 1205 1589 clypeus
1226 1556 1244 1578 a
1268 1553 1358 1588 parte

297 1593 442 1626 interiori
465 1600 532 1625 erat
555 1600 730 1635 coopertus
763 1601 835 1624 aere
866 1590 900 1623 in
923 1589 1031 1634 aliqua
1079 1598 1160 1630 arte,
1184 1588 1235 1622 vel
1259 1589 1358 1622 etiam

297 1649 315 1670 a
338 1645 427 1681 parte
451 1636 612 1677 exteriori,
629 1644 661 1668 et
676 1636 736 1669 iste
761 1634 895 1679 clypeus
917 1635 999 1667 ictus
1019 1633 1052 1666 fu
1103 1634 1156 1667 ine
1180 1642 1212 1667 et
1229 1633 1358 1677 lignum

295 1680 376 1714 nihil
399 1692 532 1724 passum
555 1679 626 1721 fuit,
643 1680 720 1724 quia
742 1687 877 1724 propter
900 1679 1063 1711 raritatem
1087 1678 1152 1711 cito
1176 1679 1286 1722 ipsum
1303 1689 1357 1721 pe-

295 1726 433 1759 netravit
455 1724 594 1765 fulmen,
618 1723 675 1758 sed
699 1735 764 1764 aeS‚
788 1722 878 1768 quod
898 1723 1002 1766 magis
1026 1722 1205 1763 resistebat,
1220 1721 1356 1767 liquefa-

295 1778 384 1803 ctum
399 1768 468 1802 fuit.
486 1767 709 1812 Temporibus
726 1768 824 1801 etiam
843 1767 962 1800 nostris
986 1766 1091 1807 miles,
1111 1767 1167 1811 qui
1182 1778 1357 1811 percussus

295 1823 343 1848 est
366 1826 384 1847 a
406 1812 559 1854 fulmine,
583 1811 720 1846 habebat
743 1820 874 1845 scutum
897 1811 1045 1855 ligneum
1071 1823 1126 1844 sus
1153 1823 1270 1845 ensum
1293 1811 1356 1844 hu-

295 1859 403 1899 meris,
419 1866 452 1891 et
467 1857 527 1890 sub
544 1865 637 1890 scuto
661 1868 750 1890 arma
766 1855 884 1889 ferrea:
908 1855 1034 1889 fulmen
1051 1867 1114 1889 con
1145 1856 1212 1900 egit
1234 1864 1267 1889 et
1281 1867 1356 1900 par-

295 1903 354 1936 tim
377 1901 542 1947 liquefecit
565 1900 686 1934 sermm
710 1900 769 1934 sub
794 1909 901 1941 scuto,
929 1899 1057 1944 lignum
1081 1909 1191 1934 autem
1215 1901 1298 1934 scuti
1323 1901 1356 1933 in

294 1946 386 1980 nullo
403 1946 527 1980 laesum
543 1946 714 1979 inventum
737 1953 794 1978 est.
813 1944 967 1978 Secundo
992 1944 1080 1985 dicit,
1097 1944 1187 1996 quod
1210 1945 1294 1978 sicut
1310 1944 1356 1978 di-

295 1999 383 2024 ctum
407 1999 466 2031 est,
485 1989 608 2023 fulmen
637 1989 813 2034 aliquando
837 1987 996 2022 interfecit
1028 1988 1199 2022 hominem
1223 1998 1357 2034 propter

294 2035 519 2075 resistentiam,
539 2034 733 2067 vestimenta
756 2044 835 2067 vero
858 2045 919 2077 pro
945 2042 992 2066 ter
1015 2034 1178 2066 minorem
1202 2034 1355 2067 resisten-

293 2079 372 2112 tiam
395 2079 610 2123 pertransivit.
628 2081 676 2111 Ex
699 2089 766 2122 quo
791 2045 943 2111 concludi
960 2086 1079 2122 potest,
1119 2077 1186 2111 uod
1210 2079 1355 2123 primum

292 2122 416 2157 fulmen
439 2123 543 2166 magis
558 2122 781 2167 periculosum
804 2131 853 2155 est
892 2133 969 2156 uam
992 2133 1092 2156 secun
1118 2133 1184 2155 um.

344 2167 379 2201 Si
399 2176 508 2200 autem
532 2178 646 2200 verum
662 2167 703 2200 sit
725 2166 816 2211 quod
838 2134 963 2200 fulmen
986 2165 1084 2200 habet
1099 2166 1181 2200 alios
1204 2165 1356 2208 effectus,

293 2212 349 2257 qui
372 2211 581 2256 proferuntur
602 2210 721 2255 vulgo,
747 2220 782 2244 ut
804 2219 884 2256 puta
913 2210 1004 2256 quod
1034 2212 1138 2263 magis
1169 2212 1357 2256 percutiunt

293 2255 484 2301 campanilia
507 2255 660 2289 ecclesiae
677 2264 708 2289 et
723 2254 795 2289 loca
822 2267 912 2289 sacra
935 2267 1035 2300 quam
1062 2255 1124 2289 alia
1147 2255 1231 2297 loca,
1247 2255 1356 2290 dicen-

293 2300 372 2334 dum
388 2300 478 2345 quod
500 2311 568 2334 non
585 2309 633 2333 est
656 2300 902 2340 inconveniens,
941 2299 1009 2333 uod
1028 2299 1205 2334 daemones
1222 2309 1356 2334 utantur

292 2345 410 2378 virtute
433 2356 492 2378 sua
516 2345 598 2378 circa
621 2344 682 2378 hos
705 2343 868 2378 mirabiles
888 2356 905 2378 e
932 2353 1023 2378 ectus
1047 2353 1181 2378 naturae
1195 2369 1204 2386 ,
1232 2353 1269 2378 ut
1291 2345 1355 2390 ipsi

292 2400 401 2422 rerum
423 2388 619 2423 mirabilium
639 2397 787 2422 auctores
810 2388 998 2422 videantur:
1019 2389 1104 2423 sicut
1119 2388 1296 2434 aliquando
1320 2401 1355 2424 se

292 2434 476 2467 immiscent
491 2432 696 2467 nobilissimo
709 2433 839 2467 effectui
855 2442 1001 2473 naturae,
1014 2433 1138 2467 scilicet
1148 2434 1351 2478 generationi

293 2486 326 2511 et
340 2489 400 2521 pro
426 2478 568 2522 agationi
591 2477 763 2511 humanae.
782 2478 856 2512 Nos
871 2486 982 2512 tamen
997 2477 1051 2511 hic
1074 2489 1143 2512 non
1166 2478 1354 2524 quaerimus

316 2521 372 2555 uid
429 2533 487 2555 eus
510 2522 685 2566 permittat,
702 2521 759 2556 sed
782 2522 861 2567 quid
881 2531 996 2556 natura
1019 2521 1122 2556 faciat.
1140 2523 1182 2557 Et
1205 2522 1245 2557 de
1268 2521 1354 2556 facili

317 2566 400 2600 icere
423 2577 611 2610 possumus,
629 2566 719 2611 quod
737 2567 842 2618 magis
866 2567 969 2611 tangit
987 2567 1181 2612 campanilia
1196 2576 1229 2601 et
1251 2566 1354 2601 eccle-

294 2610 368 2651 sias,
385 2611 459 2661 quia
482 2619 559 2643 sunt
574 2609 714 2652 altiores,
731 2619 764 2644 et
780 2611 874 2644 citius
890 2612 920 2644 ei
935 2620 1120 2645 occurrunt.
1139 2631 1158 2637 -
1175 2610 1354 2646 Sciendum

295 2662 344 2687 est
366 2662 463 2687 etiam
488 2654 578 2700 quod
602 2654 725 2688 Seneca
748 2663 812 2688 tres
835 2656 960 2700 species
990 2655 1136 2690 fulminis
1160 2655 1239 2690 dicit
1262 2667 1354 2697 esse3

294 2698 351 2749 sed
374 2698 453 2750 istae
469 2698 508 2733 de
531 2697 616 2732 facili
632 2698 832 2733 reducuntur
847 2699 887 2734 ad
904 2699 984 2734 duas
1003 2700 1193 2745 praedictas,
1210 2708 1247 2734 ut
1265 2709 1355 2746 patet

294 2751 443 2776 intuenti.

349 2786 524 2864 &Deinde
548 2798 624 2821 cum
647 2787 738 2822 dicit:
766 2787 872 2831 Quare
894 2795 921 2822 et
963 2789 1022 2823 uod
1042 2789 1165 2834 spiritus
1188 2798 1262 2830 etc„
1279 2800 1355 2823 con-

295 2830 346 2863 clu
372 2831 396 2864 it
419 2830 587 2865 corollarie
610 2843 650 2865 ex
665 2831 770 2873 dictis,
791 2831 881 2877 quod
904 2831 937 2866 fu
952 2844 1029 2867 men
1045 2845 1113 2867 non
1132 2842 1182 2867 est
1199 2833 1230 2867 la
1255 2834 1282 2867 is
1300 2833 1354 2868 vel

295 2873 336 2907 ali
361 2874 427 2909 uod
451 2887 569 2927 corpus
592 2875 746 2917 solidum,
769 2877 854 2910 sicut
877 2885 987 2911 tamen
1010 2877 1105 2911 multi
1129 2877 1215 2912 credi
1239 2887 1353 2920 erunt,

294 2929 328 2952 se
374 2927 423 2952 est
445 2920 587 2963 spiritus,
603 2919 686 2954 idest
709 2920 870 2954 exhalatio
894 2921 989 2963 sicca,
1005 2922 1138 2956 incensa
1160 2931 1193 2956 et
1216 2921 1353 2956 subtilis.

295 2962 336 2996 Et
358 2962 422 2997 hoc
438 2963 527 3009 quod
551 2964 629 2998 dicit
644 2964 876 3010 Philosophus,
893 2965 1034 3000 declarat
1053 2978 1112 3011 per
1135 2977 1173 3000 ea
1197 2978 1280 3011 quae
1296 2978 1354 3012 pa-

999 223 1588 267 METEOROLOGICORUM
1616 223 1711 258 LIB.
1742 222 1792 257 III

1420 309 1489 333 tent
1506 300 1628 340 oculis;
1654 299 1730 343 quia
1750 298 1925 331 combusto
1950 298 2076 342 templo
2093 299 2127 331 in
2144 299 2278 343 Epheso
2303 312 2321 333 a
2345 300 2494 344 fulmine,

1420 345 1479 385 ibi,
1504 345 1581 388 quia
1604 344 1740 376 materia
1757 342 1904 375 fulminis
1925 351 1992 376 erat
2008 343 2123 383 multa,
2138 343 2242 377 videri
2258 353 2387 388 poterat
2402 347 2494 391 quod

1420 388 1545 421 fulmen
1576 397 1626 420 est
1656 388 1808 431 spiritus:
1834 387 1911 431 quia
1940 386 2073 431 quando
2105 387 2267 432 templum
2298 401 2493 433 percussum

1420 442 1487 472 est,
1511 432 1643 465 flamma
1667 431 1883 473 exhalationis
1907 432 2059 464 incensae
2083 430 2247 466 ferebatur
2270 432 2331 467 hac
2354 433 2428 468 illac
2452 435 2493 469 ad

1419 476 1539 509 multas
1564 484 1672 520 partes
1696 475 1822 519 templi,
1838 484 1871 508 et
1894 475 1970 509 deni
1995 487 2037 509 ue
2055 487 2131 509 curn
2155 476 2249 513 fumo
2273 478 2389 523 templi
2411 478 2492 513 fere-

1419 521 1513 554 batur
1536 532 1679 559 sursum,
1705 520 1838 553 incensa
1861 520 1946 553 sicut
1979 531 2078 553 umus
2117 530 2231 565 ropter
2254 521 2493 557 admixtionem

1419 564 1547 598 humidi
1611 565 1676 597 ossi
1702 564 1793 608 quod
1821 563 1928 597 exibat
1952 576 1991 598 ex
2016 532 2247 600 combustione
2275 567 2400 612 templi.
2426 567 2492 602 Sed

1419 609 1536 643 accidit
1565 576 1609 642 ἐξ
1637 608 1830 642 huiusmodi
1854 608 2060 642 exhalatione
2095 610 2181 643 sicut
2205 609 2246 644 de
2269 610 2386 653 fumo,
2415 613 2492 657 quia
2517 643 2520 646 ,

1419 654 1518 686 etiam
1541 653 1652 686 fumus
1677 662 1726 686 est
1742 652 1877 698 quidam
1897 654 2041 697 spiritus,
2058 663 2091 687 et
2109 654 2201 688 ardet
2216 655 2301 688 sicut
2317 655 2491 699 exhalatio,

1419 699 1503 731 sicut
1527 698 1618 742 prius
1642 697 1768 731 dictum
1792 706 1850 731 est.
1876 698 2024 738 Quando
2048 699 2148 742 igitur
2171 700 2307 734 materia
2323 710 2372 734 est
2388 701 2492 735 multa

1441 753 1503 775 uae
1519 741 1735 782 comburitur,
1748 750 1828 776 tunc
1842 741 1880 775 fit
1895 742 2020 776 multus
2036 742 2149 777 fumus
2165 744 2329 786 incensus,
2342 754 2375 778 et
2389 746 2493 779 mani-

1418 754 1498 820 feste
1514 786 1653 827 videtur,
1673 787 1758 819 sicut
1781 787 1815 820 in
1839 787 2031 821 incensione
2046 787 2205 822 fornacis:
2227 788 2360 834 quando
2380 799 2491 824 autem

1418 831 1553 864 materia
1565 839 1615 864 est
1627 842 1743 875 pauca,
1752 842 1821 864 non
1834 831 1878 864 ita
1890 830 2021 865 videtur
2036 831 2159 867 fumus.
2177 833 2232 867 Sic
2245 834 2343 867 etiam
2356 834 2491 880 quando

1417 876 1552 908 materia
1575 874 1722 908 fulminis
1747 883 1796 909 est
1819 875 1934 916 multa,
1958 876 2130 910 manifeste
2153 887 2289 922 apparet
2313 878 2404 924 quod
2427 878 2491 913 ful-

1417 931 1495 953 men
1518 928 1568 953 est
1591 919 1753 953 exhalatio
1777 920 1923 960 incensa,
1946 921 2032 954 sicut
2054 919 2172 956 accidit
2193 923 2228 956 in
2255 922 2394 958 fulmine
2417 935 2490 969 per-

1417 965 1560 997 cutiente
1583 963 1789 1009 praedictum
1811 964 1990 1009 templum:
2015 965 2150 1010 quando
2179 978 2260 1001 vero
2283 969 2418 1002 materia
2440 977 2492 1002 est

1416 1020 1532 1053 pauca,
1547 1020 1617 1042 non
1636 1009 1681 1042 ita
1703 1008 1848 1050 videtur3
1869 1009 1961 1054 quod
1985 1018 2096 1044 tamen
2110 1010 2242 1045 videtur
2257 1012 2292 1045 in
2308 1023 2387 1054 uno,
2403 1011 2489 1048 iudi-

1416 1053 1558 1087 candum
1575 1062 1624 1086 est
1640 1054 1739 1086 etiam
1756 1053 1790 1086 in
1805 1053 1918 1087 altero.
1937 1073 1950 1079 -
1969 1053 2075 1095 Quod
2094 1064 2206 1089 autem
2221 1055 2348 1090 fulmen
2363 1067 2433 1091 non
2447 1058 2490 1092 sit

1415 1109 1536 1142 corpus
1560 1097 1705 1131 solidum
1721 1097 1774 1131 vel
1791 1097 1887 1143 lapis,
1903 1107 2008 1143 patet:
2030 1099 2107 1143 quia
2123 1099 2186 1134 tale
2206 1111 2327 1146 corpus
2343 1113 2413 1135 non
2429 1112 2491 1147 po·-

1415 1150 1477 1176 test
1500 1142 1619 1176 habere
1643 1141 1790 1184 effectus,
1809 1143 1866 1187 qui
1890 1143 2043 1188 superius
2067 1142 2144 1178 dicti
2167 1154 2246 1179 sunt
2268 1145 2447 1190 procedere
2470 1157 2490 1180 a

1414 1186 1564 1220 fulmine.
1589 1187 1669 1221 Non
1700 1187 1790 1220 enim
1813 1196 1928 1239 posset
1959 1196 2129 1239 penetrare
2160 1188 2202 1223 ad
2229 1190 2406 1233 interiora,
2425 1191 2490 1227 nisi

1414 1231 1506 1275 prius
1534 1232 1639 1276 ruptis
1671 1230 1904 1266 exterioribus:
1928 1231 2077 1277 alioquin
2109 1232 2177 1267 duo
2209 1245 2349 1279 corpora
2379 1244 2491 1271 essent

1414 1275 1514 1308 simul
1537 1276 1572 1309 in
1595 1275 1715 1313 eodem
1738 1275 1827 1317 loco,
1845 1276 1935 1321 quod
1959 1276 2150 1311 naturaliter
2172 1289 2243 1312 non
2273 1288 2385 1324 potest
2403 1279 2488 1318 fieri.

1414 1320 1555 1354 Videtur
1578 1321 1677 1354 etiam
1701 1321 1938 1355 inconveniens
1961 1333 2045 1363 esse,
2061 1321 2153 1367 quod
2171 1331 2239 1356 tam
2260 1335 2383 1368 parvus
2404 1324 2489 1370 lapis

1414 1373 1539 1398 evertat
1553 1373 1659 1398 turres
1683 1373 1716 1399 et
1731 1364 1862 1399 domos.
1884 1365 2174 1401 Considerandum
2189 1376 2300 1402 tamen
2319 1377 2381 1410 est,
2396 1369 2490 1416 quod

1414 1408 1615 1454 quandoque
1639 1421 1717 1443 cum
1739 1409 1878 1444 fulmine
1893 1410 2073 1444 antefertur
2087 1410 2170 1456 lapis
2194 1411 2247 1446 vel
2262 1407 2352 1448 aliud
2373 1412 2488 1448 huius—

1413 1453 1506 1487 modi
1530 1453 1697 1495 deorsum,
1714 1453 1805 1506 quod
1828 1454 1881 1488 vel
1901 1464 1950 1488 est
1965 1464 2161 1499 generatum
2174 1457 2210 1490 in
2225 1456 2314 1492 nube
2328 1457 2369 1492 ab
2386 1457 2489 1499 exha-

1413 1497 1536 1532 latione
1549 1498 1678 1541 calida,
1702 1498 1870 1543 digerente
1892 1499 2071 1534 humidum
2094 1512 2240 1546 aqueum
2263 1497 2380 1544 nubis,
2402 1502 2489 1539 siout

1413 1551 1504 1587 patet
1521 1543 1556 1576 in
1572 1542 1767 1577 decoctione
1789 1542 1947 1578 laterum:
1972 1545 2029 1589 qui
2052 1543 2136 1590 lapis
2160 1546 2261 1586 etiarn
2285 1545 2399 1592 quand
2445 1559 2487 1582 ue

1413 1586 1591 1621 antefertur
1614 1588 1774 1629 tonitruo,
1789 1587 1843 1622 vel
1858 1600 1877 1622 a
1899 1597 2002 1622 vento
2026 1589 2175 1623 circulari
2194 1601 2327 1625 sursum
2350 1593 2401 1627 eet
2454 1603 2488 1627 e-

1413 1640 1536 1665 vatum.
1551 1631 1617 1666 Sed
1636 1633 1697 1666 iste
1713 1631 1796 1676 lapis
1811 1643 1882 1666 non
1895 1641 1946 1666 est
1959 1632 2097 1675 fulmen,
2109 1642 2147 1668 ut
2162 1633 2289 1669 dictum
2305 1644 2366 1678 est,
2377 1647 2487 1683 neque

1413 1687 1544 1721 semper
1567 1675 1604 1710 fit
1627 1675 1760 1721 quando
1784 1675 1822 1710 fit
1842 1675 1979 1711 fulmen.

1469 1730 1498 1763 5.
1515 1720 1645 1755 Deinde
1670 1732 1747 1755 cum
1771 1720 1868 1755 dicit:
1892 1721 2012 1768 Semper
2034 1722 2114 1756 mim
2135 1729 2248 1769 oportet
2269 1732 2352 1766 etc„
2378 1723 2487 1760 reddit

1412 1765 1575 1799 rationem
1590 1765 1762 1800 cuiusdam
1778 1765 1955 1800 accidentis
1979 1766 2064 1800 circa
2084 1765 2222 1808 fulmen,
2238 1779 2340 1814 quare
2359 1769 2488 1811 seilicet

1413 1809 1467 1843 illa
1491 1822 1575 1855 quae
1599 1810 1830 1855 percutiuntur
1852 1822 1871 1844 a
1894 1810 2043 1852 fulmine,
2066 1811 2222 1846 videntur
2243 1813 2373 1848 moveri
2394 1822 2486 1848 mte-

1412 1866 1512 1899 quam
1560 1855 1770 1889 ercutiantur.
1799 1855 1841 1889 Et
1863 1854 1963 1889 huius
1985 1855 2070 1890 ratio
2094 1864 2143 1890 est
2169 1857 2255 1890 sicut
2284 1857 2367 1903 ipse·
2380 1857 2486 1901 dicit,

1435 1900 1489 1933 uia
1512 1911 1529 1933 a
1556 1900 1630 1944 quis
1653 1899 1799 1944 spiritus,
1814 1899 1907 1933 velut
1928 1898 2042 1934 fumus
2060 1900 2114 1934 vel
2137 1912 2192 1935 aer
2211 1909 2324 1936 motus
2346 1901 2395 1936 ab⁴
2408 1902 2487 1948 ipso

1411 1911 1560 1984 fulmine,
1576 1955 1708 1989 semper
1731 1943 1898 1989 praecedit
1919 1953 1953 1978 et
1975 1955 2107 1990 semper
2128 1946 2278 1991 sequitur
2304 1940 2485 1986 exhalatio-

1411 1999 1488 2022 nem
1513 1989 1702 2030 incensam,
1723 2000 1808 2034 quae
1830 1997 1881 2023 est
1902 1988 2044 2023 fulmen:
2065 1989 2124 2035 qui
2146 1990 2280 2035 spiritus
2303 1990 2486 2037 propulsus

1411 2042 1485 2066 ante
1509 2032 1636 2067 fulmen
1651 2044 1714 2067 suo
1737 2042 1833 2067 motu
1855 2042 1971 2068 movet
1995 2044 2146 2079 corpora,
2193 2046 2255 2069 uae
2273 2035 2444 2081 patiuntur
2465 2047 2486 2071 a

1411 2076 1559 2111 fulmine.
1576 2077 1619 2112 Et
1665 2089 1703 2111 ro
1728 2086 1778 2111 ter
1800 2077 1885 2111 hanc
1908 2089 2042 2112 causam
2073 2046 2227 2114 animfiia
2253 2078 2392 2119 fulmine
2408 2091 2487 2127 ,per-

1411 2133 1506 2156 cussa
1523 2131 1560 2156 ut
1575 2122 1610 2156 in
1626 2133 1648 2167 p
1662 2133 1713 2156 uri
1737 2133 1776 2156 us
1792 2122 2006 2157 inveniuntur
2022 2121 2142 2158 habere
2165 2132 2264 2168 caput
2285 2128 2486 2160 conversum

1411 2166 1452 2200 ad
1467 2165 1605 2208 fulmen,
1648 2167 1703 2201 uia
1718 2167 1896 2201 sentientes
1911 2166 2149 2211 huncjmotum
2188 2168 2224 2203 ui
2238 2164 2409 2214 praeeedit
2417 2167 2484 2205 ful-

1411 2222 1499 2252 men,
1526 2220 1623 2245 natur
1658 2211 1717 2245 'ter
1748 2220 1947 2246 convertunt
1969 2219 2069 2257 caput
2091 2211 2133 2247 ad
2155 2180 2247 2247 iflam
2274 2225 2299 2265 p

1411 2264 1614 2300 cognoscant
1637 2255 1717 2301 quid
1740 2256 1793 2296 sit,
1809 2265 1843 2290 et
1864 2256 1912 2290 sic
1935 2257 2166 2301 percutiuntur
2187 2256 2338 2293 fulmine.
2526 2296 2529 2298 .

1466 2302 1497 2333 6.
1517 2300 1647 2335 Deinde
1664 2311 1741 2334 cum
1764 2299 1860 2334 dicit:
1883 2301 1924 2335 Et
1940 2301 2075 2336 tonitrua
2100 2307 2202 2336 autem
2225 2310 2299 2344 etc..
2314 2313 2391 2338 com
2470 2312 2486 2339 t

1410 2343 1536 2379 fulmen
1559 2344 1601 2379 ad
1625 2345 1882 2380 tonitruum‘Et
1904 2344 1994 2388 dicit,
2009 2345 2101 2392 quod
2124 2346 2209 2380 sicut
2223 2345 2351 2382 fulmen
2395 2347 2487 2384 eiii-‚it

1411 2397 1444 2423 et
1467 2388 1584 2423 dividit
1606 2400 1746 2434 corpora
1781 2401 1866 2435 quae
1889 2390 2016 2434 tangit,
2043 2390 2089 2425 in
2118 2390 2269 2425 similiter
2297 2391 2484 2427 tonitruum

1433 2433 1611 2479 nandoque
1635 2433 1751 2468 dividit
1766 2445 1807 2468 co
1848 2445 1916 2468 ora.
1934 2433 2000 2469 Sed
2016 2443 2127 2469 tamen
2149 2446 2220 2470 non
2234 2444 2285 2470 est
2298 2436 2483 2481 imaginan-

1410 2445 1491 2512 dum
1507 2477 1599 2524 quod
1622 2478 1807 2512 tonitruum
1848 2478 1948 2513 'vidat
1966 2490 2024 2513 cor
2049 2490 2107 2514 ora
2121 2479 2287 2514 mediante
2309 2490 2408 2523 sono,
2423 2480 2484 2516 sed

1410 2521 1526 2557 dividit
1537 2521 1702 2557 mediante
1714 2522 1842 2567 spiritu,
1854 2522 1940 2557 idest
1951 2534 1970 2556 e
2066 2523 2158 2558 tione
2170 2532 2340 2569 segregata
2350 2536 2371 2559 a
2380 2524 2482 2567 nube,

1410 2578 1494 2612 quae
1510 2565 1659 2601 incidens
1682 2566 1781 2601 alicui
1803 2568 1935 2612 corpori
1950 2566 2147 2613 plerumque
2169 2567 2286 2603 dividit
2307 2567 2402 2611 illud,
2422 2568 2484 2605 sed

1409 2622 1478 2645 non
1501 2612 1617 2652 exurit,
1637 2611 1714 2656 quia
1729 2622 1799 2645 non
1823 2620 1873 2646 est
1895 2612 1940 2646 ita
1956 2611 2084 2647 subtilis
2107 2621 2141 2646 et
2158 2612 2293 2648 incensa
2315 2613 2402 2648 sicut
2414 2612 2481 2649 ful-

1409 2667 1496 2690 men.
1514 2656 1630 2701 Ipsum
1653 2667 1732 2690 vero
1755 2655 1882 2690 fulmen
1906 2655 2022 2691 dividit
2043 2656 2209 2691 mediante
2232 2666 2327 2692 motu
2351 2657 2484 2694 ahala·

1408 2700 1520 2742 tionis,
1537 2700 1644 2734 exurit
1666 2708 1777 2734 autem
1801 2708 1835 2734 et
1857 2699 1983 2735 colorat
2029 2709 2142 2746 ropter
2164 2701 2373 2746 ignitionem.

1463 2744 1594 2779 Deinde
1617 2743 1810 2790 recapitulat
1825 2756 1864 2779 ea
1879 2756 1964 2791 quae
2023 2754 2074 2780 cta
2090 2754 2179 2788 sunt,
2195 2746 2308 2782 dicens
2331 2744 2428 2793 quod,
2438 2746 2480 2783 de

1409 2789 1556 2824 tonitruo
1580 2797 1613 2823 et
1635 2790 1864 2824 coruscatione
1880 2799 1914 2824 et
1935 2789 2106 2842 ecnephia,
2122 2790 2242 2825 iterum
2257 2790 2299 2826 de
2321 2789 2483 2839 typhoni·

1408 2833 1469 2868 bus
1481 2842 1514 2868 et
1529 2833 1721 2868 incensione
1737 2842 1770 2868 et
1784 2833 1978 2868 fulminibus
1997 2833 2124 2870 dictum
2138 2844 2189 2870 est
2205 2834 2285 2881 quid
2301 2835 2346 2871 sit
2360 2844 2480 2879 untim-

1409 2877 1565 2924 quodque
1589 2890 1706 2912 eorum
1730 2877 1914 2913 secundum
1937 2878 2171 2914 substantiam:
2197 2880 2274 2926 quia
2289 2878 2483 2916 suntexha-

1408 2922 1486 2957 latio
1510 2923 1606 2957 sicca.
1622 2922 1688 2957 Sed
1705 2922 1888 2958 differentia
1910 2934 2028 2958 eorum
2051 2932 2102 2959 est
2116 2923 2302 2960 secundum
2321 2924 2428 2970 magis
2444 2933 2485 2960 et

1408 2968 1518 3002 minus
1542 2966 1671 3009 subtile,
1690 2976 1722 3002 et
1739 2967 1923 3003 secundum
1947 2967 2010 3003 alia
2028 2968 2209 3004 accidentia
2233 2969 2482 3016 consequentia.

877 3232 1890 3285 *ss'beffiffffi—

2300 2221 2420 2257 artem,
2446 2222 2499 2249 ut-
2544 2218 2546 2221 ’
