2782 4134
0 1031 1 1034 ,
34 1016 44 1026 ”
58 1016 84 1036 el
95 1019 144 1036 om.
157 1019 196 1036 ΑΟ.

0 1152 248 1197 ἱ’ἾῗιιεΙέἱ-οοόοὶ.

34 1974 47 1987 ’
57 1973 88 1997 de
95 1979 188 2003 nomn,
199 1980 248 1997 om.

1175 283 1288 321 CAP.
1319 284 1350 330 1,
1382 282 1534 320 LECT.
1565 282 1578 317 1

272 365 367 402 sicut
396 364 554 401 effectus
580 377 603 401 a
622 376 749 402 causa.
771 364 898 400 Habet
917 371 1047 403 autem
1071 371 1224 412 tempus
1243 362 1351 412 quod

273 425 469 456 mensuret
496 425 647 456 motum
681 416 792 463 caeli,
822 429 902 454 non
929 416 1088 464 quidem
1122 417 1351 464 inquantum

274 471 488 508 continetur
507 471 556 508 ab
576 483 624 508 eo
645 470 741 508 sicut
758 469 917 507 effectus
937 482 959 506 a
979 482 1094 506 causa
1124 473 1228 516 (non
1248 470 1351 507 enim

275 524 474 562 continens
502 531 745 562 mensuratur
772 535 842 572 per
870 530 1105 569 contentum,
1132 523 1200 561 sed
1221 536 1240 559 e
1261 536 1351 560 con-

273 581 428 625 verso):
459 578 528 616 sed
546 578 634 625 hoc,
654 577 832 625 inquam,
862 577 978 614 habet
1009 584 1163 625 tempus
1191 578 1351 625 inquan-

275 639 358 669 tum
387 639 443 670 est
470 631 600 679 imago
628 628 822 678 quaedam
856 629 1028 666 derivata
1055 630 1103 666 ab
1133 630 1351 667 aeternitate

276 685 407 722 divina
431 690 466 732 ⁷,
497 684 593 722 sicut
603 691 658 738 ,et
685 682 869 720 Boethius
899 683 1007 720 dicit:
1038 683 1104 731 qui
1130 688 1274 731 tempus
1301 684 1350 720 ab

275 750 370 776 aevo
399 739 455 775 ire
482 738 596 774 iubes.

330 792 439 828 Haec
466 791 578 839 igitur
605 801 704 838 quae
735 789 834 826 dicta
862 797 970 836 sunt,
1010 801 1089 826 non
1118 789 1244 826 solum
1274 801 1353 825 cre-

275 844 404 883 dibilia
430 843 643 881 redduntur
667 855 739 891 per
766 842 932 880 rationes
961 854 1077 891 supra
1104 842 1260 891 positas,
1285 842 1355 879 sed

275 898 391 936 etiam
427 909 498 946 per
524 896 728 946 opiniones
757 896 862 934 aliter
890 896 1120 943 dicentium,
1160 896 1227 944 qui
1255 896 1354 933 attri-

275 951 398 989 buunt
426 950 574 988 mundo
602 949 892 998 generationem
921 957 956 986 et
985 949 1284 998 corruptionem.
1315 950 1355 987 Si

277 1004 380 1042 enim
398 1004 449 1042 ita
472 1003 538 1050 sit,
569 1003 676 1051 quod
697 1010 733 1040 et
752 1004 772 1024 '¹‘
801 1003 983 1051 contingit
1010 1003 1200 1041 mundum
1230 1003 1284 1040 sic
1313 1016 1353 1040 se

275 1058 419 1096 habere
447 1057 544 1096 sicut
570 1069 643 1094 nos
672 1056 846 1103 dicimus,
877 1058 1022 1106 absque
1050 1057 1126 1094 hoc
1155 1057 1260 1106 quod
1289 1057 1354 1095 ali—

275 1111 383 1161 quod
408 1110 685 1150 inconveniens
713 1118 910 1159 sequatur,
939 1123 1019 1148 non
1048 1118 1179 1148 autem
1209 1110 1353 1148 contin-

275 1164 362 1214 git*
382 1177 424 1203 se
443 1165 589 1211 habere
617 1164 831 1202 secundum
860 1164 1025 1202 modum
1053 1177 1132 1213 quo
1156 1164 1207 1201 illi
1225 1164 1355 1202 dicunt

267 1219 482 1261 ,mundum
487 1215 631 1255 factum
660 1230 762 1265 esse,
791 1217 898 1257 hoc
890 1230 968 1255 iam
991 1217 1149 1255 habebit
1167 1229 1354 1267 magnam

276 1272 570 1317 inclinationem,
586 1271 684 1308 idest
703 1283 885 1319 magnam
905 1271 986 1308 vim
1005 1271 1284 1320 persuasivam,
1304 1271 1354 1309 ad

275 1325 353 1365 hoc
379 1325 495 1385 quod
515 1325 651 1374 aliquis
679 1324 808 1362 credat
836 1324 1162 1362 immortalitatem
1184 1324 1285 1362 caeli
1318 1332 1356 1362 et

277 1378 618 1428 sempiternitatem
645 1377 764 1427 ipsius
792 1380 853 1425 (ut
881 1378 1144 1416 immortalitas
1172 1378 1355 1416 referatur

277 1432 329 1473 ad
355 1432 649 1482 perpetuitatem
677 1431 778 1469 vitae
791 1460 800 1478 ,
834 1431 1110 1480 sempiternitas
1146 1438 1276 1469 autem
1305 1431 1354 1469 ad

276 1485 571 1536 perpetuitatem
587 1484 755 1523 essendi:
775 1485 973 1533 ponebant
987 1484 1091 1522 enim
1107 1486 1256 1522 caelum
1273 1497 1354 1522 non

279 1539 520 1587 solum-esse,
536 1538 606 1576 sed
621 1538 735 1576 etiam
750 1538 896 1586 vivere,
913 1546 1098 1588 tanquam
1112 1538 1353 1585 animatum).

323 1592 391 1635 *Ex
417 1593 494 1630 hoc
521 1599 651 1630 autern
683 1591 792 1639 quod
818 1591 881 1628 hic
913 1591 1023 1639 dicit,
1057 1599 1216 1641 apparet
1248 1592 1356 1641 quod

276 1645 499 1689 Aristoteles
527 1644 675 1683 induxit
701 1644 915 1694 praedictas
935 1645 1101 1683 rationes
1120 1646 1170 1684 ad
1188 1647 1355 1695 proban-

277 1699 372 1742 dum
389 1697 734 1748 *sempiternitatem
754 1698 902 1747 mundi,
925 1711 1006 1737 non
1025 1707 1209 1748 tanquam
1229 1707 1356 1738 osten-

277 1752 410 1796 dentes
425 1750 439 1774 ὅ
459 1764 504 1790 ex
524 1752 746 1791 necessitate
766 1753 872 1802 quod
891 1752 1062 1790 mundus
1079 1765 1160 1790 non
1178 1753 1357 1803 incoepe-

277 1806 344 1854 rit,
367 1806 436 1845 sed
461 1814 645 1856 tanquam
674 1807 918 1844 ostendentes
946 1806 1052 1855 quod
1080 1819 1161 1844 non
1189 1807 1358 1857 incoepit

276 1860 341 1903 illo
369 1860 489 1899 modo
519 1871 598 1908 quo
627 1860 676 1898 ab
703 1859 786 1897 aliis
814 1859 1028 1909 incoepisse
1055 1860 1282 1910 ponebatur.

334 1914 370 1955 3.
399 1913 552 1953 Deinde
575 1925 665 1951 cum
685 1913 793 1951 dicit:
821 1914 984 1962 Propter
1001 1915 1104 1962 quod
1121 1915 1215 1952 bene
1231 1927 1272 1952 se
1289 1915 1356 1952 ha-

279 1969 341 2009 bet
357 1975 443 2015 etc„
468 1969 550 2005 ex*
569 1967 782 2016 praemissa
802 1967 844 1988 *³⁶
874 1967 1135 2017 conclusione,
1155 1981 1254 2018 quae
1275 1976 1355 2006 erat

224 2043 232 2051 ·
279 2021 327 2060 de
356 2020 654 2070 sempiternitate
682 2020 797 2058 totius
825 2021 973 2069 mundi,
995 2021 1186 2059 concludit
1214 2034 1356 2071 propo-

279 2075 406 2123 situm,
433 2074 576 2113 scilieet
601 2074 942 2124 sempiternitatem
971 2074 1146 2124 corporis
1172 2076 1353 2113 caelestis.

279 2130 332 2167 Et
348 2128 448 2167 circa
465 2129 542 2166 hoc
560 2128 631 2166 tria
648 2127 756 2166 facit:
786 2127 913 2176 primo
937 2128 1047 2166 infert
1066 2129 1356 2167 conclusionem

280 2182 321 2222 in
347 2181 535 2231 generali3
563 2182 736 2219 secundo
765 2181 982 2219 manifestat
1009 2193 1098 2219 eam
1125 2182 1166 2219 in
1189 2183 1355 2231 speciali,

280 2235 370 2276 ibix*
388 2234 546 2273 Caelum
574 2240 701 2272 autem
718 2235 737 2256 *
754 2242 846 2280 etc.;
875 2235 985 2272 tertio
1016 2247 1061 2272 ex
1088 2235 1247 2273 veritate
1277 2248 1357 2273 ma-

281 2289 456 2331 nifestata
470 2288 634 2326 excludit
653 2288 861 2326 contrarias
880 2287 1094 2337 opiniones,
1109 2288 1179 2326 ibi:
1197 2290 1359 2338 Propter

282 2343 385 2392 quod
401 2342 551 2391 quidem
568 2343 588 2363 ²
604 2349 675 2380 etc.
697 2341 808 2379 Circa
826 2341 997 2390 primum
1013 2341 1091 2379 duo
1106 2342 1210 2380 facit:
1230 2343 1357 2392 primo

281 2396 395 2436 infert
421 2396 711 2434 conclusionem
739 2395 944 2442 intentam3
974 2395 1145 2433 secundo
1173 2396 1283 2445 ponit
1301 2409 1358 2434 ra-

281 2450 426 2488 tionem
453 2449 584 2498 ipsius,
614 2449 686 2487 ibi:
715 2449 866 2486 Etenim
883 2449 980 2497 finis
1001 2449 1021 2470 *
1049 2455 1119 2486 etc.

336 2503 437 2541 Dicit
463 2515 555 2551 ergo
582 2502 708 2552 primo
737 2502 845 2552 quod
874 2503 914 2549 ²3,
945 2502 1036 2562 quia
1064 2514 1110 2539 ex
1137 2503 1357 2551 praemissis

249 2556 256 2562 '
283 2556 511 2596 inclinamur
525 2556 574 2595 ad
594 2555 832 2594 credendum
853 2555 1190 2623 sempiternitatem
1210 2556 1358 2603 mundi,

239 2637 245 2643 -
284 2622 526 2659 consequens
546 2617 603 2648 est
621 2609 730 2658 quod
747 2609 869 2647 homo
889 2622 930 2646 se
951 2609 1167 2647 exhibeatss

1192 2609 1240 2647 de
1260 2585 1358 2647 facili

282 2664 575 2714 persuasibilem
604 2676 627 2701 a
660 2662 766 2701 dictis
802 2662 1072 2723 antiquorum:
1112 2675 1191 2700 non
1228 2671 1359 2700 tamen

283 2722 472 2768 quantum
489 2716 552 2755 ‘ad
578 2729 846 2766 quoscumque
870 2716 1047 2766 antiquos
1076 2725 1261 2764 errantes,
1290 2717 1359 2754 sed

282 2771 488 2821 praecipue
516 2778 704 2820 quantum
733 2770 783 2808 ad
801 2778 928 2820 patres
947 2777 1110 2818 nostros,
1132 2770 1198 2819 qui
1217 2771 1359 2808 scilicet

283 2837 355 2864 nos
383 2824 423 2863 in
450 2824 555 2863 cultu
582 2823 715 2862 divino
743 2823 1020 2869 instruxerunt;
1049 2831 1092 2861 ut
1119 2823 1260 2860 scilicet
1280 2837 1358 2861 cre-

285 2878 423 2917 damus
451 2889 588 2916 eorum
617 2889 816 2915 sermones
845 2889 928 2914 esse
956 2889 1084 2924 veros,
1101 2884 1288 2926 quantum
1309 2878 1360 2916 ad

284 2932 360 2969 hoc
392 2931 499 2980 quod
537 2930 740 2968 credamus
777 2930 920 2979 aliquid
953 2943 1038 2967 esse
1075 2907 1293 2967 immortale
1322 2939 1360 2968 et

286 2977 481 3031 divinum,
510 2997 591 3022 non
619 2985 746 3022 solum
784 2983 832 3021 de
869 2996 1034 3021 numero
1063 2984 1359 3022 substantiarum

286 3036 556 3096 immobilium,
577 3049 675 3087 quae
704 3045 792 3074 sunt
819 3037 995 3086 penitus
1019 3050 1042 3074 a
1061 3037 1222 3075 materia
1249 3050 1359 3087 sepa-

286 3096 402 3136 ratae,
418 3089 486 3126 sed
505 3089 620 3127 etiam
639 3097 825 3139 quantum
846 3091 895 3128 ad
915 3103 1079 3139 corpora
1098 3103 1196 3140 quae
1216 3091 1360 3128 habent

287 3149 452 3189 motum,
471 3143 588 3179 talem
615 3149 744 3180 tamen
761 3151 804 3180 ut
825 3143 944 3192 ipsius
963 3151 1092 3181 motus
1117 3144 1289 3193 corporis
1305 3145 1358 3182 di-

286 3195 365 3233 vini
386 3203 422 3232 et
441 3195 666 3232 immortalis
685 3207 764 3232 non
783 3196 829 3232 sit
848 3196 984 3245 aliquis
1002 3197 1102 3245 finis,
1118 3210 1196 3246 quo
1218 3198 1358 3235 scilicet

286 3249 354 3286 iste
383 3256 512 3285 motus
539 3248 783 3294 terminetur,
813 3249 882 3286 sed
910 3250 1030 3297 magis
1058 3250 1126 3287 iste
1156 3258 1284 3288 motus
1313 3251 1358 3288 sit

286 3302 373 3340 finis
409 3302 585 3339 omnium
620 3301 783 3338 aliorum
821 3309 1011 3339 motuum.
1042 3324 1066 3330 -
1101 3304 1192 3340 Ideo
1228 3311 1356 3341 autem

340 3444 368 3478 γ)
381 3444 505 3469 derivata
518 3444 553 3468 ab
564 3443 725 3468 aeternitate
737 3443 838 3468 divina.
849 3455 869 3463 ·-
881 3443 933 3467 Pro
946 3443 1076 3473 derivata,
1092 3444 1144 3468 Dei
1157 3447 1223 3469 nata
1236 3445 1277 3469 ed.
1291 3444 1357 3469 1516

287 3485 327 3510 et,
345 3484 375 3504 ut
389 3480 506 3509 videtur,
524 3479 604 3512 aliqui
624 3480 699 3504 codd.
706 3487 713 3510 ;
734 3479 753 3503 P
773 3478 851 3503 habet
870 3478 923 3503 Dei
941 3483 1068 3511 expuncto
1087 3482 1160 3503 nata.

341 3514 366 3548 ὅ)
386 3522 438 3540 non
454 3518 583 3547 tanquam
596 3515 772 3540 ostendentes.
786 3528 805 3532 —
818 3521 870 3539 non
891 3518 979 3539 tamen
998 3514 1140 3540 ostendens
1158 3514 1186 3545 P,
1202 3522 1254 3540 non
1268 3519 1357 3541 tamen

287 3551 454 3576 ostendentes
473 3551 514 3575 ed.
532 3549 613 3581 15163
632 3550 664 3575 cf.
679 3551 723 3575 lin.
738 3558 795 3583 seq.

341 3586 363 3618 ε)
379 3586 497 3618 penitus.
508 3600 528 3604 —
542 3586 600 3611 Hoc
617 3586 743 3615 verbum,
763 3586 834 3619 quod
847 3585 947 3619 optime
961 3586 993 3610 ad
1008 3590 1155 3610 contextum
1173 3586 1290 3618 quadrat,
1302 3593 1357 3610 om.

288 3622 361 3654 PpG.
369 3635 389 3641 —-
398 3622 462 3646 Post
474 3629 554 3646 unam
567 3621 613 3647 lin.
624 3627 683 3647 ante
698 3625 727 3646 ut
740 3623 763 3646 A
776 3622 870 3647 omittit
884 3625 982 3646 tamen.
992 3636 1010 3640 -
1023 3621 1103 3646 Paulo
1117 3620 1224 3646 inferius
1238 3621 1355 3646 omnium

289 3662 347 3682 ante
365 3657 482 3682 aliorum
501 3657 595 3682 omittit
613 3657 645 3682 Ρ.

433 3712 502 3744 Ορρ.
523 3712 553 3735 D.
568 3711 683 3736 'ramma
702 3698 741 3736 T.'
755 3712 793 3736 Ill.

2411 297 2477 321 121

1405 363 1480 400 hoc
1509 362 1676 399 attribuit
1714 362 1878 411 antiquis
1917 363 2158 399 sermonibus
2191 371 2364 412 patrum,
2395 365 2484 413 quia

1407 428 1544 454 omnes
1572 415 1622 452 illi
1651 415 1717 464 qui
1747 415 1850 465 apud
1874 416 2031 463 gentiles
2053 417 2197 453 cultum
2227 417 2400 454 divinum
2429 418 2484 454 in-

1407 469 1606 507 stituerunt
1625 469 1651 516 ζ,
1680 470 1756 506 hoc
1783 469 2042 516 intendebant,
2065 469 2169 518 quod
2190 471 2311 507 cultus
2332 470 2483 508 divinus

1407 523 1648 560 exhiberetur
1686 523 1793 563 caelo
1826 530 2011 572 tanquam
2041 523 2172 561 divino
2206 531 2242 560 et
2278 524 2482 561 immortali

1408 577 1559 625 corpori
1590 584 1627 613 et
1654 576 1760 625 quod
1795 589 1950 626 semper
1981 584 2184 614 movetur:
2223 577 2325 614 unde
2356 585 2392 614 et
2421 590 2442 614 a
2463 578 2482 598 ’⁵‘

1407 630 1518 675 thein,
1540 630 1645 678 quod
1666 637 1722 667 est
1750 642 1905 679 semper
1924 642 2087 677 currere,
2109 630 2148 667 in
2166 642 2305 678 graeco
2325 632 2434 668 theon
2450 632 2481 673 ³2

1408 683 1505 720 idest
1532 684 1671 730 Deum,
1702 683 2010 722 nominaverunt.

1462 747 1500 782 4.
1531 736 1680 773 Deinde
1711 749 1800 773 cum
1830 737 1939 774 dicit:
1969 737 2119 774 Etenim
2137 738 2234 786 finis
2262 745 2346 784 etc„
2375 738 2485 786 ponit

1410 789 1597 826 rationem
1618 790 1834 838 praedictae
1855 790 2122 839 conclusionis,
2140 798 2328 839 quantum
2345 791 2395 828 ad
2409 792 2484 828 hoc

1410 842 1515 890 quod
1535 842 1690 888 dixerat,
1722 843 1827 891 quod
1855 852 1984 881 motus
2014 844 2108 882 caeli
2136 844 2183 882 sit
2209 844 2298 882 finis
2323 844 2484 882 aliorum

1409 903 1599 936 motuum.
1631 896 1760 932 Omne
1790 897 1892 934 enim
1923 897 2120 935 continens
2153 899 2270 936 habet
2297 898 2483 936 rationem

1409 949 1508 996 finis,
1538 949 1766 998 inquantum
1795 958 2017 988 contentum
2047 951 2272 989 terminatur
2299 952 2349 990 ad
2369 964 2484 989 suum

1410 1002 1620 1040 continens.
1651 1003 1897 1040 Manifestum
1929 1013 1983 1042 est
2011 1012 2140 1042 autem
2170 1005 2277 1054 quod
2304 1005 2483 1054 imperfe-

1409 1064 1513 1093 ctum
1533 1064 1667 1093 natum
1697 1064 1752 1093 est
1772 1058 1956 1094 contineri
1975 1071 1997 1095 a
2016 1059 2197 1107 perfecto.
2228 1059 2335 1096 Sicut
2354 1067 2484 1097 autem

1409 1109 1448 1146 in
1466 1109 1593 1158 primo
1609 1110 1628 1130 '¹‘
1657 1116 1854 1147 ostensum
1877 1119 1943 1158 est,
1966 1120 2094 1148 motus
2115 1112 2305 1150 circularis
2326 1120 2381 1150 est
2399 1125 2484 1162 per·
2514 1123 2522 1132 “

1409 1163 1549 1210 fectus,
1584 1170 1713 1200 motus
1741 1171 1870 1200 autem
1899 1165 1989 1201 recti
2018 1174 2105 1202 sunt
2132 1166 2364 1215 imperfecti:
2395 1166 2484 1215 quia

1409 1228 1488 1254 non
1518 1216 1678 1254 redeunt
1716 1217 1765 1254 ad
1800 1230 1913 1254 suum
1941 1218 2192 1268 principium,
2231 1219 2327 1256 sicut
2354 1227 2484 1258 motus

1410 1269 1613 1317 circularis,
1643 1269 1712 1307 sed
1740 1271 1883 1308 habent
1910 1272 2117 1310 terminum
2146 1273 2314 1310 maxime
2344 1273 2483 1311 distan—

1409 1330 1488 1360 tem
1518 1330 1554 1360 et
1575 1323 1807 1361 contrarium
1837 1325 2046 1374 principio,
2075 1326 2180 1363 unde
2208 1327 2306 1363 sicut
2324 1326 2363 1364 in
2381 1327 2483 1386 purin-

1410 1376 1509 1425 cipio
1538 1376 1724 1426 incipiunt
1750 1378 1911 1424 moveri,
1942 1379 1992 1416 ita
2022 1391 2111 1416 cum
2141 1387 2227 1416 sunt
2246 1380 2284 1416 in
2304 1380 2482 1428 termino,

1410 1430 1594 1479 incipiunt
1627 1431 1833 1480 quiescere.
1874 1408 1985 1470 Unde
2023 1440 2174 1482 oportet
2211 1433 2316 1482 quod
2354 1442 2484 1471 motus

1411 1483 1599 1521 circularis
1629 1484 1821 1522 contineat
1849 1485 1943 1522 alios
1971 1493 2116 1533 motus,
2147 1486 2243 1524 sicut
2270 1487 2483 1547 perfectu-m

1411 1537 1577 1574 continet
1596 1538 1876 1587 imperfectum.
1907 1540 1957 1576 Et
1983 1547 2140 1588 propter
2167 1540 2242 1576 hoc
2266 1548 2393 1578 motus
2415 1540 2484 1578 cir-

1411 1591 1547 1628 cularis
1567 1599 1623 1628 est
1642 1591 1729 1628 finis
1749 1591 1912 1628 aliorum
1933 1600 2123 1639 motuum,
2150 1593 2200 1629 ita
2220 1593 2360 1630 scilicet
2378 1595 2484 1642 quod

1410 1643 1491 1692 ipse
1520 1652 1649 1682 motus
1678 1645 1866 1682 circularis
1900 1646 2048 1682 nullum
2085 1646 2226 1683 habeat
2254 1647 2483 1696 principium

1410 1709 1535 1746 neque
1556 1698 1688 1745 finem,
1710 1711 1787 1748 quo
1812 1699 1966 1748 incipiat
1994 1699 2143 1736 moveri
2171 1712 2296 1748 neque
2326 1700 2484 1748 desinat,

1411 1751 1479 1789 sed
1496 1753 1515 1772 '⁵²
1535 1752 1641 1801 quod
1670 1752 1942 1790 incessabiliter
1969 1761 2173 1790 moveatur
2196 1761 2371 1803 tempore
2401 1754 2484 1792 infi-
2512 1763 2521 1773 ⁸

1411 1805 1502 1842 nito.
1525 1806 1654 1843 Omne
1675 1813 1805 1843 autem
1821 1806 1927 1854 quod
1941 1806 2071 1855 incipit
2087 1814 2151 1844 aut
2167 1807 2303 1844 desinit
2322 1808 2482 1855 moveri,

1411 1859 1486 1896 hoc
1499 1859 1640 1908 patitur
1657 1871 1727 1908 per
1745 1859 1912 1908 aliquem
1928 1868 2079 1897 motum
2094 1861 2403 1909 praecedentem,
2419 1862 2485 1910 qui

1411 1920 1467 1950 est
1486 1925 1601 1950 causa
1630 1921 1759 1951 motus
1788 1913 1927 1962 ipsius:
1958 1913 1989 1950 si
2008 1914 2111 1951 enim
2131 1914 2169 1951 in
2199 1915 2336 1952 eadem
2357 1915 2484 1964 dispo—

1410 1966 1544 2004 sitione
1573 1979 1613 2004 se
1633 1967 1792 2004 haberet
1820 1979 1985 2004 movens
2015 1974 2052 2004 et
2079 1967 2234 2016 mobile,
2264 1981 2343 2006 non
2363 1969 2484 2016 magis

1410 2019 1592 2068 inciperet
1620 2028 1748 2057 motus
1776 2027 1911 2069 postea
1939 2033 2057 2070 quam
2084 2021 2202 2070 prius,
2231 2022 2270 2059 in
2297 2022 2356 2060 his
2383 2034 2482 2071 quae

1410 2085 1432 2110 a
1451 2081 1587 2111 natura
1603 2081 1811 2111 moventur
1829 2079 1860 2116 '¹;
1881 2075 1985 2111 unde
2005 2074 2036 2112 si
2055 2074 2190 2124 aliquis
2209 2083 2337 2113 motus
2356 2075 2487 2124 incipit

1411 2127 1458 2165 de
1488 2139 1593 2165 novo
1606 2157 1615 2175 ,
1653 2135 1805 2176 oportet
1836 2128 2090 2176 praeexistere
2128 2129 2295 2178 aliquem
2332 2136 2484 2166 motum

1410 2180 1476 2229 qui
1495 2189 1626 2218 causet
1644 2181 1856 2218 novitatem
1876 2182 1989 2218 huius
2010 2189 2150 2219 motus.
2169 2183 2208 2220 Si
2224 2190 2353 2220 autem
2373 2195 2483 2220 mun-

1411 2234 1483 2271 dus
1508 2242 1564 2271 est
1582 2234 1848 2283 sempiternus,
1880 2243 2031 2284 oportet
2059 2235 2166 2284 quod
2194 2248 2348 2285 semper
2375 2236 2486 2273 fuerit

1411 2294 1551 2324 motus.
1582 2287 1694 2325 Unde
1723 2289 1958 2336 oportebat*
1975 2301 2121 2338 ponere
2141 2289 2310 2338 aliquem
2334 2297 2483 2327 motum
2512 2292 2520 2299 '

1412 2341 1703 2390 sempiternum,
1715 2341 1781 2390 qui
1797 2341 1989 2379 contineat
2003 2342 2097 2379 alios
2112 2350 2240 2380 motus
2255 2355 2334 2380 non
2350 2345 2369 2364 '²⁴
2385 2355 2484 2381 sern-

1411 2394 1592 2443 piternos,
1608 2401 1793 2443 tanquam
1809 2395 1896 2432 finis
1915 2395 2106 2444 ipsorum;
2127 2396 2178 2433 ita
2193 2404 2323 2434 tamen
2340 2398 2359 2418 ’²‘
2379 2397 2486 2446 quod

1412 2449 1553 2485 horum
1582 2448 1739 2497 quidem
1777 2448 1979 2486 mobilium
2019 2449 2064 2498 sit
2103 2462 2217 2487 causa
2254 2451 2360 2499 quod
2396 2450 2485 2488 inci-

1412 2501 1518 2550 piant
1546 2502 1708 2549 moveri,
1738 2501 1888 2539 illorum
1918 2510 2047 2539 autem
2076 2515 2175 2552 quae
2205 2503 2383 2541 desinunt
2401 2516 2485 2540 mo-

1412 2555 1506 2602 veri,
1527 2555 1706 2604 suscipiat
1735 2555 1915 2604 quietem.
1931 2577 1956 2583 -
1977 2557 2069 2593 Non
2090 2563 2219 2593 autem
2245 2557 2333 2594 dicit
2360 2563 2489 2594 causet

1413 2608 1595 2656 quietem,
1617 2609 1685 2646 sed
1711 2609 1914 2657 suscipiat:-
1940 2609 2030 2657 quia
2054 2610 2101 2647 de
2121 2610 2329 2647 intentione
2349 2623 2486 2648 causae

1411 2661 1637 2699 universalis
1675 2669 1731 2699 est
1767 2663 1872 2712 quod
1909 2662 2105 2711 imprimat
2133 2676 2243 2700 suam
2277 2664 2487 2701 similitudi-

1412 2727 1504 2752 nem
1524 2715 1734 2763 effectibus,
1755 2716 1821 2764 qui
1840 2723 1971 2753 tamen
1990 2729 2070 2754 non
2089 2725 2251 2765 possunt
2270 2717 2487 2766 adaequare

1413 2781 1570 2806 causam
1596 2769 1869 2817 universalem,
1890 2769 1958 2807 sed
1987 2770 2172 2819 recipiunt
2199 2770 2486 2808 similitudinem

1413 2822 1495 2860 eius
1524 2822 1742 2860 secundum·
1769 2835 1883 2860 suum
1912 2823 2097 2870 modum;
2128 2823 2224 2860 sicut
2250 2832 2353 2873 patet
2381 2824 2488 2873 quod

1412 2877 1508 2913 haec
1523 2878 1543 2895 ⁴⁵
1571 2876 1750 2913 inferiora
1779 2889 1858 2913 non
1886 2876 2087 2927 recipiunt,
2100 2877 2340 2914 uniformiter
2359 2890 2380 2914 a
2399 2879 2485 2914 Deo

1412 2929 1754 2978 sempiternitatem
1783 2929 1902 2967 divini
1922 2942 2018 2977 esse,
2038 2938 2080 2967 ut
2099 2930 2238 2967 scilicet
2266 2938 2446 2967 maneant
2466 2931 2485 2951 *

1412 2995 1566 3032 semper
1585 2983 1723 3020 eadem
1742 2995 1918 3030 numerO,
1939 2983 2008 3020 sed
2027 2991 2185 3020 manent
2204 2983 2340 3020 eadem
2359 2983 2486 3032 specie

1411 3048 1480 3086 per
1494 3037 1780 3084 generationem
1797 3044 1833 3073 et
1849 3036 2132 3085 corruptionem
2152 3033 2440 3073 individuorum
2455 3035 2484 3083 ⁰;

1411 3090 1515 3128 unde
1530 3091 1638 3127 Deus
1657 3090 1738 3138 ipse
1759 3089 1917 3138 quidem
1938 3089 2002 3126 dat
2026 3102 2108 3126 esse
2124 3090 2250 3136 rebus,
2267 3090 2336 3127 sed
2353 3102 2485 3127 earum

1414 3144 1700 3192 corruptionem
1729 3142 1872 3191 recipit,
1893 3142 2001 3191 quasi
2035 3154 2080 3179 ea
2112 3150 2222 3179 utens
2251 3143 2301 3180 ad
2329 3155 2485 3191 genera—

1412 3197 1558 3234 tionem
1588 3196 1761 3233 aliorum.
1792 3197 1841 3232 Et
1869 3195 2038 3232 similiter
2056 3195 2254 3233 inferiores
2280 3204 2408 3234 motus
2428 3209 2485 3234 re-

1414 3250 1556 3299 cipiunt
1585 3248 1869 3286 similitudinem
1899 3248 2205 3297 sempiternitatis
2244 3257 2372 3286 motus
2402 3262 2485 3287 cae-

1413 3303 1513 3340 lestis
1542 3315 1621 3339 non
1648 3301 1898 3348 uniformiter,
1929 3303 1998 3339 sed
2028 3303 2240 3339 secundum
2270 3303 2486 3340 alternatio-

1467 3444 1491 3476 ζ)
1512 3451 1602 3468 omnes
1616 3443 1689 3468 illi
1703 3443 1886 3468 instituerunt.
1897 3456 1916 3462 —
1929 3451 2020 3469 omnes
2039 3443 2144 3476 antiqui
2161 3445 2236 3476 apud
2249 3445 2362 3478 gentiles
2374 3446 2420 3478 qui
2430 3447 2486 3471 cul—

1413 3483 1468 3505 tum
1490 3479 1609 3504 divinum
1629 3478 1802 3503 instituerunt
1819 3479 1852 3504 A.

1467 3515 1493 3546 η)
1508 3522 1526 3539 a
1540 3517 1640 3539 natura
1653 3517 1917 3540 mouentum-antea
1932 3519 2072 3540 moventur
2085 3515 2161 3540 codd.
2174 3523 2229 3541 exc.
2238 3517 2295 3541 Asl.
2304 3530 2324 3536 -
2333 3517 2422 3541 Statim
2438 3525 2485 3549 pro

1413 3550 1510 3582 aliquis
1529 3553 1630 3579 motus,
1651 3549 1778 3582 antiquus
1796 3554 1884 3575 motus
1904 3550 1998 3583 CGpF.

1467 3584 1492 3617 θ)
1511 3585 1558 3610 sed
1577 3588 1718 3611 manent...
1732 3585 1943 3611 individuorum.
1955 3598 1975 3607 -ο
1988 3589 2128 3612 remanent
2146 3591 2234 3612 tamen
2255 3588 2325 3613 idem
2339 3589 2424 3620 specie
2433 3595 2485 3619 per

1413 3621 1612 3654 generationem
1626 3621 1827 3646 individuorum
1840 3622 1873 3652 P;
1892 3622 1951 3646 loco
1969 3622 2017 3647 sed
2036 3626 2152 3652 manent,
2165 3623 2282 3656 BCDFpl
2297 3624 2386 3656 legunt
2398 3630 2484 3648 rema-

1414 3660 1485 3686 nent,
1500 3656 1543 3689 pG
1556 3659 1684 3686 remanet,
1695 3657 1744 3681 sGI
1758 3657 1806 3682 sed
1819 3661 1952 3687 remanet5
1966 3658 2028 3683 item
2041 3659 2116 3683 codd.
2130 3666 2183 3683 exc.
2193 3659 2216 3684 Α
2229 3667 2276 3691 pro
2291 3659 2391 3688 eadem,
2405 3658 2483 3683 idem.

2275 3712 2304 3736 16

2611 478 2627 506 ζ

2514 578 2524 587 “
2539 577 2569 606 ab
2579 577 2648 599 codd.
2658 582 2679 599 et
2689 579 2727 600 ed.

2512 607 2564 631 1510.

2512 637 2519 643 ·
2539 635 2604 656 theos
2619 636 2687 658 codd,
2704 640 2725 658 et

2511 662 2547 682 ed.
2560 662 2612 689 1516.

2538 1123 2601 1144 Lect.
2616 1129 2652 1149 xv,
2669 1129 2692 1144 n.
2711 1131 2724 1151 ι)

2513 1156 2563 1177 sqq.

2532 1765 2625 1790 oportet
2639 1763 2692 1784 add.
2701 1769 2724 1784 A.

2558 2291 2675 2318 oportebit
2696 2298 2710 2312 Λ
2720 2308 2725 2317 ,

2513 2320 2607 2345 oportet
2620 2323 2658 2339 cu.

2513 2349 2523 2359 ⁴
2540 2355 2586 2370 non
2597 2356 2644 2371 om.
2655 2349 2724 2371 codd.

2513 2382 2563 2397 exc.
2577 2382 2641 2398 Asos.

2514 2404 2522 2412 '¹
2534 2405 2612 2424 tamen
2628 2409 2675 2424 om.
2688 2408 2728 2424 co—

2515 2429 2586 2451 dices.

2516 2886 2524 2893 ·
2539 2885 2576 2906 lzic
2590 2891 2611 2905 r.

2516 2935 2523 2942 '¹
2536 2935 2692 2960 permaneant
2703 2939 2726 2960 Β,

2515 2962 2654 2981 remaneant
2663 2965 2683 2981 c.

2613 3035 2625 3060 θ
