2690 4062
1122 215 1234 252 CAP.
1263 215 1314 263 V,
1345 215 1495 252 LECT.
1524 215 1560 252 V

2313 227 2436 252 XXXVII

1025 442 1320 499 LEcTro
1360 443 1670 521 QUINTA

342 594 578 627 PROBATUR
601 593 851 625 SUBIECTUM
874 593 1290 625 TRANSMUTATIONIS
1312 595 1649 627 ELEMENTORUM
1671 596 1763 627 NON
1786 596 1886 627 ESSE
1909 596 2106 634 ALIQUOD
2130 595 2297 628 CORPUS
2322 615 2340 620 -

637 652 641 657 '
959 650 1312 682 RECAPITULATIO
1336 651 1705 684 PRAECEDENTIUM

248 785 296 817 Οὖ
321 783 387 829 μήν
413 782 486 817 ἀλλ’
516 781 569 813 ἔτι
599 782 658 812 καὶ
683 774 748 811 ὦδε
773 778 991 823 θεωρήσωμεν
1017 781 1090 823 περὶ
1116 779 1260 812 αὐτῶν(
1280 780 1319 811 Εἰ
1372 782 1388 799 *
1411 783 1473 814 Sed
1495 790 1601 814 tamen
1625 785 1727 816 adhuc
1751 786 1840 817 etsie
1858 787 2061 827 inspiciemus
2085 787 2124 817 de
2146 786 2204 818 his.
2224 786 2257 818 Si
2281 786 2367 817 enim
2389 793 2437 818 est
2462 794 2473 805 ¹*

855 823 862 834 Ι

317 827 382 874 γσίρ
410 825 484 858 ἐστι
509 825 576 858 τῶν
600 825 743 868 φυσικῶν
764 835 933 868 σωματων
959 822 1034 865 ὕλη,
1053 823 1164 868 ὥσπερ
1188 825 1246 856 καὶ
1266 819 1321 856 δο-

315 875 370 903 κεῖ
392 871 510 910 ἐνίοις,
537 863 622 913 ὕδωρ
647 870 706 901 καὶ
733 866 796 913 ἀήρ
826 870 885 900 καὶ
911 869 960 900 τοὶ
983 869 1157 909 τοιαῦτα,
1186 867 1317 914 ἀνάγκη

317 915 399 953 ἤτοι
431 915 464 947 ἓν
489 912 511 951 ἥ
535 909 597 945 δύο
627 909 713 945 εἶναι
742 913 862 946 ταῦτα
891 911 913 950 ἦ
943 914 1059 944 πλείω.
1093 913 1153 943 ’Ἔν
1182 914 1242 958 μὲν
1274 908 1320 950 δή

317 958 438 993 πάντα
464 959 528 1003 οὐχ
552 956 678 999 οἷόντε,
701 957 770 989 οἷον
792 957 876 1002 ἀέρα
902 956 1022 990 πάντα
1047 955 1068 994 ἦ
1095 953 1181 1001 ὕδωρ
1206 955 1228 993 ἦ
1254 958 1318 1001 πῦρ

317 1003 340 1041 ἦ
363 1003 443 1049 γῆν,
461 1005 552 1046 εἴπερ
579 1003 600 1038 ’ἢ
625 1001 807 1045 μεταβολη
831 1002 877 1039 εἰς
902 999 1089 1034 τάναντία.
1115 1002 1154 1032 Εἰ
1177 1003 1244 1047 γαρ
1268 1003 1318 1038 εἴη

319 1046 398 1093 ἀήρ,
424 1048 453 1079 εἰ
478 1048 536 1092 μὲν
564 1045 743 1090 ὑπομένει,
772 1047 948 1084 ἀλλοίωσις
974 1046 1074 1078 ἔσται
1100 1045 1171 1078 ἀλλ’
1201 1046 1239 1078 οὗ
1264 1045 1320 1091 γέ-

316 1103 415 1130 νεσις.
449 1091 542 1136 Ἅμα
573 1090 603 1121 δ’
632 1085 702 1122 οὐδ’
732 1090 824 1123 οὕτω
853 1085 966 1131 δοκεῖ,
992 1089 1081 1122 ὥστε
1114 1086 1200 1133 ὕδωρ
1233 1086 1319 1122 εἶναι

318 1135 391 1181 ἅμα
420 1138 479 1168 καὶ
505 1133 590 1178 ἀέρα
616 1133 638 1171 ἢ
664 1135 736 1167 ἀλλ’
766 1135 894 1168 ὁτιοῦν.
929 1134 1054 1166 Ἔσται
1078 1128 1124 1170 δή
1149 1145 1200 1171 τις
1227 1132 1320 1165 ἐναν-

317 1182 432 1223 τίωσις
462 1174 701 1232 καὶνιδῖαιρορά
732 1178 770 1217 ἧς
801 1177 869 1219 ἕξει
897 1190 931 1211 τι
955 1178 1098 1221 θάτερον
1129 1177 1243 1222 μόριον
1276 1179 1318 1209 τό

284 1223 402 1269 ‘⁴439’
429 1224 498 1257 οἷον
524 1222 738 1267 θερμοτητα.
1297 1249 1300 1254 .

243 1268 352 1303 Ἀλλὰ
375 1269 443 1313 μήν
469 1268 529 1301 οὐκ
555 1268 654 1300 ἔσται
679 1265 721 1299 τό
745 1279 784 1314 γε
810 1267 875 1310 πῦρ
898 1267 962 1310 ἀήρ
980 1264 1114 1311 θερμός·
1143 1265 1318 1302 ἀλλοίωσίς

251 1331 257 1336 ·
316 1325 356 1346 τε
379 1314 445 1359 γάρ
467 1314 508 1346 *ro*
525 1312 700 1353 τοιοῦτον,
719 1313 778 1343 καὶ
799 1311 837 1344 οὐ
855 1313 1026 1354 φαίνεται.
1052 1309 1143 1354 ’Ἅμα
1159 1305 1198 1342 δὲ
1215 1308 1318 1341 πάλιν

315 1358 344 1389 αἱ
370 1357 470 1390 ἔσται
495 1354 532 1389 ἐκ
562 1357 663 1400 πυρὸς
697 1354 785 1397 ἀήρ,
811 1356 874 1388 τοῦ
899 1353 952 1399 θερ
982 1355 1020 1387 οῦ
1044 1354 1089 1392 εἰς
1115 1354 1317 1387 τούναντίον

315 1400 598 1447 μεταβάλλοντος
624 1399 736 1432 ἔσται.
760 1398 924 1444 Ὑποίρξει
944 1410 1010 1443 αρα
1028 1399 1076 1440 τῷ
1103 1399 1175 1442 ἀέρι
1196 1398 1316 1439 τοῦτο,

314 1448 373 1478 καὶ
399 1445 532 1478 ἐσταιό
553 1445 617 1497 ἀήρ
643 1442 768 1489 ψυχρόν
793 1454 839 1476 τι.
867 1443 970 1475 Ὥστε
997 1437 1170 1475 ἀδύνατον
1191 1443 1234 1474 vd
1252 1443 1317 1487 πῦρ

317 1489 403 1534 ἀέρα
435 1488 554 1532 θερμόν
586 1499 690 1520 ειναι·
718 1486 791 1532 οἶμα
819 1490 885 1534 γὰρ
914 1488 956 1519 τὸ
988 1486 1078 1519 αὐτὸ
1110 1485 1228 1531 θερμόν
1259 1489 1317 1518 καὶ

315 1533 440 1579 ψυχρὸν
461 1533 572 1565 ἔσται.
593 1532 696 1564 'Ano
714 1542 748 1564 τι
809 1532 816 1543 ’
839 1530 1016 1576 ἀμφότερα
1037 1532 1079 1563 τό
1097 1529 1185 1564 αὑτό
1204 1531 1316 1570 ἔσται,

314 1581 378 1611 καὶ·
407 1578 494 1615 ἄλλη
527 1587 578 1615 τις
609 1575 670 1613 ὕλη
701 1586 811 1613 κοινη.
849 1577 887 1607 ’0
917 1571 947 1607 δ’
975 1576 1083 1613 αὐτᾶς
1113 1574 1214 1622 λόγος
1244 1577 1318 1619 περὶ

316 1621 495 1663 ἁπάντων,
515 1620 571 1654 ὅτι
595 1618 656 1653 οὐκ
680 1619 774 1652 ἐστιν
792 1621 825 1652 ἓν
843 1619 978 1653 τούτων
996 1618 1031 1661 ἐξ
1049 1619 1087 1652 οὗ
1112 1622 1161 1652 τά.
1183 1619 1315 1652 ποίντα.

245 1668 295 1702 Οὐ
316 1668 386 1711 μήν
413 1661 483 1698 οὐδ’
512 1665 595 1697 ἀλλο
627 1666 662 1696 τί
693 1676 736 1718 γε,
763 1666 860 1710 παρα
890 1665 1030 1705 ταῦτα,
1057 1664 1126 1696 οἷον
1156 1663 1257 1708 μέσον
1283 1675 1318 1696 τι

316 1710 414 1755 ἀέρος
437 1713 496 1743 καὶ
521 1705 648 1746 ὕδατος
673 1707 695 1745 ἥ
718 1708 814 1753 αέρος
839 1711 898 1741 καὶ
923 1708 1039 1762 πυρός,
1060 1707 1156 1752 ἀέρος
1174 1708 1234 1752 μὲν
1252 1719 1326 1740 πα·-

313 1755 457 1800 χότερον
487 1755 546 1786 καὶ
572 1751 694 1798 πυρός,
722 1755 788 1786 τῶν
814 1750 852 1786 δὲ
874 1755 1101 1797 λεπτοτεροψ
1129 1753 1228 1786 ἔσται
1251 1752 1316 1808 ‘scip

317 1800 382 1845 ᾰῆρ
404 1801 463 1832 καὶ
489 1798 554 1841 πῦρ
579 1799 686 1831 ἐκεῖνο
703 1798 777 1842 μετ’
799 1797 1061 1836 ἐναντιότητος·
1089 1794 1181 1830 ἀλλά
1199 1809 1318 1842 στερη·

314 1857 364 1883 σις
389 1844 433 1876 τό
458 1841 572 1887 ἕτερον
589 1843 657 1875 τῶν
675 1842 855 1874 ἐναντίων·
881 1840 961 1876 ὥστ’
983 1842 1044 1874 οὐκ
1062 1837 1242 1887 ἐνδέχεται
1258 1853 1319 1887 μο-

313 1887 456 1922 νοῦσθαι
479 1887 586 1919 ἐκεῖνο
613 1881 795 1928 οὐδέποτε,
814 1885 925 1932 ὥσπερ
942 1889 1023 1930 φασί
1041 1897 1130 1924 τινες
1155 1886 1196 1918 τὰ
1223 1887 1317 1919 ἄπει-

314 1944 370 1980 ρον
394 1933 454 1964 καὶ
478 1931 521 1964 τό
545 1930 639 1974 περιέ
667 1942 715 1965 ον.
749 1932 888 1974 Ὁμοίως
916 1930 982 1974 ἄρα
1008 1931 1121 1972 ὁτιοῦν
1142 1929 1277 1963 τούτων
1295 1929 1317 1967 ἦ

314 1971 426 2010 οὐδέν.
453 1976 491 2007 Εἰ
517 1974 574 2008 οὖν
598 1943 703 2020 μηξὲν
730 1974 894 2013 αἰσθητόν
918 1987 958 2022 γε
983 1974 1146 2020 πρότερον
1167 1974 1315 2016 τούτων,

262 2043 268 2046 -
313 2021 436 2055 ταῦτα
454 2019 502 2052 ,ἂν
527 2022 577 2057 εἴη
603 2021 735 2053 ποίντα.
908 2020 911 2024 ’

240 2066 392 2115 ’Δνοίγκη
419 2067 531 2097 τοίνυν
557 2063 579 2101 ἦ
606 2062 657 2098 ἀεὶ
683 2063 832 2109 μένοντα
855 2065 914 2096 καὶ
941 2062 1173 2120 ἀμετάβλητα
1197 2063 1242 2100 εἰς
1261 2062 1318 2095 ἀλ-

280 2133 283 2136 -
311 2111 427 2150 ληλα,-
449 2107 471 2145 ἢ
496 2108 769 2152 μεταβάλλοντα
780 2108 795 2149 ,’
815 2110 874 2140 καὶ
899 2107 921 2145 ἦ
948 2119 1112 2149 απαντα,
1139 2106 1160 2144 ἦ
1185 2107 1234 2140 τά
1256 2107 1316 2150 μὲν

314 2155 365 2188 ταὶ
385 2150 414 2186 δ’
444 2153 503 2195 οὔ,
529 2152 640 2198 ὥσπερ
674 2154 706 2186 ἐν
739 2154 788 2194 τῷ
821 2154 949 2197 Τιμαίῳ
982 2151 1125 2185 Πλάτων
1158 2150 1313 2197 ἔγραψεν.

306 2198 386 2231 Ὀτι
410 2198 470 2243 μὲν
495 2199 607 2230 τοίνυν
632 2197 864 2242 μεταβάλλειν
884 2195 1016 2242 ἀνάγκη
1035 2197 1080 2234 εἷς
1100 2195 1246 2237 ἄλληλα,
1264 2191 1318 2227 δέ·

313 2238 450 2276 δεικται
475 2241 658 2286 πρότερον·
686 2241 741 2274 ὅτι
766 2237 794 2273 δ’
824 2242 890 2286 οὐχ
915 2242 1034 2285 ὁμοίως
1067 2239 1202 2284 ταχέως
1232 2240 1317 2272 ἄλλο

315 2287 350 2330 ἐξ
377 2287 494 2327 ἄλλου,
514 2288 647 2330 εἴρηται
673 2286 836 2331 πρότερον
863 2285 917 2318 ὅτι
942 2285 990 2318 τά
1010 2285 1069 2329 μὲν
1092 2284 1220 2329 ἔχοντα
1236 2284 1320 2328 ου’μ-

314 2331 415 2373 βολον
439 2329 570 2363 θᾶττον
589 2332 725 2375 γίνεται
741 2328 777 2372 ἐξ
797 2329 966 2371 ἀλλήλων,
986 2329 1034 2363 τοὶ
1057 2325 1086 2361 δ’
1108 2328 1168 2361 οὐκ
1190 2328 1318 2374 ἔχοντα

315 2371 536 2419 βραδύτερον.
574 2377 613 2407 Εἰ
638 2375 698 2419 μὲν
729 2377 841 2407 τοίνυν
867 2375 888 2411 ἦ
915 2372 1116 2411 ἐναντιότης
1150 2375 1212 2418 μία,
1244 2373 1317 2405 ἐστὶ

312 2419 389 2452 καθ’
418 2419 459 2455 ἧν
516 2418 788 2461 εταβοίλλουσιν,
817 2418 950 2465 ἀνάγκη
979 2413 1042 2450 δύο
1075 2415 1180 2449 εἶναι·
1206 2418 1228 2454 ἡ
1252 2417 1317 2463 γάρ

315 2463 378 2502 ὕλη
395 2463 437 2496 τὸ
455 2475 555 2508 μεσον
583 2464 789 2502 ἀναίσθητος
807 2461 894 2496 οὖσα
915 2464 974 2495 καὶ
993 2461 1194 2519 ἀχῖιόριστος.
1220 2462 1318 2494 Ἐπεὶ

313 2509 353 2541 δὲ
369 2509 474 2541 πλείω
493 2509 617 2551 ὁρᾶται
636 2507 735 2549 ὄντα,
754 2503 815 2540 δύο
835 2506 874 2540 ἄν
891 2504 955 2539 εἶεν
974 2509 1009 2539 αἱ
1027 2506 1223 2551 ἐλάχισται.
1251 2505 1316 2538 Δύο

312 2548 345 2584 δ’
363 2552 470 2585 ὄντων
488 2553 552 2598 οὐχ
569 2552 680 2586 οἷόντε
698 2555 778 2597 τρία,
797 2549 899 2593 εἶναι,
918 2551 1009 2584 ἀλλά
1024 2550 1191 2593 τέσσαρα,
1207 2549 1316 2594 ὥσπερ

313 2600 490 2642 φαίνεται·
518 2598 691 2630 τοσαῦται
715 2597 781 2643 γάρ
808 2599 843 2628 αἱ
864 2597 1038 2642 συζυγίαι·
1065 2594 1100 2636 ἓξ
1120 2595 1185 2641 γάρ
1211 2595 1316 2627 οὐσῶν

314 2641 378 2679 τάς
403 2636 466 2672 δύο
501 2637 674 2675 ἀδύνατον
704 2640 863 2688 γενέσθαι
889 2636 949 2673 διαὶ
973 2641 1015 2673 ‘ro‘
1049 2640 1208 2677 ἐναντίας
1232 2636 1319 2671 εἶναι

315 2685 495 2724 ἀλλήλαις.
522 2687 595 2731 Περὶ
621 2685 680 2730 μὲν
707 2683 764 2718 οὖν
790 2684 924 2718 τούτων
949 2686 1083 2728 εἴρηται
1110 2683 1292 2728 πρότερον·

312 2843 321 2856 i
381 2851 404 2863 ,,
470 2851 474 2860 ,
503 2825 657 2862 ostquam
681 2816 905 2860 Philosophus
938 2815 979 2849 de
1009 2815 1220 2859 generatione
1251 2814 1314 2848 ele-

310 2864 330 2887 ἐ
370 2858 389 2898 ζ,
416 2863 421 2865 “
456 2863 477 2891 2-
501 2870 691 2894 mentorum
715 2860 954 2901 determinavit,
978 2859 1032 2892 hic
1055 2859 1199 2892 ostendit
1223 2858 1313 2903 quod

371 2904 376 2917 ‘
448 2935 450 2938 .
479 2934 485 2943 „
502 2906 687 2939 subiectum
703 2905 796 2938 istius
812 2904 1094 2938 transmutationis
1110 2914 1180 2936 non
1196 2911 1245 2936 est
1261 2902 1315 2936 ali-

432 2943 454 2969 ⁴⁴
468 2942 487 2956 ’
503 2949 594 2994 quod
618 2961 738 2993 corpus
762 2949 1002 2991 actu-existens
1016 2972 1025 2988 ‚
1056 2956 1089 2980 et
1118 2959 1176 2990 per
1201 2958 1314 2979 conse-

307 3014 310 3015 ν
393 3023 395 3026 ⁴
447 2987 457 3013 ¹⁸¹
503 3005 608 3038 quens
628 3003 645 3019 α
670 2992 762 3038 quod
788 2992 869 3026 illud
896 2992 1082 3025 subiectum
1105 3000 1154 3024 est
1179 2991 1314 3024 materia

247 3037 435 3070 communis
457 3038 598 3070 existens
615 3038 649 3070 in
665 3037 821 3081 potentia.
845 3037 941 3070 Circa
956 3036 1021 3068 hoc
1037 3047 1116 3079 ergo
1136 3035 1204 3068 duo
1221 3034 1312 3068 facit:

245 3081 355 3125 primo
369 3081 513 3114 ostendit
529 3081 620 3126 quod
636 3081 821 3114 subiectum
836 3080 935 3113 huius
950 3080 1232 3112 transmutationis
1245 3090 1314 3111 non

245 3133 356 3169 potest
372 3137 443 3158 esse
460 3125 595 3170 aliquod
611 3125 827 3164 elementum;
840 3123 986 3157 secundo
1003 3123 1094 3167 quod
1104 3135 1165 3156 nec
1179 3122 1313 3166 aliquod

245 3168 394 3202 medium
404 3170 488 3202 inter
505 3169 677 3209 elementa,
688 3168 747 3201 ibi:
769 3168 883 3201 Tamen
895 3179 987 3212 neque
999 3167 1086 3200 aliud
1099 3167 1238 3211 aliquid*
1251 3175 1312 3199 etc.

301 3213 392 3246 Dicit
414 3224 493 3257 ergo
517 3214 625 3257 primo
650 3212 741 3256 quod
763 3211 839 3245 licet
862 3223 961 3255 supra
985 3211 1108 3244 dictum
1133 3212 1192 3250 sit,
1221 3210 1312 3254 quod

246 3257 289 3289 sit
316 3256 501 3290 subiectum
535 3257 634 3289 huius
669 3256 950 3289 transmutationis
981 3263 1014 3287 et
1037 3254 1127 3298 quod
1150 3254 1311 3287 elementa

245 3300 430 3333 adinvicem
458 3309 716 3333 transmutentur
729 3324 738 3340 ,
769 3299 876 3332 adhuc
906 3307 1016 3331 tamen
1047 3299 1259 3341 inspiciemus
1283 3298 1311 3330 si

245 3343 381 3388 aliquod
403 3343 602 3377 naturalium
626 3354 804 3387 corporum
818 3367 826 3382 ‚
858 3351 937 3386 puta
965 3341 1204 3375 elementorum
1218 3367 1227 3381 ‚
1258 3341 1311 3374 vel

245 3387 381 3432 aliquod
405 3399 524 3431 corpus
548 3387 696 3420 medium
719 3388 803 3419 inter
819 3397 867 3427 ea,
888 3394 938 3419 est
960 3386 1094 3418 materia
1117 3385 1189 3418 talis
1208 3393 1310 3417 trans-

301 3529 328 3562 α)
343 3536 395 3561 per
413 3535 580 3560 consequens.
600 3541 619 3546 -
636 3526 828 3560 Typographus
853 3527 894 3552 ed.
912 3534 930 3551 a
941 3527 1014 3551 inter
1032 3534 1085 3558 per
1109 3532 1135 3551 et
1153 3533 1312 3558 consequens

245 3564 402 3589 intercalavit
420 3564 514 3588 lineam
533 3563 559 3588 in
579 3563 670 3588 eodem
684 3562 798 3594 simplici
815 3562 888 3595 quod
905 3565 944 3587 est
958 3561 1117 3594 impossibile
1135 3569 1200 3594 ergo
1215 3561 1311 3593 impos-

1438 828 1632 859 naturalium
1655 839 1826 869 corporum
1853 831 1999 869 materia,
2023 837 2060 862 ut
2080 831 2205 862 videtur
2226 830 2434 871 quibusdam,

1439 882 1522 913 aqua
1545 879 1575 903 et
1599 882 1651 903 aer
1673 879 1705 904 et
1730 883 1811 913 quae
1833 875 1917 913 talia,
1941 885 2066 906 necesse
2095 881 2141 906 est
2163 881 2218 906 aut
2242 885 2346 905 unum
2369 885 2436 906 esse

1439 923 1495 947 aut
1517 916 1583 947 duo
1608 923 1662 948 aut
1684 917 1785 957 plura.
1810 918 1921 949 Unum
1944 919 2050 960 itaque
2073 919 2182 949 omnia
2205 929 2272 949 esse
2300 929 2366 950 non
2390 925 2437 950 est

1439 961 1599 1001 possibile,
1611 961 1697 991 verbi
1713 962 1810 1000 gratia
1821 972 1926 992 aerem
1938 963 2047 993 omnia
2061 969 2116 994 aut
2131 973 2248 1004 aquam
2261 970 2315 994 aut
2329 963 2436 1003 ignem

1440 1012 1495 1036 aut
1516 1012 1649 1044 terram,
1674 1005 1699 1035 si
1722 1007 1940 1037 transmutatio
1965 1013 2011 1037 est
2033 1007 2066 1037 in
2099 1007 2262 1038 contraria.
2287 1007 2319 1038 Si
2350 1007 2436 1038 enim

1440 1049 1497 1080 erit
1519 1059 1581 1087 aer,
1597 1049 1623 1079 si
1646 1049 1777 1090 quidem
1792 1056 1965 1089 permanet,
1981 1051 2121 1082 alteratio
2136 1051 2193 1082 erit
2208 1058 2239 1082 et
2254 1061 2320 1082 non
2343 1061 2436 1092 gene-

1439 1093 1528 1124 ratio.
1549 1093 1652 1124 Simul
1675 1100 1782 1124 autern
1797 1104 1900 1134 neque
1923 1095 1966 1125 ita
1981 1095 2115 1134 videtur,
2131 1101 2167 1126 ut
2183 1102 2213 1126 et
2235 1105 2318 1136 aqua
2341 1095 2436 1126 simul

1439 1137 1478 1168 sit
1494 1144 1525 1168 et
1540 1147 1602 1176 aer,
1619 1144 1674 1168 aut
1689 1138 1774 1168 aliud
1793 1139 2030 1179 quodcumque.
2047 1139 2115 1170 Erit
2129 1139 2224 1179 igitur
2239 1139 2345 1180 aliqua
2361 1149 2435 1170 con-

1439 1181 1578 1212 trarietas
1606 1188 1636 1212 et
1666 1181 1856 1221 differentia,
1881 1183 1970 1213 cuius
2002 1183 2128 1214 habebit
2157 1183 2278 1224 aliquid
2307 1183 2436 1214 alteram

1439 1225 1626 1266 particulam
1648 1226 1739 1266 ignis,
1758 1227 1844 1256 verbi
1867 1227 1964 1267 gratia
1988 1227 2186 1258 caliditatem.

1372 1269 1434 1301 Sed
1449 1276 1556 1300 tamen
1579 1280 1682 1311 neque
1697 1270 1778 1310 ignis
1802 1271 1858 1301 erit
1873 1281 1924 1301 aer
1938 1271 2073 1302 calidus:
2098 1271 2239 1302 alteratio
2259 1271 2344 1302 enim
2363 1271 2435 1310 tale,

1440 1321 1470 1345 et
1493 1324 1559 1344 non
1574 1314 1707 1345 videtur.
1724 1314 1826 1345 Simul
1845 1322 1952 1346 autem
1970 1325 2094 1354 rursus,
2111 1315 2137 1345 si
2153 1315 2210 1346 erit
2225 1325 2276 1345 aer
2300 1326 2337 1346 ex
2352 1316 2435 1356 igne,

1440 1358 1542 1389 calido
1562 1358 1596 1388 in
1611 1358 1804 1389 contrarium
1826 1365 2035 1390 transmutato
2059 1359 2125 1390 erit.
2148 1359 2242 1390 Inerit
2256 1359 2351 1399 igitur
2373 1359 2436 1390 aeri

1438 1402 1511 1441 hoc,
1529 1408 1559 1433 et
1574 1403 1632 1433 erit
1646 1413 1698 1433 aer
1712 1402 1861 1442 frigidum
1877 1403 2007 1444 aliquid.
2025 1404 2227 1443 Quapropter
2241 1403 2436 1443 impossibile

1439 1447 1546 1487 ignem
1568 1456 1673 1477 aerem
1696 1447 1834 1477 calidum
1857 1454 1940 1477 esse:
1963 1447 2060 1478 simul
2083 1447 2168 1478 enim
2190 1447 2276 1478 idem
2299 1448 2437 1478 calidum

1439 1497 1470 1522 et
1489 1490 1639 1531 frigidum
1655 1490 1721 1521 erit.
1741 1491 1840 1521 Aliud
1859 1491 1977 1532 aliquid
1992 1491 2086 1532 igitur
2101 1498 2222 1531 praeter
2239 1492 2334 1522 ambo
2350 1492 2436 1522 idem

1388 1535 1391 1537 ’
1439 1535 1507 1573 erit,
1531 1541 1563 1566 et
1585 1535 1692 1576 aliqua
1714 1535 1775 1565 alia
1804 1535 1933 1566 materia
1964 1536 2155 1566 communis.
2178 1536 2299 1566 Eadem
2329 1542 2437 1567 autem

1438 1579 1519 1610 ratio
1543 1586 1590 1610 est
1613 1579 1651 1609 de
1675 1579 1835 1618 omnibus,
1851 1580 2006 1620 quoniam
2025 1590 2091 1610 non
2114 1586 2160 1611 est
2182 1590 2285 1610 unum
2307 1580 2436 1619 horum,

1439 1633 1477 1654 ex
1499 1633 1566 1664 quo
1590 1623 1708 1654 omnia.

1372 1665 1388 1683 '⁴¹
1403 1668 1528 1698 Tamen
1551 1677 1655 1708 neque
1677 1667 1763 1697 aliud
1787 1666 1907 1708 aliquid
1929 1674 2049 1708 praeter
2075 1668 2162 1707 haec,
2182 1668 2270 1699 velut
2293 1668 2436 1698 medium

1439 1711 1558 1753 aliquid
1581 1711 1659 1742 aeris
1687 1718 1718 1742 et
1740 1721 1851 1752 aquae,
1872 1712 1923 1742 vel
1945 1712 2023 1742 aeris
2047 1719 2077 1743 et
2099 1712 2190 1752 ignis,
2214 1722 2283 1743 aere
2306 1712 2436 1753 quidem

1439 1762 1534 1797 atque
1548 1756 1620 1796 igne
1634 1755 1785 1796 grossiuS,
1802 1756 1868 1786 aliis
1885 1762 1992 1787 autem
2006 1756 2167 1787 subtilius:
2184 1756 2241 1787 erit
2256 1756 2340 1787 enim
2356 1757 2436 1787 illud

1439 1810 1491 1831 aer
1514 1807 1545 1831 et
1562 1800 1643 1840 ignis
1666 1810 1741 1830 cum
1757 1800 1992 1831 contrarietate:
2017 1801 2071 1831 sed
2090 1801 2223 1841 privatio
2247 1807 2293 1831 est
2315 1807 2436 1831 contra-

1437 1845 1560 1875 riorum
1583 1845 1725 1875 alterum.
1743 1844 1946 1884 Quapropter
1968 1855 2034 1875 non
2054 1845 2207 1885 contingit
2228 1843 2308 1875 illud
2330 1845 2437 1876 solum

1438 1899 1506 1920 esse
1529 1898 1692 1929 unquam,
1718 1894 1754 1919 ut
1776 1888 1908 1929 quidam
1935 1889 2085 1930 inquiunt
2113 1888 2274 1920 infinitum
2296 1895 2327 1920 et
2350 1900 2436 1920 com-

1438 1933 1646 1974 prehendens.
1677 1932 1825 1963 Similiter
1854 1933 1949 1973 igitur
1982 1933 2211 1974 quodcumque
2242 1933 2359 1964 horum
2382 1939 2437 1964 aut

1438 1977 1569 2018 quidem
1595 1976 1683 2007 nihil.
1703 1976 1720 1995 *
1739 1977 1771 2007 Si
1792 1976 1887 2016 igitur
1903 1977 2029 2008 nullum
2045 1977 2190 2008 sensibile
2205 1977 2292 2018 prius
2315 1978 2363 2008 his
2380 1984 2436 2017 est,

1438 2022 1514 2053 haec
1531 2021 1642 2062 utique
1665 2027 1757 2051 erunt
1780 2021 1898 2051 omnia.

1370 2066 1505 2097 Necesse
1527 2065 1624 2106 igitur
1647 2071 1693 2096 est
1716 2071 1770 2096 aut
1793 2075 1917 2105 semper
1939 2066 2100 2097 manentia
2123 2073 2154 2097 et
2175 2066 2386 2097 immutabilia
2403 2067 2436 2097 in

1438 2110 1575 2140 invicem
1591 2116 1646 2140 aut
1663 2109 1923 2148 transmutabilia,
1941 2117 1972 2141 et
1991 2117 2046 2140 aut
2063 2110 2183 2149 omnia,
2203 2117 2258 2141 aut
2272 2111 2349 2142 haec
2367 2111 2436 2152 qui-

1438 2154 1530 2192 dem,
1558 2154 1636 2184 haec
1663 2159 1771 2184 autem
1801 2163 1878 2192 non,
1902 2161 1939 2185 ut
1960 2154 1994 2184 in
2017 2154 2152 2185 Timaeo
2184 2154 2274 2185 Plato
2302 2154 2436 2195 scripsit.

1437 2198 1455 2218 *
1471 2197 1635 2236 Quoniam
1650 2197 1781 2238 quidem
1793 2197 1888 2238 igitur
1899 2198 2100 2229 transmutari
2114 2198 2147 2228 in
2162 2198 2297 2229 invicem
2309 2209 2436 2230 necesse

1439 2249 1495 2281 est,
1515 2242 1767 2273 demonstratum
1786 2248 1832 2272 est
1854 2242 1960 2282 prius;
1977 2249 2008 2273 et
2029 2242 2184 2283 quoniam
2206 2253 2272 2273 non
2295 2243 2437 2274 similiter

1439 2286 1502 2317 cito
1525 2286 1611 2317 aliud
1634 2296 1671 2316 ex
1694 2285 1768 2325 alio,
1785 2286 1906 2317 dictum
1929 2293 1976 2317 est
1991 2286 2090 2327 prius,
2113 2286 2267 2328 quoniam
2290 2287 2437 2319 habentia

1438 2330 1570 2371 quidem
1585 2330 1769 2371 symbolum
1782 2330 1873 2361 citius
1888 2337 2077 2370 generantur
2092 2341 2129 2361 ex
2139 2331 2286 2370 invicem,
2299 2341 2365 2362 non
2380 2331 2436 2362 ha-

1438 2375 1544 2406 bentia
1565 2381 1674 2406 autem
1692 2374 1820 2406 tardius.
1841 2374 1873 2406 Si
1892 2375 2023 2415 quidem
2041 2375 2136 2415 igitur
2154 2375 2354 2407 contrarietas
2373 2386 2437 2407 una

1439 2425 1486 2450 est
1517 2419 1695 2450 secundum
1727 2429 1826 2460 quam
1850 2425 2115 2457 transmutantur,
2140 2429 2267 2450 necesse
2295 2426 2341 2450 est
2370 2420 2435 2451 duo

1438 2473 1515 2494 esse.
1535 2463 1665 2494 Materia
1688 2463 1773 2494 enim
1788 2463 1932 2495 medium
1955 2463 2143 2494 insensibilis
2159 2474 2214 2494 ens
2230 2470 2261 2495 et
2282 2463 2437 2505 insepara-

1438 2507 1520 2538 bilis.
1544 2507 1708 2545 Quoniam
1724 2513 1831 2538 autem
1850 2507 1941 2547 plura
1955 2508 2102 2539 videntur
2115 2508 2209 2547 entia,
2225 2508 2307 2539 duae
2325 2509 2436 2549 utique

1438 2557 1532 2582 erunt
1554 2561 1636 2592 quae
1659 2551 1820 2582 minimae.
1843 2552 1976 2582 Duabus
2005 2552 2100 2592 igitur
2132 2552 2345 2591 existentibus,
2369 2563 2436 2583 non

1438 2595 1589 2636 possibile
1605 2602 1651 2626 est
1666 2605 1733 2626 esse
1755 2596 1824 2634 tria,
1841 2596 1896 2626 sed
1919 2602 2067 2637 quatuor,
2092 2597 2367 2637 quemadmodum
2389 2597 2435 2627 vi-

1438 2640 1547 2670 detur:
1570 2646 1619 2670 tot
1635 2639 1721 2670 enim
1744 2646 1836 2670 erunt
1854 2640 2110 2680 coniugationes;
2134 2650 2187 2671 sex
2202 2641 2288 2671 enim
2304 2641 2434 2672 existen—

1436 2684 1532 2722 tibus,
1549 2684 1627 2714 duas
1646 2683 1844 2724 impossibile
1862 2690 1909 2715 est
1923 2685 2073 2725 generari,
2090 2685 2245 2725 quoniam
2264 2685 2435 2716 contrariae

1437 2734 1512 2759 sunt
1527 2727 1672 2758 invicem.
1697 2728 1746 2759 De
1760 2728 1809 2759 his
1825 2728 1956 2770 quidem
1971 2728 2067 2769 igitur
2089 2729 2210 2760 dictum
2233 2735 2279 2760 est
2300 2729 2397 2770 prius.

1369 2814 1573 2847 mutationis.
1599 2813 1809 2854 Quibusdam
1833 2815 1921 2848 enim
1944 2815 2073 2848 videtur
2110 2815 2179 2849 uod
2195 2817 2237 2848 sit
2251 2827 2346 2861 aqua,
2363 2818 2432 2861 qui—

1368 2857 1508 2891 busdam
1532 2857 1623 2903 quod
1647 2859 1689 2891 sit
1705 2870 1759 2891 aer
1773 2858 1826 2892 vel
1850 2858 1972 2903 aliquid
1996 2859 2069 2892 tale.
2120 2859 2160 2892 ed
2184 2859 2274 2904 quod
2298 2860 2432 2905 aliquod

1368 2901 1430 2935 tale
1448 2913 1568 2946 corpus
1584 2913 1653 2935 non
1669 2903 1775 2946 possit
1797 2914 1868 2935 esse
1892 2903 2027 2936 materia
2050 2902 2299 2944 elementorum,
2315 2904 2432 2948 probat

1367 2946 1423 2979 tali
1446 2947 1583 2979 ratione.
1613 2946 1704 2986 Quia
1727 2955 1783 2979 aut
1806 2946 1886 2979 illud
1909 2955 1959 2979 est
1982 2955 2109 2979 tantum
2133 2959 2248 2988 unum,
2272 2957 2328 2981 aut
2352 2948 2430 2989 duo,

1367 2998 1424 3023 aut
1440 2989 1544 3033 plura.
1566 2990 1601 3023 Si
1624 2999 1735 3023 autem
1759 2991 1800 3023 sit
1822 3002 1927 3023 unum
1951 2999 2090 3031 tantum,
2106 3000 2185 3024 tunc
2208 2993 2319 3025 omnia
2335 3002 2431 3026 erunt

1367 3045 1483 3074 unum,
1500 3033 1623 3067 scilicet
1645 3033 1697 3067 vel
1721 3045 1784 3074 aer,
1808 3034 1865 3067 vel.
1884 3046 1977 3078 aqua,
2001 3034 2052 3067 vel
2076 3035 2180 3078 ignis3
2204 3035 2262 3069 sed
2281 3035 2346 3069 hoc
2361 3048 2430 3070 non

1367 3087 1416 3111 est
1441 3077 1597 3121 possibile
1611 3103 1620 3118 ,
1651 3078 1727 3121 quia
1754 3079 1982 3111 transmutatio
2005 3087 2055 3111 est
2084 3079 2169 3112 inter
2192 3081 2360 3113 contraria.
2395 3081 2430 3114 Si

1367 3122 1456 3155 enim
1481 3121 1606 3154 dicatur
1622 3121 1713 3166 quod
1736 3133 1800 3162 aer,
1817 3122 1873 3166 qui
1897 3130 1946 3154 est
1969 3123 2090 3163 omnia,
2107 3132 2295 3167 permaneat
2313 3135 2430 3158 secun-

1367 3165 1448 3199 dum
1472 3166 1634 3198 rationem
1662 3174 1694 3198 et
1723 3167 1883 3206 sormam,
1916 3165 2100 3199 subiectum
2131 3166 2274 3200 salvatur
2303 3169 2338 3200 in
2361 3177 2430 3202 tota

1366 3210 1654 3242 transmutatione:
1679 3208 1751 3241 talis
1775 3217 1883 3242 autem
1907 3211 2134 3243 transmutatio
2158 3220 2208 3243 est
2230 3211 2376 3245 alteratio
2395 3221 2428 3246 et

1365 3265 1435 3286 non
1458 3253 1643 3296 generatio;
1667 3264 1746 3296 ergo
1769 3264 1838 3285 non
1861 3252 1898 3286 fit
1920 3254 2087 3297 generatio
2111 3254 2350 3289 elementorum
2374 3256 2428 3290 ad-

1365 3298 1524 3330 invicem:
1549 3296 1640 3340 quod
1662 3305 1711 3329 est
1734 3305 1846 3329 contra
1870 3309 1967 3341 supra
1987 3297 2132 3342 probata.
2159 3299 2297 3332 Simul*
2318 3309 2428 3334 autem

1367 3351 1443 3373 cum
1459 3340 1631 3384 praedictis
1647 3340 1786 3381 videtur,
1804 3341 1893 3385 quod
1913 3353 1997 3386 aqua
2015 3353 2084 3375 non
2100 3343 2142 3375 sit
2157 3344 2294 3377 omnino
2311 3345 2426 3378 similis

1366 3385 1443 3425 aeri,
1460 3393 1516 3417 aut
1532 3383 1666 3428 aliquod
1689 3384 1889 3417 elementum
1912 3397 1970 3429 per
1993 3387 2104 3419 omnia
2129 3387 2234 3420 simile
2258 3387 2349 3421 alteri
2365 3388 2428 3422 ele-

1366 3526 1454 3555 sibile,
1474 3534 1540 3558 quae
1563 3526 1643 3551 verba
1665 3527 1793 3559 pertinent
1816 3528 1848 3552 ad
1872 3535 1944 3553 num.
1965 3535 1994 3561 23
2014 3529 2046 3555 cf.
2064 3534 2119 3556 not.
2138 3537 2206 3564 seq.;
2226 3531 2247 3556 C
2265 3539 2318 3556 om.
2337 3535 2363 3557 et
2376 3539 2428 3564 per

1366 3568 1557 3594 consequens...
1577 3561 1695 3587 existens
1715 3562 1740 3587 in
1756 3563 1888 3595 potentia.

2462 825 2483 847 3¹
2488 793 2544 821 Cap.
2559 800 2583 815 v.
2602 794 2672 816 Text.

2457 1674 2472 1686 ‘⁸
2487 1674 2554 1696 Text.
2568 1681 2603 1704 32.

2462 1988 2473 1999 ¹*
2488 1987 2556 2010 Text.
2570 1994 2602 2017 33.

2463 2207 2473 2217 ·
2487 2206 2555 2229 Text.
2569 2213 2605 2236 34.

2456 3316 2466 3324 '
2478 3315 2592 3337 Similiter
2604 3316 2641 3338 Pb.
