2690 4062
1073 213 1186 251 CAP.
1217 214 1285 261 IV,
1315 215 1468 252 LECT.
1497 215 1533 252 v

204 290 348 323 tinuatae
372 287 569 328 adinvicem,
586 287 662 321 ideo
681 289 715 321 in
732 288 795 322 illis
819 298 953 334 apparet
978 290 1069 323 color
1090 292 1278 332 continuus,

203 345 273 367 non
297 333 510 376 interruptus.
546 332 611 366 Sed
643 333 703 366 ista
734 333 952 367 reverberatio
985 334 1136 368 colorum
1167 335 1278 369 solum

204 378 377 420 contingit,
395 376 529 421 quando
545 376 650 409 nubes
670 386 702 410 et
719 386 843 410 astrum
867 387 1038 422 ponuntur
1054 391 1093 412 ex
1110 381 1278 424 opposito,

204 431 237 456 et
259 422 350 455 visus
374 430 487 454 noster
511 429 560 454 est
584 421 618 453 in
642 421 753 454 medio
778 423 938 466 ipsorum.

259 477 290 509 4.
317 465 446 499 Deinde
464 476 541 498 cum
558 464 650 498 dicit:
675 466 767 508 Quod
780 467 900 510 quidem
915 467 1009 510 igitur
1023 468 1078 502 iris
1094 477 1166 508 etc.‚
1183 469 1278 512 ponit

203 511 238 544 in
262 509 396 554 speciali
419 509 559 542 modum
582 511 805 553 generationis
830 510 950 543 coloris
975 513 1123 555 punicei,
1148 514 1205 556 qui
1229 522 1279 545 est

227 555 331 588 rimus
355 554 440 587 inter
463 553 661 598 principales
686 554 815 588 colores
839 554 938 588 iridis.
964 556 1006 588 Et
1030 557 1114 589 circa
1129 557 1194 590 hoc
1218 558 1279 590 tria

216 599 296 633 acit:
317 599 426 643 primo
443 598 622 642 praemittit
639 598 798 643 quasdam
815 600 1063 643 suppositiones
1080 602 1278 634 necessarias

204 643 246 677 ad
261 643 491 688 propositum;
515 641 663 676 secundo
683 642 829 676 ostendit
845 655 978 676 causam
998 644 1118 677 coloris
1135 645 1279 688 punicei,

202 687 264 721 ibi:
288 687 416 732 Propter
437 686 518 731 quod
541 686 626 720 iridis
642 686 658 703 *
674 695 754 727 etc.;
778 688 876 720 tertio
900 689 995 732 ponit
1018 688 1157 722 modum
1182 701 1279 732 gene-

203 732 340 765 rationis
363 731 436 764 talis
461 730 593 770 coloris,
619 730 814 765 declarando
839 733 950 776 ipsum
974 744 1032 776 per
1055 732 1217 777 quaedam
1241 734 1280 766 si-

203 787 279 821 gna,
303 775 366 810 ibi:
389 776 528 820 Apparet
550 776 652 819 utique
674 776 729 810 iris
745 775 761 793 *
777 785 837 809 etc.
864 777 963 810 Ponit
988 788 1067 821 ergo
1089 778 1197 821 primo
1214 786 1279 811 tres

203 821 463 865 suppositiones.
490 820 645 860 Quarum
669 821 775 864 prima
799 829 848 854 est
872 821 962 866 quod
978 822 1034 854 iris
1051 830 1100 855 est
1115 821 1278 862 refractio,

202 864 288 899 idest
309 865 473 909 apparitio
502 875 542 897 ex
569 863 763 898 refractione
793 874 940 906 causata,
972 875 1004 899 et
1028 867 1104 911 quia
1129 876 1280 900 causatur

147 928 149 930 ·
203 920 244 944 ex
258 908 455 943 restactione
479 920 498 942 a
520 908 608 942 nube
629 910 800 953 opposita,
825 909 902 943 ideo
918 921 1049 954 semper
1063 910 1101 943 fit
1117 922 1157 944 ex
1173 923 1279 956 oppo-

203 954 268 988 sito
291 953 334 987 ad
357 962 499 987 astrum:
524 952 601 986 halo
626 963 738 987 autem
760 953 798 987 fit
821 955 1055 999 circa1ipsum;
1076 957 1280 989 conveniunt

203 1007 315 1032 tanen
331 998 365 1031 in
381 997 447 1031 hoc
463 997 555 1042 quod
571 1006 750 1043 utrumque
767 998 803 1032 fit
818 1010 858 1032 ex
882 999 1025 1044 quadam
1041 999 1245 1033 refractione.
1259 1020 1278 1026 -

203 1042 396 1077 Secu-ndum
417 1042 509 1087 quod
535 1043 706 1087 supponit,
731 1051 780 1076 est
804 1043 967 1088 quaedam
991 1043 1173 1077 differentia
1196 1045 1280 1078 inter

202 1086 281 1121 halo
309 1095 342 1121 et
364 1086 500 1121 iridem:
532 1088 609 1131 quia
632 1088 667 1120 in
695 1087 773 1121 halo
796 1099 866 1121 non
897 1097 947 1121 est
976 1087 1031 1121 illa
1061 1090 1200 1121 varietas
1225 1101 1278 1122 co-

202 1131 314 1166 lorum
337 1143 422 1176 quae
445 1139 495 1164 est
518 1132 553 1164 in
576 1131 676 1171 iride;
707 1133 827 1165 iterum
852 1133 885 1165 in
909 1132 990 1166 iride
1014 1141 1064 1166 est
1086 1132 1236 1166 refractio
1261 1145 1279 1166 a

147 1217 150 1219 ,
202 1175 531 1222 longepetanigro,
545 1175 603 1209 sed
622 1175 700 1209 halo
722 1175 760 1209 fit
780 1176 820 1210 de
841 1188 946 1220 prope
969 1185 1002 1209 et
1017 1177 1056 1210 ab
1074 1188 1148 1210 aere
1164 1177 1278 1211 albiori

203 1219 388 1254 secundum
404 1229 591 1253 naturam-
602 1220 716 1254 Tertia
731 1222 920 1265 suppositio
936 1230 996 1261 est,
1009 1220 1100 1265 quod
1115 1220 1279 1265 fulgidum

203 1276 265 1299 seu*
286 1264 456 1306 lucidum,
485 1265 596 1298 visum
620 1265 654 1298 in
677 1266 774 1309 nigro
797 1265 851 1299 vel
879 1276 939 1310 per
961 1266 1112 1309 nigrum,
1143 1275 1279 1310 apparet

251 1310 394 1344 niceam.
411 1310 451 1343 In
467 1310 600 1353 signum
617 1310 711 1343 cuius
727 1310 812 1354 ignis
828 1309 997 1354 lignorum
1008 1309 1165 1343 viridium
1181 1310 1278 1344 habet

282 1365 373 1388 mam
396 1353 551 1394 rubeam,
575 1354 653 1398 quia
681 1365 801 1398 magna
824 1353 1006 1388 multitudo
1029 1353 1123 1395 fumi,
1148 1356 1205 1399 qui
1230 1364 1279 1388 est

202 1409 319 1478 aflet,
350 1399 508 1432 miscetur
537 1398 594 1431 tali
618 1399 687 1443 igni
715 1398 837 1432 lucido.
870 1397 930 1432 Sol
953 1399 1074 1439 etiam,
1105 1400 1196 1432 visus
1221 1411 1279 1443 per

72 1432 95 1470 '⁵-
142 1488 149 1491 .
266 1454 324 1523 ΞΕ
325 1454 379 1477 ern
398 1442 452 1476 vel
468 1442 610 1484 fumum,
626 1451 763 1487 apparet
784 1443 958 1487 puniceus,
975 1442 1060 1476 idest
1082 1443 1277 1484 subrubeus,

285 1498 288 1499 ⁷
365 1487 408 1521 ad
431 1486 627 1521 albedinem.

259 1531 440 1566 Sciendum
464 1540 514 1565 est
529 1540 652 1572 autem,
671 1530 764 1576 quod
788 1530 924 1576 quando
947 1542 1002 1565 aer
1024 1531 1078 1565 vel
1101 1531 1190 1566 aliud
1206 1544 1278 1577 per-

202 1577 358 1622 spicuum
380 1585 431 1610 est
453 1576 487 1609 in
503 1576 638 1620 propria
660 1584 789 1609 natura·
823 1587 934 1617 urum,
951 1585 983 1609 et
1001 1587 1070 1610 non
1094 1576 1206 1621 aliquo
1223 1589 1279 1610 co-

185 1619 274 1655 'lore
289 1620 503 1661 coloratum,
534 1628 614 1654 tunc
645 1619 744 1654 habet
767 1631 805 1653 so
819 1632 878 1654 um
908 1621 1072 1654 rationem
1095 1621 1197 1655 medii
1221 1633 1279 1666 per

305 1664 440 1699 videtur
455 1664 634 1706 obiectum,
646 1675 716 1698 non
728 1673 841 1698 autem
857 1664 956 1699 habet
970 1666 1133 1699 rationem
1147 1666 1276 1700 obiecti.

309 1709 353 1744 do
373 1718 485 1743 autem
500 1718 551 1742 est
567 1710 737 1754 impurum
761 1718 794 1743 et
817 1709 1003 1743 coloratum
1027 1710 1068 1744 ali
1094 1721 1139 1744 uo
1157 1711 1278 1751 colore,

202 1755 285 1789 time
305 1753 405 1788 habet
426 1754 591 1787 rationem
611 1754 713 1788 medii
729 1762 761 1787 et
777 1754 908 1795 obiecti,
928 1763 961 1788 et
976 1766 1016 1788 ex
1032 1766 1072 1788 co
1086 1766 1144 1788 ore
1161 1757 1279 1789 utrius-

203 1807 280 1845 que,
295 1797 420 1832 scilicet
438 1797 540 1832 medii
556 1807 590 1831 et
605 1798 737 1839 obiecti,
757 1800 972 1843 componitur
986 1811 1093 1832 unum
1110 1799 1278 1833 obiectum

203 1842 409 1888 completum
424 1843 525 1877 visus.
550 1843 600 1877 Ex
615 1842 691 1884 hoc,
713 1843 847 1888 quando
871 1843 1019 1877 lucidum
1041 1843 1094 1877 vel
1110 1843 1278 1877 obiectum

202 1888 320 1923 transit
341 1899 401 1932 per
423 1887 555 1921 fumum
578 1887 631 1921 vel
655 1887 828 1931 caliginem
845 1887 898 1921 vel
916 1888 1005 1922 aliud
1029 1889 1173 1932 nigrum,
1198 1898 1278 1922 tunc

178 1941 180 1943 ·
202 1943 244 1970 ex
258 1941 401 1976 utroque
418 1932 631 1976 componitur
646 1931 761 1965 tertius
781 1931 874 1966 color
890 1934 947 1977 qui
963 1933 1082 1966 dicitur
1098 1934 1278 1977 puniceus:

202 1975 313 2013 ethic
336 1985 429 2010 tanto
452 1977 558 2020 magis
589 1976 715 2010 accedit
739 1976 780 2010 ad
803 1976 932 2018 album,
964 1986 1090 2022 quanto
1113 1979 1220 2022 magis
1243 1979 1279 2011 in

180 2028 186 2030 ’
202 2020 265 2057 uh
273 2021 436 2056 mixtione
451 2020 642 2055 dominatur
657 2020 806 2054 lucidum
812 2033 822 2062 ;
839 2030 872 2054 et
887 2022 932 2055 ita
947 2021 1098 2055 similiter
1115 2021 1154 2056 de
1169 2023 1276 2066 nigro.

199 2065 246 2101 Et
259 2065 360 2100 huius
375 2066 510 2109 signum
526 2064 662 2099 evidens
686 2074 796 2110 potest
819 2077 902 2107 esse,
919 2066 1011 2111 quod
1033 2066 1143 2100 radius
1163 2067 1278 2101 solaris

201 2110 363 2150 muniens
394 2121 454 2154 per
484 2109 681 2154 amphoram
709 2111 777 2143 vini
799 2111 908 2154 nigri,
938 2110 1069 2145 videtur
1091 2112 1255 2155 puniceus
1268 2138 1278 2152 ,

202 2153 388 2191 nomadum
410 2154 555 2188 modum·
575 2154 791 2199 praedictum.
1077 2171 1080 2174 ⁴

260 2209 290 2242 ς.
314 2198 445 2234 Deinde
476 2210 553 2232 cum
585 2199 680 2233 dicit:
710 2200 838 2277 Prqpter
878 2199 938 2233 uod
960 2199 1046 2234 iridis
1069 2209 1151 2241 etc.‚
1181 2201 1278 2245 ponit

360 2243 482 2277 coloris
505 2245 640 2288 punicei
663 2245 699 2277 in
721 2245 760 2277 iri
785 2256 821 2283 e,
845 2211 957 2278 dqicens
982 2244 1073 2289 quod
1096 2245 1203 2289 prima
1224 2257 1276 2279 re-

201 2287 331 2329 hamio,
339 2287 430 2323 idest
445 2289 573 2332 primus
589 2288 683 2322 color
699 2300 739 2322 ex
753 2287 949 2322 refractione
965 2298 1129 2329 causatus,
1142 2299 1278 2334 apparet

202 2339 342 2378 mter
359 2333 589 2367 refractionem
612 2332 749 2366 luminis
773 2332 851 2366 solis
875 2345 894 2366 a
917 2334 1020 2377 guttis
1043 2335 1168 2378 parvis,
1193 2346 1276 2379 quae

182 2378 339 2412 ‘suntin
360 2376 450 2412 nube
472 2378 567 2422 nigra
589 2386 622 2411 et
646 2389 789 2422 aquosa:
821 2378 899 2422 quia
920 2377 1086 2422 fulgidum
1108 2379 1219 2412 visum
1242 2379 1277 2412 in

201 2422 299 2466 nigro
315 2430 452 2466 apparet
467 2422 659 2467 puniceum.
683 2423 738 2456 Sic
753 2431 865 2456 autem
880 2433 951 2456 non
967 2431 1017 2456 est
1032 2422 1073 2456 de
1089 2422 1176 2456 halo.
1195 2423 1277 2458 Non

147 2506 154 2512 ·
201 2475 380 2501 mantem
395 2475 485 2500 tanta
501 2466 672 2500 diversitas
696 2466 848 2500 colorum
871 2468 907 2500 in
921 2466 999 2500 halo
1023 2468 1109 2500 sicut
1125 2468 1160 2501 in
1175 2467 1275 2501 iride:

202 2511 280 2556 quia
302 2510 409 2545 nubes
431 2512 466 2544 in
514 2523 556 2545 ua
579 2511 710 2545 videtur
733 2511 826 2552 halo,
850 2523 920 2545 non
943 2520 993 2544 est
1015 2520 1124 2545 tantae
1148 2523 1276 2556 perma-

201 2555 333 2589 nentiae
353 2556 438 2590 circa
454 2567 492 2589 so
506 2567 560 2589 em
584 2557 669 2589 sicut
691 2555 796 2589 nubes
820 2557 855 2589 in
875 2568 941 2600 qua
957 2565 1092 2600 apparet
1107 2557 1180 2590 iris:
1200 2557 1276 2601 quia

200 2599 317 2634 nubes
330 2601 416 2634 circa
439 2599 546 2634 solem
569 2600 623 2634 vel
646 2601 851 2634 convertitur
879 2601 915 2634 in
937 2600 1106 2645 pluviam,
1134 2601 1187 2634 vel
1211 2602 1276 2634 cito

202 2643 395 2678 dissolvitur
480 2653 555 2689 pter
577 2644 721 2678 calorem
744 2645 846 2685 solis,
869 2644 928 2679 sed
950 2645 1056 2678 nubes
1080 2646 1222 2679 existens
1242 2647 1276 2679 in

202 2689 361 2733 opposito
384 2700 423 2722 so
438 2689 445 2695 '
494 2688 572 2722 facit
602 2689 747 2733 aliquam
769 2700 916 2730 moram,
941 2689 1057 2723 saltem
1080 2701 1140 2734 per
1166 2699 1276 2723 totum

201 2741 335 2778 tempus
358 2733 393 2766 in
417 2744 487 2778 quo
508 2742 684 2777 generatur
707 2745 792 2778 aqua
815 2745 856 2767 ex
877 2733 983 2767 nube:
1016 2734 1108 2778 quod
1138 2735 1166 2767 si
1190 2743 1276 2768 esset

201 2777 344 2812 itt-nube
367 2778 403 2811 in
427 2789 492 2822 qua
515 2786 691 2822 generatur
712 2777 806 2819 halo,
830 2786 910 2811 tunc
933 2779 1047 2822 utique
1078 2778 1156 2812 halo
1179 2791 1277 2823 appa-

201 2826 287 2856 reret
303 2821 448 2856 colorata
466 2823 553 2855 sicut
576 2823 643 2856 iris.
669 2823 711 2856 Et
733 2822 849 2856 eadem
873 2823 972 2855 etiam
995 2834 1104 2864 causa,
1121 2824 1198 2867 quia
1219 2824 1275 2857 iris

200 2865 303 2900 fir'ex
324 2867 494 2911 opposito,
516 2878 587 2900 non
609 2866 647 2900 fit
669 2866 730 2900 sub
754 2866 860 2911 figura
882 2866 995 2900 circuli
1020 2867 1192 2912 completi,
1217 2868 1275 2902 sed

180 2915 183 2918 ⁴
201 2916 252 2945 est
272 2909 380 2955 figura
403 2912 475 2945 eius
523 2923 618 2945 arva:
644 2912 722 2956 quia
751 2923 823 2945 non
845 2920 895 2945 est
918 2912 1025 2945 maior
1053 2912 1274 2953 semicirculo,

167 2955 175 2963 “
201 2954 307 2993 divisa
321 2967 381 3000 per
398 2968 480 3001 quas
504 2967 558 2990 am
572 2957 694 3000 virgas,
718 2968 802 3001 quae
826 2965 987 3001 apparent
1001 2957 1035 2989 in
1051 2956 1163 2990 medio
1182 2968 1275 3001 prae-

201 2999 368 3036 dictorum
385 3000 549 3035 colorum.
573 3001 617 3034 Et
631 3002 660 3034 si
673 3000 747 3034 talis
765 3000 871 3045 caligo
887 3000 980 3035 aliter
994 3010 1175 3045 poneretur
1191 3002 1276 3035 circa

200 3043 321 3087 solem,
343 3054 430 3079 esset
451 3045 588 3079 maioris
610 3044 735 3090 figurae
758 3045 825 3079 iris.

345 3649 416 3681 Opp.
435 3649 466 3673 D.
486 3649 600 3673 ΤΗοΜΑΕ
619 3649 651 3673 Τ.
666 3649 705 3672 111.
725 3649 870 3672 APPENfflx.

2309 231 2404 258 XCVII

1390 294 1420 324 6.
1446 292 1576 326 Deinde
1598 304 1675 326 cum
1697 293 1788 327 dicit:
1813 294 1951 339 Apparet
1973 296 2073 340 utique
2091 297 2146 331 iris
2169 306 2240 338 etc.‚
2265 298 2407 340 declarat

1334 336 1473 369 modum
1493 338 1714 380 generationis
1740 338 1860 371 coloris
1884 340 2016 383 punicei
2041 352 2099 384 per
2123 342 2282 385 quaedam
2300 344 2403 387 signa.

1334 381 1375 414 Et
1399 381 1555 425 primum,
1587 393 1645 425 per
1670 381 1760 426 quod
1785 382 2028 417 demonstratur
2061 385 2151 429 quod
2182 387 2237 419 iris
2268 387 2323 421 fiat
2346 400 2405 430 per

1333 424 1564 458 refractionem
1589 425 1629 459 ad
1649 437 1756 459 aerem
1781 438 1935 470 grossum
1960 436 1992 461 et
2016 428 2244 472 caliginosum,
2262 440 2310 464 est
2328 434 2404 477 quia

1334 470 1368 502 in
1385 468 1493 502 hieme
1511 470 1595 503 circa
1611 469 1761 504 lucernas
1785 470 1825 504 de
1850 480 1947 505 nocte
1972 482 2106 516 apparet
2125 474 2265 508 circulus
2280 475 2403 510 habens

1335 513 1482 546 colorem
1506 515 1686 558 puniceum
1710 514 1818 555 iridis,
1844 515 1934 560 quod
1957 516 1994 549 fit
2017 527 2152 561 propter
2175 518 2403 554 refractionem

1335 557 1470 602 luminis
1486 557 1638 591 lucernae
1655 558 1696 592 ad
1712 570 1821 592 aerem
1845 561 2122 602 circumstantem,
2139 563 2196 606 qui
2212 572 2260 596 est
2276 565 2403 608 ingros-

1335 610 1423 634 satus
1440 613 1458 634 a
1474 601 1604 646 frigido,
1619 602 1672 636 vel
1689 604 1788 636 etiam
1812 613 1862 637 est
1884 605 2077 638 terminatus
2094 617 2152 650 per
2168 606 2404 642 admixtionem

1334 645 1417 678 fumi
1441 646 1635 689 egredientis
1653 659 1670 680 a
1686 646 1829 688 lucerna,
1853 656 1885 681 et
1907 649 1952 682 ita
1976 658 2025 682 est
2047 650 2245 694 nigrefactus
2265 664 2283 685 a
2298 652 2401 686 fumo.

1335 690 1410 722 Hoc
1434 699 1544 723 autem
1567 690 1604 723 fit
1627 693 1768 725 maxime
1796 691 1950 726 flantibus
1973 695 2079 727 ventis
2104 695 2309 738 a‘ustralibus,
2327 699 2404 742 quia

1335 742 1413 766 tunc
1435 745 1489 766 aer
1512 743 1562 766 est
1585 736 1688 778 magis
1712 736 1915 779 ingrossatus
1940 747 2074 782 propter
2104 739 2280 774 humorem
2303 753 2402 786 quern

1335 789 1448 810 secum
1473 777 1641 811 adducunt
1664 781 1753 812 venti
1777 780 1943 814 australes.
1976 782 2019 815 Et
2041 783 2106 816 hoc
2129 785 2270 818 maxime
2287 786 2404 820 accidit

1328 821 1386 855 ,his
1411 822 1467 866 qui
1492 822 1613 855 habent
1637 823 1751 856 oculos
1776 824 1959 859 debilitatos
1983 836 2119 871 propter
2142 829 2279 862 nimiam
2295 830 2402 863 humi-

1335 866 1487 900 ditatem:
1512 875 1584 899 tum
1601 868 1677 911 quia
1693 880 1747 901 aer
1763 870 1861 902 etiam
1885 878 1964 903 tunc
1983 873 2088 915 magis
2105 873 2308 916 ingrossatur
2326 886 2402 919 pro-

1358 920 1407 944 ter
1430 910 1607 944 humorem
1631 922 1863 956 evaporantem
1892 914 1932 947 ab
1957 915 2079 957 oculis;
2110 925 2182 950 tum
2211 919 2288 963 quia
2311 921 2402 953 visus

1347 955 1427 988 acile
1442 955 1638 999 refrangitur
1655 956 1694 989 ab
1711 968 1783 990 aere
1807 969 1924 1001 grosso
1947 969 2083 1004 propter
2098 960 2309 1004 debilitatem,
2324 975 2401 1008 sup-

1334 1001 1445 1044 posito
1462 999 1646 1033 secundum
1662 1002 1826 1045 antiquos,
1843 1002 1932 1047 quod
1950 1005 2041 1037 visus
2057 1005 2099 1038 sit
2115 1007 2173 1050 qui
2187 1006 2401 1052 refrangatur,

1334 1045 1419 1077 sicut
1434 1056 1533 1088 supra
1549 1044 1674 1078 dictum
1698 1054 1756 1078 est.
1774 1046 1838 1079 Sed
1859 1055 1968 1081 tamen
1992 1060 2170 1092 possumus
2187 1050 2293 1085 dicere
2310 1053 2401 1097 quod

1334 1088 1434 1121 huius
1461 1090 1544 1122 ratio
1573 1098 1643 1130 est,
1675 1091 1752 1134 quia
1774 1091 1864 1123 visus
1889 1091 2002 1125 debilis
2033 1104 2102 1126 non
2132 1104 2242 1138 potest
2273 1099 2401 1141 operari

1334 1133 1419 1166 eirca
1442 1132 1609 1166 obiectum
1632 1133 1733 1174 forte,
1758 1136 1943 1170 cuiusmodi
1967 1146 2016 1170 est
2039 1137 2162 1179 lumen,
2186 1149 2323 1185 propter
2345 1142 2401 1175 de-

1333 1176 1509 1211 bilitatem:
1527 1178 1612 1211 sicut
1635 1178 1752 1212 accidit
1775 1188 1926 1221 noctuae,
1944 1193 2027 1225 quae
2046 1192 2181 1226 propter
2201 1184 2400 1219 debilitatem

1333 1222 1423 1254 visus
1447 1233 1516 1255 non
1540 1231 1650 1266 potest
1672 1224 1816 1267 aspicere
1843 1224 1956 1258 lumen
1985 1226 2072 1260 solis.
2104 1228 2145 1260 Et
2167 1228 2243 1262 ideo
2267 1239 2401 1274 propter

1334 1266 1577 1307 infirmitatem,
1609 1279 1692 1311 quae
1717 1269 1809 1312 quasi
1832 1269 1918 1302 velat
1942 1270 2095 1312 oculum,
2119 1272 2265 1306 intuetur
2287 1274 2400 1308 lumen

1333 1310 1486 1344 lucernae
1503 1310 1563 1344 sub
1588 1311 1729 1355 quadam
1755 1312 1902 1356 caligine,
1927 1322 1960 1347 et
1981 1315 2111 1348 videtur
2127 1317 2156 1349 ei
2172 1316 2285 1351 lumen
2301 1320 2400 1352 etiarn

1334 1356 1438 1398 magis
1457 1355 1636 1388 obscurum
1654 1367 1752 1400 quam
1772 1358 1824 1389 sit.
1848 1358 2004 1402 Assignat
2020 1369 2130 1393 autem
2150 1360 2399 1405 duasrationes,

1335 1411 1434 1444 quare
1466 1399 1580 1433 lumen
1610 1399 1762 1433 lucernae
1785 1412 1854 1434 non
1884 1401 1960 1435 facit
1989 1403 2134 1437 colorem
2164 1407 2342 1449 puniceum
2366 1409 2400 1441 in

1334 1455 1394 1476 sua
1417 1443 1508 1484 iride,
1528 1445 1613 1477 sicut
1636 1444 1750 1478 lumen
1774 1445 1863 1478 solis.
1890 1447 1999 1480 Prima
2023 1457 2082 1489 est,
2107 1450 2184 1493 quia
2205 1451 2295 1484 visus
2313 1452 2400 1485 debi-

1333 1487 1406 1521 liter
1429 1488 1584 1522 alteratur
1602 1501 1620 1522 a
1636 1488 1761 1522 lumine
1785 1489 1936 1523 lucernae
1961 1491 2058 1525 debili
2082 1494 2249 1535 existente,
2274 1505 2306 1529 et
2325 1496 2400 1530 ideo

1333 1532 1447 1566 lumen
1471 1544 1540 1566 non
1564 1540 1699 1577 apparet
1723 1534 1766 1566 ita
1791 1533 1912 1575 album,
1937 1536 2022 1569 sicut
2045 1548 2214 1581 appareret
2236 1541 2270 1572 in
2291 1540 2402 1574 altera-

1333 1578 1423 1610 tione
1440 1577 1526 1611 forti.
1552 1577 1704 1611 Secunda
1727 1587 1837 1611 autem
1852 1588 1911 1619 est,
1929 1581 2005 1624 quia
2028 1581 2199 1625 speculum
2215 1584 2249 1616 in
2269 1596 2335 1629 quo
2352 1585 2401 1618 lu-

1333 1633 1410 1654 men
1433 1621 1574 1662 videtur,
1590 1622 1714 1655 scilicet
1733 1634 1787 1655 aer
1808 1624 2032 1665 circumstans,
2049 1635 2098 1659 est
2120 1627 2251 1671 nigrum
2267 1639 2402 1674 propter

1333 1665 1464 1699 fumum
1487 1666 1661 1707 lucernae,
1685 1675 1718 1700 et
1739 1677 1875 1711 propter
1899 1667 1963 1702 hoc
1987 1670 2129 1704 ostendit
2153 1672 2298 1706 colorem
2322 1674 2401 1707 solis

1333 1722 1402 1744 non
1427 1711 1629 1755 puniceum,
1662 1710 1720 1744 sed
1743 1723 1947 1756 purpureum
1962 1738 1970 1753 ‚
2005 1715 2060 1758 qui
2085 1716 2188 1759 magis
2213 1717 2337 1751 accedit
2360 1718 2401 1752 ad

1333 1755 1467 1799 nigrum
1490 1767 1591 1800 quam
1614 1756 1815 1799 puniceus.-
1830 1757 2019 1790 Secundum
2043 1759 2175 1802 signum
2192 1770 2250 1802 est,
2267 1763 2344 1806 quia
2367 1764 2401 1796 in

1334 1811 1352 1833 a
1376 1811 1419 1833 ua
1442 1801 1541 1834 maris
1565 1811 1698 1834 sursum
1721 1800 1846 1834 elevata
1869 1813 1888 1834 a
1910 1803 2008 1835 remis
2033 1812 2218 1845 nautarum,
2243 1816 2402 1850 apparent

1334 1853 1366 1877 ta
1380 1856 1415 1878 es
1439 1844 1578 1885 colores,
1598 1853 1734 1889 propter
1756 1844 1985 1879 refractionem
2008 1846 2141 1881 luminis
2165 1849 2205 1882 ad
2229 1862 2336 1884 aerem
2352 1852 2402 1884 in-

1334 1898 1520 1933 grossatum
1537 1898 1674 1933 propter
1688 1888 1900 1933 frigiditatem
1917 1899 1948 1923 et
1967 1890 2196 1926 humiditatem
2218 1905 2321 1939 aquae
2337 1907 2404 1928 ma-

1333 1934 1388 1974 ris,
1413 1942 1446 1966 et
1468 1934 1681 1967 terminatum
1705 1934 1804 1967 etiam
1827 1943 1860 1967 et
1878 1934 1989 1986 aliquo
2013 1936 2115 1969 modo
2140 1936 2346 1981 denigratum
2363 1940 2401 1973 ab

1334 1977 1450 2011 umbra
1474 1990 1575 2023 quam
1599 1977 1723 2011 faciunt
1745 1977 1845 2012 latera
1868 1991 1980 2020 naV1s;
2011 1989 2044 2013 et
2071 1990 2206 2025 propter
2234 1982 2298 2017 hoc
2322 1984 2403 2018 tales

1335 2021 1462 2055 colores
1491 2031 1568 2055 sunt
1598 2022 1772 2056 similiores
1805 2023 1970 2057 coloribus
2004 2024 2093 2058 iridis
2121 2025 2272 2060 lucernae
2303 2040 2402 2072 quam

1334 2066 1424 2100 iridis
1449 2067 1616 2107 caelestis,
1645 2068 1722 2111 quia
1746 2067 1818 2100 talis
1842 2069 1897 2100 iris
1920 2079 1989 2101 non
2012 2068 2111 2102 habet
2134 2070 2280 2105 colorem
2303 2074 2401 2116 puni-

1335 2123 1441 2151 ceum,
1458 2111 1516 2145 sed
1535 2123 1750 2155 purpureum.
1775 2111 1938 2146 Refractio
1963 2121 2073 2146 autem
2096 2114 2130 2147 in
2154 2115 2209 2148 tali
2232 2115 2312 2149 iride
2331 2117 2368 2150 fit
2383 2129 2402 2150 a

1333 2156 1434 2199 guttis
1458 2157 1567 2200 parvis
1592 2164 1624 2189 et
1648 2157 1825 2197 continuis,
1850 2168 1933 2201 quae
1955 2156 2124 2191 elevantur
2147 2171 2165 2192 a
2180 2160 2402 2202 remis.-Ter-

1333 2201 1417 2233 tium
1442 2201 1575 2244 signum
1591 2209 1651 2241 est,
1668 2201 1747 2245 quia
1770 2201 1904 2245 quando
1928 2200 2045 2246 aliquis
2069 2211 2118 2235 est
2137 2203 2171 2236 in
2187 2203 2298 2249 aliquo
2314 2205 2402 2247 loco,

1334 2245 1390 2289 qui
1414 2256 1454 2277 ex
1477 2255 1543 2278 una
1567 2253 1658 2289 parte
1689 2253 1739 2278 est
1769 2245 1962 2279 tenebrosus
1986 2255 2019 2280 et
2041 2258 2081 2280 ex
2104 2247 2183 2288 alia,
2216 2249 2339 2282 scilicet
2362 2262 2402 2284 ex

1333 2289 1488 2333 opposita
1511 2297 1618 2333 parte,
1642 2289 1813 2323 irradiatur
1828 2301 1846 2323 a
1862 2289 1948 2330 sole,
1972 2299 2005 2324 et
2027 2298 2126 2332 rorat,
2151 2292 2236 2325 idest
2259 2293 2401 2335 distillat,

1333 2333 1509 2367 humorem
1533 2345 1688 2378 aqueum,
1713 2334 1782 2366 sive
1805 2346 1907 2367 manu
1930 2335 2000 2368 sive
2024 2347 2080 2368 ore
2104 2337 2172 2369 sive
2197 2336 2262 2370 alio
2282 2339 2401 2372 instru-

1332 2387 1465 2419 mento,
1488 2377 1600 2412 subtili
1624 2377 1818 2419 stillatione,
1842 2387 1921 2412 tunc
1944 2388 2102 2423 apparent
2125 2381 2248 2414 similes
2273 2382 2400 2416 colores

1332 2422 1424 2456 iridis
1437 2448 1446 2463 ‚
1481 2430 1617 2467 propter
1646 2422 1876 2456 refractionem
1911 2423 2046 2457 luminis
2081 2424 2121 2458 ad
2152 2425 2251 2459 talem
2282 2438 2400 2471 aquam

1332 2466 1510 2500 stillantem
1533 2476 1565 2500 et
1587 2467 1716 2510 nigram
1738 2476 1951 2511 apparentem
1975 2477 2110 2512 propter
2139 2469 2299 2504 umbram.
2325 2467 2400 2504 Hoc

1333 2520 1445 2544 autem
1468 2511 1639 2545 manifeste
1663 2511 1792 2545 videtur
1815 2513 1850 2545 in
1871 2511 2062 2546 hominibus
2085 2513 2241 2547 velociter
2263 2515 2401 2560 loquen-

1332 2555 1439 2589 tibus:
1465 2555 1503 2588 ab
1529 2567 1585 2589 ore
1609 2556 1698 2588 enim
1722 2567 1839 2589 eorum
1863 2556 1943 2589 dum
1966 2556 1999 2590 lo
2025 2566 2166 2598 uuntur‚
2191 2570 2287 2603 saepe
2311 2571 2400 2604 egre-

1333 2600 1422 2634 ditur
1440 2599 1575 2645 quidam
1597 2599 1720 2633 humor
1738 2612 1874 2645 aqueuS,
1897 2569 2061 2634 rotundus
2078 2611 2110 2635 et
2124 2602 2266 2644 inflatus,
2282 2604 2316 2638 in
2333 2616 2400 2649 quo

1332 2653 1492 2690 apparent
1520 2644 1648 2678 colores
1676 2644 1767 2678 iridis
1780 2671 1789 2686 ,
1820 2646 1848 2678 si
1878 2644 1982 2678 homo
2013 2645 2110 2679 fuerit
2139 2659 2253 2681 versus
2284 2648 2399 2682 solem.

1333 2690 1431 2723 Pueri
1455 2689 1555 2722 etiam
1579 2689 1776 2734 quibusdam
1799 2690 2025 2723 instrumentis
2048 2690 2160 2724 vitreis
2185 2692 2233 2725 ori
2258 2704 2319 2725 suo
2343 2705 2400 2737 ap-

1331 2734 1467 2779 positis,
1501 2735 1658 2767 emittunt
1686 2733 1766 2768 tales
1790 2733 1976 2767 inflationes
2007 2735 2165 2768 rotundas
2196 2735 2237 2769 ad
2261 2737 2400 2770 modum

1331 2779 1526 2819 vesicarum,
1542 2779 1577 2811 in
1602 2778 1721 2823 quibus
1744 2787 1903 2822 apparent
1927 2778 2054 2812 colores
2077 2779 2176 2813 iridis.
2201 2781 2276 2813 Hoc
2299 2782 2398 2814 etiam

1331 2832 1468 2867 apparet
1490 2823 1525 2856 in
1548 2835 1633 2867 aqua
1665 2822 1745 2856 dum
1767 2824 1968 2867 percutitur,
1999 2832 2032 2856 et
2059 2824 2093 2856 in
2116 2835 2241 2868 sapone
2265 2825 2398 2870 quando

1331 2867 1463 2901 lotrices
1483 2868 1594 2911 ipsum
1618 2867 1769 2900 manibus
1792 2867 1815 2900 li
1841 2867 2015 2907 uefaciunt‚
2041 2876 2074 2900 et
2092 2868 2126 2900 in
2145 2868 2258 2902 multis
2281 2869 2362 2910 aliis,
2379 2881 2398 2903 a

1332 2911 1452 2957 quibus
1468 2911 1638 2945 elevantur
1652 2879 1843 2945 huiusmodi
1859 2911 2044 2944 inflationes
2059 2912 2230 2953 rotundae,
2250 2922 2282 2946 et
2296 2914 2331 2946 in
2350 2915 2396 2947 eis

1331 2965 1490 3001 apparent
1502 2956 1630 2990 colores
1645 2955 1746 2989 iridis.
1766 2956 1906 2999 Signum
1921 2965 1970 2988 est
1984 2967 2063 2999 ergo
2079 2956 2168 3000 quod
2180 2957 2236 2990 iris
2250 2957 2396 2991 caelestis

1330 3010 1505 3045 generetur
1512 3012 1571 3045 per
1578 3000 1807 3034 refractionem
1816 2999 1950 3033 luminis
1961 3011 1979 3032 a
1989 3000 2075 3033 nube
2086 3001 2204 3041 rorida,
2211 3003 2287 3046 quia
2297 3001 2396 3035 etiam

1329 3045 1494 3091 praedicta
1518 3046 1574 3078 iris
1599 3053 1750 3078 causatur
1773 3056 1832 3088 per
1853 3043 2083 3077 refractionem
2105 3044 2144 3078 ab
2168 3057 2252 3090 aqua
2275 3046 2394 3079 rorida.

2158 3644 2213 3669 13*
