2690 4062
287 235 370 261 CXVI

286 301 411 334 scilicet
442 298 529 332 calor
560 297 765 330 introductus
797 297 831 329 in
862 294 996 328 materia
1020 293 1166 336 digesta,
1198 289 1255 334 qui
1279 287 1355 339 facit

287 355 463 389 evaporare
487 341 662 376 humidum
689 340 807 374 subtile
835 348 867 373 et
891 339 1043 372 terminat
1067 346 1240 380 grossum,
1270 340 1355 365 slcut

287 397 422 434 apparet
443 388 478 420 in
502 398 597 420 carne
621 386 737 419 elixata
757 394 788 418 et
804 385 838 417 in
862 391 993 416 musto:
1020 393 1096 414 cum
1120 379 1210 413 enim
1234 388 1354 421 evapo-

286 434 369 467 ravit
392 431 566 466 humidum
595 430 729 469 subtile,
762 438 794 462 et
823 438 976 472 grossum
1009 434 1057 459 est
1087 424 1299 458 terminatum
1324 429 1356 455 et

287 478 380 523 quasi
399 476 588 510 induratum
604 487 622 508 a
640 474 755 515 calido,
779 482 858 506 tunc
883 471 1022 505 dicimus
1047 470 1117 514 ipsa
1142 479 1213 502 esse
1230 467 1355 511 digesta

287 532 319 556 et
343 531 446 555 cocta.
472 520 584 555 Simile
608 520 706 553 etiam
733 525 867 562 apparet
891 515 930 549 de
954 515 1088 548 lacrima
1112 522 1144 546 et
1171 520 1355 557 apostema-

286 567 389 600 tibus:
415 577 491 599 cum
515 565 603 598 enim
627 563 758 596 lacrima
782 570 814 595 et
836 559 977 605 putredo
1002 558 1215 604 apostematis
1245 556 1355 589 termi-

286 620 361 645 nata
384 610 480 643 fuerit
498 621 516 642 a
533 608 638 642 calido
662 608 811 640 vincente
836 614 868 638 et
892 604 985 650 quasi
1010 605 1192 647 ingrossata
1216 610 1249 635 et
1271 600 1354 634 facta

287 655 447 701 quaedam
466 652 629 698 lippitudo
652 663 776 696 grossa,
801 659 880 683 tunc
904 649 1044 683 dicimus
1069 659 1106 681 ea
1127 659 1197 681 esse
1218 646 1353 690 digesta.

286 700 379 734 Idem
403 699 500 732 etiam
525 696 667 730 ostendit
690 694 898 740 superfluitas
924 705 1007 738 quae
1032 693 1192 726 emittitur
1220 703 1260 724 ex
1284 702 1355 723 cor-

285 756 376 789 pore,
401 754 482 788 quae
500 741 579 775 dum
596 749 644 775 est
660 739 784 785 liquida
807 747 839 773 et
863 738 1008 779 subtilis,
1034 737 1153 771 dicitur
1175 748 1246 770 esse
1271 735 1354 768 indi-

284 797 385 833 gesta,
403 799 478 820 cum
498 795 607 820 autem
622 794 671 819 est
686 784 857 818 terminata
877 794 935 827 per
954 782 1097 816 calidum
1112 790 1145 816 et
1161 782 1353 826 ingrossata,

285 842 364 866 tunc
387 841 436 865 est
459 830 490 864 di
516 839 584 863 esta
608 838 640 863 et
662 830 795 874 signum
819 828 975 862 sanitatis.

340 887 369 910 2.
394 876 481 909 Dein
505 887 522 908 e
547 886 622 908 cum
647 874 742 908 dicit:
765 873 884 907 Accidit
906 878 1007 906 autem
1030 872 1083 906 hoc
1106 880 1184 911 etc.,
1209 869 1354 903 ostendit

282 920 454 966 quomodo
478 928 511 953 et
534 918 666 964 quando
690 917 746 951 fiat
762 917 913 962 digestio.
932 917 974 951 Et
993 916 1072 950 dicit
1096 915 1187 961 quod
1211 915 1353 959 digestio

283 965 400 999 accidit
423 963 556 1009 quando
585 963 728 997 calidum
751 963 854 996 vincit
877 961 1070 1003 humidum,
1095 959 1186 1006 quod
1209 969 1259 994 est
1285 971 1352 993 ma-

283 1010 363 1043 teria
386 1008 593 1053 digestionis,
618 1008 694 1053 quia
718 1006 828 1041 solum
857 1006 1035 1040 humidum
1060 1015 1109 1039 est
1138 1004 1229 1051 quod
1257 1013 1352 1038 natu-

282 1053 390 1087 raliter
404 1054 596 1087 terminatur
608 1064 626 1086 a
640 1051 763 1085 calido:
782 1052 867 1085 sicut
882 1050 1000 1085 accidit
1017 1052 1051 1084 in
1069 1049 1351 1095 superfluitatibus

243 1101 245 1103 ’
281 1098 418 1140 emissis,
439 1098 523 1131 sicut
546 1108 644 1142 supra
669 1096 794 1131 dictum
818 1105 883 1137 est;
908 1104 941 1130 et
963 1104 1100 1141 propter
1123 1095 1188 1129 hoc
1216 1106 1351 1129 necesse

276 1151 338 1185 est,
356 1154 392 1176 ea
409 1154 492 1188 quae
515 1150 592 1176 sunt
615 1141 740 1186 digesta
760 1153 830 1175 esse
855 1141 993 1175 sicciora
1019 1149 1051 1174 et
1074 1140 1251 1185 grossiora,
1273 1151 1350 1185 pro-

986 209 1578 261 METEOROLoolcORUM
1607 210 1702 246 ΜΒ.
1734 211 1786 247 1v
1817 189 1822 194 ’

1409 298 1494 366 pti'rd
1512 289 1783 332 evaporationem
1811 297 1844 322 et
1867 289 2136 323 terminationem
2166 289 2296 326 humidi
2323 291 2444 326 factam
2468 304 2486 327 a

1411 344 1470 366 cal
1497 344 1527 366 o.

1468 388 1496 421 3.
1522 376 1653 410 Deinde
1677 388 1755 411 cum
1779 377 1874 412 dicit:
1899 378 2058 423 Indigestio
2082 385 2183 413 autem
2206 388 2280 422 etc.‚
2305 380 2419 415 definit
2443 382 2491 416 in-

1410 421 1631 466 digestionem
1647 423 1839 466 oppositam
1851 422 2043 467 digestioni.
2057 423 2100 457 Et
2112 423 2191 458 dicit
2207 424 2299 469 quod
2311 425 2489 471 indigestio

1410 475 1459 500 est
1473 465 1680 511 imperfectio
1703 466 1787 501 facta
1803 468 1838 500 in
1855 467 2067 512 qualitatibus
2082 469 2222 513 passivis
2246 479 2383 515 propter
2406 471 2490 506 indi-

1409 511 1556 555 gentiam
1580 510 1752 545 caliditatis
1776 513 1930 556 propriae
1957 521 1991 546 et
2017 513 2193 548 naturalis:
2225 514 2284 548 sed
2315 516 2393 567 quia
2416 516 2489 550 talis

1409 555 1591 600 indigentia
1610 555 1782 590 caliditatis
1798 566 1848 590 est
1864 556 2035 602 frigiditas,
2051 557 2137 592 idest
2153 559 2250 603 ponit
2265 558 2488 604 frigiditatem,

1409 600 1486 634 ideo
1505 600 1736 652 indigestionis
1761 613 1859 636 causa
1882 614 1941 647 per
1964 614 1999 642 se
2023 611 2073 636 est
2095 602 2266 648 frigiditas,
2290 615 2389 638 causa
2407 617 2488 640 vero

1409 657 1468 690 per
1481 645 1632 680 acc1dens
1649 655 1699 680 est
1714 647 1857 680 remotio
1871 646 2054 689 caliditatis,
2067 648 2153 682 sicut
2168 659 2269 693 supra
2285 648 2488 684 declaratum

1409 699 1469 742 est.
1484 690 1576 731 Quia
1592 700 1703 725 autem
1717 692 1959 728 contrariorum
1976 693 2158 727 contrariae
2174 702 2254 730 sunt
2266 693 2487 737 definitiones,

1409 734 1485 769 ideo
1501 736 1588 769 sicut
1603 747 1703 781 supra
1717 736 1752 770 in
1767 735 1960 771 definitione
1977 737 2172 782 digestionis
2185 738 2299 783 posuit
2337 738 2487 774 erfeetio-

1408 790 1487 813 nem
1509 780 1586 814 loco
1610 781 1751 825 generis,
1764 780 1963 815 caliditatem
1979 783 2150 835 propriam
2168 782 2185 800 ¹¹¹
2208 792 2246 817 ut
2267 795 2285 818 e
2323 784 2424 826 ciens,
2441 785 2487 819 ita
2514 791 2524 801 ⁶

1408 824 1614 877 hic'·ponitur
1625 824 1833 870 imperfectio
1844 825 1923 860 loco
1934 838 2076 871 genens,
2110 828 2166 862 uia
2178 828 2358 873 indigestio
2370 837 2420 863 est
2431 830 2486 863 via

1409 868 1449 903 ad
1465 869 1763 914 imperfectionem,
1780 869 1906 904 scilicet
1927 869 1969 905 ad
1985 839 2276 916 puffef'iictionem,
2293 882 2327 907 et
2348 874 2487 919 ponitur

1407 913 1569 959 frigiditas
1582 914 1767 960 impediens
1781 914 2004 960 digestionem
2016 925 2055 950 ut
2069 916 2232 952 efficiens:
2246 918 2305 952 sed
2317 919 2396 971 quia
2405 930 2485 954 con-

1407 960 1585 994 trariorum
1602 968 1652 993 est
1668 958 1785 994 eadem
1800 961 1948 1002 materia,
1965 960 2042 995 ideo
2059 961 2170 996 utrobi
2195 974 2238 996 ue
2253 972 2391 1008 ponitur
2405 975 2485 1010 qua-

1405 1005 1481 1039 litas
1498 1004 1639 1050 passiva,
1655 1004 1740 1039 idest
1755 1004 1945 1046 humidum,
1961 1013 2000 1039 ut
2013 1006 2162 1040 materia.
2213 1017 2259 1041 on
2277 1015 2391 1043 autem
2406 1009 2485 1043 assi-

1406 1058 1486 1095 gnat
1502 1049 1647 1095 aliquem
1662 1048 1764 1084 finem
1787 1049 2035 1095 indigestionis,
2055 1051 2133 1096 quia
2156 1051 2335 1097 indigestio
2357 1063 2436 1089 ιιοιιι
2447 1052 2486 1089 fit

1406 1095 1447 1130 ad
1466 1094 1612 1140 aliquem
1634 1093 1747 1136 finem,
1763 1093 1822 1129 sed
1846 1103 1974 1140 praeter
1990 1095 2211 1130 intentionem
2226 1106 2381 1132 naturae:
2406 1109 2485 1133 cum

1406 1141 1449 1174 sit
1472 1138 1690 1185 imperfectio,
1714 1147 1748 1174 et
1770 1138 1845 1174 finis
1865 1139 1984 1174 habeat
2006 1141 2171 1176 rationem
2186 1140 2267 1189 boni
2283 1150 2317 1177 et
2334 1141 2482 1188 perfecti.

2509 817 2570 847 ν’·
