2782 4134
30 3541 41 3550 ³
56 3539 94 3565 Cf.
103 3540 156 3562 lect.
166 3546 243 3568 praec.

33 3572 57 3589 n.
72 3572 94 3594 7.

1074 268 1186 306 CAP.
1215 269 1321 317 VIII,
1352 269 1503 306 LECT.
1534 269 1658 306 XVIII
2414 284 2459 320 71

872 469 1176 528 LECTIO
1213 472 1866 529 DECIMAOCTAVA

448 624 731 658 EXCLUDITUR
754 623 902 655 OPINIO
927 622 1051 660 QUOD
1076 623 1283 654 CORPORA
1305 624 1560 655 NATURALIA
1582 624 1675 656 NON
1698 624 1944 656 MOVENTUR
1971 623 2284 655 NATURALITER

1094 680 1153 710 AD
1178 679 1297 711 LOCA
1315 680 1634 712 DETERMINATA

731 754 749 760 -
773 736 1055 768 OSTENDITUR
1078 736 1239 768 UNITAS
1262 737 1402 768 MUNDI
1425 738 1509 768 PER
1532 738 1739 769 CORPORA
1762 739 2004 770 SUPERIORA

262 861 372 897 ’Δλλοὶ
419 860 460 898 ἣν
487 859 560 892 οὔδ’
589 860 644 892 ὑπ’
675 859 780 892 ἄλλου
811 858 952 903 φέρεται
979 863 1093 893 σι’ὐτῶν
1117 864 1162 892 τὸ
1214 865 1247 891 ὲ»
1275 865 1343 891 ἅνω
1396 868 1414 887 *
1437 868 1500 894 Sed
1523 869 1626 899 adhuc
1649 879 1753 904 neque
1783 870 1822 900 ab
1850 870 1911 900 alio
1942 863 2039 901 fertur
2069 854 2216 911 ipsorum
2245 852 2466 909 hoq'quidem
2491 878 2705 907 *Seq.cap.v111.

339 904 382 939 τό
423 905 438 937 ὲ
456 902 571 937 κάτω·
595 899 674 936 οὐδὲ
691 903 762 945 βίᾳ,
782 903 894 949 ὥσπερ
912 903 1001 941 τινές
1017 915 1100 948 φασι
1118 904 1163 947 τῇ
1183 902 1340 947 εκθλίψει.

268 988 482 1040 Βραδότερον
506 992 572 1038 γοὶρ
599 990 640 1024 ἂν
665 991 810 1024 ἐκινεῖτο
836 992 877 1023 τᾶ
903 993 1020 1024 πλεῖον
1052 992 1117 1036 πῦρ
1144 992 1212 1024 ἄνω
1236 993 1295 1023 καὶ
1320 992 1341 1028 ἠ

336 1039 460 1071 πλείων
484 1037 530 1083 γῆ
555 1036 672 1070 κάτω·
697 1036 755 1067 νῦν
779 1031 818 1068 δὲ
843 1036 1045 1069 τούναντίον
1079 1036 1133 1068 ἀεὶ
1157 1036 1199 1070 τὸ
1225 1037 1340 1068 πλεῖον

336 1082 401 1124 πῦρ
427 1079 558 1114 θᾶττον
582 1080 723 1125 φέρεται
746 1082 805 1112 καὶ
823 1081 844 1117 ἦ
863 1082 986 1112 πλείων
1011 1081 1056 1126 γῆ
1081 1081 1126 1118 εἰς
1151 1080 1212 1114 τὸν
1230 1080 1341 1118 αὐτῆς

337 1125 458 1159 τόπον.

267 1168 356 1203 Οὐδὲ
379 1169 513 1211 flauo!
537 1168 576 1202 ἂν
602 1168 684 1211 πρός
709 1169 758 1210 τῷ
784 1168 876 1202 τέλει
902 1167 1054 1212 ἐφέρετο,
1073 1169 1102 1200 εἰ
1127 1168 1173 1211 τῇ
1200 1168 1257 1209 βίᾳ
1281 1168 1340 1199 καὶ

242 1241 256 1244 -
271 1211 573 1258 ωψτῇέκθῖίψει·
600 1214 720 1245 πάντα
744 1213 809 1259 γάρ
828 1213 891 1246 τοῦ
909 1211 1118 1258 βιασαμένου
1141 1210 1341 1258 πορρωτέρω

335 1258 521 1306 γιγνόμενα
546 1253 754 1303 βραδύτερον
779 1255 939 1302 φέρεται,

268 1305 327 1336 καὶ
345 1302 420 1336 ὅθεν
438 1303 509 1344 βίᾳ,
529 1302 601 1334 ἐκεῖ·
617 1301 758 1347 φέρεται
782 1301 821 1334 οὗ
844 1301 914 1343 βία.
929 1298 1028 1334 Ἵλατ’
1048 1300 1085 1333 ἐκ
1102 1299 1236 1333 τούτων
1261 1298 1343 1331 θεω-

268 1383 273 1386 ,
335 1348 448 1392 ροῦσιν
463 1346 537 1380 ἔστι
550 1346 671 1387 λαβεῖν
686 1346 751 1383 τήν
765 1348 881 1378 πίστιν
893 1347 969 1388 περὶ
985 1345 1028 1377 ὧν
1044 1344 1189 1390 λέγομεν
1203 1344 1339 1382 ἱκανῶς.

241 1390 345 1430 ,Ἔτι
364 1387 404 1424 δέ
426 1393 485 1424 καὶ
509 1386 570 1424 διά
592 1391 660 1424 τῶν
685 1388 722 1422 ὲκ
746 1391 810 1428 τῆς
843 1390 979 1444 πρῶτης
1010 1390 1206 1434 φιλοσοφίας
1229 1387 1340 1434 λέγων

336 1431 484 1483 δειχθείη
512 1435 573 1477 ἄν,
598 1437 656 1467 καὶ
683 1431 721 1466 ἐκ
746 1435 809 1472 τῆς
839 1435 950 1476 κυκλῳ
981 1432 1142 1470 κινήσεως
1168 1433 1208 1470 ἦν
1236 1430 1342 1479 ἀναγ-

335 1485 433 1514 καῖον
464 1475 572 1513 ἀΐδιον
607 1480 728 1523 ὁμοίως
763 1477 917 1512 ἐνταῦθά
944 1478 978 1510 τ’
1007 1474 1095 1510 εἶναι
1125 1478 1184 1509 καὶ
1209 1474 1242 1509 ὲν
1268 1481 1339 1514 τοῖς

339 1525 452 1563 ἄλλοις
476 1523 628 1567 κόσμοις.

268 1568 378 1606 Δῆλον
403 1567 447 1601 δὲ
463 1567 528 1600 κᾶν
552 1561 616 1599 ὦδε
640 1566 778 1611 γένοιτο
793 1577 923 1599 σκοπου
951 1565 1036 1604 ένοις
1055 1564 1109 1599 ὅτι
1128 1564 1261 1612 ἀνάγκη
1280 1565 1340 1597 ἕνα

335 1610 422 1646 εἶναι
446 1611 507 1646 τόν
526 1611 678 1656 οὐρανόν.
715 1611 818 1656 Τριῶν
839 1610 907 1658 γάρ
924 1577 1031 1644 gvi-mv
1049 1611 1115 1643 τῶν
1136 1610 1339 1654 σωματικῶν

335 1658 528 1714 στοιχείων,
546 1659 635 1700 τρεῖς
653 1655 794 1688 ἔσονται
812 1657 870 1688 καὶ
890 1657 919 1687 οἱ
940 1655 1043 1688 τόποι
1060 1655 1127 1688 τῶν
1145 1656 1338 1699 στοιχείων,

335 1703 381 1741 εἷς
399 1712 459 1747 μεν
481 1702 497 1733 ὀ
515 1701 578 1734 τοῦ
603 1698 833 1745 ὑφισταμένου
858 1698 1018 1744 σώματος
1037 1700 1054 1731 ὀ
1071 1701 1145 1744 περὶ
1163 1699 1206 1732 τό
1223 1697 1337 1743 μέσον,

338 1746 440 1786 ἄλλος
457 1740 496 1778 δὲ
521 1745 540 1777 ὀ
563 1745 627 1777 τοῦ
650 1743 760 1785 κύκλῳ
785 1743 979 1789 φερομένου,
999 1742 1102 1787 ὅσπερ
1127 1741 1219 1776 ἐστὶν
1237 1743 1340 1788 ἔσχα-

336 1802 409 1834 τος,
428 1793 543 1835 τρίτος
566 1785 596 1820 δ’
619 1790 636 1821 ὀ
660 1787 793 1830 μεταξιὶ
818 1788 952 1822 τούτων
977 1789 994 1820 ὀ
1020 1789 1082 1821 τοῦ
1105 1787 1208 1832 μέσου
1225 1786 1272 1819 cui
1302 1799 1341 1819 α-

299 1858 305 1865 .
335 1846 408 1874 τος.
444 1833 596 1880 Ἀνάγκη
621 1833 686 1880 γοὶρ
712 1833 746 1865 ἄν
771 1832 884 1875 τούτῳ
915 1829 1002 1865 εἶναι
1033 1833 1076 1865 τὰ
1107 1832 1232 1864 ἑπιπολ
1251 1831 1259 1843 ’
1283 1842 1336 1863 ον·

336 1880 366 1912 εἰ
393 1880 458 1927 γάρ
487 1879 536 1923 μή
569 1876 602 1911 ὲν
635 1876 770 1919 τούτῳ,
797 1876 860 1919 ἔξω
893 1877 1005 1911 ἔσται.
1041 1875 1134 1909 Ἀλλ’
1164 1871 1337 1909 ἀδύνατον

338 1923 420 1966 ἔξω·
446 1923 489 1956 τὸ
513 1922 574 1978 μὲν
598 1922 663 1968 γοὶρ
698 1919 822 1966 ἀβαρὲς
849 1921 890 1954 τὸ
914 1917 946 1953 δ’
975 1922 1052 1967 ἔχον
1078 1921 1199 1964 βάρος,
1224 1932 1339 1953 κατω-

336 1968 423 2010 τέρω
447 1963 487 2000 δὲ
505 1979 522 2000 ο
540 1967 604 2000 τοῦ
629 1964 732 2011 βάρος
757 1966 897 2012 ἔχοντος
922 1964 1079 2010 σώματος
1105 1964 1227 2006 τόπος,
1246 1967 1338 2007 εἴπερ

337 2013 354 2045 ό
378 2012 460 2058 πρὸς
484 2012 533 2053 τῷ
558 2010 647 2056 μέσῳ
672 2012 736 2043 τοῦ
761 2010 894 2055 βαρέος.
925 2010 1036 2042 'And
1053 2009 1119 2053 μὴν
1138 2005 1217 2042 οὐδὲ
1243 2010 1339 2066 παραὶ

335 2056 450 2102 φόσιν·
477 2055 567 2097 ἄλλῳ
590 2055 656 2102 γὰρ
677 2055 777 2088 ἔσται
801 2055 899 2087 κατά
914 2053 1024 2098 φύσιν,
1045 2054 1130 2087 ἄλλο
1154 2050 1182 2086 δ’
1206 2054 1266 2086 οὐκ
1282 2065 1335 2091 ην.

329 2101 481 2148 Ἀνάγκη
509 2100 576 2143 ἄρα
602 2099 635 2133 έν
661 2101 710 2142 τῷ
731 2099 865 2144 μεταξὺ
885 2095 984 2132 εἶναι.
1021 2098 1152 2132 Τούτου
1175 2094 1208 2131 δ’
1228 2099 1339 2132 αὐτοῦ

337 2147 426 2183 τίνες
450 2146 512 2177 εἰσὶ
536 2140 718 2189 διαφοραί,
745 2142 884 2188 ὕστερον
910 2143 1062 2187 ἐροῦμεν.

250 2190 344 2234 —ncpl
368 2189 428 2234 μὲν
455 2187 512 2222 οὖν
538 2189 604 2222 τῶν
636 2188 839 2231 σωματικῶν
871 2189 1069 2233 στοιχείων,
1096 2185 1182 2218 ποῖά
1205 2187 1233 2220 τ’
1265 2184 1338 2219 ἐστὶ

335 2236 394 2266 καὶ
420 2233 526 2274 πόσα,
544 2235 602 2266 καὶ
628 2234 679 2270 τίς
706 2230 852 2264 ἑκάστου
870 2230 991 2272 τόπος,
1011 2230 1062 2264 ἔτι
1083 2225 1113 2262 δ’
1135 2229 1217 2268 ὅλως
1237 2230 1338 2262 πόσοι

336 2277 379 2311 τὸ
404 2277 532 2315 πλῆθος
559 2279 588 2310 ol
615 2275 730 2318 τόποι,
755 2271 860 2313 δῆλον
886 2276 965 2320 η’μῖν
991 2276 1027 2308 ὲκ
1051 2275 1120 2308 τῶν
1146 2273 1337 2318 εἰρημένων.

322 2375 474 2404 smopsrs.
490 2390 525 2395 —
546 2383 570 2403 1.
585 2374 799 2411 Argumentum
819 2379 848 2401 et
861 2372 964 2401 divisio
985 2378 1087 2400 textus.
1109 2372 1242 2408 Corpora
1255 2378 1341 2400 natu-

267 2413 340 2444 ralia
359 2414 470 2443 moveri
490 2413 658 2442 naturaliter
684 2413 722 2442 ad
750 2412 940 2441 determinata
960 2412 1037 2447 loca,
1059 2411 1091 2440 fit
1111 2411 1198 2440 etiam
1220 2411 1341 2440 manife-

267 2461 345 2484 stum
359 2463 411 2492 per
432 2453 628 2483 exclusionem
642 2453 790 2490 opinionis
803 2451 981 2487 contrariae3
1001 2451 1108 2480 scilicet
1122 2451 1203 2488 quod
1217 2460 1342 2488 corpora

267 2494 429 2533 praedicta,
450 2500 607 2531 postquam
628 2483 779 2530 propriam
799 2492 925 2520 formam
946 2491 1110 2528 specificam
1132 2497 1199 2519 sunt
1219 2491 1340 2528 adepta,

268 2540 424 2563 moventur
443 2543 560 2562 sursum
581 2539 610 2561 et
630 2533 769 2561 deorsum
789 2532 835 2560 vel
849 2533 886 2560 ab
901 2531 1061 2560 extrinseco
1083 2537 1219 2559 movente
1234 2539 1286 2567 per
1300 2539 1340 2566 se,

267 2574 315 2604 vel
334 2573 422 2603 etiam
441 2582 495 2610 per
513 2572 692 2607 violentiam,
707 2571 789 2609 quasi
802 2581 896 2600 unum
910 2571 1077 2599 extrudatur
1090 2571 1127 2599 ab
1146 2570 1203 2599 alio
1217 2570 1340 2599 fortiori.

268 2631 288 2636 -
310 2621 338 2642 2.
359 2613 530 2642 Excluditur
549 2619 645 2641 autem
667 2613 740 2640 haec
765 2611 865 2648 opinio
893 2611 984 2639 tribus
1011 2610 1180 2639 rationibus.
1209 2611 1342 2644 Quarum

267 2653 364 2692 prima
383 2652 530 2682 inducitur
549 2651 746 2689 principaliter
766 2652 804 2680 ad
825 2651 1040 2680 ostendendum
1061 2660 1186 2687 corpora
1199 2650 1342 2679 naturalia

268 2702 332 2722 non
345 2691 456 2722 moveri
469 2693 507 2721 ab
522 2691 711 2720 exterioribus
725 2690 899 2719 motoribus.
915 2692 990 2719 Nam
1005 2691 1029 2719 si
1043 2690 1083 2719 ita
1095 2699 1157 2719 non
1179 2696 1262 2725 esset,
1284 2696 1342 2718 tar-

269 2732 335 2762 dius
362 2738 529 2762 moveretur
555 2731 651 2760 maior
678 2730 752 2769 ignis
780 2740 896 2759 sursum
917 2737 946 2759 et
965 2730 1061 2759 maior
1086 2737 1162 2758 terra
1187 2731 1340 2758 deorsum:

270 2773 375 2801 eadem
388 2772 466 2800 enim
478 2771 569 2800 virtus
583 2771 680 2800 minus
693 2770 780 2799 vincit
794 2770 888 2799 maius
903 2770 1011 2799 mobile
1026 2779 1115 2807 quarn
1129 2770 1236 2798 minus.
1251 2769 1341 2807 Atqui

269 2811 448 2841 contrarium
469 2811 581 2840 accidit.
603 2812 681 2848 Ergo
695 2817 851 2839 moventur
865 2819 926 2838 non
939 2819 992 2846 per
1005 2810 1139 2839 virtutem
1161 2809 1341 2845 exteriorem,

269 2852 322 2881 sed
334 2861 387 2889 per
400 2851 587 2880 intrinsecam
607 2857 756 2887 acceptam
777 2860 795 2878 a
814 2856 978 2887 generante,
1001 2859 1077 2886 quae
1093 2855 1175 2878 tanto
1190 2855 1233 2877 est
1247 2849 1341 2877 maior

270 2898 382 2929 quanto
402 2900 528 2928 corpora
547 2890 653 2919 fuerint
673 2890 793 2918 maiora.
808 2906 828 2911 —
843 2890 869 2917 3.
885 2890 1018 2921 Secunda
1039 2889 1126 2924 ratio,
1148 2889 1342 2925 principaliter

270 2931 310 2959 ad
329 2932 388 2959 hoc
408 2931 490 2967 quod
510 2937 608 2959 motus
629 2931 736 2958 horum
757 2938 915 2966 corporum
936 2938 999 2957 non
1019 2935 1063 2957 est
1086 2938 1139 2965 per
1163 2928 1340 2957 violentiam.

271 2970 360 2998 Secus
381 2970 460 2998 enim
481 2979 583 2998 eorum
604 2976 702 2998 motus
723 2970 762 2997 ad
781 2968 900 3006 propria
919 2969 985 2997 loca
999 2978 1034 2997 eo
1049 2975 1123 2997 esset
1143 2968 1265 3004 tardior,
1281 2978 1340 3005 quo

271 3009 364 3046 magis
385 3009 556 3046 elongantur
576 3018 594 3038 a
614 3016 766 3038 movente:
787 3009 867 3037 unde
887 3017 949 3036 non
970 3014 1045 3036 esset
1064 3008 1192 3037 velocior
1212 3008 1242 3036 in
1263 3007 1340 3044 fine,

271 3049 323 3077 sed
343 3048 435 3085 magis
462 3045 625 3084 remissior3
647 3049 728 3077 cuius
754 3047 933 3077 contrarium
961 3049 998 3077 ad
1026 3057 1143 3076 sensum
1172 3054 1299 3084 apparet.
1321 3064 1342 3070 -

270 3097 300 3123 4.
319 3087 418 3116 Tertia
438 3087 521 3123 ratio,
535 3088 574 3116 ad
589 3094 754 3126 utrumque.
776 3089 819 3116 Ex
833 3097 893 3124 quo
908 3088 974 3116 loco
988 3097 1094 3124 corpus
1108 3097 1160 3124 per
1173 3087 1341 3116 violentiam

270 3133 446 3162 removetur,
467 3126 507 3154 ibi
527 3133 630 3155 natum
650 3134 694 3156 est
714 3137 795 3163 esse3
820 3128 899 3155 unde
920 3134 949 3155 et
969 3127 1136 3156 naturaliter
1156 3127 1223 3155 illuc
1243 3127 1340 3155 fertur.

270 3168 348 3204 Ergo
369 3176 432 3195 non
452 3175 555 3194 omnes
576 3173 674 3194 motus
694 3166 824 3203 gravium
845 3173 874 3194 et
894 3167 999 3195 levium
1025 3173 1093 3195 sunt
1118 3167 1155 3195 ab
1181 3166 1340 3195 extrinseco

270 3213 299 3235 et
309 3216 361 3243 per
375 3206 551 3235 violentiam.
562 3205 784 3234 —Conclusio.-·
793 3206 819 3234 5.
830 3206 999 3234 ostenditur
1008 3206 1104 3235 unitas
1118 3206 1221 3234 mundi
1233 3206 1341 3242 specia-

269 3246 335 3275 liter
344 3255 403 3284 per
413 3255 540 3284 corpora
553 3246 708 3283 superiora
722 3245 768 3281 (cf.
783 3245 847 3273 lect.
862 3253 923 3280 xw,
937 3255 966 3273 n.
983 3247 1022 3280 2).
1038 3247 1071 3273 In
1088 3245 1218 3283 quolibet
1229 3246 1340 3273 mundo

270 3292 368 3315 motus
390 3285 535 3314 circularis
558 3285 643 3313 debet
659 3293 722 3313 esse
740 3284 940 3321 sempiternus,
956 3291 984 3312 et
997 3285 1066 3313 ideo
1086 3294 1104 3313 a
1123 3285 1227 3313 virtute
1245 3285 1341 3313 infini-

503 3491 592 3522 ter
620 3483 669 3520 ad
698 3482 946 3519 determinata
968 3482 1063 3528 loca,
1084 3481 1146 3518 hic
1175 3481 1338 3519 excludit

336 3558 361 3564 »ν
423 3564 426 3568 ,
480 3536 499 3561 5„
537 3536 759 3585 opinionem
775 3534 1042 3572 contrariam*.
1055 3535 1104 3571 Et
1113 3534 1237 3583 primo
1247 3547 1335 3583 pro-

269 3588 378 3638 ponit
405 3587 512 3636 quod
530 3588 703 3636 intendit;
726 3588 895 3625 secundo
923 3588 1060 3636 probat
1082 3586 1334 3636 propositum,

1464 915 1602 945 sursum,
1618 906 1681 937 hoc
1697 914 1804 938 autem
1820 908 1988 940 deorsum:
2007 921 2114 951 neque
2125 914 2168 949 vi,
2189 913 2466 951 quemadmodum

1465 949 1597 991 quidam
1620 950 1710 981 aiunt
1732 951 1920 982 extrusione.

1397 993 1534 1024 Tardius
1544 994 1630 1025 enim
1642 995 1752 1035 utique
1765 1003 1945 1026 moveretur
1960 996 2063 1027 maior
2076 997 2157 1037 ignis
2173 1007 2302 1028 sursum
2319 1004 2350 1029 et
2364 997 2467 1028 maior

1463 1044 1544 1068 terra
1567 1039 1737 1070 deorsum:
1761 1049 1847 1070 nunc
1862 1047 1970 1070 autem
1985 1041 2195 1081 contrarium,
2220 1051 2346 1083 semper
2365 1041 2467 1073 maior

1462 1082 1543 1122 ignis
1565 1083 1707 1114 velocius
1731 1083 1829 1115 fertur
1844 1091 1874 1115 et
1887 1085 1989 1115 maior
2005 1092 2085 1116 terra
2100 1086 2134 1116 in
2149 1095 2224 1116 eum
2244 1085 2301 1127 qui
2316 1092 2363 1117 est
2378 1086 2466 1126 ipso-

1463 1136 1536 1157 rum
1559 1126 1707 1167 proprius
1730 1127 1830 1159 locus.

1395 1169 1509 1211 Neque
1531 1171 1672 1202 velocius
1695 1171 1805 1212 utique
1828 1171 1861 1202 in
1884 1171 1947 1202 fine
1962 1171 2102 1212 ferretur,
2120 1173 2146 1204 si
2168 1173 2200 1204 vi
2221 1179 2252 1204 et
2270 1174 2464 1205 extrusione:

1463 1214 1572 1245 omnia
1585 1215 1671 1245 enim
1686 1226 1705 1246 a
1720 1215 1751 1245 vi
1770 1215 1920 1247 inferente
1931 1216 2059 1257 longius
2070 1217 2160 1257 facta,
2177 1217 2295 1249 tardius
2311 1217 2465 1250 feruntur.

1396 1301 1438 1332 Et
1460 1303 1545 1333 unde
1567 1303 1610 1342 vi,
1634 1303 1710 1334 illuc
1733 1303 1876 1335 feruntur
1899 1314 1965 1335 non
1986 1304 2028 1335 vi.
2045 1304 2062 1324 *
2085 1305 2194 1346 Itaque
2219 1316 2256 1336 ex
2277 1306 2326 1337 his
2354 1316 2465 1347 specu-

1461 1347 1600 1378 lantibus
1625 1354 1672 1379 est
1694 1347 1833 1388 accipere
1855 1348 1953 1379 fidem
1977 1349 2016 1379 de
2039 1349 2128 1380 dictis
2152 1349 2351 1382 sufficienter.

1395 1389 1511 1422 Adhuc
1534 1399 1641 1422 autem
1665 1399 1695 1423 et
1709 1402 1764 1432 per
1787 1402 1839 1423 eas
1863 1403 1944 1433 quae
1968 1403 2005 1423 ex
2027 1393 2131 1433 prima
2149 1393 2354 1435 philosophia
2369 1394 2463 1426 ratio-

1463 1445 1518 1466 nes
1542 1436 1726 1467 ostendetur
1748 1436 1874 1478 utique,
1891 1444 1922 1468 et
1949 1447 1985 1467 ex
2010 1447 2048 1468 eo
2072 1437 2128 1478 qui
2151 1438 2184 1468 in
2208 1438 2339 1469 circuitu
2359 1445 2463 1476 motu,

1462 1489 1560 1521 quem
1583 1480 1795 1511 necessarium
1818 1481 2048 1522 sempiternum
2062 1481 2205 1512 similiter
2225 1489 2255 1514 et
2277 1482 2328 1513 hic
2351 1492 2418 1513 esse
2434 1488 2465 1513 et

1461 1524 1495 1554 in
1519 1524 1587 1554 aliis
1610 1524 1748 1555 mundis.

1395 1566 1505 1598 Palam
1533 1574 1640 1599 autem
1668 1568 1779 1609 utique
1807 1568 1851 1599 sic
1877 1568 1932 1599 fiet
1958 1569 2193 1600 intendentibus
2230 1570 2383 1610 quoniam
2409 1580 2464 1601 ne-

1462 1622 1548 1644 cesse
1570 1619 1617 1643 est
1635 1622 1739 1643 unum
1755 1622 1822 1643 esse
1845 1613 1979 1643 caelum.
1990 1612 2134 1644 *Tribus
2151 1613 2237 1644 enim
2260 1613 2462 1645 existentibus

1463 1655 1681 1697 corporalibus
1697 1656 1870 1695 elementis,
1888 1656 1947 1687 tria
1961 1664 2053 1688 erunt
2068 1664 2098 1688 et
2120 1658 2191 1688 loca
2212 1658 2463 1689 elementorum:

1462 1711 1546 1732 unus
1569 1700 1700 1741 quidem
1716 1701 1772 1742 qui
1795 1700 2002 1739 subsistentis,
2019 1701 2075 1742 qui
2099 1702 2179 1733 circa
2202 1702 2361 1741 medium;
2384 1702 2464 1734 alius

1461 1752 1570 1776 autem
1592 1745 1648 1786 qui
1668 1745 1853 1784 circumlati,
1877 1745 1933 1786 qui
1949 1745 2080 1786 quidem
2104 1753 2150 1777 est
2166 1752 2338 1786 extremus;
2356 1746 2465 1778 tertius

1461 1796 1570 1820 autem
1593 1789 1649 1830 qui
1672 1788 1796 1820 medius
1815 1789 1944 1828 horum,
1968 1789 2023 1831 qui
2043 1790 2139 1820 medii
2162 1791 2312 1831 corporis.
2329 1791 2463 1822 Necesse

1461 1834 1547 1864 enim
1561 1833 1595 1863 in
1618 1833 1681 1864 hoc
1697 1843 1765 1864 esse
1780 1834 1869 1874 quod
1887 1833 2090 1874 superfertur.
2107 1834 2139 1865 Si
2156 1834 2242 1865 enim
2255 1844 2322 1865 non
2338 1835 2370 1865 in
2388 1835 2461 1874 hoc,

1459 1885 1544 1909 extra
1563 1877 1630 1909 erit.
1650 1877 1712 1908 Sed
1727 1877 1923 1918 impossibile
1946 1885 2047 1909 extra:
2068 1878 2131 1909 hoc
2146 1879 2276 1920 quidem
2292 1879 2377 1910 enim
2399 1879 2465 1910 sine

1459 1921 1620 1963 gravitate,
1635 1921 1698 1953 hoc
1714 1928 1821 1953 autem
1843 1922 1963 1953 habens
1980 1922 2172 1963 gravitatem.
2196 1923 2296 1963 Magis
2315 1923 2465 1954 deorsum

1459 1973 1567 1997 autem
1583 1976 1682 2007 quam
1697 1966 1881 2007 gravitatem
1895 1966 2037 1998 habentis
2058 1967 2198 2008 corporis
2213 1967 2303 1998 loeus
2322 1977 2389 1998 non
2405 1973 2464 1998 est:

1460 2010 1619 2051 siquidem
1634 2011 1690 2051 qui
1706 2011 1792 2051 apud
1810 2011 1954 2042 medium
1973 2011 2083 2051 gravis.
2101 2012 2162 2042 Sed
2179 2018 2209 2042 et
2225 2021 2328 2052 neque
2344 2018 2466 2052 praeter

1460 2061 1617 2085 naturam.
1633 2054 1695 2085 Alii
1718 2054 1803 2085 enim
1819 2055 1876 2086 erit
1892 2055 2068 2086 secundum
2080 2062 2239 2087 naturam:
2256 2055 2343 2086 aliud
2359 2061 2466 2086 autem

1460 2109 1527 2129 non
1543 2106 1617 2130 erat.
1632 2099 1767 2130 Necesse
1781 2099 1876 2139 igitur
1890 2099 1924 2130 in
1939 2099 2126 2131 intermedio
2143 2110 2219 2130 esse.
2237 2099 2343 2130 Huius
2358 2106 2466 2131 autem

1460 2143 1560 2183 ipsius
1583 2153 1666 2184 quae
1689 2150 1764 2175 sunt
1786 2143 1993 2182 differentiae,
2017 2144 2173 2184 posterius
2197 2144 2349 2175 dicemus.

1394 2186 1443 2217 De
1457 2187 1618 2228 corporeis
1634 2187 1766 2229 quidem
1779 2187 1875 2228 igitur
1891 2188 2064 2227 elementis,
2081 2198 2163 2229 quae
2179 2188 2241 2219 sint
2265 2195 2295 2219 et
2315 2194 2406 2229 quot,
2430 2194 2461 2219 et

1461 2230 1533 2271 quis
1545 2231 1797 2272 uniuscuiusque
1808 2232 1909 2271 locus,
1921 2232 2023 2263 adhuc
2037 2239 2144 2263 autern
2156 2232 2371 2263 universaliter
2383 2239 2464 2273 quot

1461 2275 1639 2306 secundum
1654 2275 1892 2306 multitudinem
1911 2275 1973 2307 sint
1986 2276 2068 2315 loca,
2080 2276 2187 2317 palam
2202 2276 2295 2307 nobis
2311 2286 2348 2307 ex
2363 2276 2463 2307 dictis.

1395 2377 1433 2406 ta,
1455 2380 1530 2408 quae
1551 2380 1612 2400 non
1634 2377 1677 2399 est
1690 2370 1719 2399 in
1739 2371 1946 2409 magnitudine.
1968 2372 2047 2400 Talis
2068 2378 2165 2400 autern
2185 2372 2274 2400 virtus
2295 2378 2337 2400 est
2358 2372 2462 2401 imma·

1394 2410 1509 2446 teriafis,
1525 2417 1554 2440 et
1570 2418 1779 2448 consequenter
1799 2421 1859 2440 una
1879 2421 2018 2440 numero:
2041 2411 2239 2448 multiplicatio
2261 2411 2338 2440 enim
2359 2412 2462 2440 indivi-

1395 2451 1522 2479 duorum
1542 2451 1672 2479 eiusdem
1693 2451 1798 2488 speciei
1812 2458 1855 2480 est
1872 2461 1924 2488 per
1937 2451 2096 2480 materiam.
2119 2452 2242 2488 Oportet
2256 2461 2324 2488 ergo
2339 2453 2420 2488 quod
2435 2458 2463 2480 et

1395 2499 1501 2526 corpus
1522 2490 1696 2519 circulariter
1716 2497 1839 2526 motum,
1861 2500 1912 2519 seu
1927 2491 2047 2526 caelum,
2063 2491 2098 2519 sit
2111 2500 2203 2519 unum
2223 2500 2355 2527 numero,
2370 2498 2398 2519 et
2411 2501 2464 2528 per

1395 2539 1577 2567 consequens
1592 2530 1678 2558 etiam
1693 2537 1770 2559 totus
1785 2532 1920 2559 mundus.
1930 2548 1948 2552 -
1959 2532 1987 2559 6.
2001 2530 2127 2559 Solvitur
2137 2530 2272 2559 obiectio.
2281 2548 2300 2552 —
2311 2541 2339 2568 7.
2351 2532 2462 2559 Eadem

1394 2569 1490 2599 unitas
1505 2570 1608 2598 mundi
1622 2570 1784 2599 ostenditur
1803 2570 1914 2599 ratione
1935 2577 2050 2607 sumpta
2070 2579 2104 2599 ex
2125 2571 2295 2607 corporibus
2314 2576 2373 2598 tum
2388 2571 2464 2609 inse-

1396 2610 1525 2638 rioribus
1545 2615 1605 2638 tum
1626 2610 1836 2648 superioribus.
1858 2610 1938 2639 Sicut
1957 2610 2011 2638 tria
2031 2616 2098 2638 sunt
2119 2610 2280 2647 corporalia
2304 2610 2461 2646 elementa,

1396 2650 1518 2685 caelum,
1539 2656 1615 2678 terra
1636 2657 1664 2678 et
1684 2649 1813 2678 medium
1835 2659 1955 2687 corpus,
1978 2649 2018 2678 ita
2037 2649 2092 2678 tn’a
2112 2656 2178 2678 sunt
2199 2650 2263 2678 loca
2283 2650 2323 2678 eis
2342 2659 2462 2687 respon-

1395 2690 1511 2718 dentia:
1533 2699 1609 2717 unus
1630 2689 1705 2718 circa
1726 2690 1874 2725 medium,
1901 2689 1950 2726 qui
1972 2696 2015 2717 est
2034 2695 2146 2725 terrae3
2174 2689 2246 2718 alius
2267 2696 2410 2718 extremus
2431 2690 2462 2718 in

1395 2729 1560 2765 altitudine,
1583 2729 1633 2766 qui
1663 2736 1707 2758 est
1734 2729 1864 2766 corporis
1892 2730 1973 2766 quod
1998 2729 2171 2757 circulariter
2191 2736 2338 2765 movetur;
2363 2729 2463 2758 tertius

1395 2769 1582 2798 intermedius
1597 2770 1711 2805 horum,
1727 2769 1777 2806 qui
1799 2776 1842 2798 est
1862 2769 1950 2797 medii
1964 2769 2131 2806 corporis.—
2143 2770 2209 2804 Qua
2222 2769 2332 2797 ratione
2349 2770 2462 2798 caelum

1396 2809 1470 2837 inter
1483 2804 1626 2837 elementa
1641 2816 1833 2846 computatur.
1842 2809 2028 2844 —Quomodo
2043 2808 2173 2836 medium
2187 2808 2223 2837 sit
2237 2809 2317 2837 locus
2332 2809 2462 2845 corporis

1395 2848 1497 2886 gravis.
1512 2865 1532 2870 -
1553 2849 1579 2876 8.
1602 2848 1654 2876 His
1675 2849 1790 2885 positis,
1813 2849 1974 2877 ostenditur
1993 2848 2175 2885 propositum
2197 2857 2231 2876 ex
2254 2858 2375 2884 corpore
2396 2848 2459 2876 levi.

1396 2889 1510 2925 Corpus
1532 2888 1610 2916 enim
1630 2888 1693 2917 leve
1713 2898 1774 2917 non
1794 2895 1890 2925 potest
1911 2898 1972 2917 esse
1993 2887 2048 2916 nisi
2062 2887 2092 2915 in
2106 2887 2242 2916 hocloco
2257 2888 2370 2916 medio:
2391 2897 2460 2916 nam

1396 2935 1476 2956 extra
1495 2929 1573 2956 hunc
1593 2929 1692 2956 locum
1719 2938 1753 2957 ex
1779 2938 1839 2956 una
1859 2935 1939 2965 parte
1961 2934 2003 2958 est
2024 2937 2128 2964 corpus
2150 2927 2289 2963 caeleste,
2318 2928 2398 2964 quod
2418 2934 2461 2955 est

1395 2968 1456 2996 sine
1477 2967 1614 3005 gravitate
1629 2975 1657 2996 et
1670 2968 1791 3003 levitate,
1814 2977 1847 2996 ex
1868 2968 1924 2996 alia
1944 2974 2024 3004 parte
2043 2973 2084 2994 est
2098 2976 2202 3003 corpus
2224 2973 2364 3002 terrestre,
2380 2967 2460 3003 quod

1395 3009 1482 3035 habet
1495 3007 1672 3044 gravitatem.
1694 3009 1736 3035 Ex
1750 3008 1806 3036 hoc
1820 3014 1916 3036 autern
1934 3013 2012 3043 patet
2025 3007 2106 3043 quod
2126 3015 2187 3034 non
2205 3012 2300 3042 potest
2314 3015 2375 3034 esse
2388 3006 2460 3034 alius

1396 3048 1536 3075 mundus:
1559 3057 1628 3075 narn
1650 3047 1674 3075 si
1695 3047 1767 3075 alius
1789 3048 1914 3075 mundus
1936 3053 2009 3074 esset
2030 3055 2117 3081 supra
2137 3046 2236 3081 istum,
2260 3055 2365 3082 eorpus
2386 3046 2459 3081 leve,

1395 3088 1476 3124 quod
1490 3086 1520 3115 in
1534 3086 1583 3115 illo
1606 3096 1667 3115 esse
1687 3087 1812 3121 deberet,
1834 3095 1921 3122 supra
1941 3086 2038 3114 locum
2060 3085 2129 3113 caeli
2151 3091 2242 3121 esset;
2263 3085 2369 3113 sivero
2388 3091 2461 3114 esset

1395 3127 1468 3155 infra
1482 3127 1559 3154 hunc
1573 3127 1725 3161 mundum,
1747 3135 1852 3162 corpus
1873 3126 1934 3153 leve
1956 3131 2029 3153 esset
2049 3124 2122 3152 infra
2139 3125 2237 3152 locum
2252 3125 2381 3160 corporis
2395 3133 2460 3162 gra-

1394 3166 1452 3201 vis,
1475 3167 1555 3203 quod
1576 3175 1638 3194 esse
1659 3175 1720 3194 non
1740 3172 1843 3202 potest.
1866 3182 1885 3186 -
1906 3174 1933 3200 9.
1956 3164 2081 3192 Solvitur
2101 3164 2234 3192 obiectio.
2263 3165 2376 3200 Corpus
2397 3164 2460 3193 leve

1396 3215 1457 3234 non
1470 3212 1565 3242 potest
1586 3215 1647 3233 esse
1669 3212 1746 3233 extra
1766 3205 1863 3232 locum
1884 3204 2013 3232 medium
2035 3203 2120 3231 huius
2140 3203 2242 3231 mundi
2263 3213 2358 3240 neque
2372 3204 2460 3232 etiam

1395 3252 1508 3282 praeter
1534 3251 1676 3273 naturam.
1698 3261 1718 3266 ·-
1738 3243 1920 3272 Differentiae
1949 3243 2079 3279 corporis
2105 3243 2202 3271 medii.
2226 3260 2245 3265 -
2265 3243 2404 3281 Epilogus
2431 3250 2460 3272 et

1395 3284 1553 3313 conclusio.

1391 3376 1459 3413 ibi:
1493 3376 1653 3413 Tardius
1677 3375 1776 3412 enim
1797 3375 1816 3396 ‘¹‘
1838 3382 1906 3412 etc.
1929 3375 2031 3422 Quia
2048 3388 2143 3412 vero
2170 3376 2334 3424 perhoc
2353 3377 2458 3425 quod

1391 3429 1530 3466 falsitas
1546 3428 1762 3475 excluditur,
1778 3428 1917 3464 veritas
1938 3429 2218 3477 comprobatur,
2235 3429 2378 3466 inducit
2395 3430 2457 3467 hic

1392 3481 1646 3529 Philosophus
1668 3481 1922 3517 exclusionem
1944 3482 1964 3503 ’¹‘
1980 3481 2116 3518 erroris
2135 3482 2243 3530 quasi
2263 3482 2457 3530 quandam

1391 3534 1556 3571 veritatis
1594 3533 1957 3571 demonstrationem
1974 3547 1983 3581 ;
2022 3534 2151 3571 dicens
2189 3535 2295 3583 quod
2332 3536 2456 3573 adhuc

1392 3587 1504 3623 etiam
1523 3586 1629 3634 quod
1649 3586 1790 3623 dictum
1810 3594 1865 3624 est
1882 3587 2141 3625 manifestatur
2158 3600 2229 3637 per
2247 3589 2333 3636 hoc,
2350 3589 2455 3636 quod

2493 905 2560 927 Text.
2575 906 2612 934 89.

2491 1318 2501 1327 '
2516 1316 2585 1339 Text.
2600 1323 2640 1345 90.

2492 1622 2501 1631 ·
2515 1620 2583 1643 Text.
2599 1627 2630 1649 9¹·

2485 3390 2494 3399 ⁶
2509 3389 2580 3412 Num.
2594 3396 2644 3418 seq.

2484 3492 2493 3501 ¹
2500 3491 2667 3513 conclusionem
2673 3498 2693 3513 Ρ.
