2554 4062
206 278 227 302 X

207 346 393 388 cundum
427 349 468 384 et
499 340 689 382 tertium:
724 336 801 378 sed
836 334 1031 388 exempla
1064 345 1175 387 quae
1208 329 1463 385 protulimus
1497 326 1599 367 satis
1634 337 1729 366 esse
1764 322 2057 364 existimamus
2091 319 2146 360 ad
2180 332 2382 389 praemo-

207 407 373 450 nendos
406 406 594 450 iuvenes
629 413 682 441 ne
716 399 903 439 animum
937 400 1130 436 avertant
1162 393 1215 433 ab
1251 391 1367 432 hisce
1401 387 1732 435 commentariis,
1763 385 1844 426 sub
1878 388 2099 452 praetextu
2134 382 2385 452 quod-1psa

207 483 294 511 non
328 467 554 509 exhibeant
586 462 665 503 nisi
698 466 843 501 vetera
877 463 917 498 et
951 456 1148 496 obsoleta
1181 453 1441 493 documenta
1473 449 1677 505 physicae
1701 454 1742 489 61
1769 453 2084 488 astronomicae
2119 443 2382 499 d1sc1plmae.

205 533 342 572 Immo
376 527 518 582 potius
553 523 652 564 certi
685 534 833 563 sumus
867 517 985 573 quod
1010 516 1301 571 experimento
1325 512 1556 567 unicuique
1581 516 1848 565 compertum
1878 509 1955 550 erit
1978 507 2079 548 illud
2109 506 2230 575 quod
2253 520 2385 576 supra
2428 541 2431 542 ν

207 591 461 637 monuimus,
497 585 615 641 quod
648 584 716 624 vel
741 596 793 623 ex
816 581 930 621 hisce
963 592 995 619 5.
1015 578 1211 618 Τ11011136
1246 574 1575 623 60111111611131115,
1600 573 1787 614 maxima
1814 571 2037 626 suppellex
2058 569 2384 624 phllosophicae

207 652 423 695 doctrinae
457 646 689 702 comparari
722 648 875 698 potest.
2095 694 2103 701 ι

328 713 381 753 V.
416 713 488 751 DE
515 719 700 750 ΡΗΥ516Α
720 717 780 746 ET
802 713 1121 744 ASTRONoMmA
1142 712 1373 741 DochNA
1396 709 1705 748 ANTIQUORUM.
1730 720 1749 727 -
1773 695 1863 737 Sed
1887 694 2008 749 quod
2031 699 2180 735 attmet
2207 693 2262 734 ad
2285 706 2383 748 par-

205 783 291 818 tem
323 770 652 815 astronomicam
686 773 727 808 et
768 765 990 820 physicam
1033 764 1239 804 librorum
1273 760 1518 802 Aristotelis
1563 765 1605 800 et
1648 757 2055 800 commentariorum
2097 770 2130 797 s.
2160 756 2382 825 Thomae,

236 841 389 879 raestat
421 831 623 875 nonnulla
655 828 872 876 adnotare,
897 839 1008 880 quae
1032 825 1198 866 efficere
1220 829 1403 878 possunt
1425 829 1472 863 ut
1494 820 1688 876 aequiori
1710 820 1855 861 animo
1880 819 2015 860 simus
2039 832 2143 875 erga
2164 824 2381 873 antiquos,

205 853 279 954 Iqui
314 898 366 938 de
398 896 462 936 his
496 894 622 935 rebus
645 894 942 931 tractaverunt.
983 905 998 923 «
1021 888 1151 928 Nova
1184 886 1295 926 enim
1319 885 1465 926 omnia
1488 889 1607 925 erant
1628 883 1768 938 primo
1792 881 2067 930 tentantibus,
2102 886 2203 936 post
2229 880 2382 951 eadem

204 962 273 1002 illa
304 960 445 1000 limata
477 961 595 997 sunt:
631 959 673 994 et
704 952 739 992 si
764 951 868 1006 quid
892 950 1113 990 inventum
1138 953 1213 995 est,
1238 947 1318 987 illis
1341 946 1618 987 nihilominus
1642 944 1784 986 referri
1809 943 1940 1012 debet
1960 949 2196 1013 acceptum.
2232 943 2383 999 Magm

205 1021 331 1063 animi
354 1033 420 1060 res
442 1018 534 1065 fuit,
570 1028 709 1056 rerum
742 1019 917 1053 naturae
939 1011 1124 1052 latebras
1147 1009 1382 1056 dimovere,
1407 1021 1485 1048 nec
1509 1013 1759 1048 contentum
1784 1011 1982 1046 exterlorl
2007 1019 2099 1046 61115
2128 1011 2383 1075 conspectu,

206 1081 499 1136 introspicere,
535 1084 576 1118 et
608 1077 650 1117 in
685 1075 865 1116 deorum
898 1078 1061 1114 secreta
1094 1070 1367 1112 descendere.
1403 1069 1640 1110 Plurimum
1663 1068 1719 1109 ad
1752 1067 2061 1109 inveniendum
2095 1067 2385 1122 contulit,qu1

204 1143 389 1201 speravit
410 1154 540 1196 posse
562 1138 744 1193 reperiri.
780 1137 891 1177 Cum
915 1134 1191 1176 excusatione
1214 1133 1357 1187 itaque
1380 1137 1550 1172 veteres
1573 1129 1776 1170 audiendi
1799 1135 1910 1171 sunt.
1934 1130 2064 1171 Nulla
2085 1143 2153 1171 res
2178 1143 2383 1171 consum-

204 1213 316 1249 mata
349 1210 422 1253 est,
457 1203 558 1243 dum
592 1200 736 1254 incipit
766 1198 961 1254 (Seneca,
984 1195 1192 1237 Natural.
1219 1195 1407 1248 Quaest„
1432 1206 1489 1242 VI,
1515 1191 1569 1247 5).
1597 1209 1612 1229 1
2296 1254 2303 1262 .

326 1267 382 1307 Ε1
414 1264 586 1319 quidem
621 1261 766 1316 quoad
799 1258 1131 1301 astronomicam
1165 1257 1398 1305 scientiam,
1434 1268 1488 1296 ex
1519 1255 1603 1296 hoc
1636 1254 1746 1295 libro
1779 1252 1832 1294 de
1858 1252 1986 1293 Caelo
2018 1259 2197 1307 apparet
2220 1256 2379 1308 przmo,

204 1328 322 1384 quod
355 1340 441 1368 non
474 1326 615 1367 solum
647 1323 831 1377 antiquis
865 1321 1001 1376 probe
1035 1326 1137 1361 nota
1160 1325 1249 1361 erat
1272 1318 1496 1359 difficultas
1531 1330 1643 1371 quae
1676 1315 1799 1357 adest
1825 1315 1866 1356 in
1895 1314 2199 1371 investiganda
2233 1322 2385 1358 natura

203 1402 429 1445 corporum
463 1386 726 1434 caelestium,
766 1390 807 1425 et
841 1384 882 1424 in
916 1381 1249 1424 determinandis
1284 1381 1454 1436 legibus
1491 1379 1650 1434 quibus
1683 1378 1727 1419 in
1759 1378 1848 1419 suis
1878 1377 2069 1418 motibus
2105 1384 2269 1432 parent,
2304 1377 2384 1420 sed

184 1437 245 1494 ‘et
283 1456 426 1506 aperte
463 1448 702 1490 fatebantur
736 1446 816 1501 ipsi
858 1444 1199 1486 insufficientiam
1239 1443 1481 1484 mediorum
1521 1441 1679 1496 quibus
1716 1454 1795 1495 pro
1834 1453 1915 1481 suo
1955 1445 2152 1494 tempore
2190 1440 2384 1482 instructi

204 1519 330 1562 erant,
365 1511 418 1553 ad
451 1511 747 1566 phaenomena
779 1507 976 1549 caelestia
1009 1505 1282 1561 exploranda.
1324 1522 1339 1542 ‹
1365 1505 1464 1546 Hoc
1498 1503 1612 1544 enim
1647 1503 1749 1544 dicit
1781 1502 2080 1555 (Aristoteles)
2115 1515 2211 1544 esse
2239 1503 2384 1547 consi-

204 1574 438 1617 derandum
471 1572 714 1614 hominibus
749 1570 821 1624 qui
855 1575 1018 1610 tentant
1049 1569 1186 1609 facere
1219 1567 1520 1622 quaestionem
1553 1579 1582 1607 a
1614 1566 1749 1619 longe,
1775 1565 1886 1606 idest
1918 1564 1972 1606 de
2007 1565 2262 1620 corporibus
2286 1578 2384 1607 cae-

202 1637 379 1679 lestibus
411 1636 540 1690 longe
574 1648 599 1674 a
631 1633 756 1674 nobis
791 1631 1092 1679 existentibus;
1128 1643 1224 1671 cum
1258 1635 1400 1670 tamen
1424 1628 1478 1670 de
1502 1628 1567 1669 his
1591 1641 1704 1682 quae
1726 1633 1827 1669 sunt
1856 1627 2060 1683 elongata
2080 1640 2107 1668 a
2129 1627 2269 1677 nobis,
2294 1640 2383 1670 non

201 1699 417 1755 possimus
450 1696 606 1737 habere
639 1701 799 1735 certum
831 1693 1046 1735 iudicium.
1081 1693 1278 1746 Corpora
1309 1698 1454 1732 autem
1488 1690 1688 1732 caelestia
1720 1703 1808 1731 non
1842 1690 1900 1730 ita
1931 1694 2032 1730 sunt
2053 1689 2186 1745 longe
2208 1704 2234 1731 a
2255 1690 2384 1732 nobis

203 1764 329 1808 tanto,
364 1759 475 1800 idest
506 1756 741 1799 secundum
774 1756 1052 1810 quantitatem
1085 1754 1231 1795 localis
1266 1753 1512 1802 distantiae;
1547 1753 1625 1794 sed
1658 1753 1794 1793 multo
1829 1752 1969 1808 magis
2004 1765 2058 1792 eo
2092 1752 2214 1806 quod
2246 1765 2386 1808 pauca

204 1821 483 1864 accidentium
516 1833 664 1860 eorum
697 1818 850 1859 cadant
881 1818 962 1858 sub
996 1830 1171 1858 sensum
1195 1822 1407 1865 nostrum;
1443 1828 1540 1856 cum
1564 1821 1707 1855 tamen
1731 1813 2009 1855 connaturale
2031 1813 2087 1854 sit
2108 1814 2238 1856 nobis
2261 1814 2383 1870 quod

205 1897 258 1926 ex
289 1882 581 1929 accidentibus,
617 1880 727 1922 idest
759 1879 1054 1928 sensibilibus,
1090 1878 1371 1919 deveniamus
1404 1877 1460 1919 ad
1494 1876 1847 1933 cognoscendam
1881 1881 2077 1917 naturam
2110 1876 2290 1918 alicuius
2323 1877 2384 1919 rei

203 1945 298 2001 (lib.
321 1946 370 1994 ΙΙ,
394 1945 486 1986 1661.
509 1956 564 1992 IV,
589 1957 627 1984 n.
652 1943 717 1998 3).
739 1961 752 1978 »
791 1941 919 1984 Unde
952 1941 1208 1983 Aristoteles
1241 1941 1334 1996 ipse
1367 1945 1544 1981 excusat
1575 1952 1622 1980 se
1655 1953 1681 1979 a
1713 1938 2065 1994 praesumptione
2098 1939 2384 1994 pertractandi

205 2007 392 2049 difficiles
426 2005 699 2060 quaestiones
731 2003 1063 2052 astronomicas;
1099 2009 1141 2044 et
1173 2002 1274 2044 dicit
1306 2002 1426 2057 quod
1459 2001 1757 2057 promptitudo
1790 2001 1979 2042 hominis
2001 2000 2056 2042 ad
2079 2001 2385 2056 inquirendum

205 2069 258 2110 de
291 2069 418 2110 rebus
452 2067 505 2108 de
539 2067 694 2122 quibus
727 2066 935 2107 habemus
969 2065 1176 2106 maximas
1210 2064 1512 2114 dubitationes,
1537 2064 1676 2120 magis
1711 2063 1842 2105 debet
1874 2063 2073 2118 imputari
2095 2064 2385 2107 verecundiae

205 2144 333 2186 quarn
366 2129 583 2178 audaciae,
618 2128 792 2183 quando
827 2128 939 2182 quis,
974 2133 1147 2182 propter
1180 2127 1440 2168 desiderium
1474 2125 1595 2181 quod
1627 2126 1759 2175 habet
1789 2125 1845 2166 ad
1878 2125 2211 2181 philosophiam,
2247 2126 2387 2184 diligit

204 2193 331 2234 etiarn
364 2191 548 2232 rationes
581 2204 730 2245 parum
763 2190 1032 2238 sufficientes,
1067 2189 1122 2230 ad
1144 2189 1450 2230 inveniendum
1484 2188 1645 2243 aliquid
1669 2188 1723 2229 de
1746 2188 1876 2229 rebus
1899 2187 2027 2230 valde
2049 2188 2294 2231 difficilibus
2317 2189 2383 2244 (cf.
2426 2239 2430 2242 ,

206 2253 305 2295 ibid.
324 2254 416 2294 lect.
433 2265 535 2302 Xv11,
559 2267 598 2294 n.
629 2265 669 2302 1;
703 2258 745 2293 et
781 2252 940 2293 Contra
970 2251 1123 2292 Gentes
1144 2252 1173 2300 I,
1198 2264 1239 2301 V,
1265 2252 1321 2306 3).
1356 2252 1412 2292 Et
1433 2250 1861 2305 Meteorolognorum
1883 2251 1913 2299 Ι,
1938 2264 2029 2305 cap.
2052 2262 2126 2300 v11,
2150 2258 2386 2307 antequam

205 2315 491 2369 Philosophus
524 2314 698 2356 accedat
730 2313 785 2355 ad
817 2313 1121 2370 assignandam
1155 2327 1328 2355 causam
1370 2313 1648 2368 apparitionis
1694 2318 1981 2362 cometarum,
2023 2330 2039 2350 ‹
2064 2314 2256 2355 ostendit
2288 2327 2386 2357 mo-

205 2377 308 2418 dum
341 2376 599 2418 certitudinis
633 2375 705 2430 qui
739 2381 804 2417 est
841 2376 884 2417 in
919 2376 998 2417 1136
1031 2376 1207 2416 materia
1239 2374 1541 2430 exquirendus.
1587 2375 1645 2416 Et
1678 2374 1779 2415 dicit
1815 2374 1935 2429 quod
1970 2374 2024 2416 de
2058 2375 2237 2426 talibus,
2273 2390 2387 2432 quae

206 2428 304 2480 sunt
335 2438 615 2479 immanifesta
646 2437 811 2486 sensui,
846 2450 933 2478 non
967 2443 1032 2478 est
1065 2437 1328 2492 exquirenda
1361 2442 1474 2478 certa
1508 2436 1820 2478 demonstratio
1855 2442 1898 2478 61
1930 2437 2182 2487 11666553113,
2206 2439 2317 2480 516111
2341 2439 2385 2481 111

206 2500 509 2542 mathematicis
533 2505 575 2540 et
596 2499 638 2539 in
660 2499 725 2540 his
751 2505 870 2553 'quae
902 2498 1125 2539 subiacent
1157 2499 1324 2548 sensui;
1359 2499 1437 2540 sed
1471 2499 1626 2540 sufficit
1658 2512 1734 2553 per
1766 2498 1977 2540 rationem
2011 2499 2308 2543 demonstrare
2344 2507 2387 2544 et

209 2562 432 2603 ostendere
457 2574 640 2609 causam,
664 2560 722 2601 ita
754 2559 873 2614 quod
907 2560 1203 2614 quaestionem
1237 2561 1458 2602 solvamus
1492 2574 1567 2616 per
1600 2560 1788 2615 aliquam
1821 2561 2084 2603 solutionem
2118 2563 2386 2618 possibilem,

209 2637 263 2664 ex
296 2637 380 2677 qua
412 2636 500 2663 non
532 2627 735 2676 sequatur
756 2621 932 2676 aliquod
965 2622 1285 2672 inconveniens,
1309 2635 1386 2677 per
1407 2635 1459 2664 ea
1480 2636 1592 2678 quae
1625 2623 1692 2664 hic
1714 2629 1922 2678 apparent
1948 2624 2187 2666 secundum
2210 2639 2388 2668 sensum

212 2685 467 2739 (Comment.
500 2698 533 2725 5.
557 2684 636 2724 Th.
671 2684 763 2724 lect.
786 2696 843 2733 XI,
867 2698 906 2725 n.
938 2683 987 2738 1).
1014 2701 1028 2720 ›
1068 2685 1275 2726 Lectione
1308 2690 1451 2725 autem
1484 2697 1545 2726 v11
1578 2698 1707 2740 super
1738 2685 1808 2726 lib.
1833 2686 1870 2726 II
1903 2685 1956 2727 de
1991 2686 2119 2728 Caelo
2144 2690 2189 2728 et
2206 2688 2385 2738 Mundo,

210 2760 250 2788 n.
270 2758 309 2798 4,
345 2746 647 2786 documentum
680 2745 863 2786 maxime
897 2745 1068 2800 sapiens
1101 2746 1278 2788 traditur
1310 2746 1365 2787 ad
1388 2753 1501 2788 recte
1524 2747 1799 2789 iudicandum
1823 2747 1877 2789 de
1900 2748 2252 2803 inquisitionibus
2275 2763 2389 2806 quae

211 2807 481 2848 instituuntur
515 2807 567 2848 de
601 2807 728 2848 rebus
762 2807 997 2848 admodum
1031 2807 1293 2857 difficilibus,
1329 2808 1570 2850 cuiusmodi
1603 2815 1703 2850 sunt
1744 2810 1987 2866 complures
2029 2811 2388 2869 investigationes

210 2869 544 2910 astronomicae:
585 2886 599 2905 ‹
623 2869 720 2909 Hoc
754 2869 872 2923 quod
916 2869 1068 2924 aliquis
1113 2870 1167 2911 de
1211 2871 1471 2925 quibusdam
1516 2871 1758 2914 difficilibus
1793 2878 1835 2914 et
1868 2873 2046 2915 occultis
2079 2874 2184 2916 velit
2227 2881 2387 2917 attente

211 2931 439 2979 enuntiare,
465 2930 727 2986 assignando
762 2944 935 2972 causam
968 2944 1129 2980 eorum,
1155 2938 1196 2973 et
1218 2933 1337 2987 quod
1371 2933 1425 2974 de
1458 2934 1661 2975 omnibus
1690 2934 1794 2976 velit
1827 2935 2040 2990 inquirere
2076 2941 2118 2978 et
2140 2937 2241 2978 nihil
2264 2951 2388 2994 prae-

210 2992 459 3041 termittere,
499 2993 606 3033 forte
638 2992 853 3033 videbitur
887 3006 981 3034 esse
1026 2994 1198 3049 signum
1231 2995 1301 3036 vel
1345 2996 1502 3037 multae
1545 2996 1768 3046 stultitiae,
1804 3010 1858 3038 ex
1895 3011 1982 3053 qua
2024 3000 2225 3054 provenit
2267 2999 2389 3056 quod

211 3054 344 3094 nescit
375 3053 613 3095 discernere
646 3054 753 3094 inter
785 3054 919 3095 facilia
953 3061 995 3096 et
1028 3055 1234 3106 difficilia;
1268 3063 1341 3098 aut
1373 3063 1439 3098 est
1470 3058 1643 3114 signum
1676 3059 1839 3101 multae
1865 3061 2241 3116 promptitudinis,
2276 3062 2390 3105 idest

212 3128 392 3170 magnae
425 3115 802 3170 praesumptionis,
838 3129 891 3157 ex
924 3130 1010 3171 qua
1042 3118 1251 3174 contingit
1283 3119 1403 3173 quod
1436 3120 1569 3162 homo
1603 3134 1691 3162 non
1730 3123 1957 3178 cognoscit
1999 3137 2246 3166 mensuram
2282 3137 2388 3167 suae

211 3176 415 3216 facultatis
448 3177 555 3218 circa
597 3177 915 3232 inquisitionem
949 3179 1148 3221 veritatis.
1185 3181 1240 3221 Et
1273 3182 1471 3236 quamvis
1505 3182 1681 3237 quidam
1714 3197 1842 3239 super
1874 3185 1957 3226 hoc
1991 3185 2076 3227 sint
2118 3186 2388 3242 increpandi,

214 3250 300 3278 non
323 3243 461 3278 tamen
484 3239 638 3280 iustum
673 3246 737 3280 est
769 3240 888 3295 quod
912 3254 1063 3282 omnes
1096 3242 1285 3284 similiter
1318 3244 1692 3299 reprehendantur,
1727 3246 1804 3287 sed
1838 3247 1892 3288 ad
1927 3247 2014 3289 duo
2049 3254 2222 3303 oportet
2250 3254 2388 3290 atten-

215 3298 324 3339 dere.
360 3300 501 3340 Primo
525 3300 697 3354 quidem
730 3301 784 3342 ad
807 3315 979 3344 causam
1003 3316 1114 3358 quae
1138 3310 1286 3346 movet
1318 3305 1538 3348 hominem
1571 3307 1626 3348 ad
1661 3308 1926 3363 loquendum
1954 3309 2008 3351 de
2031 3310 2210 3351 talibus:
2245 3316 2388 3353 utrum

213 3360 370 3401 56111661
399 3361 481 3401 1106
502 3362 624 3402 faciat
656 3375 709 3403 ex
741 3377 886 3405 amore
919 3365 1119 3415 veritatis,
1154 3380 1208 3407 an
1242 3366 1297 3408 ad
1330 3369 1661 3411 ostentationem
1695 3371 1940 3426 sapientiae.
1976 3371 2182 3413 Secundo
2217 3379 2391 3428 oportet

215 3421 480 3463 considerare
519 3423 742 3477 quomodo
776 3438 822 3465 se
854 3426 1010 3468 habeat
1050 3428 1203 3483 aliquis
1237 3428 1278 3470 in
1313 3430 1527 3472 credendo
1573 3445 1624 3473 ea
1668 3446 1779 3487 quae
1824 3433 1997 3475 asserit:
2043 3439 2185 3475 utrum
2228 3435 2390 3478 scilicet

215 3482 369 3523 habeat
402 3483 454 3524 de
488 3484 547 3525 eis
571 3485 754 3526 debilem
778 3487 1081 3539 certitudinem,
1106 3490 1342 3532 secundum
1377 3506 1650 3535 communem
1683 3495 1908 3536 hominum
1938 3494 2130 3544 modum,
2155 3502 2228 3538 aut
2261 3497 2389 3540 etiam

215 3543 374 3585 firmius
408 3558 458 3586 ea
490 3553 733 3602 cognoscat,
757 3549 915 3590 scilicet
936 3563 1063 3606 supra
1086 3566 1358 3595 communem
1382 3556 1560 3598 modum
1594 3557 1831 3598 hominum.
1868 3556 2058 3610 Quando
2082 3558 2210 3614 igitur
2232 3559 2386 3614 aliquis

216 3611 357 3659 potest
378 3607 583 3662 attingere
605 3609 659 3649 ad
682 3609 763 3650 hoc
786 3611 904 3665 quod
928 3620 1163 3668 cognoscat
1195 3617 1456 3659 necessarias
1481 3632 1631 3660 causas
1656 3619 1811 3660 certius
1845 3632 1975 3673 quam
2005 3620 2243 3662 secundum
2267 3635 2388 3663 corn-
