2782 4134
12 309 23 320 ·
29 307 169 330 substantiis
176 313 226 330 cor*

11 334 134 362 por-atibus
149 340 171 356 r».

13 518 24 529 ‘
38 517 103 540 Lem.
118 522 150 544 Π,
165 522 188 538 n.
203 523 227 543 4.

90 2558 115 2582 ι,
123 2559 176 2576 om.
184 2557 229 2576 eet.

39 3143 70 3161 α
77 3144 124 3168 quo
133 3139 233 3168 mplex

1133 212 1246 263 cAP.
1276 213 1327 260 11,
1359 212 1512 249 LECT.
1543 211 1595 249 lv

1060 293 1079 312 ’ῃ
1112 305 1210 342 quae
1245 299 1332 330 sunt

255 295 366 344 gnior
395 302 431 332 et
457 294 564 344 prior
597 294 778 332 omnibus
807 292 1034 342 corporibus

255 349 360 398 apud
387 361 471 386 nos.

316 415 374 440 10.
394 402 556 440 Videtur
575 407 704 439 autem
725 412 809 437 esse
829 399 967 437 falsum
987 399 1095 449 quod
1109 400 1212 437 nulla
1232 399 1332 437 linea

255 463 359 494 recta
387 455 433 494 sit
460 456 641 504 perfecta.
681 454 722 492 Si
750 453 854 490 enim
887 454 1101 502 perfectum
1135 460 1192 490 est
1224 453 1331 502 quod

254 510 372 547 habet
399 507 644 559 principium,
674 506 849 545 medium
879 514 916 544 et
942 507 1075 554 finem,
1105 514 1146 543 ut
1174 519 1290 556 supra
1311 508 1330 528 ³²

255 563 432 611 habitum
457 570 524 609 est,
553 561 704 600 videtur
723 559 830 609 quod
850 559 949 597 linea
969 568 1072 597 recta
1092 560 1209 606 finita,
1231 572 1331 608 quae

254 617 372 654 habet
397 615 630 666 principium
664 622 702 652 et
734 613 909 652 medium
939 622 976 651 et
1003 614 1142 661 finem,
1176 613 1222 650 sit
1248 625 1333 662 per-

255 671 365 709 fecta.
385 691 411 698 -
431 669 509 706 Sed
538 668 744 706 dicendum
766 675 822 705 est
841 667 948 716 quod
968 667 1018 705 ad
1040 668 1117 704 hoc
1136 667 1243 716 quod
1268 667 1333 704 ali-

256 724 350 773 quid
364 723 411 762 sit
423 723 635 772 perfectum
648 721 853 771 partialiter
861 727 888 769 f,
906 728 1058 771 oportet
1072 721 1179 768 quod
1194 721 1334 758 habeat

254 776 499 828 principium,
530 775 703 814 medium
731 783 768 812 et
796 775 917 812 finem
945 775 984 812 in
1013 774 1161 824 seipso:
1192 774 1261 812 sed
1283 774 1333 812 ad

255 830 446 868 rationem
466 829 623 880 perfecti
643 829 875 879 simpliciter,
906 828 1107 878 requiritur
1126 828 1233 878 quod
1252 840 1332 865 non

257 883 304 922 sit
331 883 475 933 aliquid
504 891 608 921 extra
634 883 776 932 ipsum.
806 884 856 920 Et
883 882 945 920 hic
965 883 1106 920 modus
1130 882 1333 932 perfectio-

255 937 315 977 nis
347 937 532 987 competit
559 937 686 987 primo
717 944 754 974 et
790 949 974 986 supremo
1013 936 1188 986 corpori,
1224 935 1332 984 quod

257 999 315 1030 est
333 991 511 1030 omnium
531 1003 740 1040 corporum
761 990 1040 1028 contentivum:
1062 998 1100 1027 et
1118 990 1332 1028 secundum

255 1045 360 1083 hunc
387 1045 551 1084 modum
589 1045 689 1082 linea
723 1052 826 1082 recta
861 1044 997 1082 dicitur
1034 1056 1116 1082 esse
1154 1043 1333 1093 imperfe-

240 1106 328 1146 cta,
349 1098 541 1137 circularis
569 1111 664 1142 vero
693 1098 873 1148 perfecta.

243 1152 580 1195 &Itemvidetur
602 1152 710 1201 quod
729 1152 846 1190 etiam
875 1151 1089 1189 secundum
1118 1150 1222 1188 hunc
1249 1162 1335 1187 mo-

201 1227 208 1234 ·
257 1205 352 1245 dum
366 1207 387 1228 ³
406 1206 535 1255 aliqua
553 1206 653 1244 linea
682 1214 783 1243 recta
807 1206 855 1243 sit
871 1205 1055 1255 perfecta:
1076 1203 1166 1253 quia
1190 1203 1336 1241 diame-

256 1266 315 1299 ter
333 1259 428 1301 caeli
447 1272 528 1298 non
545 1267 672 1310 potest
701 1259 938 1297 additionem
967 1258 1140 1307 accipere
1163 1258 1194 1294 *.
1210 1278 1235 1285 -
1257 1257 1335 1294 Sed

257 1312 465 1352 dicendum
490 1321 547 1351 est
573 1312 683 1362 quod
700 1314 776 1351 hoc
805 1312 840 1350 ei
868 1311 1004 1350 accidit
1021 1311 1250 1361 inquantum
1280 1318 1337 1348 est

256 1365 297 1405 in
315 1366 378 1404 tali
397 1367 568 1415 materia,
590 1379 670 1405 non
689 1374 819 1404 autem
837 1366 913 1404 hoc
932 1365 1049 1403 habet
1069 1377 1115 1402 ex
1133 1365 1209 1402 hoc
1229 1364 1336 1413 quod

258 1427 315 1458 est
339 1420 442 1459 linea
468 1428 591 1458 recta:
620 1420 837 1458 secundum
865 1420 942 1457 hoc
970 1418 1072 1456 enim
1107 1430 1186 1456 non
1214 1418 1336 1468 impe-

257 1473 401 1512 diretur
427 1486 477 1512 ne
505 1474 540 1511 ei
567 1473 688 1523 possit
715 1473 859 1511 additio
882 1472 978 1511 fieri.
1009 1472 1088 1511 Sed
1107 1472 1270 1510 circulus
1290 1485 1335 1510 ex

255 1527 414 1577 propria
440 1527 587 1565 ratione
617 1526 745 1570 circuli
773 1527 890 1564 habet
917 1526 1025 1576 quod
1053 1538 1133 1564 non
1161 1526 1207 1563 sit
1230 1526 1336 1564 addi-

255 1581 370 1623 tionis
398 1580 650 1632 susceptivus.
1334 1607 1337 1611 -

266 1675 270 1678 ,
316 1647 375 1673 11.
404 1634 566 1673 Videtur
585 1633 693 1684 quod
722 1634 938 1672 secundum
957 1634 1032 1671 hoc
1057 1633 1234 1671 concludi
1253 1645 1334 1671 non

254 1688 377 1738 possit
394 1689 503 1739 quod
523 1695 652 1726 motus
668 1687 859 1726 circularis
879 1687 926 1726 sit
939 1687 1151 1737 perfectus:
1172 1686 1334 1725 additio-

256 1754 348 1781 nem
369 1742 473 1781 enim
493 1741 636 1792 recipit,
658 1754 748 1780 cum
767 1741 814 1779 sit
833 1741 1038 1779 continuus
1053 1746 1066 1761 ⁰
1081 1749 1118 1778 et
1136 1741 1335 1790 sempiter-

255 1808 341 1845 RUS,
361 1796 576 1834 secundum
597 1795 854 1834 Aristotelem.
874 1816 899 1823 -
919 1795 981 1833 Ad
1001 1795 1107 1844 quod
1127 1794 1334 1833 dicendum

257 1857 314 1891 est
349 1849 457 1899 quod
497 1861 576 1888 una
613 1849 807 1888 circulatio
843 1849 961 1887 habet
1004 1849 1333 1898 complementum

256 1915 350 1942 suae
378 1903 532 1953 speciei,
564 1916 654 1941 cum
682 1902 835 1941 redierit
862 1903 913 1941 ad
939 1902 1171 1953 principium
1200 1914 1223 1939 a
1251 1915 1328 1952 quo

254 1956 434 2007 incoepit.
463 1957 577 1997 Unde
606 1969 686 1995 non
704 1957 749 1995 fit
766 1956 912 1994 additio
942 1957 992 1994 ad
1021 1956 1184 1994 eandem
1213 1955 1332 1993 circu-

254 2010 462 2049 lationem:
490 2010 562 2051 sed
590 2010 698 2060 quod
726 2008 916 2060 sequitur,
951 2010 1002 2049 ad
1031 2010 1145 2048 aliam
1175 2009 1333 2047 circula-

254 2063 401 2107 tionem
429 2064 604 2114 pertinet.
850 2084 852 2086 ·

310 2119 420 2166 Item,
449 2118 481 2156 si
507 2119 584 2156 hoc
612 2118 739 2156 solum
767 2117 979 2167 perfectum
1007 2116 1155 2164 dicitur,
1176 2117 1236 2154 cui
1255 2129 1335 2154 non

254 2179 382 2222 potest
409 2171 492 2209 fieri
525 2170 688 2218 additio,
722 2171 893 2221 sequitur
921 2170 1027 2220 quod
1055 2182 1183 2218 neque
1211 2171 1333 2208 homo

255 2237 383 2274 neque
413 2225 556 2274 aliquid
583 2224 686 2262 aliud
706 2225 860 2263 finitum
880 2224 920 2262 in
939 2224 1166 2273 corporibus
1185 2224 1230 2261 sit
1248 2236 1334 2273 per-

255 2279 412 2326 fectum,
429 2291 519 2317 cum
539 2278 593 2316 eis
608 2278 730 2328 possit
747 2278 892 2316 additio
907 2278 1002 2316 fieri.
1018 2298 1043 2306 -
1060 2278 1110 2315 Et
1125 2277 1333 2316 dicendum

255 2333 364 2383 quod
391 2332 615 2370 huiusmodi
643 2332 820 2370 dicuntur
847 2337 862 2362 Ρ
892 2344 976 2369 esse
1003 2331 1171 2381 perfecta
1199 2344 1334 2369 secun-

257 2386 351 2425 dum
366 2386 550 2436 speciem,
570 2385 799 2435 inquantum
819 2398 899 2424 non
917 2393 1045 2434 potest
1073 2384 1127 2422 eis
1156 2384 1238 2422 fieri
1268 2385 1334 2423 ad-

257 2439 350 2478 ditio
377 2440 536 2478 alicuius
564 2439 672 2490 quod
698 2439 887 2489 pertineat
905 2439 955 2477 ad
979 2439 1168 2477 rationem
1194 2438 1335 2488 speciei

255 2493 446 2544 ipsorum:
463 2494 585 2532 lineae
605 2501 736 2531 autem
756 2501 882 2532 rectae
901 2493 946 2530 fit
964 2492 1107 2531 additio
1128 2492 1209 2530 eius
1228 2492 1335 2541 quod

254 2547 420 2598 pertinet
447 2548 497 2586 ad
517 2547 688 2597 speciem
707 2548 870 2593 suam&
901 2555 938 2584 et
964 2559 1036 2597 pro
1064 2554 1170 2584 tanto
1200 2546 1336 2584 dicitur

256 2600 480 2651 imperfecta
507 2601 735 2650 inquantum
766 2608 823 2639 est
849 2601 961 2639 linea.

311 2655 516 2693 Praeterea
541 2655 695 2693 videtur
722 2654 827 2704 quod
857 2654 1020 2692 circulus
1048 2666 1127 2692 non
1147 2654 1194 2692 sit
1210 2654 1335 2703 perfe-

259 2715 341 2749 ctus
355 2713 384 2746 ἵ.
401 2709 619 2747 Perfectum
633 2708 737 2746 enim
752 2716 809 2746 est
827 2708 866 2746 in
886 2707 1212 2757 magnitudinibus
1227 2707 1335 2756 quod

257 2762 375 2801 habet
392 2769 469 2800 tres
489 2762 765 2800 dimensiones:
785 2763 862 2800 hoc
875 2770 1006 2800 autem
1021 2761 1142 2800 lineae
1164 2761 1335 2799 circulari

258 2828 340 2854 non
368 2816 563 2866 competit.
594 2817 644 2854 Et
672 2815 880 2854 dicendum
914 2824 971 2853 est
1004 2815 1111 2865 quod
1138 2814 1238 2853 linea
1266 2815 1335 2852 cir-

261 2869 395 2906 cularis
429 2882 509 2907 non
543 2878 600 2907 est
633 2869 853 2919 simpliciter
885 2869 1111 2918 magnitudo
1144 2869 1333 2918 perfecta,

260 2921 350 2969 quia
381 2934 461 2960 non
493 2924 609 2961 habet
636 2923 824 2972 quidquid
861 2923 1024 2973 pertinet
1059 2923 1108 2960 ad
1146 2922 1335 2960 rationem

261 2974 548 3023 magnitudinis:
579 2985 636 3014 est
662 2985 793 3014 tamen
825 2977 1023 3026 quoddam
1052 2977 1268 3030 perfectum
1297 2976 1337 3014 in

260 3027 371 3075 linea,
401 3027 491 3076 quia
507 3029 700 3068 linealiter
727 3030 868 3080 aliquid
889 3030 924 3068 ei
943 3030 1033 3068 addi
1062 3042 1142 3067 non
1169 3035 1307 3079 potest.

322 3093 379 3118 12.
409 3081 571 3119 Videtur
589 3083 704 3120 etiam
731 3084 870 3121 falsum
891 3096 974 3121 esse
993 3084 1101 3133 quod
1119 3084 1332 3133 perfectum

261 3135 308 3172 sit
337 3134 444 3184 prius
481 3135 718 3185 imperfecto.
753 3137 925 3186 Simplex
962 3137 1066 3176 enim
1093 3139 1114 3159 ³¹²
1142 3145 1198 3175 est
1229 3137 1336 3186 prius

262 3188 478 3238 composito
491 3218 500 3236 ‚
541 3201 631 3226 cum
663 3197 794 3227 tamen
829 3191 1085 3240 compositum
1119 3203 1159 3228 se
1194 3191 1336 3228 habeat

262 3241 312 3280 ad
340 3242 528 3292 simplicia
555 3250 597 3279 ut
624 3242 837 3292 perfectum
871 3243 922 3281 ad
954 3244 1188 3294 imperfecta.
1218 3266 1243 3272 -
1272 3244 1336 3281 Ad

262 3297 368 3346 quod
394 3296 602 3334 dicendum
629 3296 734 3347 quod
752 3297 965 3346 perfectum
989 3297 1040 3334 ad
1066 3298 1335 3347 imperfectum

316 3431 341 3464 τ)
355 3430 524 3464 partialiter.
541 3445 561 3450 -
578 3430 787 3463 particulariter
805 3429 917 3454 codices.
940 3430 991 3454 Pro
1014 3433 1134 3462 oportet,
1155 3431 1276 3462 pertinet
1293 3439 1338 3456 co-

262 3468 379 3528 32:53}
385 3467 450 3491 Post
462 3475 541 3491 unam
557 3466 652 3491 lineam
666 3474 713 3499 pro
726 3466 858 3490 rationem
872 3465 997 3499 perfecti,
1011 3465 1205 3498 perfectionem
1222 3467 1338 3501 perfecti

317 3538 343 3573 υ)
363 3534 614 3563 additionem'enim
629 3538 732 3570 recipit,
746 3545 805 3563 cum
820 3538 856 3562 sit
869 3537 1019 3562 continuus.
1032 3550 1051 3555 —
1064 3537 1127 3569 quia
1140 3537 1271 3569 quaelibet
1283 3538 1336 3562 cir·-
1372 3550 1376 3554 -

263 3574 363 3600 culatio
381 3574 549 3599 additionem
569 3574 671 3606 recipit,
693 3582 752 3599 cum
772 3577 859 3598 motus
878 3573 913 3598 sit
931 3572 1073 3598 continuus

263 3610 308 3635 lin.
321 3618 369 3643 pro
388 3617 450 3639 una,
470 3609 602 3642 quaelibet
619 3608 653 3635 A.

407 3664 476 3696 Opp.
498 3663 527 3687 D.
543 3662 658 3687 ‘summu
677 3663 709 3687 Τ.
726 3663 756 3687 ΙΙΙ

1087 3573 1119 3597 Α.
1138 3586 1158 3591 -
1174 3573 1238 3597 Post
1255 3580 1336 3598 unam
1363 3579 1367 3633 Ι

2414 225 2457 261 17

1387 303 1427 328 se
1456 291 1572 328 habet
1600 290 1697 328 sicut
1725 298 1830 328 actus
1860 291 1908 328 ad
1936 291 2167 340 potentiam:
2202 291 2268 341 qui
2300 292 2459 340 quidem

1387 345 1606 394 simpliciter
1634 352 1690 382 est
1708 343 1814 393 prior
1841 344 2012 393 potentia
2039 344 2078 382 in
2106 344 2287 392 diversis;
2318 345 2356 382 in
2380 358 2459 382 uno

1387 406 1515 435 autem
1544 406 1580 436 et
1609 398 1761 445 eodem,
1792 399 1899 446 quod
1918 405 2099 436 movetur
2118 398 2166 435 de
2185 399 2356 447 potentia
2375 399 2424 436 ad
2442 400 2461 421 ’¹‘

1387 460 1528 499 actum,
1547 451 1719 501 potentia
1739 459 1795 488 est
1813 451 1918 501 prior
1938 459 2023 489 actu
2043 459 2236 501 tempore,
2266 452 2334 489 sed
2355 460 2461 490 actus

1388 514 1445 542 est
1462 505 1568 554 prior
1587 505 1802 543 secundum
1822 513 2020 552 naturam;
2043 505 2132 553 quia
2152 505 2293 543 scilicet
2310 507 2386 543 hoc
2406 514 2462 543 est

1388 559 1492 608 quod
1520 559 1648 608 primo
1669 567 1706 596 et
1724 559 1980 608 principaliter
2007 566 2143 596 natura
2167 559 2337 596 intendit.
2369 560 2461 597 Non

1388 620 1517 649 autem
1538 613 1796 662 Philosophus
1815 613 1877 650 hic
1898 614 1917 634 *
1938 612 2099 650 intendit
2123 613 2229 661 quod
2248 613 2462 662 perfectum

1389 665 1435 703 sit
1452 666 1558 714 prius
1578 666 1802 715 imperfecto
1831 667 1870 704 in
1897 679 1977 704 uno
2007 674 2044 703 et
2072 666 2224 714 eodem,
2254 666 2322 704 sed
2349 666 2387 704 in
2408 667 2461 704 di-

1387 719 1529 756 versis:
1569 732 1641 756 nec
1674 720 1787 757 etiarn
1817 721 1925 769 quod
1954 720 2000 757 sit
2027 719 2132 769 prius
2160 728 2356 769 tempore,
2393 722 2462 758 sed

1389 779 1542 820 natura,
1572 772 1668 810 sicut
1696 785 1872 822 expresse
1903 774 2001 812 dicit.

1449 827 1506 864 13.
1537 827 1650 874 Item,
1679 826 1831 864 videtur
1859 828 1965 877 quod
1993 827 2252 877 Philosophus
2279 827 2462 865 inconve-

1388 879 1536 917 nienter
1555 887 1848 928 argumentetur.
1872 881 2049 919 Procedit
2072 881 2174 918 enim
2195 893 2240 918 ex
2259 881 2460 930 perfectio-

1388 945 1436 970 ne
1466 933 1588 971 lineae
1619 933 1808 970 circularis
1837 935 1886 972 ad
1913 935 2159 984 probandum
2186 935 2463 984 perfectionem

1390 987 1581 1025 circularis
1609 994 1760 1034 motus;
1800 1000 1845 1024 ex
1879 988 1986 1026 cuius
2022 988 2256 1038 perfectione
2289 989 2464 1038 procedit

1389 1042 1438 1079 ad
1465 1041 1714 1090 probandum
1746 1041 2022 1090 perfectionem
2047 1041 2238 1079 circularis
2269 1042 2460 1091 corporis;

1390 1102 1427 1131 et
1454 1094 1508 1131 sic
1534 1094 1688 1132 videtur
1717 1094 1798 1132 eius
1826 1095 2002 1144 probatio
2032 1108 2114 1133 esse
2145 1095 2348 1143 circularis,
2369 1095 2462 1144 quia

1389 1147 1490 1185 linea
1518 1147 1708 1186 circularis
1736 1161 1815 1186 non
1843 1149 1994 1187 videtur
2022 1161 2104 1187 esse
2134 1149 2207 1186 alia
2225 1161 2342 1198 quarn
2362 1161 2462 1198 quae

1391 1209 1447 1238 est
1457 1202 1472 1230 Ψ
1488 1201 1605 1251 ipsius
1625 1202 1797 1251 corporis
1811 1203 1918 1251 quod
1934 1203 2162 1240 circulariter
2176 1210 2366 1240 movetur.
2376 1223 2400 1230 —
2412 1203 2461 1239 Et

1391 1255 1599 1294 dicendum
1618 1263 1674 1293 est
1693 1255 1800 1305 quod
1818 1265 1946 1294 motus
1967 1256 2156 1294 circularis
2174 1257 2359 1306 probatur
2378 1269 2462 1293 esse

1389 1309 1580 1359 perfectus
1601 1322 1646 1347 ex
1665 1309 1900 1360 perfectione
1919 1310 2042 1348 lineae
2063 1310 2252 1348 circularis
2272 1311 2461 1356 absolute;

1391 1375 1437 1400 ex
1464 1363 1698 1412 perfectione
1727 1371 1857 1401 autem
1890 1371 2020 1401 motus
2053 1363 2243 1401 circularis
2280 1363 2320 1401 in
2357 1376 2463 1401 com-

1390 1417 1510 1464 muni,
1530 1418 1714 1466 probatur
1741 1418 1817 1454 hoc
1847 1429 1986 1466 corpus
2006 1417 2112 1466 quod
2132 1417 2359 1454 circulariter
2379 1429 2463 1454 mo-

1390 1478 1512 1518 vetur,
1543 1483 1627 1508 esse
1654 1471 1890 1521 perfeetum
1920 1478 1956 1508 et
1984 1471 2037 1508 sic
2066 1483 2145 1508 non
2173 1470 2393 1519 proceditur
2412 1471 2461 1507 ab

1392 1523 1533 1562 eodem
1552 1524 1590 1562 in
1610 1524 1727 1572 idem,
1748 1524 1815 1561 sed
1837 1536 1882 1561 ex
1902 1523 2098 1561 communi
2118 1524 2167 1561 ad
2187 1524 2399 1573 proprium.

1450 1589 1509 1625 14.
1540 1578 1728 1625 Quartam
1757 1577 1945 1616 rationem
1973 1577 2081 1627 ponit
2109 1577 2181 1614 ibi:
2210 1578 2263 1614 Et
2280 1577 2405 1626 utique
2432 1578 2466 1614 si

1391 1632 1473 1681 quis
1494 1638 1583 1669 etc.:
1614 1644 1714 1680 quae
1743 1631 1902 1680 quidem
1930 1631 2103 1681 procedit
2133 1643 2178 1668 ex
2207 1631 2357 1668 duabus
2375 1643 2464 1680 pro-

1390 1684 1646 1735 positionibus
1674 1685 1892 1734 suppositis.
1924 1685 2101 1732 Quarum
2125 1684 2251 1734 prima
2271 1692 2337 1731 est,
2358 1684 2465 1733 quod

1391 1738 1518 1776 omnis
1546 1746 1675 1777 motus
1695 1739 1857 1788 simplex
1883 1746 1949 1776 aut
1967 1746 2024 1776 est
2042 1738 2256 1776 secundum
2276 1745 2463 1785 naturam,

1391 1800 1456 1830 aut
1482 1800 1633 1842 praeter
1661 1801 1848 1830 naturam.
1880 1792 2060 1830 Secunda
2089 1800 2164 1839 est,
2201 1791 2308 1840 quod
2335 1799 2465 1828 motus

1391 1846 1456 1896 qui
1477 1853 1533 1884 est
1559 1854 1710 1896 praeter
1738 1853 1914 1884 naturam
1942 1846 2010 1883 uni
2030 1845 2194 1895 corpori,
2225 1852 2282 1882 est
2301 1844 2363 1882 alii
2383 1857 2465 1882 cor-

1389 1900 1475 1949 pori
1500 1900 1714 1938 secundum
1734 1907 1928 1945 naturam;
1958 1899 2053 1937 sicut
2080 1906 2185 1948 patet
2203 1898 2242 1936 in
2261 1906 2372 1936 motu
2401 1898 2465 1948 qui

1391 1962 1447 1991 est
1476 1966 1650 2001 sursum,
1680 1953 1746 2002 qui
1781 1960 1838 1990 est
1870 1953 2086 1990 secundum
2115 1960 2292 1990 naturam
2325 1952 2402 2000 igni
2430 1959 2467 1989 et

1388 2015 1540 2057 praeter
1568 2015 1745 2045 naturam
1773 2014 1914 2053 terrae;
1943 2014 1979 2044 et
2007 2007 2045 2044 in
2065 2014 2175 2044 motu
2194 2006 2260 2055 qui
2281 2013 2337 2043 est
2356 2005 2465 2043 deor-

1389 2074 1489 2109 sum,
1520 2061 1586 2110 qui
1615 2069 1672 2098 est
1699 2060 1880 2098 naturalis
1908 2068 2029 2098 terrae
2056 2067 2092 2097 et
2110 2067 2261 2109 praeter
2289 2067 2464 2096 naturam

1389 2115 1477 2164 igni.
1508 2115 1756 2153 Manifestum
1777 2122 1834 2152 est
1852 2122 1982 2152 autem
2001 2114 2107 2163 quod
2127 2121 2256 2151 motus
2276 2112 2465 2150 circularis

1390 2169 1486 2206 inest
1514 2169 1625 2206 alicui
1655 2168 1818 2218 corpori,
1844 2169 1950 2217 quod
1970 2168 2020 2206 ad
2049 2180 2206 2206 sensum
2237 2166 2466 2204 circulariter

1390 2230 1581 2260 movetur.
1612 2223 1662 2260 Et
1689 2222 1720 2260 si
1740 2221 1898 2271 quidem
1918 2221 2001 2259 talis
2030 2230 2158 2259 motus
2187 2221 2233 2259 sit
2261 2220 2336 2257 ei*
2356 2227 2464 2257 natu-

1390 2276 1487 2324 ralis,
1517 2275 1749 2314 habebimus
1776 2275 2031 2325 propositum,
2052 2275 2195 2313 scilicet
2223 2274 2328 2324 quod
2356 2286 2465 2323 prae-

1389 2338 1446 2367 ter
1474 2338 1638 2379 quatuor
1663 2330 1852 2367 elementa
1881 2329 1927 2366 sit
1950 2329 2150 2378 quoddam
2180 2328 2283 2366 aliud
2312 2339 2464 2376 corpus,

1390 2383 1497 2433 quod
1525 2382 1755 2421 circulariter
1783 2390 1974 2420 movetur.
2013 2382 2052 2420 Si
2082 2390 2210 2419 autem
2240 2388 2367 2419 motus
2397 2380 2466 2417 cir-

1391 2437 1526 2474 cularis
1554 2437 1601 2479 sit
1627 2444 1778 2486 praeter
1806 2444 1983 2474 naturam
2012 2435 2165 2486 corpori
2183 2436 2289 2484 quod
2310 2434 2464 2471 circula-

1390 2491 1479 2529 riter
1507 2491 1639 2537 fertur‚
1675 2489 1845 2540 sequitur
1879 2502 1926 2527 ex
1957 2490 2168 2540 praemissa
2201 2488 2465 2538 suppositione

1390 2544 1497 2594 quod
1531 2544 1577 2582 sit
1609 2543 1768 2581 alicuius
1804 2545 1823 2564 ⁵³*
1857 2543 2009 2581 alterius
2043 2543 2213 2593 corporis
2252 2542 2466 2580 secundum

1390 2606 1584 2638 naturam:
1613 2597 1721 2647 quod
1741 2605 2020 2646 consequenter
2039 2597 2107 2635 erit
2135 2596 2239 2634 aliud
2266 2596 2304 2633 in
2333 2603 2468 2633 natura

1390 2667 1413 2691 a
1441 2661 1610 2703 quatuor
1638 2651 1849 2689 elementis.

1451 2709 1509 2746 15.
1539 2705 1700 2744 Videtur
1728 2712 1859 2743 autem
1887 2704 2110 2742 Aristoteles
2138 2703 2209 2742 sibi
2238 2702 2309 2752 ipsi
2384 2715 2467 2739 esse

1391 2760 1623 2798 contrarius:
1644 2772 1736 2798 nam
1756 2771 1873 2808 supra
1893 2760 1912 2780 ’³‘
1932 2758 2111 2808 probavit
2130 2757 2236 2807 quod
2254 2765 2383 2794 motus
2399 2756 2466 2793 cir-

1391 2814 1528 2853 cularis
1556 2826 1637 2852 non
1666 2821 1722 2851 est
1750 2814 1769 2834 ²³
1797 2820 1949 2862 praeter
1976 2820 2152 2850 naturam
2181 2810 2333 2860 corpori
2362 2810 2467 2859 quod

1392 2868 1620 2905 circulariter
1635 2868 1766 2915 fertur,
1787 2867 1849 2903 hic
1866 2874 1996 2903 autem
2017 2865 2198 2915 supponit
2219 2864 2463 2901 contrarium.

1390 2944 1415 2950 -
1436 2922 1579 2959 Dicunt
1607 2921 1718 2970 igitur
1746 2920 1903 2970 quidam
1933 2920 2038 2969 quod
2067 2918 2326 2966 Philosophus
2351 2929 2466 2965 supra

1392 2975 1539 3026 accepit
1560 2980 1717 3024 praeter
1745 2980 1923 3011 naturam
1952 2986 2023 3022 pro
2048 2985 2095 3009 eo
2116 2972 2222 3021 quod
2251 2978 2306 3007 est
2334 2976 2466 3007 contra

1392 3035 1594 3067 naturam.-
1632 3028 1686 3065 sic
1719 3028 1823 3065 enim
1859 3034 2009 3076 oportet
2043 3025 2148 3074 quod
2178 3032 2306 3062 motus
2336 3031 2468 3061 contra

1392 3091 1568 3121 naturam
1597 3081 1755 3119 alicuius
1785 3080 1976 3129 corporis,
2016 3079 2062 3116 sit
2095 3078 2306 3115 contrarius
2344 3077 2468 3114 motui

1393 3137 1507 3174 etiam
1527 3135 1688 3174 naturali
1719 3135 1902 3180 eiusdem,
1932 3141 1974 3170 ut
1992 3145 2107 3182 supra
2126 3131 2372 3182 procedebat.
2394 3131 2467 3168 Hic

1391 3198 1520 3227 autem
1550 3189 1686 3238 accipit
1706 3190 1894 3237 *praeter
1923 3193 2101 3224 naturam
2131 3185 2390 3233 communius,
2411 3198 2469 3222 se-

1392 3244 1563 3281 cundum
1602 3242 1708 3292 quod
1738 3246 1895 3290 praeter
1923 3246 2102 3278 naturam
2140 3240 2245 3277 idem
2280 3247 2336 3276 est
2364 3239 2469 3288 quod

1392 3309 1467 3334 non
1495 3296 1701 3333 secundum
1731 3300 1921 3332 naturam.
1954 3294 2017 3332 Sic
2045 3301 2174 3332 autem
2194 3295 2214 3315 '¹‘
2233 3294 2272 3330 in
2293 3305 2334 3330 se
2364 3305 2469 3330 com-

2334 2703 2353 2723 232

1447 3431 1475 3464 φ)
1495 3431 1532 3455 Et
1552 3428 1694 3454 dicendum
1713 3427 1785 3461 quod
1803 3427 1957 3453 huiusmodi
1969 3427 2106 3453 dicuntur.
2118 3441 2139 3447 ·-
2152 3428 2197 3454 Ad
2210 3427 2260 3453 hoc
2274 3427 2416 3453 dicendum
2431 3430 2471 3452 est

1393 3465 1465 3499 quod
1486 3465 1528 3490 hic
1548 3463 1623 3498 (haec
1642 3464 1682 3488 ed.
1700 3462 1778 3498 1516)
1800 3461 1927 3489 dicuntur
1945 3464 1974 3488 P.

1446 3502 1475 3535 χ)
1490 3501 1635 3525 Praeterea
1650 3500 1758 3524 videtur
1770 3499 1842 3532 quod
1856 3500 1971 3525 circulus
1982 3506 2035 3524 non
2050 3499 2086 3524 sit
2095 3500 2272 3533 perfectus.—
2283 3500 2348 3524 Item
2364 3499 2470 3523 videtur·

1392 3531 1465 3570 quod⁸
1481 3537 1596 3562 circulus
1611 3536 1647 3560 sit
1666 3536 1837 3569 imperfectus
1855 3535 1884 3560 P.
1903 3550 1921 3554 -
1933 3536 1984 3560 Pro
2004 3535 2075 3567 quod
2095 3535 2180 3564 habet,
2201 3543 2270 3567 quae
2287 3535 2384 3560 habent
2402 3535 2431 3558 P.

1447 3572 1475 3606 ψ)
1495 3579 1575 3604 quam
1594 3578 1662 3604 quae
1681 3574 1728 3596 est.
1742 3585 1760 3589 -
1773 3578 1853 3603 quam
1873 3574 1913 3596 est
1926 3571 1958 3601 G,
1974 3578 2054 3604 quam
2074 3578 2142 3603 quae
2156 3571 2181 3596 in
2198 3571 2238 3596 ed.
2257 3569 2338 3601 1516;
2357 3570 2425 3594 istud
2443 3570 2468 3594 in

1393 3608 1517 3641 expungit
1536 3607 1555 3632 P
1576 3607 1639 3640 quin
1659 3607 1756 3640 aliquid
1776 3607 1924 3632 substituat.

2274 3658 2286 3682 3

2489 402 2497 410 ·
2509 401 2532 422 in
2543 401 2612 424 codd.
2620 407 2669 424 exc.
2678 409 2702 424 n.

2492 621 2500 628 ·
2517 619 2554 641 hic
2568 626 2616 642 om.
2626 626 2648 642 P.

2494 2226 2502 2234 ·
2519 2224 2592 2246 eidem
2607 2231 2629 2247 P.

2498 2548 2507 2556 ·
2519 2546 2619 2568 alicuius
2628 2551 2712 2567 ommi.

2496 2713 2507 2723 ⁴⁶
2523 2712 2571 2740 ipsi
2584 2718 2632 2733 om.
2649 2717 2702 2739 ppt.

2497 2768 2505 2775 '¹
2520 2766 2592 2787 Num.
2607 2767 2629 2787 6.

2497 2821 2505 2829 '¹
2523 2820 2585 2840 inest
2597 2825 2619 2840 Α.

2498 3192 2506 3199 ·
2523 3189 2614 3216 accepit
2628 3188 2698 3210 codd.

2499 3302 2507 3311 ¹
2524 3301 2585 3322 enim
2600 3306 2635 3321 ΡΕ.
