2782 4134
235 291 410 322 causatur
445 297 491 321 ex
528 292 638 322 motu
671 285 842 334 corporis
881 287 1072 324 caelestis:
1106 295 1189 324 tum
1218 287 1307 336 quia

234 344 363 375 motus
382 337 448 386 qui
475 338 573 375 fiunt
590 338 631 375 in
649 338 890 375 inferioribus
909 351 932 375 a
952 352 1113 388 corpore
1143 340 1305 388 caelesti,

235 390 412 428 dicuntur
439 391 647 438 naturales,
676 391 763 428 licet
790 403 870 428 non
897 392 970 428 sint
998 393 1211 430 secundum
1240 406 1306 430 na·

234 451 359 481 turam
388 443 557 492 corporis
591 443 775 481 inferioris
798 444 838 491 ²¹²,
868 452 911 481 ut
936 453 1040 493 patet
1067 445 1106 482 in
1134 446 1241 483 fluxu
1271 454 1307 483 et

234 496 383 534 refluxu
410 496 542 544 maris,
572 496 663 544 quia
691 509 854 546 corpora
881 497 1060 535 inferiora
1087 498 1307 536 naturaliter

233 550 448 587 subduntur
484 549 743 599 superioribus
754 562 774 596 3(
797 557 879 587 tum
917 550 1007 599 quia
1043 552 1212 588 naturale
1250 560 1306 588 est

233 602 451 651 unicuique,
472 602 576 652 quod
597 603 843 651 consequitur
866 601 993 652 ipsum
1014 616 1059 640 ex
1080 616 1194 641 causa
1213 617 1304 641 suae

232 655 509 704 generationis;
537 657 654 704 unde,
685 668 773 693 cum
803 668 918 693 causa
945 656 1069 694 activa
1096 664 1302 695 ventorum

175 747 204 770 ·³·
233 709 280 746 sit
306 716 436 746 motus
463 703 553 747 solis
573 707 597 757 δ,
624 716 666 746 ut
685 721 800 758 supra
817 709 838 731 '¹‘
867 709 1010 747 dictum
1039 717 1106 757 est,
1137 710 1305 758 sequitur

233 762 340 812 quod
368 761 581 812 obliquitas‘
598 769 726 800 motus
747 775 793 799 ex
812 770 921 800 motu
950 763 1043 800 caeli
1073 770 1237 812 causata,
1259 763 1304 800 sit

233 815 268 853 ei
295 815 485 854 naturalis.

286 881 323 907 2.
343 868 494 907 Deinde
529 881 618 906 cum
648 867 754 906 dicit:
782 869 946 917 Propter
970 870 1073 918 quod
1097 875 1135 907 et
1159 870 1303 907 dubita-

228 922 286 966 'bit
311 929 405 970 etc„
433 921 588 971 inquirit
616 922 663 960 de
691 921 879 971 principio
917 930 1046 960 motus
1072 931 1301 961 ventorum:

228 982 271 1013 et
295 975 424 1025 primo
451 975 557 1013 unde
585 975 767 1024 incipiant
785 975 956 1022 moveri;
985 976 1156 1014 secundo
1186 976 1304 1026 quali-

226 1035 289 1066 ter
315 1040 361 1066 ex
388 1027 452 1066 illo
479 1028 667 1078 principio
695 1029 917 1078 procedant,
937 1028 1008 1066 ibi:
1041 1030 1152 1072 Quod
1177 1035 1302 1067 autem

224 1080 534 1120 ‘exhalationibus
551 1082 573 1104 ²⁶
596 1089 666 1119 etc.

226 1133 229 1135 ’
283 1133 387 1186 Dicit
414 1147 504 1184 ergo
541 1135 667 1186 primo
706 1135 834 1185 quod,
863 1135 952 1184 quia
980 1147 1060 1173 non
1088 1142 1145 1172 est
1170 1143 1301 1173 motus

224 1187 598 1237 -vechnmi,
627 1187 765 1226 scilicet
801 1200 928 1238 neque
964 1201 1117 1226 sursum
1137 1193 1148 1209 ¹
1176 1201 1300 1237 neque

119 1270 123 1276 .
226 1240 427 1290 ameum,
448 1241 517 1280 sed
544 1242 584 1279 in
612 1241 825 1290 obliquum,
847 1241 1034 1279 dubitabit
1060 1241 1192 1291 utique
1217 1242 1302 1291 quis

94 1290 95 1294 ¹
131 1291 156 1314 ³
185 1311 195 1327 ι
228 1293 333 1333 unde
361 1294 408 1332 sit
425 1295 654 1345 principium
681 1303 809 1332 motus
828 1302 1047 1342 ventorum,
1067 1302 1196 1332 utrum
1222 1307 1302 1332 sur-

229 1346 322 1399 ἕψῃ.
345 1355 410 1386 aut
438 1349 634 1387 deorsum.
674 1348 752 1386 Sed
781 1348 887 1397 quod
914 1347 1144 1398 principium
1173 1355 1301 1385 motus

104 1417 124 1452 χ,
210 1392 437 1455 -ffientorum
456 1401 504 1439 sit
522 1414 674 1440 sursum
689 1401 720 1450 ζ,
739 1401 955 1438 manifestat
972 1401 1052 1450 ipse
1072 1413 1148 1449 aer,
1164 1400 1203 1438 in
1223 1413 1300 1450 quo

226 1449 389 1510 ἣρω-εἴ
414 1463 543 1493 motus
561 1454 678 1503 venti,
698 1462 906 1503 antequam
924 1462 1064 1492 ventus
1084 1453 1235 1492 flaverit
1262 1454 1300 1492 in

96 1522 129 1554 ²:41
151 1523 171 1531 ··
223 1505 338 1547 terta.
363 1508 468 1546 Nam
489 1508 520 1546 si
539 1507 759 1558 apparuerit
776 1507 904 1557 aliqua
931 1508 1054 1545 nubes
1082 1515 1149 1545 aut
1167 1508 1299 1556 caligo,

220 1557 382 1600 *effletur
407 1561 557 1600 moveri
586 1573 609 1598 a
635 1568 754 1599 vento
783 1560 860 1598 iam
890 1560 1072 1598 existente
1099 1561 1139 1598 in
1167 1573 1254 1598 aere
1273 1567 1299 1609 ’',

227 1621 436 1673 antequam
453 1614 653 1652 manifeste
671 1614 802 1652 veniat
820 1613 919 1652 circa
943 1621 1095 1662 terram,
1115 1621 1299 1664 tanquam

223 1656 345 1724 fflto
358 1667 530 1707 habente
543 1666 775 1719 principium
789 1675 918 1706 motus
933 1679 1096 1705 sursum.
1118 1667 1196 1706 Sed
1211 1667 1301 1717 quia

223 1726 366 1771 mtus
384 1729 586 1770 generatur
601 1734 647 1760 ex
661 1721 901 1759 multitudine
917 1721 1163 1759 exhalationis
1178 1721 1300 1758 siccae

159 447 207 470 ele-

50 477 60 504 s
93 478 206 502 etmergo

87 818 89 820 ·
118 813 173 833 .’,’ἰ..

326 1881 410 1911 unde,
429 1888 534 1907 cum...
553 1881 617 1907 'solis
634 1895 654 1900 -
672 1881 743 1906 unde
766 1888 826 1906 cum
849 1888 932 1907 causa
955 1881 1138 1915 generationis
1157 1884 1297 1906 ventorum

223 1916 301 1989 ff
312 1916 355 1943 eit
366 1916 488 1978 soliha,
507 1917 549 1943 cui
567 1917 708 1942 concordat
727 1924 819 1950 margo
836 1917 895 1942 Vat-
911 1924 989 1950 2072,
1008 1917 1059 1942 nisi
1077 1917 1150 1950 quod
1168 1925 1217 1950 pro
1234 1917 1299 1942 solis

254 2015 266 2023 ‚y
275 1983 305 2023 se)
319 1984 346 2014 in
359 1989 470 2018 rectum
479 1987 580 2014 scilicet
591 1995 675 2021 neque
687 1995 804 2020 sursum.
813 2001 831 2007 -
845 1991 917 2013 recte
931 1987 958 2013 in
971 1995 1078 2014 sursum
1091 1988 1123 2014 Β.
1131 2002 1152 2008 ·-
1165 1988 1238 2013 Idem
1250 1995 1299 2021 pro

222 2021 361 2055 ,mit
377 2023 469 2056 uisque
485 2023 554 2056 quis,
573 2023 722 2049 dubitatur.

258 2091 263 2096 θ
279 2057 306 2093 ζ)
325 2058 382 2084 Sed
397 2058 502 2093 quod...
520 2066 636 2085 sursum.
653 2073 674 2079 -
693 2059 730 2085 Et
747 2059 820 2092 quod
836 2059 873 2084 sit
892 2059 1058 2092 principium
1082 2061 1170 2085 motus
1191 2066 1298 2085 sursum

224 2093 257 2121 ὰ
270 2093 400 2165 zum&
418 2130 443 2157 si
459 2130 653 2164 apparuerit...
676 2130 731 2156 iam
749 2130 884 2156 existente
902 2130 930 2156 in
949 2137 1021 2156 aere.
1039 2145 1060 2150 -
1078 2130 1115 2156 H
1133 2130 1193 2156 dico
1210 2130 1235 2156 si
1251 2137 1299 2162 ap-

1075 208 1186 245 CAP.
1216 209 1284 256 IV,
1315 208 1468 266 LEQT.
1496 208 1584 245 VIII

2322 212 2429 258 '413

1362 287 1550 324 resolutae
1569 299 1592 324 a
1611 294 1721 335 terra,
1743 287 1986 325 manifestum
2011 296 2067 326 est
2085 290 2203 339 quod,
2224 289 2309 327 licet
2326 290 2430 339 prin-

1362 339 1503 388 cipium
1533 348 1661 378 motus
1690 341 1736 378 sit
1755 341 1930 390 desuper,
1950 349 2080 379 tamen
2109 343 2301 380 materiale
2328 343 2430 393 prin-

1362 392 1504 441 cipium
1532 394 1784 441 generationis
1804 402 1860 432 est
1879 394 1927 432 de
1946 395 2092 432 subtus.
2123 397 2172 432 Et
2194 396 2270 433 hoc
2289 396 2376 433 ideo
2396 397 2427 444 ²¹²,

1360 445 1450 493 quia
1478 447 1526 483 ab
1554 446 1617 484 illo
1646 447 1731 484 loco
1769 447 1897 497 incipit
1930 455 2059 485 motus
2086 448 2211 495 venti,
2246 449 2286 486 in
2314 462 2429 497 quem

1360 498 1480 535 tendit
1507 500 1691 537 exhalatio
1729 500 1829 537 sicca
1858 501 2021 548 elevata;
2035 501 2146 545 ,sicut
2173 502 2221 538 ab
2250 501 2313 538 illo
2341 502 2427 539 loco

1359 550 1488 599 incipit
1515 552 1747 590 descendere
1765 553 1907 602 pluvia,
1929 566 2006 603 quo
2026 554 2196 591 ascendit
2213 567 2349 604 vapor.
2379 556 2429 592 Et

1358 603 1434 639 hoc
1462 614 1621 653 apparet
1640 618 1686 642 ex
1703 607 1779 643 hoc
1807 607 1914 655 quod
1942 615 2070 644 motus
2093 607 2199 645 venti
2218 607 2339 656 magis
2359 608 2426 646 do-

1359 655 1525 694 minatur
1552 657 1591 694 in
1619 658 1712 695 locis
1741 659 1822 696 altis
1850 660 2007 697 remotis
2036 673 2058 697 a
2086 668 2200 707 terra;
2235 668 2272 698 et
2300 661 2425 710 etiam,

1360 721 1448 746 cum
1470 711 1653 747 exhalatio
1674 711 1713 748 in
1733 720 1877 750 rectum
1897 725 2048 750 sursum
2063 713 2213 760 feratur,
2230 713 2282 751 ibi
2298 713 2427 763 incipit

1358 769 1507 809 motus;
1539 771 1575 799 et
1593 763 1632 800 in
1650 765 1735 801 loco
1764 765 1829 802 ubi
1858 767 2140 816 appropinquat
2158 767 2208 803 illi
2225 767 2424 817 principio,

1358 815 1480 863 magis
1497 823 1624 864 potest
1641 825 1778 854 ventus
1796 816 1820 855 ⁰.
1853 819 1929 856 Sed
1957 827 2087 857 tamen
2106 819 2351 858 manifestum
2371 827 2428 858 est

1358 869 1465 917 quod
1491 868 1720 918 principium
1744 871 1997 918 generationis
2024 873 2128 911 venti
2157 880 2213 910 est
2241 885 2286 910 ex
2314 881 2424 911 terra.

1413 922 1447 958 3.
1469 922 1619 960 Deinde
1649 935 1737 960 curn
1766 923 1869 961 dicit:
1904 926 2014 967 Quod
2035 932 2160 963 autem
2180 925 2427 964 exhalationi-

1357 975 1529 1023 bus*etc.,
1550 976 1715 1013 ostendit
1733 978 1930 1024 quomodo
1950 979 2056 1015 venti
2074 979 2289 1028 procedunt
2313 991 2335 1016 a
2354 991 2424 1017 suo

1355 1027 1556 1077 principio.
1585 1029 1635 1066 Et
1654 1029 1741 1066 dicit
1769 1030 1874 1077 quod
1894 1031 1989 1068 sicut
2014 1032 2197 1081 principia
2215 1032 2425 1070 fluviorum

1355 1081 1541 1129 paulatim
1561 1090 1839 1130 congregantur
1858 1096 1903 1120 ex
1924 1084 2081 1122 diversis
2100 1085 2269 1134 partibus
2287 1093 2422 1133 terrae,

1357 1134 1408 1171 ita
1438 1134 1552 1172 etiarn
1584 1135 1768 1184 paulatim
1797 1137 1845 1173 ab
1874 1138 2173 1175 exhalationibus
2207 1139 2382 1176 adunatis
2405 1138 2426 1161 ’¹‘

1358 1196 1610 1236 congregatur
1635 1196 1784 1226 ventus.
1816 1190 1866 1226 Et
1891 1191 1968 1227 hoc
1997 1192 2213 1229 manifestat
2243 1205 2314 1241 per
2346 1192 2424 1229 duo

1357 1240 1474 1288 signa.
1507 1241 1686 1288 Quorum
1714 1255 1835 1279 unum
1864 1250 1939 1291 est,
1975 1245 2081 1292 quod
2107 1245 2211 1282 venti
2243 1244 2392 1282 minimi
2417 1251 2426 1266 ⁸

1358 1301 1543 1343 apparent
1569 1294 1608 1332 in
1636 1295 1729 1332 locis
1755 1296 1794 1333 in
1822 1297 1961 1346 quibus
1989 1298 2170 1345 oriuntur,
2195 1298 2264 1335 sed
2291 1310 2424 1347 proce-

1357 1347 1491 1384 dentes
1517 1348 1617 1385 fiunt
1644 1348 1812 1386 maximi.
1842 1350 1958 1388 Aliud
1986 1350 2136 1398 signum
2165 1357 2232 1399 est,
2253 1351 2359 1400 quod
2386 1350 2424 1389 in

1355 1400 1527 1449 partibus
1555 1402 1923 1451 septentrionalibus,
1945 1403 1983 1440 in
2007 1404 2135 1441 hieme
2164 1411 2220 1441 est
2246 1403 2425 1453 tranquil-

1356 1453 1450 1501 litas,
1473 1461 1510 1491 et
1527 1454 1613 1491 loca
1640 1454 1702 1492 illa
1729 1463 1816 1493 sunt
1845 1455 1926 1493 sine
1943 1464 2062 1494 vento
2086 1457 2250 1503 boreali;
2279 1458 2348 1495 sed
2367 1469 2424 1494 se-

1358 1507 1528 1544 cundum
1557 1509 1664 1557 quod
1682 1508 1870 1546 receditur
1889 1510 1937 1546 ab
1958 1509 2010 1546 eis
2028 1509 2059 1558 ³¹⁸,
2088 1510 2271 1559 paulatim
2292 1510 2424 1547 crescit

1354 1567 1505 1608 ventus,
1535 1568 1573 1598 et
1599 1561 1643 1598 fit
1670 1561 1871 1599 maximus.

1409 1613 1552 1651 Ultimo
1572 1614 1754 1662 recolligit
1772 1616 1878 1663 quod
1894 1614 2037 1653 dictum
2054 1623 2124 1652 est:
2145 1623 2181 1652 et
2196 1623 2252 1653 est
2265 1615 2423 1653 manife-

1357 1673 1459 1704 stum
1474 1667 1513 1704 in
1527 1667 1665 1714 littera;
1687 1668 1755 1706 sed
1771 1675 1920 1718 oportet
1935 1669 2127 1706 attendere
2143 1670 2249 1718 quod
2263 1669 2423 1706 eosdem

1355 1727 1493 1758 ventos
1512 1720 1575 1758 hic
1589 1726 1696 1758 notos
1709 1729 1835 1769 vocat,
1855 1734 1953 1771 quos
1973 1721 2117 1771 supra*
2132 1722 2221 1759 dixit
2235 1730 2383 1759 austros
2397 1728 2422 1759 ⁸.

1349 1884 1482 1914 parerent
1500 1881 1527 1906 in
1546 1888 1610 1907 aere
1636 1882 1690 1907 iam
1715 1882 1849 1907 existente
1867 1882 1896 1907 B.
1914 1895 1934 1901 —
1952 1881 2093 1915 manifeste
2111 1885 2171 1906 ante
2189 1881 2279 1906 veniat
2297 1888 2351 1906 om.
2370 1881 2423 1910 Pa,

1353 1916 1386 1943 cf.
1404 1922 1512 1942 textum.

1406 1950 1431 1985 θ)
1446 1956 1538 1985 potest
1555 1956 1658 1979 ventus.
1670 1966 1690 1972 —
1704 1956 1794 1984 potest
1812 1956 1899 1978 motus
1917 1952 1991 1978 venti
2007 1953 2038 1978 B.
2051 1966 2070 1972 -
2087 1952 2159 1977 Idem
2178 1960 2226 1985 pro
2243 1951 2424 1986 generationis

1354 1988 1435 2017 venti,
1454 1988 1637 2022 generationis
1656 1992 1744 2014 motus
1763 1988 1843 2014 venti.

1408 2023 1427 2057 ι)
1447 2023 1520 2049 venti
1531 2023 1644 2050 minimi.
1656 2038 1676 2043 —
1689 2031 1780 2049 omnes
1793 2024 1866 2049 venti
1878 2023 1985 2048 minime
1996 2024 2027 2049 B.
2039 2037 2059 2043 —
2071 2023 2143 2048 Idem
2156 2031 2205 2057 pro
2218 2024 2351 2054 oriuntur,
2357 2030 2424 2055 pro-

1352 2058 1458 2089 cedunt,
1478 2064 1504 2085 et
1522 2067 1571 2092 pro
1582 2060 1659 2093 fiunt
1677 2059 1800 2089 maximi,
1818 2062 1964 2092 augentur.

1409 2095 1435 2127 κ)
1453 2095 1534 2120 sed...
1548 2097 1665 2120 austros.
1677 2108 1697 2114 -
1713 2095 1762 2121 sed
1779 2095 1920 2120 accedente
1937 2094 2101 2126 (attendes’)
2119 2094 2190 2127 quod
2208 2094 2314 2120 eosdem
2332 2097 2424 2120 ventos

1355 2130 1422 2156 dicit
1440 2130 1513 2164 quod
1530 2137 1616 2163 supra
1633 2130 1747 2156 dixerat
1764 2133 1872 2160 austros
1889 2131 1921 2156 B.
1939 2130 2005 2155 Edd.
2023 2130 2082 2155 add.
2101 2130 2206 2156 Deinde
2223 2137 2283 2156 cum
2302 2129 2376 2155 dicit.

2456 400 2468 411 ⁴
2482 402 2518 421 est
2531 400 2584 423 add.
2599 408 2625 423 Β.

2452 1144 2462 1154 *
2476 1144 2632 1172 congregatis
2641 1150 2664 1165 ιι.

2451 1517 2460 1526 ·
2475 1522 2491 1538 a
2505 1517 2564 1538 locis
2577 1517 2626 1543 illis
2639 1524 2662 1540 u.

2451 1667 2460 1677 ·
2475 1667 2539 1689 Lect.
2553 1667 2658 1695 praeced.

2451 1699 2475 1715 u.
2490 1700 2522 1715 10.
