2782 4134
369 272 418 298 22

1073 257 1144 294 DE
1174 253 1350 292 CAELO
1379 253 1450 290 ET
1479 249 1674 288 MUNDO
1703 248 1798 285 LIB.
1830 248 1843 283 I

1144 495 1443 552 LECTIO
1482 491 1768 550 SEXTA

634 662 911 696 OSTENDITUR
934 659 1101 692 CORPUS
1124 658 1348 690 CAELESTE
1371 657 1471 688 ESSE
1496 655 1814 687 INGENERABILE
1837 655 1897 686 ET
1921 655 2288 688 INCORRUPTIBILE

364 797 503 841 Ὁμοίως
527 790 557 826 δ’
578 795 654 827 εὔλο
683 805 715 825 ον
741 791 923 831 ὑπολαβεῖν
949 791 1023 835 περὶ
1049 790 1158 822 αὑτοῦ
1182 789 1240 820 καὶ
1268 786 1321 821 ὅτι
1349 786 1426 834 ἀγέ-

433 851 533 877 νητον
565 841 622 871 καὶ
649 837 817 882 αφθαρτον
840 836 898 867 καὶ
925 834 1065 875 ἀναυξὲς
1089 835 1147 865 καὶ
1178 834 1423 872 ἀναλλοίωτον,

363 880 426 918 διαὶ
459 884 500 916 τὸ
531 882 702 930 γίγνεσθαι
735 881 793 925 μὲν
829 879 921 912 ἅπαν
955 879 996 912 τό
1032 878 1228 953 γιγνόΐενον
1262 877 1295 918 ἐξ
1331 875 1424 908 ἐναν-

432 930 505 961 τίου
531 940 568 960 τε
591 929 649 959 καὶ
675 924 893 968 ὑποκειμένου
910 923 1014 965 τινός,
1031 926 1089 955 καὶ
1106 934 1127 967 φ
1150 921 1295 967 είρεσθαι
1313 919 1426 952 ὡσαύ-

432 985 496 1010 τως
523 970 739 1015 ὑποκειμένου
764 969 805 1002 τέ
827 981 917 1007 τινος
940 970 998 1000 καὶ
1025 969 1079 1000 ὑπ’
1109 968 1264 1000 ἐναντίου
1294 967 1352 997 καὶ
1377 965 1420 1002 εἱς

432 1017 603 1057 ἐναντίον,
628 1013 780 1059 καθάπερ
806 1013 838 1045 ἐν
865 1017 934 1051 τοῖς
961 1011 1104 1056 πρώτοις
1129 1013 1262 1056 εἴρηται
1284 1009 1419 1053 λόγοις·

431 1062 497 1094 τῶν
514 1056 542 1092 δ’
564 1060 721 1092 ἐναντίων
745 1061 803 1090 καὶ
830 1060 864 1089 αἱ
881 1058 979 1102 φοραὶ
997 1057 1162 1089 ἐναντίαι.
1190 1056 1227 1086 Εἰ
1244 1051 1289 1092 δή
1307 1053 1420 1096 τούτῳ

431 1100 533 1149 μηδὲν
559 1105 710 1137 ἐναντίον
743 1098 816 1134 ἐνδὲ
845 1113 921 1134 εται
946 1096 1005 1133 διαὶ
1034 1102 1075 1134 τό
1103 1102 1162 1132 καὶ
1186 1100 1230 1142 τῇ
1263 1100 1348 1144 φορᾷ
1373 1099 1418 1142 τῇ

428 1149 535 1190 κύκλῳ
553 1148 598 1192 μή
617 1146 700 1180 εἶναι
723 1147 761 1180 ἄν
779 1158 831 1179 τιν
860 1145 1017 1179 ἐναντίαν
1034 1147 1174 1186 κίνησιν,
1191 1143 1291 1188 ὀρθῶς
1313 1144 1418 1176 ἔοικεν

429 1195 449 1231 ἡ
475 1193 566 1237 φύσις
590 1192 630 1226 τὸ
654 1193 776 1237 μέλλον
803 1191 935 1224 ἔσεσθαι
962 1189 1128 1236 ἀγένητον
1159 1190 1219 1221 καὶ
1245 1187 1417 1233 ἄφθαρτον

428 1237 598 1279 ἐξελέσθαι
623 1237 659 1269 ἐκ
689 1237 756 1270 τῶν
786 1236 965 1268 ἐναντίων·
992 1236 1025 1268 ἐν
1051 1239 1120 1272 τοῖς
1154 1234 1320 1272 ἐναντίοις
1352 1233 1416 1279 γοίρ

427 1284 447 1320 ἧ
471 1281 595 1328 γένεσις
618 1283 676 1314 καὶ
701 1281 721 1318 ή
746 1280 863 1326 φθοραί.

413 1382 559 1409 ΞΥΝοΡεις.
568 1395 606 1401 -
618 1379 858 1416 1.Argumentum
870 1384 898 1406 et
909 1377 1010 1406 divisio
1025 1383 1127 1405 textus.
1135 1393 1155 1398 —
1165 1377 1281 1415 Corpus
1294 1377 1418 1406 caeleste

359 1426 402 1449 est
422 1419 581 1459 ingenitum
604 1424 632 1448 et
651 1418 878 1456 incorruptibile.
894 1434 914 1439 -
934 1425 962 1445 2.
983 1417 1079 1445 Omne
1103 1416 1182 1446 enim
1203 1417 1366 1454 generabile
1388 1416 1420 1445 fit

359 1470 393 1489 ex
406 1459 557 1495 contrario,
579 1466 607 1488 et
625 1459 720 1488 omnis
742 1458 888 1495 corruptio
909 1457 1080 1486 terminatur
1092 1457 1123 1485 in
1137 1457 1332 1493 contrarium;
1353 1466 1418 1486 cor-

358 1500 422 1538 pori
436 1506 532 1528 autem
553 1499 664 1528 caelesti
682 1498 753 1527 nihil
773 1504 815 1527 est
829 1497 1014 1533 contrarium,
1036 1503 1124 1534 prout
1136 1504 1216 1535 patet
1235 1507 1269 1526 ex
1283 1497 1346 1526 eius
1366 1507 1418 1526 na-

357 1540 440 1569 turali
455 1546 545 1568 motu.
555 1556 573 1560 —
585 1539 611 1567 3.
624 1537 778 1575 Philoponi
791 1544 959 1576 argumenta
973 1543 1074 1566 contra
1085 1537 1199 1566 thesim.
1213 1539 1241 1573 a)
1252 1537 1418 1566 Auctoritas

358 1579 493 1608 Platonis.
514 1580 542 1615 h)
563 1580 676 1616 Corpus
690 1578 821 1613 caeleste,
843 1584 943 1614 utpote
958 1577 1085 1614 finitum,
1107 1587 1168 1606 non
1182 1578 1270 1606 habet
1282 1578 1418 1606 virtutem

357 1626 389 1648 ut
403 1620 438 1648 sit
451 1619 562 1648 infinito
582 1626 722 1656 tempore.
744 1620 769 1654 c)
790 1619 822 1646 In
843 1618 923 1646 omni
945 1627 1067 1654 corpore
1087 1618 1211 1647 naturali
1233 1625 1277 1647 est
1298 1618 1419 1647 materia

358 1666 386 1688 et
398 1659 528 1696 privatio.
544 1661 620 1696 Ergo
635 1665 677 1687 est
690 1658 818 1696 potentia
833 1659 870 1687 ad
891 1657 1117 1695 corruptionem.
1134 1675 1153 1680 -
1166 1668 1195 1694 4.
1210 1659 1258 1687 Ad
1272 1658 1415 1695 primum:

358 1699 438 1728 Plato
458 1708 519 1727 non
539 1698 635 1736 posuit
656 1698 765 1727 caelum
787 1707 848 1726 esse
862 1697 1039 1736 generationi
1061 1698 1240 1734 subiectum,
1263 1699 1313 1727 sed
1335 1699 1417 1736 quod

357 1745 470 1776 oportet
489 1739 583 1775 ipsum
597 1739 702 1767 habere
716 1747 777 1766 esse
797 1739 834 1766 ab
848 1738 944 1775 aliqua
964 1738 1106 1775 superiori
1120 1747 1216 1767 causa.
1231 1755 1251 1760 —
1268 1739 1293 1767 5.
1309 1739 1416 1774 Quoad

356 1779 522 1814 secundum,
538 1778 696 1807 excluditur
715 1778 809 1815 primo
823 1778 930 1807 solutio
944 1778 1094 1814 Averrois‚
1114 1785 1143 1807 et
1156 1779 1293 1808 asseritur
1306 1779 1337 1807 in
1351 1789 1416 1808 cor-

354 1828 425 1856 pore
440 1818 552 1848 caelesti
565 1818 652 1847 virtus
673 1827 724 1846 seu
743 1817 872 1855 potentia
891 1827 953 1847 non
974 1819 1070 1847 solum
1089 1820 1127 1848 ad
1148 1826 1262 1848 motum
1281 1819 1414 1855 localem,

355 1859 406 1887 sed
420 1858 504 1887 etiam
519 1859 556 1887 ad
570 1867 639 1887 esse.
650 1874 670 1879 -
680 1859 755 1886 Vera
769 1858 884 1886 solutio.
906 1859 948 1886 Ex
969 1867 1006 1887 eo
1021 1859 1101 1896 quod
1115 1859 1204 1887 virtus
1222 1859 1336 1888 essendi
1351 1869 1416 1888 cor-

354 1898 433 1936 poris
448 1898 573 1927 caelestis
587 1898 622 1926 sit
636 1898 723 1934 finita,
735 1907 796 1926 non
810 1898 938 1936 sequitur
952 1899 1033 1936 quod
1045 1899 1081 1927 sit
1094 1899 1132 1928 ad
1146 1899 1326 1928 existendum
1342 1907 1415 1928 tem·

354 1948 425 1975 pore
439 1938 534 1968 finito:
550 1938 617 1976 quia
637 1947 698 1967 esse
718 1938 760 1967 rei
781 1939 860 1975 quod
881 1948 943 1967 non
960 1938 1110 1968 subiicitur
1130 1939 1260 1968 varietati
1274 1939 1415 1977 temporis

355 1979 455 2016 (quale
476 1985 518 2007 est
540 1988 600 2007 esse
621 1978 749 2015 corporis
772 1978 929 2015 caelestis),
951 1979 1090 2008 abstrahit
1110 1989 1128 2008 a
1148 1979 1231 2008 finito
1252 1986 1280 2008 et
1301 1979 1415 2009 infinito

353 2018 500 2055 temporis.
516 2035 534 2040 -
548 2019 575 2046 6.
591 2019 789 2055 Respondetur
803 2019 839 2047 ad
857 2018 988 2055 tertium,
1008 2026 1036 2047 et
1057 2019 1143 2048 simul
1164 2019 1290 2048 reiicitur
1308 2020 1414 2049 solutio

353 2058 496 2087 Averrois.
519 2059 551 2086 ln
572 2067 691 2095 corpore
712 2058 825 2087 caelesti
845 2065 961 2095 oportet
981 2068 1091 2096 ponere
1112 2059 1231 2097 aliquod
1252 2060 1414 2089 subiectum

354 2107 405 2127 seu
418 2098 580 2127 materiam:
602 2108 662 2127 non
676 2098 752 2127 enim
767 2105 808 2127 est
822 2105 901 2127 actus
916 2105 1039 2135 tantum,
1059 2099 1110 2128 sed
1125 2106 1168 2128 est
1182 2100 1291 2128 habens
1306 2107 1412 2129 actum.

353 2139 412 2166 Nec
436 2145 532 2167 tamen
559 2145 672 2175 oportet
696 2139 775 2176 quod
802 2138 878 2167 istud
905 2139 1068 2173 subiectum
1093 2140 1198 2171 habeat
1220 2140 1413 2178 privationem

353 2177 470 2207 alicuius
490 2178 616 2207 formae:
645 2178 779 2207 materiae
799 2179 876 2207 enim
898 2179 1029 2216 corporis
1050 2180 1179 2209 caelestis
1201 2189 1261 2209 non
1283 2187 1326 2209 est
1346 2187 1414 2209 nata

352 2218 445 2246 inesse
459 2218 514 2246 alia
526 2218 628 2254 forma,
641 2227 676 2247 eo
687 2219 765 2255 quod
780 2218 840 2247 eius
854 2219 948 2248 forma
964 2220 1055 2257 replet
1068 2227 1160 2249 totam
1172 2220 1413 2257 potentialitatem

352 2258 495 2286 materiae.
507 2259 590 2286 Unde
604 2258 633 2286 in
647 2267 768 2296 corpore
782 2259 894 2287 caelesti
908 2269 969 2288 non
986 2266 1029 2288 est
1043 2260 1166 2289 mutatio
1181 2261 1342 2289 secundum
1354 2261 1413 2289 for-

352 2307 430 2326 mam
454 2307 504 2334 per
524 2298 737 2335 generationem
761 2305 788 2327 et
811 2300 1036 2336 corruptionem,
1056 2301 1107 2328 sed
1130 2301 1225 2329 solum
1250 2301 1410 2329 secundum

351 2338 407 2366 ubi.
431 2338 550 2366 Materia
570 2345 665 2366 autem
685 2338 774 2375 ipsius
789 2346 831 2367 est
845 2339 960 2368 alterius
982 2340 1101 2369 rationis
1120 2349 1138 2369 a
1154 2341 1274 2369 materia
1294 2341 1411 2370 inferio-

350 2387 415 2405 rum
431 2386 594 2414 corporum,
609 2388 669 2407 non
690 2388 741 2415 per
755 2379 1006 2416 compositionem,
1022 2381 1073 2408 sed
1088 2390 1139 2417 per
1159 2381 1359 2410 habitudinem
1374 2382 1411 2410 ad

350 2417 490 2446 diversam
508 2418 640 2447 formam.
663 2436 682 2440 -
703 2428 730 2455 7.
752 2419 866 2456 Corpus
887 2429 955 2457 ergo
977 2420 1057 2455 caeli,
1078 2427 1180 2457 utpote
1201 2421 1412 2458 propinquissi-

350 2466 431 2485 mum
452 2458 536 2486 rebus
562 2457 776 2494 immobilibus,
805 2459 958 2488 minimum
983 2460 1069 2488 habet
1097 2461 1133 2488 de
1155 2467 1256 2489 motu:
1279 2469 1413 2490 movetur

351 2496 427 2524 enim
442 2504 523 2525 motu
537 2497 665 2526 circulari
685 2504 808 2526 tantum.
824 2515 843 2520 —
857 2500 924 2527 Non
946 2506 988 2527 est
1003 2506 1100 2528 autem
1115 2507 1216 2529 contra
1230 2501 1411 2530 demonstra-

349 2536 459 2565 tionem
479 2537 639 2572 Aristotelis
660 2537 753 2566 dicere
767 2539 926 2566 secundum
948 2539 1034 2567 fidem
1056 2540 1227 2568 catholicam
1246 2542 1325 2578 quod
1348 2551 1413 2570 cae·

350 2576 411 2604 lum
426 2576 559 2613 incoepit,
575 2583 715 2614 quatenus
730 2578 903 2614 productum
918 2585 960 2606 est
974 2588 991 2607 a
1010 2580 1072 2607 Deo
1087 2581 1246 2608 secundum
1261 2588 1351 2610 totam
1367 2582 1411 2610 sui

351 2616 539 2644 substantiam
560 2618 595 2644 ab
621 2617 719 2653 aliquo
747 2617 888 2654 principio
916 2618 1063 2655 temporis.
1087 2637 1106 2641 -
1126 2621 1153 2648 8.
1179 2621 1251 2649 Tres
1273 2621 1411 2658 Simplicii

352 2655 527 2684 obiectiones
542 2663 642 2685 contra
656 2657 720 2685 hoc.
737 2659 765 2692 a)
780 2659 858 2686 Deus
873 2658 1007 2694 produxit
1024 2659 1134 2688 caelum
1150 2662 1309 2689 secundum
1325 2671 1410 2690 suum

352 2703 423 2730 esse,
439 2696 517 2732 quod
541 2702 583 2724 est
603 2703 749 2724 aeternum
774 2704 801 2725 et
826 2697 1003 2727 invariabile:
1022 2709 1090 2737 ergo
1113 2709 1226 2737 semper
1247 2702 1357 2730 caelum
1373 2703 1409 2731 ab

353 2743 387 2763 eo
402 2735 546 2772 processit.
562 2736 589 2772 b)
611 2736 698 2764 Secus
713 2737 825 2765 bonitas
840 2737 892 2766 Dei
908 2738 1006 2767 fuisset
1020 2740 1056 2767 ab
1071 2747 1188 2769 aeterno
1211 2741 1305 2770 otiosa
1320 2749 1347 2770 et
1362 2752 1409 2771 va-

352 2783 428 2803 cans.
451 2777 477 2811 c)
492 2776 570 2811 Item,
585 2785 671 2812 supra
692 2783 804 2805 motum
826 2778 896 2806 caeli
918 2786 1063 2815 oporteret
1084 2780 1145 2808 dari
1166 2780 1254 2809 alium
1276 2789 1409 2819 motum,

493 2891 516 2903 ι»
550 2875 597 2912 0„
614 2876 789 2918 ostquam
818 2871 1072 2921 Philosophus
1109 2875 1273 2912 ostendit
1300 2875 1407 2914 diffe-

506 2951 527 2966 χ
580 2924 589 2937 ’·
614 2923 771 2960 rentiam
801 2924 918 2972 quinti
949 2926 1115 2975 corporis
1144 2928 1192 2965 ad
1225 2928 1297 2966 alia
1326 2942 1408 2968 cor-

558 2976 565 2990 ’·
584 3012 594 3023 s
612 2988 706 3024 pora
733 2989 831 3025 quae
851 2986 938 3015 sunt
965 2979 1036 3026 hic,
1060 2993 1103 3017 ex
1122 2989 1227 3030 parte
1248 2982 1408 3021 levitatis

416 3052 419 3055 -
499 3055 506 3068 t
546 3019 593 3066 ,Ψ
614 3036 649 3066 et
664 3030 864 3078 gravitatis,
877 3033 1087 3070 secundum
1104 3035 1408 3086 quod“corp0ra

352 3079 491 3117 habent
527 3080 806 3120 inclinationem
851 3085 898 3122 ad
936 3093 1085 3124 motum
1129 3088 1318 3135 localem;
1347 3091 1408 3128 hic

354 3133 514 3170 ostendit
546 3134 793 3174 differentiam
823 3138 941 3187 quinti
971 3140 1139 3190 corporis
1168 3143 1216 3179 ad
1246 3155 1407 3193 corpora

354 3197 452 3233 quae
485 3194 570 3224 sunt
602 3187 685 3235 hie,
724 3191 932 3228 secundum
967 3193 1060 3230 alios
1097 3202 1249 3242 motu83
1284 3205 1408 3235 osten-

355 3237 447 3275 dens
467 3239 603 3276 seilicet
622 3242 723 3289 quod
744 3243 831 3281 illud
853 3257 989 3294 corpus
1009 3259 1087 3284 non
1108 3248 1302 3287 subiicitur
1329 3251 1408 3288 aliis

355 3291 541 3349 motibus,
579 3293 714 3341 quibus
750 3296 843 3333 haee
880 3311 1039 3348 corpora
1069 3301 1327 3341 subiiciuntur.
1362 3306 1411 3341 Et

355 3355 478 3392 primo
512 3347 673 3383 ostendit
705 3348 778 3384 hoc
805 3362 872 3398 per
905 3352 1104 3400 rationem;
1135 3356 1304 3394 secundo
1342 3370 1411 3407 per

118 3399 203 3422 '11⁶⁶ss
214 3406 263 3428 “q-
277 3406 329 3429 ῃ-5-
357 3395 481 3444 signa,
511 3397 580 3434 ibi:
616 3400 765 3437 Videtur
792 3408 914 3440 autem
944 3411 978 3441 et
1004 3407 1099 3444 ratio
1121 3409 1140 3429 *⁸
1162 3416 1230 3446 etc.

412 3449 521 3486 Circa
539 3451 704 3499 primum
725 3453 801 3491 duo
831 3455 926 3493 facit.
955 3459 1084 3496 Primo
1105 3462 1283 3511 proponit
1306 3464 1411 3512 quod

1480 789 1497 808 *
1513 788 1662 820 Similiter
1672 796 1781 820 autem
1793 788 1981 820 rationabile
1994 789 2171 821 existimare
2187 790 2226 821 de
2238 790 2311 832 ipso
2328 797 2360 822 et
2371 792 2461 834 quod
2470 791 2556 833 inge-

1546 834 1651 865 nitum
1668 840 1699 864 et
1714 833 1956 874 incorruptibile
1968 840 2000 865 et
2013 833 2284 875 inaugmentabile
2301 842 2332 867 et
2346 835 2557 868 inalterabile:

1479 886 1609 920 propter
1623 878 1691 909 fieri
1707 878 1840 923 quidem
1859 888 1958 909 omne
1981 879 2160 919 generabile
2185 889 2222 911 ex
2246 881 2406 912 contrario
2429 888 2461 913 et
2482 882 2557 913 sub-

1544 924 1627 954 iecto
1655 923 1815 964 quodam,
1845 929 1877 954 et
1905 923 2070 964 corrumpi
2100 923 2245 956 similiter
2275 925 2446 967 supposito
2475 936 2557 968 quo-

1544 968 1635 1006 dam,
1656 974 1688 999 et
1711 978 1729 998 a
1749 967 1908 999 contrario
1935 975 1966 999 et
1986 967 2020 999 in
2041 969 2255 1009 contrarium,
2277 970 2557 1011 quemadmodum

1542 1012 1576 1043 in
1600 1012 1711 1053 primis
1735 1012 1859 1044 dictum
1881 1018 1929 1044 est
1951 1013 2164 1046 sermonibus.
2181 1013 2427 1047 Contrariorum
2447 1021 2558 1048 autem

1543 1064 1574 1088 et
1592 1057 1727 1088 lationes
1747 1057 1931 1088 contrariae.
1948 1057 1981 1089 Si
2001 1064 2110 1089 autem
2126 1065 2158 1090 et
2172 1058 2247 1090 huic
2263 1059 2343 1090 nihil
2358 1059 2556 1091 contrarium

1542 1101 1698 1142 contingit
1720 1111 1799 1141 esse,
1824 1111 1864 1132 eo
1887 1102 1978 1143 quod
2002 1102 2200 1134 circulationi
2223 1113 2291 1134 non
2308 1109 2356 1135 est
2379 1103 2556 1136 contrarius

1541 1153 1670 1185 motus,
1693 1153 1776 1177 recte
1799 1145 1924 1178 videtur
1947 1153 2061 1178 natura
2084 1146 2231 1179 futurum
2250 1148 2431 1189 ingenitum
2453 1155 2486 1181 et
2507 1148 2556 1180 in-

1542 1191 1747 1232 corruptibile
1768 1190 1920 1222 exemisse
1941 1202 1960 1222 a
1977 1191 2159 1224 contrariis:
2181 1192 2264 1224 inter
2283 1194 2442 1226 contrari·
2466 1193 2556 1227 enim

1541 1236 1703 1277 generatio
1726 1242 1758 1267 et
1781 1235 1944 1277 corruptio
1968 1243 2025 1268 est.

1474 1386 1526 1414 per
1550 1376 1685 1406 ordinem
1699 1378 1738 1406 ad
1752 1386 1841 1415 quem
1862 1377 2006 1406 diceretur
2026 1378 2140 1406 caelum
2161 1377 2325 1416 incoepisse
2342 1377 2374 1408 in
2387 1378 2487 1418 aliqua
2502 1378 2554 1414 'de-

1473 1416 1627 1446 terminata
1648 1423 1730 1455 parte
1752 1417 1909 1454 temporis,
1933 1427 2002 1447 cum
2023 1417 2103 1455 prius
2123 1427 2186 1447 non
2206 1418 2301 1448 fuerit.
2315 1435 2336 1441 -
2350 1428 2379 1456 9.
2394 1419 2556 1453 Solmffli*

1473 1457 1618 1494 praefatae
1639 1457 1829 1487 obiectiones.
1850 1460 1880 1494 a)
1901 1459 1982 1487 Deus
2002 1459 2195 1496 producendo
2216 1467 2263 1488 rea
2284 1460 2448 1489 secundum
2460 1469 2552 1496 amm

1473 1506 1536 1526 esse
1546 1519 1555 1534 ‚
1584 1498 1721 1535 produxit
1749 1507 1798 1527 eas
1819 1498 1981 1527 secundum
2002 1508 2089 1527 suum
2116 1498 2275 1538 intelligere
2300 1506 2330 1528 et
2353 1499 2442 1529 velle:
2470 1501 2554 1540 quod

1473 1544 1571 1566 autem
1586 1539 1644 1567 hoc
1661 1539 1754 1567 modo
1768 1537 1948 1576 producitur,
1962 1545 2080 1576 oportet
2097 1547 2161 1568 esse
2174 1538 2224 1568 tali
2238 1540 2331 1569 modo
2347 1546 2376 1569 et
2389 1541 2554 1570 secundum

1473 1587 1539 1606 eam
1553 1578 1737 1607 durationem
1752 1585 1780 1607 et
1794 1578 1996 1616 quantitatem,
2018 1585 2107 1616 prout
2123 1579 2352 1609 determinatum
2370 1586 2415 1609 eat
2434 1580 2467 1610 in
2486 1580 2553 1619 ipen

1472 1618 1619 1648 intellectu
1633 1620 1822 1656 producente.
1837 1620 1866 1655 b)
1882 1619 2002 1648 Bonitas
2017 1619 2116 1648 divina
2129 1629 2191 1650 non
2201 1620 2302 1650 fuisset
2315 1620 2413 1650 otiosa
2424 1619 2551 1658 etiamsi

1472 1658 1582 1688 nullam
1604 1659 1788 1696 produxisset
1809 1666 1987 1689 creaturam:
2009 1668 2072 1689 non
2090 1659 2170 1689 enim
2191 1667 2235 1690 est
2254 1667 2376 1698 propter
2395 1667 2552 1703 creamus,

1473 1699 1523 1727 sed
1538 1707 1554 1728 e
1569 1708 1721 1728 converso.
1743 1701 1770 1735 c)
1792 1697 1956 1728 Difficultas
1977 1699 2075 1728 locum
2097 1700 2184 1729 habet
2204 1700 2235 1730 in
2255 1707 2360 1739 agente
2373 1700 2551 1739 particulari,

1472 1740 1553 1776 quod
1568 1739 1708 1776 supponit
1720 1746 1836 1777 tempus
1850 1746 1879 1768 et
1893 1739 1924 1768 in
1938 1746 2019 1777 parte
2039 1740 2182 1777 temporis
2200 1746 2355 1778 operatur3
2376 1750 2439 1771 non
2450 1744 2553 1772 auten

1471 1778 1502 1808 in
1515 1786 1620 1817 agente
1633 1779 1799 1816 universali,
1820 1780 1903 1818 quod
1919 1780 2057 1818 produxit
2071 1787 2168 1809 totum
2181 1787 2298 1818 tempus
2315 1780 2404 1811 simul
2417 1790 2487 1818 oum
2503 1782 2553 1817 his

1471 1828 1547 1858 quae
1568 1826 1636 1848 sunt
1655 1819 1685 1848 in
1707 1826 1848 1857 tempore.
1864 1837 1883 1842 -
1902 1829 1947 1849 ιο.
1964 1821 2075 1850 Contra
2090 1820 2374 1851 demonstrationem
2386 1821 2553 1857 Aristotelia

1471 1860 1515 1897 (n.
1531 1860 1560 1895 2)
1576 1859 1702 1889 obiectio
1720 1859 1887 1898 Philoponi.
1910 1860 1941 1889 Si
1961 1860 2033 1889 nihil
2046 1867 2201 1899 generatur
2213 1867 2265 1890 aut
2285 1860 2484 1900 corrumpitur
2495 1861 2553 1892 nisi

1471 1900 1553 1937 quod
1566 1901 1654 1929 habet
1665 1900 1853 1936 contrarium,
1865 1910 1932 1930 cum
1943 1901 2121 1930 substantiae
2134 1901 2208 1930 nihil
2219 1901 2256 1930 ait
2269 1901 2460 1938 eontrarium,
2470 1903 2552 1933 nlla

1471 1940 1631 1970 substantia
1643 1941 1829 1978 generabitur
1842 1947 1893 1970 aut
1906 1948 2119 1979 corrumpetur.
2127 1957 2148 1964 -
2158 1941 2258 1971 Prima
2267 1942 2422 1980 responsio
2432 1942 2551 1982 Simpli-

1469 1979 1515 2009 cii.
1531 1980 1709 2018 Principium
1723 1980 1888 2010 Aristotelis
1906 1981 2126 2019 intelligendum
2141 1988 2185 2011 est
2199 1982 2236 2012 de
2250 1982 2399 2013 contrario
2413 1991 2550 2024 coninu-

1470 2020 1545 2049 niter
1559 2020 1647 2056 dicto,
1663 2027 1751 2058 prout
1767 2020 1889 2050 includit
1903 2021 1990 2050 etiam
2012 2021 2246 2051 contrarietatem
2263 2021 2434 2059 privationis
2448 2029 2478 2052 et
2490 2020 2549 2054 ibr-

1471 2061 1676 2090 mae.—Altera
1687 2061 1818 2090 eiusdem
1830 2061 1993 2098 responsio,
2002 2071 2078 2099 quae
2089 2068 2133 2090 est
2143 2071 2212 2091 vera
2222 2062 2331 2092 solutio
2342 2062 2374 2092 in
2384 2063 2548 2102 proposito.

1470 2101 1655 2130 SubstantIae
1666 2111 1727 2130 non
1741 2108 1784 2130 est
1795 2100 1904 2139 aliquid
1919 2102 2098 2131 contrarium
2113 2103 2276 2131 secundum
2291 2102 2491 2141 compositum
2503 2104 2550 2134 vel

1469 2141 1621 2170 materiam
1642 2142 1687 2170 vel
1709 2142 1835 2170 formam
1855 2141 2086 2177 substantialem,
2107 2143 2159 2172 sed
2180 2149 2224 2172 est
2239 2142 2351 2180 aliquid
2367 2142 2549 2179 conti-arima

1469 2182 1630 2210 secundum
1645 2181 1797 2218 qualitates
1806 2203 1814 2217 ,
1836 2190 1912 2218 quae
1925 2188 1994 2210 sunt
2008 2181 2128 2219 propria
2141 2181 2296 2220 dispositio
2310 2183 2349 2213 ad
2363 2183 2551 2221 sumansu

1469 2221 1539 2249 haec
1553 2221 1752 2257 contrarietas,
1764 2230 1824 2259 qua
1837 2228 1916 2250 caret
1929 2231 2036 2259 corpus
2050 2222 2183 2258 caeleste,
2198 2222 2355 2260 requiritur
2367 2222 2399 2252 in
2408 2223 2550 2254 omibua

1468 2270 1543 2299 quae
1562 2268 1737 2299 generantur
1750 2268 1779 2290 et
1793 2269 2030 2300 corrumpuntur.
2041 2279 2061 2285 -
2075 2271 2085 2291 t
2096 2271 2121 2291 1.
2133 2262 2201 2292 Alia
2214 2260 2371 2293 difficultas
2384 2263 2516 2295 solvier.
2528 2281 2548 2288 -

1472 2309 1516 2329 ¹2.
1539 2301 1638 2330 Tertia
1659 2299 1816 2330 difficultas
1842 2301 2012 2331 excluditur.
2034 2319 2053 2324 -
2078 2302 2123 2331 13.
2145 2302 2212 2332 Alia
2237 2300 2404 2333 difficultas.
2425 2303 2551 2335 Videtur

1466 2342 1547 2379 quod
1569 2341 1757 2371 contrarietas
1779 2349 1914 2371 motuum
1936 2352 1998 2372 non
2019 2350 2217 2380 consequatur
2230 2343 2468 2374 contrarietatem
2482 2353 2547 2374 mo-

1467 2381 1582 2410 bilium:
1609 2382 1687 2410 idem
1708 2381 1787 2411 enim
1816 2391 1940 2412 numero
1965 2389 2009 2412 est
2035 2383 2231 2420 susceptivum
2259 2384 2489 2421 contrariorum,
2518 2391 2548 2414 et

1468 2429 1600 2450 movetur
1625 2422 1777 2451 contrariis
1798 2423 1941 2452 motibus:
1964 2423 2045 2461 quod
2067 2423 2258 2453 confirmatur
2279 2425 2414 2462 exemplo
2428 2423 2504 2454 aeris
2518 2431 2548 2454 et

1466 2462 1590 2491 animae.
1603 2479 1619 2483 -
1636 2462 1734 2491 Prima
1751 2463 1914 2500 responsio.
1929 2463 2100 2493 Aristoteles
2114 2463 2213 2501 posuit
2227 2465 2317 2502 quod,
2333 2464 2357 2494 si
2371 2471 2471 2494 motus
2484 2474 2547 2494 non

1467 2509 1533 2531 sunt
1554 2503 1699 2538 contrarii,
1719 2503 1800 2541 quod
1820 2512 1874 2532 nec
1896 2503 1983 2533 etiam
2002 2503 2124 2533 mobilia
2144 2511 2212 2533 sunt
2228 2505 2389 2542 contraria;
2410 2505 2463 2534 sed
2483 2514 2547 2535 non

1467 2542 1564 2579 posuit
1585 2552 1600 2571 e
1622 2552 1773 2572 converso.
1785 2544 1914 2573 -Altera
1928 2544 2091 2582 responsio.
2111 2544 2306 2574 Alterationes
2330 2554 2408 2583 quae
2430 2545 2506 2575 fiunt
2527 2554 2546 2575 a

1466 2582 1612 2620 principiis
1627 2583 1802 2620 extrinsecis,
1818 2583 1889 2612 nihil
1903 2584 2039 2622 prohibet
2060 2594 2123 2613 esse
2137 2584 2213 2614 circa
2228 2585 2320 2621 idem,
2340 2585 2428 2615 etiam
2449 2585 2474 2615 si
2487 2585 2547 2615 sint

1465 2623 1643 2659 contrariae3
1666 2625 1716 2652 sed
1738 2624 1924 2654 alterationes
1946 2624 2109 2654 contrariae
2137 2625 2342 2663 provenientes
2362 2635 2380 2655 a
2400 2625 2546 2664 principio

1465 2662 1630 2699 intrinseco,
1646 2671 1866 2702 consequuntur
1880 2665 2116 2694 contrarietatem
2127 2665 2297 2702 mobilium
2308 2672 2337 2695 et
2351 2666 2455 2696 eadem
2468 2665 2545 2696 ratio

1465 2710 1506 2731 est
1523 2704 1552 2732 in
1574 2704 1701 2733 motibus
1722 2705 1873 2734 localibus.
1885 2721 1905 2727 -
1918 2706 2018 2734 Motus
2039 2712 2139 2734 autem
2159 2705 2234 2735 aeris
2256 2706 2396 2736 naturalis
2417 2715 2480 2736 nou
2499 2712 2545 2736 est

1464 2753 1578 2772 sursum
1594 2751 1622 2773 et
1636 2745 1775 2773 deorsum
1797 2752 1930 2783 respectu
1951 2745 2096 2774 eiusdem:
2119 2747 2198 2775 unde
2219 2755 2282 2775 non
2303 2753 2347 2776 est
2367 2745 2408 2776 ibi
2429 2752 2546 2776 contra-

1464 2783 1558 2812 rietas.
1572 2801 1591 2806 -
1603 2785 1776 2822 Exemplum
1783 2794 1861 2814 ·vero
1876 2786 1913 2814 de
1929 2792 2012 2815 motu
2026 2786 2143 2815 animae
2157 2795 2219 2815 non
2233 2793 2278 2815 est
2297 2787 2335 2815 ad
2348 2786 2546 2824 propositum.

1461 2877 1636 2916 intendit:
1658 2886 1695 2916 et
1714 2878 1803 2916 dicit
1823 2879 1930 2928 quod
1945 2879 2043 2917 sicut
2062 2862 2206 2917 dictum
2226 2888 2283 2917 est
2297 2880 2317 2902 '¹‘
2334 2879 2383 2918 de
2412 2880 2546 2931 quinto
2574 2889 2586 2902 ⁸

1462 2943 1623 2982 corpore
1657 2932 1764 2982 quod
1793 2941 1896 2971 caret
1918 2934 1938 2954 ²⁸
1959 2933 2142 2982 gravitate
2172 2940 2208 2970 et
2237 2933 2412 2983 levitate,
2443 2934 2546 2973 simi·
2574 2944 2585 2955 ·

1461 2985 1544 3022 liter
1578 2985 1800 3023 rationabile
1837 2994 1894 3024 est
1928 2986 2131 3024 aestimare
2167 2987 2215 3024 de
2244 2987 2330 3037 ipso
2363 2988 2471 3038 quod
2498 2987 2546 3028 sit

1462 3038 1671 3087 ingenitum
1702 3047 1739 3077 et
1768 3040 2054 3090 incorruptibile
2088 3047 2126 3077 et
2155 3039 2479 3090 inaugmentabile
2509 3049 2548 3081 et

1463 3091 1715 3141 inalterabile,
1747 3093 1845 3131 idest
1878 3106 1957 3131 non
1990 3093 2206 3131 subiectum
2242 3094 2479 3143 generationi
2509 3102 2547 3134 et

1463 3146 1708 3196 corruptioni,
1739 3159 1866 3197 neque
1896 3155 2105 3196 augmento
2136 3160 2262 3198 neque
2291 3148 2513 3188 alterationi.

1517 3199 1697 3237 Secundo
1727 3199 1796 3243 ibi:
1826 3201 1988 3251 Propter
2004 3201 2102 3250 fieri
2121 3202 2272 3251 quidem
2302 3210 2386 3250 etc.,
2406 3202 2545 3252 probat

1463 3253 1723 3302 propositum:
1761 3261 1798 3291 et
1834 3254 1960 3304 primo
1999 3254 2166 3293 ostendit
2204 3267 2343 3304 corpus
2382 3255 2544 3293 caeleste

1465 3317 1547 3343 esse
1577 3307 1833 3355 ingenerabile
1855 3316 1890 3345 et
1911 3308 2214 3358 incorruptibile3
2245 3308 2417 3346 secundo
2437 3309 2544 3359 quod

1465 3367 1520 3396 est
1553 3359 1895 3409 inaugmentabile,
1931 3361 2003 3400 ibi:
2033 3363 2086 3399 At
2118 3373 2210 3400 vero
2246 3367 2284 3399 et
2317 3368 2543 3413 augmenta-

1465 3412 1535 3449 bile
1555 3413 1574 3434 ³⁴
1596 3421 1684 3460 etc.;
1714 3414 1823 3452 tertio
1853 3415 1959 3465 quod
1989 3427 2069 3453 non
2090 3423 2145 3452 est
2174 3415 2379 3464 alterabile,
2411 3416 2479 3454 ibi:
2501 3416 2544 3454 Si

1465 3471 1589 3503 autem
1619 3473 1674 3504 est
1698 3474 1734 3505 et
1761 3468 2085 3520 inaugmentabile
2114 3470 2134 3491 ¹⁸
2164 3477 2234 3506 etc.

409 3607 436 3640 α)
455 3609 597 3634 secundum
616 3610 694 3643 quod.
706 3625 725 3630 -
737 3613 878 3639 secundum
893 3623 959 3647 quae
978 3618 1051 3643 codd.
1064 3633 1083 3638 —
1095 3619 1156 3645 Post
1176 3622 1239 3647 duas
1254 3623 1333 3648 lineas
1348 3623 1389 3649 hic
1401 3632 1454 3650 om.
1474 3625 1650 3660 BCDFHpGl.
1663 3642 1682 3647 -
1695 3629 1745 3653 Pro
1763 3629 1876 3659 scilicet,
1897 3630 1968 3663 quod
1987 3637 2041 3655 om.
2058 3630 2123 3662 9⁸13,
2143 3634 2170 3657 et
2188 3631 2221 3662 B,
2243 3631 2269 3657 in
2290 3632 2350 3666 lpE.

2585 796 2737 847 'Tae-‚2²
2763 846 2767 847 ⁷
