2690 4062
1034 219 1147 256 CAP.
1178 219 1246 266 lx,
1277 219 1429 256 LECT.
1460 220 1513 256 lx

2287 236 2372 260 XLIX

990 479 1291 537 LECTIO
1329 482 1553 538 NONA

170 639 382 673 PRAETER
405 638 583 671 CAUSAM
605 639 896 670 MATERIALEM
919 639 977 670 ET
1005 640 1249 672 FORMALEM
1273 642 1599 676 GENERABILIUM
1622 645 1895 683 REQUIRITUR
1925 646 2140 684 QUAEDAM
2163 647 2327 679 TERTIA
2352 666 2370 671 -

832 697 1148 729 IMPROBANTUR
1171 698 1401 731 OPINIONES
1426 700 1709 732 CONTRARIAE

163 833 262 865 Ἐπεὶ
285 825 315 862 δ’
343 830 438 863 ἐστὶν
463 830 536 862 ἔνια
560 829 694 877 γενητοὶ
719 831 779 862 καὶ
803 829 958 875 φθαρτά,
983 833 1042 884 καὶ
1068 832 1088 868 ἠ
1113 831 1242 878 γένεσις
1298 833 1314 850 *
1339 836 1425 874 Quia
1446 847 1523 868 vero
1547 845 1621 869 sunt
1644 840 1802 880 quaedam
1825 841 2014 881 generabilia
2037 849 2068 873 et
2090 842 2316 883 corruptibilia,
2341 850 2371 875 et

237 874 404 922 τυγχάνει
431 873 517 907 οὖσα
543 875 576 907 ἐν
601 876 650 916 τῷ
677 877 750 918 περὶ
777 876 818 907 ‘ro‘
843 875 946 918 μέσον
972 888 1082 918 τοπῳ,
1102 876 1243 909 λεκτέον

236 922 312 965 περὶ
337 918 449 957 πάσης
475 918 637 965 γενέσεως
656 920 777 962 ὁμοίως
802 919 909 953 πόσαι
934 933 972 953 τε
996 923 1055 953 καὶ
1077 923 1165 960 τίνες
1183 922 1245 954 αὖ-

235 966 300 1003 τῆς
325 966 360 996 αἱ
387 962 509 1020 ἀρχαί·
534 965 616 1009 ῥᾷον
634 964 700 1010 γάρ
720 963 810 997 οὕτω
829 966 878 998 τά
899 963 975 997 καθ’
998 964 1146 998 ἕκαστον
1164 965 1243 998 θεω-

234 1009 319 1054 ρήσο
347 1021 402 1050 εν,
434 1020 519 1042 οταν
546 1010 621 1054 περὶ
646 1010 714 1041 τῶν
738 1008 886 1042 καθόλου
909 1009 1068 1054 λάβωμεν
1094 1012 1242 1056 πρῶτον.

167 1055 260 1091 Εἰσὶν
285 1066 343 1087 ουν
367 1055 427 1086 καὶ
452 1053 513 1086 τὸν
540 1053 678 1098 ἀριθμόν
703 1055 776 1085 ἴσαι
799 1056 858 1086 καὶ
885 1055 932 1095 τῷ
958 1053 1048 1100 γένει
1073 1057 1108 1086 αἱ
1134 1056 1244 1088 αὐταὶ

237 1099 336 1143 α’ίπερ
370 1099 404 1130 ἐν
434 1102 507 1136 τοῖς
539 1094 659 1136 ἀϊδίοις
692 1110 730 1130 τε
761 1100 820 1131 καὶ
853 1098 1017 1143 πρώτοις·
1044 1099 1065 1135 ἣ
1091 1099 1152 1142 μὲν
1176 1099 1242 1146 γάρ

237 1144 331 1176 ἐστιν
349 1143 392 1181 ὥς
417 1142 495 1184 ὕλη,
514 1143 536 1180 ἡ
553 1139 584 1174 δ’
604 1144 646 1181 ὥς
672 1142 795 1198 μορφή.
822 1145 880 1175 Δεῖ
901 1139 940 1175 δέ
963 1145 1021 1175 καὶ
1039 1142 1104 1180 τήν
1122 1147 1242 1187 τρίτην

235 1188 290 1229 §vt
315 1188 586 1233 προσυπάρχειν·
614 1188 653 1220 οὗ
677 1199 743 1233 γαρ
769 1189 885 1220 ἱκαναὶ
910 1187 992 1232 πρὸς
1017 1188 1059 1220 τὸ
1079 1190 1244 1234 γεννῆσαι

237 1235 274 1266 αἱ
296 1227 374 1273 δύο,
398 1230 555 1276 καθάπερ
582 1228 653 1264 οὐδ’
675 1233 708 1265 ἐν
733 1235 806 1270 τοῖς
831 1231 990 1276 πρώτοις.
1024 1232 1078 1270 Ὣς
1129 1236 1163 1266 ἐν
1185 1232 1243 1267 οὖν

236 1276 299 1315 ὕλη
326 1281 399 1315 τοῖς
422 1281 578 1323 γενητοῖς
595 1277 688 1310 ἐστὶν
707 1278 818 1309 αἴτιον
844 1276 887 1309 τὸ
910 1272 1059 1309 δυνατὸν
1078 1290 1165 1311 ειναι
1184 1281 1243 1312 καὶ

234 1322 284 1368 μή
308 1318 407 1354 εἶναι.
445 1323 499 1355 Τά
523 1321 582 1366 μὲν
607 1321 673 1368 γάρ
707 1320 742 1362 ἐξ
775 1320 927 1367 άνάγκης
958 1322 1073 1362 ἐστίν,
1102 1323 1170 1362 οἷον
1196 1323 1243 1356 τοὶ

237 1362 347 1407 ἀίδια,
374 1366 422 1400 τοὶ
445 1362 476 1398 δ’
505 1367 540 1408 ἐξ
567 1365 719 1413 ἀνάγκης
745 1366 806 1398 οὐκ
830 1365 938 1398 ἔστιν.
968 1364 1107 1398 Τούτων
1132 1362 1170 1400 δὲ
1196 1368 1244 1401 τοὶ

235 1411 296 1456 μὲν
323 1406 496 1444 ἀδύνατον
522 1411 570 1455 μή
595 1407 703 1452 εἶναι,
731 1410 780 1444 τά
801 1406 840 1442 δὲ
866 1406 1040 1443 ἀδύνατον
1073 1408 1159 1444 εἶναι
1184 1407 1245 1445 διά

187 1474 192 1475 ⁷
234 1456 277 1490 τὰ
301 1455 350 1500 μή
374 1451 573 1500 ἐνδέχεσθαι
597 1454 696 1499 παρὰ.
718 1456 761 1486 τὸ
787 1455 975 1501 ἀναγκαῖον
1003 1454 1112 1495 ἄλλως
1138 1457 1242 1502 ἔχειν.

179 1541 182 1544 ‚
227 1500 328 1533 Ἔνιοι
351 1495 390 1533 δὲ
413 1503 472 1533 καὶ
497 1497 584 1532 εἶναι
610 1500 671 1531 καὶ
695 1498 743 1542 μή
768 1495 855 1531 εἶναι
879 1494 1034 1540 δυνατά,
1061 1499 1141 1547 ὅπερ
1167 1503 1243 1535 ἐστὶ

235 1545 278 1580 τό
302 1544 447 1591 γενητὸν
471 1546 531 1577 καὶ
554 1542 724 1588 φθαρτόν·
750 1545 839 1576 ποτὲ
856 1543 916 1588 μὲν
934 1544 1000 1590 γάρ
1018 1543 1092 1579 ἐστι
1118 1548 1241 1588 τοῦτο,

234 1591 325 1624 ποτὶ
348 1586 378 1622 δ’
408 1590 469 1622 οὐκ
493 1589 602 1622 ἔστιν.
629 1587 727 1620 “Qu-‘r’
757 1588 891 1635 ἀνάγκη
916 1590 1046 1636 γένεσιν
1071 1587 1159 1623 εἶναι
1182 1594 1242 1624 καὶ

233 1633 360 1680 φθοράν
385 1635 461 1679 περὶ
485 1633 527 1667 τὸ
550 1629 698 1666 δυνατὸν
720 1629 806 1665 εἶναι
829 1635 889 1666 καὶ
906 1635 954 1678 μή
974 1631 1073 1667 εἶναι.
1101 1636 1158 1668 Διὸ
1182 1639 1241 1669 καὶ

234 1680 277 1718 ὥς
301 1679 362 1724 μὲν
387 1677 450 1716 ὕλη
476 1676 574 1710 τοῦτ’
595 1678 690 1710 ἐστὶν
716 1679 828 1710 αἴτιον
854 1683 926 1717 τοῖς
951 1684 1122 1726 γενητοῖς,
1141 1682 1182 1719 ὠς
1203 1676 1241 1713 δὲ

233 1721 277 1757 τὸ
302 1724 341 1756 οὗ
365 1722 475 1756 ἕνεκεν
501 1724 523 1759 ἡ
548 1723 660 1767 μορφή
684 1724 743 1754 καὶ
769 1722 811 1754 το
837 1717 943 1762 εἶδος·
969 1725 1078 1757 τοῦτο
1094 1720 1124 1757 δ’
1146 1724 1240 1758 ἐστὶν

235 1769 253 1801 ὁ
274 1768 376 1816 λόγος
397 1769 413 1800 ὁ
430 1768 494 1805 τῆς
519 1766 669 1800 ἑκάστου
695 1767 824 1805 οὐσίας.
852 1768 910 1799 Aet
927 1763 965 1801 δέ
984 1773 1158 1813 προσεῖναι
1182 1772 1241 1803 καὶ

236 1813 302 1890 τῆδν
328 1815 464 1858 τρίτην,
483 1812 524 1850 ἦν
550 1810 704 1850 ἅπαντες
729 1813 788 1856 μὲν
815 1808 1069 1856 ὀνειρώττουσι,
1093 1814 1187 1861 λέγει
1209 1811 1239 1847 δ’

234 1858 274 1890 οὗ
298 1860 326 1890 εί
1148 1882 1154 1890 .

167 1902 243 1936 ἀλλ’
271 1905 302 1935 οί
327 1870 387 1947 μέν
413 1902 533 1939 ἱκανήν
564 1899 722 1944 ᾠήθησαν
756 1901 874 1933 αἰτίαν
907 1898 995 1934 εἶναι
1020 1904 1101 1948 πρὸς
1126 1905 1168 1937 το
1192 1906 1242 1949 γί-

232 1945 349 1987 varona
374 1946 438 1983 τήν
472 1947 539 1979 τῶν
574 1941 670 1978 εἱδῶν
702 1944 819 1990 φύσιν,
850 1944 961 1991 ὥσπερ
988 1948 1004 1979 ὁ
1029 1947 1062 1980 ἑν
1087 1943 1238 1980 Φαίδωνι

231 1990 435 2036 Σωκράτης·
461 1992 520 2023 καὶ
544 1992 610 2036 γάρ
635 1990 773 2031 ἐκεῖνος,
799 1990 1010 2035 ἐπιτιμήσας
1035 1997 1107 2030 τοῖς
1126 1993 1240 2032 ἄλλοις

231 2036 274 2074 ὥς
301 2031 400 2068 οὐδὲν
425 2034 606 2080 εἰρηκόσιν,
629 2034 837 2068 ῦποτίθεται
863 2034 918 2068 ὅτι
943 2034 1018 2070 ἐστὶ
1044 2039 1111 2069 τῶν
1133 2038 1239 2071 ὄντων

231 2082 282 2114 τοὶ
305 2082 366 2123 μὲν
391 2075 484 2121 εἴδη,
511 2081 561 2113 τά
584 2076 622 2113 δέ
648 2078 836 2123 μεθεκτικά
863 2081 931 2114 τῶν
956 2075 1074 2123 εἱδῶν,
1099 2085 1157 2114 καὶ
1185 2082 1239 2116 ὅτι

231 2122 319 2158 εἶναι
343 2125 403 2170 μὲν
429 2124 577 2157 ἕκαστον
601 2123 744 2170 λέγεται
768 2126 866 2159 κατά
891 2127 933 2157 τὸ
958 2121 1060 2167 εἶδος,
1087 2127 1239 2172 γίνεσθαι

229 2164 269 2202 δὲ
291 2170 390 2203 κατά
420 2169 486 2206 τήν
517 2168 710 2224 μετάληψιν
742 2171 801 2202 καὶ
831 2168 1023 2214 φθείρεσθαι
1050 2173 1148 2203 κατά
1172 2173 1238 2208 τήν

233 2211 426 2256 ἀποβολήν,
447 2213 520 2246 ὥστ
549 2215 578 2246 εἰ
603 2215 723 2246 ταῦτα
750 2213 875 2256 ἀληθῆ,
896 2216 944 2247 τά
968 2209 1040 2252 εἴδη
1067 2217 1178 2249 οἴεται
1203 2214 1239 2257 ἐξ

233 2259 384 2306 ἀνάγκης
410 2261 510 2291 αἴτια
535 2255 621 2291 εἶναι
644 2260 703 2291 καὶ
727 2259 888 2306 γενέσεως
913 2261 972 2291 καὶ
997 2259 1132 2304 φθορᾶς.

163 2344 202 2375 Οί
218 2337 249 2375 δ’
266 2342 380 2380 αὐτήν
397 2343 463 2380 τήν
477 2342 558 2380 ὕλην
570 2356 578 2363 ·
599 2342 668 2375 ἀπὸ
685 2342 819 2380 ταύτης
833 2344 899 2389 γάρ
911 2340 999 2375 εἶναι
1013 2342 1077 2379 τήν
1093 2345 1235 2381 κίνησιν.

162 2385 345 2432 θῦδέτεροι
365 2382 403 2419 δὲ
419 2386 558 2434 λέγουσι
580 2387 706 2425 καλῶς.
733 2388 772 2419 Εἰ
791 2389 850 2431 μὲν
875 2387 941 2433 γάρ
962 2385 1055 2420 ἐστιν
1074 2389 1174 2420 αἴτια
1191 2388 1240 2421 τά

230 2430 319 2473 εἴδη,
337 2428 397 2464 διά
421 2435 456 2465 τί
482 2431 543 2464 οὐκ
569 2431 620 2464 ἀεὶ
645 2433 748 2478 γεννᾷ
772 2434 934 2476 συνεχῶς,
956 2433 1048 2464 ἀλλά
1072 2432 1159 2465 ποτὲ
1177 2433 1236 2477 μέν

231 2477 319 2509 ποτέ
344 2472 373 2508 δ’
403 2476 462 2518 οὔ,
491 2477 598 2509 ὄντων
627 2478 687 2508 καὶ
712 2477 778 2510 τῶν
804 2472 900 2509 εἱδῶν
928 2477 980 2510 ἀεὶ
1004 2478 1063 2508 καὶ
1088 2478 1156 2509 τῶν
1181 2490 1239 2522 με-

229 2519 414 2561 θεκτικῶν;

155 2566 234 2600 Ἔτι
257 2560 288 2598 δ’
308 2566 366 2599 ἐπ’
387 2563 481 2598 ἐνίων
506 2564 694 2609 θεωροῦμεν
721 2565 805 2598 ἄλλο
831 2567 872 2599 το“
899 2567 1011 2598 αἴτιον
1030 2565 1084 2598 ὄν·
1106 2567 1237 2622 ὑγίειαν

228 2610 295 2658 γοὶρ
320 2611 336 2643 ὁ
362 2611 481 2655 ἰατρός
506 2610 644 2654 ἐμποιεῖ
665 2611 723 2642 καὶ
748 2609 944 2656 ἐπιστήμην
971 2611 987 2643 ὁ
1012 2611 1235 2656 ἐπιστήμων,

230 2654 332 2694 οὔσης
355 2657 414 2687 καὶ
433 2656 563 2701 ὑγιείας
580 2653 691 2692 αὐτῆς
715 2656 774 2687 καὶ
795 2655 990 2700 ἐπιστήμης
1015 2657 1074 2687 καὶ
1095 2657 1162 2687 τῶν
1181 2668 1239 2700 με-

228 2697 408 2732 θεκτικῶν·
435 2698 600 2737 ὡσαύτως
621 2698 660 2731 δέ
683 2701 742 2732 καὶ
762 2700 816 2732 ἐπὶ
835 2701 902 2733 τῶν
922 2701 1031 2733 ἄλλων
1050 2701 1116 2733 τῶν
1141 2702 1239 2733 κατά

230 2739 372 2790 δύναμιν
399 2743 661 2789 πραττομένων.

162 2787 200 2820 Εἰ
224 2783 264 2821 δὲ
289 2789 354 2826 τήν
380 2787 460 2826 ὕλην
487 2800 539 2827 τις
563 2788 679 2834 φήσειε
697 2789 817 2835 γεννᾶν
842 2784 902 2821 διά
926 2789 991 2826 τήν
1016 2792 1157 2831 κίνησιν,
1180 2801 1238 2834 φυ-

229 2833 411 2878 σικώτερον
429 2834 489 2878 μὲν
516 2833 556 2866 ἂν
579 2834 677 2879 λέγοι
695 2833 762 2864 τῶν
782 2833 871 2867 οὕτω
891 2833 1081 2880 λεγόντων·
1109 2836 1151 2866 ‘ro'
1169 2836 1234 2880 γάρ

231 2876 390 2911 ἀλλοιοῦν
414 2880 474 2910 καὶ
492 2878 534 2911 τὸ
551 2878 859 2922 μετασχηματίζον
885 2878 1086 2923 αἰτιώτερόν
1111 2890 1150 2910 τε
1172 2879 1235 2910 τοῦ

228 2923 371 2969 γεννᾶν,
403 2925 464 2955 καὶ
496 2921 530 2955 ἐν
567 2921 695 2956 ἅπασιν
728 2921 892 2978 εἰώθαμεν
924 2924 1032 2956 τοῦτο
1056 2922 1167 2969 λέγειν
1193 2925 1234 2955 τὸ

229 2968 373 3009 ποιοῦν,
400 2968 521 3012 ὁμοίως
554 2967 587 2999 ἐν
620 2979 659 2999 τε
691 2971 764 3005 τοῖς
795 2979 890 3013 φυσει
921 2970 981 3000 καὶ
1005 2968 1039 3000 ἐν
1065 2973 1137 3006 τοῖς
1165 2967 1235 3000 ἀπό

229 3010 366 3067 τέχνης,
394 3012 411 3043 ὃ
438 3010 477 3044 ἄν
505 3011 526 3055 ᾖ
549 3011 736 3049 κινητικόν.

231 3068 298 3101 μην
325 3056 418 3090 άλλοί
447 3060 506 3089 καὶ
536 3055 634 3089 οὗτοι
663 3057 724 3090 οὐκ
758 3055 859 3100 ὀρθῶς
882 3056 1057 3103 λέγουσιν·
1085 3057 1148 3094 τῆς
1173 3055 1233 3100 μὲν

227 3101 292 3147 γὰρ
320 3100 400 3139 ὕλης
425 3101 468 3133 τὰ
491 3101 639 3146 πάσχειν
666 3102 738 3134 ἐστὶ
769 3103 826 3133 καὶ
852 3101 893 3134 τό
917 3101 1102 3142 κινεῖσθαι,
1129 3100 1170 3133 τό
1195 3095 1233 3132 δέ

227 3148 329 3177 κινεῖν
354 3147 413 3178 καὶ
439 3150 547 3178 ποιεῖν
566 3145 686 3188 ἑτέρας
706 3141 892 3189 δυνάμεως.
919 3146 1027 3182 Δῆλον
1045 3140 1083 3177 δέ
1100 3147 1157 3177 καὶ
1175 3144 1232 3177 ἐπὶ

228 3190 296 3223 τῶν
323 3189 430 3235 τέχνῃ
463 3193 522 3222 καὶ
553 3188 609 3222 ἐπὶ
643 3191 712 3223 τῶν
746 3189 842 3233 φύσει
873 3189 1076 3236 γινομένων·
1103 3188 1142 3222 οὐ
1166 3190 1232 3234 γάρ

229 3231 320 3267 αὐτὸ
345 3238 437 3267 ποιεῖ
460 3235 502 3267 τό
527 3229 615 3280 ὕδωρ
639 3236 724 3278 ζῷον
751 3233 786 3275 ἐξ
813 3235 936 3275 αὑτοῦ,
959 3230 1037 3267 οὐδὲ
1063 3234 1105 3266 *ro*
1131 3233 1231 3274 ξύλον

227 3280 363 3320 κλίνην,
392 3277 466 3312 ἀλλ’
494 3280 515 3316 ή
542 3278 659 3324 τέχνη.
695 3278 799 3311 ‘'Do-vs
829 3281 888 3310 καὶ
914 3278 1012 3311 οὗτοι
1040 3273 1100 3310 διοὶ
1123 3279 1231 3310 τοῦτο

226 3322 382 3369 λέγουσιν
408 3323 470 3356 οὐκ
495 3324 617 3369 ὀρθῶς,

160 3368 218 3398 καὶ
239 3365 296 3400 ὅτι
314 3369 566 3410 παραλείπουσι
587 3368 650 3404 τήν
674 3366 880 3411 κυριωτέραν
899 3367 1035 3398 αἰτίαν·
1061 3365 1233 3410 ἐξαιροῦσι

227 3411 292 3458 γοὶρ
319 3412 360 3444 τό
387 3414 421 3444 τί
446 3410 486 3449 ἦν
512 3410 599 3445 εἶναι
622 3414 680 3444 καὶ
707 3411 770 3448 τήν
823 3410 936 3455 ορφήν.

152 3453 231 3488 Ἔτι
255 3450 292 3487 δέ
322 3458 380 3489 καὶ
405 3457 470 3495 τάς
495 3452 653 3500 δυνάμεις
681 3422 890 3488 άποὸιὲόασι
915 3458 987 3492 τοῖς
1011 3453 1161 3497 σώμασι,
1188 3449 1228 3485 δι’

227 3499 267 3537 οἷς
291 3501 445 3546 γεννῶσι,
470 3503 548 3533 λίαν
575 3500 771 3547 ὂργανικῶς,
799 3499 1021 3544 ἀφαιροῦντες
1048 3498 1112 3535 τήν
1137 3498 1233 3530 κατά

226 3543 268 3577 ‘ro'
293 3539 381 3582 εἶδος
407 3546 538 3577 αἰτίαν.
564 3540 709 3581 Ἐπειδή
734 3544 798 3589 γάρ
825 3542 983 3586 πέφυκεν,
1005 3541 1048 3580 ὥς
1073 3553 1167 3586 φασι,
1190 3542 1231 3574 τὸ

226 3588 285 3632 μέν
310 3587 429 3633 θερμὸν
455 3584 634 3634 διακρίνειν
660 3590 701 3622 τὰ
726 3585 763 3621 δέ
789 3587 911 3633 ψυχρὸν
930 3586 1144 3628 συνιστάναι,
1170 3589 1229 3618 καὶ

303 3651 373 3685 Opp.
392 3652 424 3677 D.
439 3652 554 3676 Tnouar:
573 3651 605 3676 T.
626 3651 665 3676 ΙΙΙ.
684 3652 828 3676 ΑΡΡΕΝῡιΧ.

160 3056 207 3089 Οὔ

1365 881 1525 922 generatio
1550 883 1704 923 contingit
1727 884 1771 914 eis
1791 895 1872 925 quae
1896 892 1971 916 sunt
1987 886 2066 917 circa
2089 887 2234 918 medium
2248 887 2369 927 locum,

1366 926 1538 957 dicendum
1554 927 1593 957 de
1609 928 1699 958 omni
1713 929 1915 968 generatione
1931 930 2115 970 simpliciter
2137 938 2219 972 quot
2235 939 2265 963 et
2287 942 2370 973 quae

1365 980 1479 1001 eorum
1495 971 1663 1012 principia:
1676 972 1798 1003 facilius
1814 973 1899 1004 enim
1912 974 1955 1005 sic
1969 975 2137 1015 singularia
2152 975 2369 1017 inspiciemuS,

1366 1015 1497 1056 quando
1522 1016 1561 1046 de
1584 1016 1813 1048 universalibus
1838 1019 2051 1059 acceperimus
2074 1019 2172 1060 prius.

1299 1059 1380 1090 Sunt
1399 1059 1485 1090 enim
1509 1067 1539 1091 et
1554 1070 1691 1091 numero
1715 1062 1858 1102 aequalia
1881 1070 1912 1093 et
1933 1073 2046 1103 genere
2070 1065 2181 1095 eadem
2204 1065 2368 1106 principia,

1335 1131 1342 1136 .
1365 1114 1448 1144 quae
1477 1104 1511 1134 in
1537 1105 1736 1145 sempiternis
1768 1113 1798 1137 et
1821 1106 1854 1136 in
1885 1107 1995 1147 primis
2026 1115 2118 1147 sunt;
2147 1109 2210 1140 hoc
2237 1109 2369 1150 quidem

1366 1148 1453 1179 enim
1469 1155 1516 1179 est
1531 1156 1568 1180 ut
1582 1149 1723 1187 materia,
1735 1150 1797 1181 hoc
1813 1157 1920 1181 autem
1936 1158 1971 1182 ut
1983 1151 2096 1183 forma.
2113 1152 2250 1193 Oportet
2261 1161 2369 1185 autem

1365 1199 1396 1223 et
1419 1193 1523 1224 adhuc
1539 1194 1668 1224 tertium
1684 1194 1828 1225 existere:
1853 1205 1919 1226 non
1943 1196 2029 1226 enim
2048 1196 2234 1228 sufficientia
2251 1199 2292 1228 ad
2316 1208 2368 1238 ge-

1365 1237 1543 1268 nerandum
1568 1245 1642 1269 sunt
1665 1239 1742 1277 duo,
1766 1240 2042 1279 quemadmodum
2065 1251 2169 1282 neque
2192 1242 2226 1272 in
2245 1242 2368 1283 primis.

1364 1282 1409 1313 Ut
1422 1282 1553 1313 materia
1567 1283 1699 1324 quidem
1713 1283 1944 1323 generabilibus
1968 1295 2061 1315 causa
2076 1292 2122 1316 est
2136 1286 2286 1326 possibile
2301 1297 2368 1317 esse

1365 1333 1396 1357 et
1411 1336 1478 1357 non
1494 1337 1571 1357 esse.
1596 1327 1684 1358 Haec
1707 1327 1839 1368 quidem
1862 1328 1947 1359 enim
1972 1339 2008 1360 ex
2031 1330 2214 1361 necessitate
2230 1338 2314 1369 sunt,
2331 1338 2368 1362 ut

1365 1377 1500 1410 aeterna,
1523 1371 1600 1402 haec
1623 1378 1732 1402 autem
1755 1382 1792 1402 ex
1826 1373 2010 1404 necessitate
2033 1383 2099 1404 non
2123 1381 2207 1405 sunt.
2239 1376 2368 1406 Horum

1365 1422 1473 1446 autem
1498 1416 1574 1446 haec
1590 1415 1722 1456 quidem
1744 1416 1941 1457 impossibile
1965 1427 2030 1448 non
2055 1428 2139 1456 esse,
2159 1418 2236 1450 haec
2259 1426 2367 1450 autem

1364 1459 1562 1500 impossibile
1586 1467 1670 1491 esse:
1695 1460 1769 1501 quia
1793 1471 1858 1491 non
1883 1461 2036 1502 contingit
2053 1462 2133 1493 circa
2156 1464 2368 1494 necessarium

1365 1504 1454 1534 aliter
1476 1514 1510 1535 se
1533 1504 1656 1535 habere.
1681 1505 1848 1542 Quaedam
1869 1515 1944 1536 vero
1970 1516 2037 1536 esse
2060 1513 2091 1537 et
2114 1517 2180 1537 non
2204 1517 2270 1538 esse
2293 1518 2367 1548 pos-

1365 1548 1472 1587 sibile,
1497 1549 1586 1590 quod
1610 1556 1656 1580 est
1675 1549 1853 1589 generabile
1877 1557 1908 1580 et
1930 1550 2152 1591 corruptibile;
2171 1553 2367 1593 quandoque

1365 1593 1497 1634 quidem
1521 1593 1606 1624 enim
1628 1593 1691 1624 hoc
1710 1600 1768 1631 est,
1787 1594 1983 1635 quandoque
2008 1602 2115 1625 autem
2138 1605 2204 1626 non
2228 1603 2275 1627 est
2292 1597 2366 1627 hoc.

1365 1638 1570 1678 Quapropter
1599 1637 1810 1668 necessarium
1841 1639 2078 1678 generationem
2106 1649 2172 1670 esse
2203 1647 2234 1671 et
2257 1650 2366 1672 corru-

1364 1682 1510 1723 ptionem
1526 1682 1606 1713 circa
1622 1682 1773 1722 possibile
1789 1692 1856 1713 esse
1873 1690 1903 1713 et
1918 1693 1985 1713 non
2002 1693 2079 1714 esse.
2096 1684 2236 1725 Ideoque
2250 1691 2287 1715 ut
2300 1695 2367 1715 ma-

1364 1727 1441 1758 teria
1453 1726 1585 1768 quidem
1597 1726 1674 1757 haec
1687 1736 1781 1757 causa
1793 1734 1840 1758 est
1854 1727 2095 1767 generabilibus,
2108 1735 2144 1759 ut
2155 1735 2263 1759 autem
2276 1729 2366 1760 cuius

1363 1771 1462 1812 gratia
1496 1771 1600 1801 forma
1623 1778 1654 1802 et
1677 1771 1812 1812 species:
1836 1771 1913 1802 haec
1948 1778 2055 1802 autem
2079 1779 2126 1803 est
2154 1773 2234 1803 ratio
2258 1773 2367 1804 unius-

1364 1816 1519 1857 cuiusque
1542 1815 1743 1847 substantiae.
1770 1813 1786 1831 *
1810 1815 1947 1856 Oportet
1969 1823 2077 1847 autem
2108 1817 2216 1848 adesse
2246 1824 2276 1848 et
2307 1825 2367 1849 ter-

1363 1860 1456 1898 tium,
1469 1860 1560 1901 quod
1571 1870 1683 1890 omnes
1696 1860 1827 1901 quidem
1839 1860 2011 1899 somniant,
2025 1861 2099 1891 dicit
2117 1868 2225 1892 autem
2248 1862 2366 1893 nullus.

1296 1905 1358 1936 Sed
1374 1905 1407 1935 hi
1423 1905 1556 1945 quidem
1579 1903 1788 1935 sufficientem
1812 1904 2067 1936 existimaverunt
2090 1915 2218 1936 causam
2242 1916 2308 1937 esse
2327 1907 2368 1937 ad

1362 1949 1504 1989 generari
1527 1948 1705 1989 specierum
1727 1955 1890 1980 naturam:
1915 1950 2191 1990 quemadmodum
2214 1950 2246 1980 in
2268 1951 2366 1982 Phae-

1363 1994 1448 2024 done
1471 1993 1625 2024 Socrates.
1649 1993 1777 2024 Etenim
1800 1993 1864 2031 ille,
1887 1993 2052 2034 increpans
2076 1994 2155 2025 alios
2178 1995 2269 2035 quasi
2288 1996 2367 2026 nihil

1362 2038 1522 2076 dixissent,
1540 2037 1704 2078 supponit,
1717 2038 1872 2078 quoniam
1897 2038 2019 2069 entium
2042 2038 2119 2069 haec
2142 2039 2274 2079 quidem
2297 2050 2367 2080 spe-

1363 2082 1443 2121 cies,
1469 2083 1547 2113 haec
1570 2088 1677 2112 autem
1700 2082 1917 2122 participativa
1940 2082 2133 2122 specierum,
2158 2090 2189 2114 et
2211 2084 2366 2124 quoniam

1363 2137 1430 2157 esse
1449 2126 1580 2167 quidem
1603 2127 1861 2167 unumquodque
1881 2126 1994 2157 dicitur
2015 2127 2192 2158 secundum
2215 2128 2365 2168 speciem,

1361 2170 1502 2211 generari
1534 2177 1642 2201 autem
1665 2171 1843 2201 secundum
1873 2171 2126 2211 susceptionem,
2151 2179 2182 2202 et
2204 2172 2365 2212 corrumpi

1362 2215 1541 2246 secundum
1564 2214 1789 2246 abiectionem:
1815 2222 2018 2256 quapropter,
2036 2215 2061 2246 si
2084 2215 2161 2247 haec
2183 2226 2256 2246 vera
2279 2224 2364 2255 sunt,

1362 2259 1481 2300 species
1500 2259 1679 2290 existimant
1697 2269 1734 2290 ex
1749 2259 1933 2290 necessitate
1949 2269 2058 2290 causas
2073 2269 2141 2290 esse
2154 2261 2364 2300 generationis

1362 2311 1393 2335 et
1416 2303 1640 2344 corruptionis.

1294 2348 1339 2379 Hi
1362 2355 1470 2379 autem
1492 2348 1595 2388 ipsam
1619 2347 1801 2379 materiam:
1825 2348 1864 2378 ab
1888 2348 1946 2378 hac
1970 2348 2056 2379 enim
2079 2358 2146 2379 esse
2169 2355 2306 2380 motum.

1293 2393 1406 2424 Neutri
1428 2399 1537 2423 autem
1567 2392 1676 2423 dicunt
1699 2393 1790 2423 bene.
1821 2392 1853 2423 Si
1877 2392 2008 2433 quidem
2038 2392 2124 2423 enim
2155 2400 2229 2424 sunt
2252 2403 2364 2424 causae

1361 2437 1491 2478 species,
1507 2446 1604 2478 quare
1620 2447 1686 2467 non
1706 2446 1831 2477 semper
1849 2444 1998 2478 generant
2013 2437 2173 2476 continue,
2193 2438 2248 2468 sed
2263 2448 2363 2478 quan-

1361 2482 1468 2522 doque
1487 2481 1631 2522 quidem,
1655 2481 1851 2522 quandoque
1874 2491 1951 2520 non,
1975 2481 2177 2512 existentibus
2201 2488 2231 2513 et
2246 2482 2363 2522 specie-

1360 2527 1420 2557 bus
1443 2535 1569 2566 semper
1592 2532 1622 2556 et
1645 2523 1921 2566 participantibus?

1292 2571 1442 2611 Amplius
1457 2577 1564 2601 autem
1579 2569 1613 2600 in
1629 2570 1821 2611 quibusdam
1832 2569 1978 2600 videmus
1994 2569 2088 2600 aliam
2111 2570 2363 2611 quandam'cau-

1360 2625 1429 2645 sam
1452 2622 1536 2645 esse:
1561 2614 1726 2645 sanitatem
1749 2614 1836 2645 enim
1858 2614 2001 2645 medicus
2025 2613 2108 2653 facit,
2134 2621 2165 2645 et
2187 2615 2363 2646 doctrinam

1360 2659 1483 2698 doctor,
1499 2659 1648 2690 existente
1672 2665 1704 2690 et
1723 2658 1854 2689 sanitate
1876 2659 1945 2699 ipsa
1968 2665 1999 2689 et
2022 2659 2163 2700 doctrina
2187 2666 2218 2690 et
2240 2660 2363 2699 partici-

1359 2704 1526 2744 pantibus3
1551 2703 1693 2734 similiter
1715 2710 1824 2734 autern
1846 2703 1879 2733 in
1903 2703 1970 2733 aliis
1994 2703 2171 2733 secundum
2186 2704 2362 2743 potentiam

1359 2748 1529 2789 operantis.

1290 2793 1307 2812 *
1320 2793 1353 2824 Si
1368 2799 1477 2823 autem
1492 2792 1658 2823 materiam
1674 2792 1746 2833 quis
1769 2791 1892 2832 inquiet
1907 2801 2055 2831 generare
2070 2798 2200 2831 propter
2222 2799 2360 2830 motum,

1358 2837 1533 2868 naturalius
1556 2837 1667 2877 utique
1691 2836 1773 2867 dicet
1795 2836 1838 2866 ita
1862 2836 2054 2866 dicentibus:
2080 2836 2212 2866 alterans
2229 2836 2314 2866 enim
2331 2843 2362 2867 et

1357 2881 1585 2912 transformans
1608 2881 1709 2921 magis
1733 2890 1827 2911 causa
1850 2887 1897 2910 est
1918 2880 2138 2920 generationis,
2163 2886 2194 2910 et
2208 2879 2241 2909 in
2257 2880 2360 2910 omni-

1357 2927 1418 2956 bus
1441 2925 1556 2956 assueti
1580 2935 1692 2956 sumus
1721 2925 1784 2955 hoc
1807 2924 1909 2955 dicere
1933 2924 2084 2962 efficiens,
2109 2924 2251 2954 similiter
2274 2931 2305 2955 et
2326 2924 2360 2954 in

1357 2970 1406 3001 his
1429 2980 1511 3011 quae
1535 2977 1657 3008 natura,
1682 2976 1712 3000 et
1734 2969 1768 2999 in
1790 2968 1839 2998 his
1862 2978 1944 3009 quae
1967 2969 2006 2999 ab
2031 2975 2106 3006 arte,
2130 2969 2358 3009 quodcumque

1357 3021 1570 3046 transmutans
1593 3020 1648 3044 est.

1290 3059 1352 3090 Sed
1375 3066 1482 3090 tamen
1506 3068 1563 3088 nec
1586 3058 1619 3088 hi
1643 3064 1724 3088 recte
1748 3056 1872 3087 dicunt:
1897 3056 2045 3087 materiae
2062 3056 2147 3087 enim
2170 3056 2235 3097 pati
2259 3064 2306 3087 est
2328 3063 2359 3087 et

1356 3103 1489 3141 moveri,
1510 3112 1638 3132 movere
1661 3107 1768 3131 autem
1785 3107 1815 3131 et
1831 3100 1931 3131 facere
1947 3101 2073 3131 alterius
2096 3100 2266 3141 potentiae.
2290 3102 2358 3131 Ma-

1356 3147 1507 3177 nifestum
1524 3154 1631 3176 autem
1646 3152 1676 3176 et
1693 3145 1726 3175 in
1742 3145 1790 3175 his
1806 3155 1888 3185 quae
1904 3152 1968 3175 arte
1985 3152 2015 3175 et
2027 3152 2137 3176 natura
2153 3152 2356 3185 generantur:

1355 3201 1422 3221 non
1446 3191 1532 3221 enim
1554 3190 1623 3230 ipsa
1646 3189 1720 3220 facit
1743 3199 1826 3230 aqua
1849 3199 1886 3219 ex
1909 3189 2011 3229 seipsa
2033 3189 2169 3227 animal,
2194 3199 2298 3230 neque
2321 3190 2357 3220 li-

1355 3245 1456 3275 gnum
1472 3235 1602 3273 lectum,
1627 3234 1682 3264 sed
1705 3243 1763 3264 ars.
1789 3233 1947 3271 Quocirca
1971 3241 2001 3264 et
2017 3233 2050 3263 hi
2070 3233 2180 3264 dicunt
2194 3243 2260 3264 non
2274 3240 2357 3264 recte

1355 3286 1485 3320 propter
1507 3279 1579 3309 hoc.

1287 3368 1329 3399 Et
1352 3367 1506 3408 quoniam
1537 3366 1720 3407 relinquunt
1751 3365 2007 3406 principaliorem
2039 3376 2184 3406 causam,
2209 3366 2356 3398 auferunt

1356 3411 1440 3441 enim
1464 3411 1554 3452 quod
1577 3418 1623 3441 est
1647 3420 1714 3441 esse
1738 3417 1768 3440 et
1790 3410 1937 3440 formam.

1286 3456 1304 3475 *
1319 3455 1468 3496 Amplius
1492 3462 1598 3485 autern
1624 3461 1654 3485 et
1676 3454 1832 3495 potentias
1863 3454 2037 3485 attribuunt
2060 3455 2201 3495 corpori,
2226 3462 2355 3496 propter

1353 3510 1433 3540 quas
1456 3506 1607 3539 generant
1621 3499 1711 3529 valde
1732 3498 1888 3539 organice,
1908 3498 2083 3529 auferentes
2108 3509 2178 3529 eam
2201 3510 2283 3540 quae
2306 3509 2354 3529 se-

1354 3543 1497 3574 cundum
1516 3543 1655 3583 speciem
1678 3553 1815 3573 causam.
1841 3543 2005 3580 Quoniam
2028 3543 2113 3573 enim
2136 3543 2282 3574 innatum
2297 3550 2353 3581 est,

1353 3595 1390 3619 ut
1404 3588 1564 3629 inquiunt,
1582 3587 1721 3618 calidum
1737 3587 1867 3628 quidem
1884 3597 2055 3628 segregare,
2073 3587 2222 3627 frigidum
2246 3594 2353 3618 autem

2128 3648 2172 3680 7*

2398 851 2419 906 ἐι
2425 851 2483 879 Cap.
2495 857 2526 873 ix.
2543 851 2612 873 Text.

2394 1824 2404 1835 “
2418 1823 2486 1844 Text.
2500 1829 2535 1851 52.

2387 2798 2398 2809 ⁸
2413 2797 2482 2820 Text.
2497 2804 2529 2826 53.

2382 3460 2392 3470 ⁸
2407 3459 2474 3481 Text.
2489 3465 2525 3486 54.
