2782 4134
122 585 132 594 ·
146 583 208 605 Lect.
218 590 242 605 x.

121 690 131 699 ·
140 688 249 715 confiteri
254 694 301 710 om.
309 695 331 710 r.

121 792 133 804 ⁸*
146 792 210 814 Lect.
224 799 247 814 v.

118 951 127 960 ·
138 950 238 977 proprie
251 956 273 972 P.

113 1481 122 1491 ⁸
137 1485 206 1502 axem
220 1486 267 1502 om.
281 1486 303 1502 Α.

110 1587 120 1595 ·
136 1587 267 1607 moveretur
281 1591 321 1607 co-

111 1612 173 1634 dices
181 1618 229 1634 exc.
237 1618 260 1633 Β.

112 2336 121 2345 ·
136 2333 171 2355 Cf.
187 2339 251 2354 num.
265 2333 288 2355 8.

111 2362 131 2371 ··
147 2359 207 2381 idem
220 2365 241 2380 P.

115 2704 125 2712 '
140 2702 172 2724 Ca
191 2708 239 2729 .1x,
254 2707 278 2723 n.
294 2708 323 2727 υς

114 2728 140 2750 S.
193 2744 198 2750 .
218 2729 270 2750 lect.
286 2734 323 2755 xi,

114 2761 138 2776 n.
153 2761 182 2776 ¹2.

115 2808 180 2835 'qui
193 2814 214 2829 P.

367 283 436 321 166

360 364 521 411 figurae:
548 361 651 410 quod
680 360 836 409 quidem
856 358 1069 395 manifestat
1097 355 1303 403 dupliciter.
1334 354 1420 390 Uno

361 415 479 453 modo
508 414 596 463 quia
624 425 758 450 omnes
787 412 847 449 alii
871 412 921 448 ita
941 411 1078 456 dicunt,
1105 408 1242 445 scilicet
1260 413 1276 427 ‘³‘
1297 406 1420 443 stellas

362 480 443 505 esse
471 466 702 517 sphaericas;
734 473 768 502 et
787 465 836 501 ita
855 465 929 501 hoc
948 470 1003 500 est
1021 470 1202 519 tanquam
1221 458 1419 508 probabile

361 520 635 569 accipiendum.
652 518 737 556 Alio
753 518 870 555 modo
891 515 1100 553 secundum
1115 520 1300 550 rat1onem
1321 523 1418 570 quae

360 574 520 612 sumitur
543 585 588 609 ex
614 569 972 621 praedeterminatis.
1002 567 1155 604 Dictum
1183 573 1243 624 est
1267 565 1287 586 *
1317 577 1418 601 enirn

360 627 465 676 quod
484 626 609 663 stellae
630 632 716 661 sunt
733 624 852 660 factae
872 634 916 658 ex
935 628 1068 658 natura
1097 619 1315 656 caelesnum
1337 630 1419 654 cor-

357 692 516 729 porum:
531 677 633 715 unde
648 683 796 726 oportet
816 674 984 712 confiteri
997 674 1017 694 *
1030 672 1136 721 quod
1150 672 1316 708 habeant
1331 683 1419 707 ean-

360 733 447 769 dem
474 733 635 779 figuram
663 741 778 778 quam
806 728 921 765 habet
948 727 1107 763 caelum.
1130 725 1338 762 Ostensum
1365 731 1420 760 est

359 793 486 822 autem
515 795 629 832 supra
657 783 676 803 ³⁸
706 782 852 818 caelum
887 792 967 816 esse
1001 778 1220 827 sphaericae
1253 777 1415 825 figurae:

356 838 460 875 unde
489 843 636 886 oportet
663 835 784 871 stellas
812 832 1030 882 sphaericae
1058 832 1202 879 figurae
1231 842 1326 867 esse.

412 891 445 928 3.
475 888 623 926 Deinde
657 886 818 924 ostendit
851 885 1103 923 differentiam
1140 891 1317 921 motuum
1350 883 1417 919 cir-

357 942 560 989 cularium,
594 940 658 989 qui
689 947 776 977 sunt
801 939 983 988 proprii*
1012 936 1198 987 sphaerici
1233 936 1415 985 corporis.

355 996 404 1033 Et
432 995 518 1033 dicit
546 994 649 1042 quod
670 992 745 1029 duo
775 1000 862 1029 sunt
881 999 1008 1029 motus
1037 989 1223 1040 sphaerici
1246 989 1415 1038 corporis

354 1048 418 1096 qui
446 1046 673 1084 conveniunt
703 1045 736 1082 ei
757 1057 831 1094 per
857 1057 912 1090 se,
939 1045 1035 1082 idest
1063 1044 1274 1080 secundum
1304 1042 1415 1080 ratio-

352 1113 441 1138 nem
459 1100 634 1149 propriae
653 1099 808 1147 figurae,
820 1098 960 1135 scilicet
976 1094 1236 1135 volutatiosset
1256 1095 1415 1133 circum-

351 1153 505 1202 gyratio.
526 1152 717 1190 Differunt
735 1160 862 1188 autern
890 1151 930 1188 hi
949 1151 1025 1187 duo
1047 1157 1174 1187 motus
1199 1149 1415 1186 secundum

352 1206 605 1244 diversitatem
634 1204 711 1242 axis
740 1213 776 1241 et
803 1205 994 1254 polorum,
1015 1215 1130 1252 super
1158 1215 1254 1252 quos
1284 1202 1416 1240 intelli-

350 1259 446 1307 gitur
465 1271 602 1307 corpus
622 1258 861 1306 sphaericum
881 1256 1046 1302 moveri;
1068 1264 1104 1293 et
1127 1257 1203 1293 hoc
1220 1268 1291 1305 per
1310 1268 1415 1293 com-

348 1311 585 1361 parationem
623 1311 672 1348 ad
700 1323 782 1348 nos.
814 1310 853 1347 Si
882 1310 985 1347 enirn
1023 1309 1248 1358 intelligatur
1276 1322 1414 1358 corpus

347 1365 476 1402 stellae
504 1364 653 1402 moveri
681 1376 795 1414 super
832 1363 929 1400 duos
957 1363 1090 1412 polos,
1120 1362 1287 1411 quorum
1314 1375 1415 1400 unus

349 1417 394 1455 sit
421 1417 459 1454 in
487 1417 684 1467 superficie
718 1428 816 1466 quae
846 1424 901 1454 est
928 1429 1062 1453 versus
1091 1428 1174 1464 nos,
1197 1423 1233 1452 et
1262 1415 1356 1453 alius
1376 1416 1413 1453 in

348 1470 547 1520 superficie
577 1470 764 1519 opposita,
786 1470 837 1507 ita
861 1469 966 1519 quod
990 1469 1244 1517 'intelligamus
1264 1481 1376 1506 axem
1395 1471 1415 1491 *

349 1536 429 1561 esse
458 1523 596 1560 lineam
623 1531 882 1561 transeuntem
906 1535 975 1572 per
1001 1522 1299 1572 profunditatem
1328 1524 1412 1560 stel-

347 1578 421 1622 lae;
449 1576 500 1613 sic
529 1577 633 1613 stella
660 1584 839 1614 movetur
859 1577 879 1598 ²¹²
899 1583 1008 1613 motu
1037 1575 1412 1624 circumgyrationis,

349 1641 579 1667 conservans
609 1629 771 1667 eandem
809 1629 1052 1679 superficiem
1080 1641 1214 1666 versus
1242 1641 1333 1677 nos,
1365 1630 1414 1667 ad

348 1682 509 1720 modum
538 1695 614 1731 quo
653 1690 832 1720 movetur
859 1683 963 1720 mola
998 1682 1218 1720 molendini.
1251 1682 1290 1719 Si
1318 1695 1412 1720 vero

346 1735 570 1784 intelligatur
584 1748 722 1786 corpus
737 1736 863 1773 stellae
878 1736 1028 1773 moveri
1043 1748 1157 1785 super
1177 1735 1274 1773 duos
1288 1737 1412 1785 polos,

347 1801 512 1838 quorum
540 1796 699 1837 uterque
733 1789 913 1838 accipitur
950 1789 988 1827 in
1026 1801 1268 1838 quacumque
1306 1798 1412 1838 parte

348 1855 423 1891 qua
442 1842 679 1890 coniungitur
699 1843 850 1892 corpori
869 1843 1066 1891 sphaerae,
1083 1842 1136 1879 sic
1155 1842 1193 1879 in
1213 1855 1283 1879 suo
1304 1851 1413 1880 motu

347 1907 425 1933 non
454 1908 606 1944 semper
629 1896 795 1933 servabit
823 1896 986 1933 eandem
1007 1896 1250 1944 superficiem
1277 1908 1411 1934 versus

347 1961 435 1995 nos;
457 1956 493 1985 et
513 1948 579 1985 erit
605 1956 731 1986 motus
754 1949 997 1986 volutationis
1016 1954 1042 1985 Ὺ.
1059 1970 1083 1976 -
1100 1949 1199 1996 Quia
1226 1949 1336 1997 igitur
1354 1950 1413 1987 isti

349 2002 425 2039 duo
454 2010 581 2039 motus
602 2009 687 2039 sunt
714 2002 857 2051 proprii
885 2002 1054 2051 corporis
1079 2002 1276 2051 sphaerici,
1298 2015 1411 2052 opor-

347 2062 409 2103 tet,
439 2055 469 2092 si
498 2055 624 2092 stellae
654 2063 859 2092 moventur
886 2068 955 2104 per
983 2055 1137 2104 seipsas,
1163 2056 1268 2105 quod
1297 2057 1413 2093 altero

347 2109 487 2151 horum
515 2116 692 2146 motuum
721 2115 961 2146 moveantur.

399 2174 436 2209 4.
467 2161 613 2199 Deinde
652 2162 814 2199 ostendit
851 2162 954 2210 quod
993 2169 1128 2198 neutro
1161 2161 1302 2198 horum
1331 2174 1415 2199 mo-

347 2221 455 2252 tuum
481 2222 653 2252 causetur
672 2222 799 2252 motus
818 2215 882 2263 qui
901 2215 940 2252 in
960 2214 1012 2251 eis
1030 2214 1191 2252 videtur.
1222 2215 1271 2251 Et
1288 2215 1414 2264 primo

348 2268 512 2306 ostendit
535 2267 640 2317 quod
658 2276 786 2305 motus
811 2268 875 2315 qui
899 2268 936 2305 in
956 2267 1069 2305 stellis
1089 2267 1251 2313 videtur,
1272 2281 1351 2306 non
1370 2268 1416 2306 sit

348 2329 475 2358 motus
490 2321 838 2370 circumgyrationis
855 2322 891 2358 *ε
915 2328 951 2358 et
964 2321 1039 2358 hoc
1058 2321 1214 2370 quidem
1227 2322 1268 2343 ²²²*
1279 2322 1416 2371 probat

349 2374 555 2424 dupliciter.
585 2374 715 2411 Primo
745 2375 901 2423 quidem
935 2374 1038 2423 quia,
1069 2375 1099 2411 si
1129 2387 1267 2424 corpus
1296 2375 1415 2412 stella-

349 2440 434 2464 rum
461 2435 680 2465 moveretur
710 2435 818 2465 motu
847 2427 1197 2476 circumgyrationis
1217 2425 1242 2475 ὅ,
1263 2435 1415 2477 oporte-

349 2488 405 2517 ret
423 2481 539 2529 quod,
560 2480 644 2517 licet
661 2488 787 2529 partes
807 2481 935 2517 stellae
959 2488 1151 2517 mutarent
1174 2481 1303 2517 locum
1328 2482 1415 2518 sub-

350 2533 463 2581 iecto,
496 2542 626 2570 tamen
655 2541 733 2570 tota
766 2534 870 2570 stella
899 2541 1071 2570 maneret
1098 2533 1137 2569 in
1161 2533 1300 2570 eodem
1330 2535 1414 2570 loco

350 2586 562 2624 secundum
590 2586 814 2634 subiectum,
843 2586 1098 2623 diversificato
1128 2586 1253 2623 solum
1282 2599 1415 2623 secun-

351 2639 444 2676 dum
473 2639 670 2684 rationem,
691 2639 786 2676 sicut
812 2647 915 2688 patet
940 2651 984 2675 ex
1012 2639 1070 2675 his
1090 2651 1187 2687 quae
1207 2640 1416 2687 probantur

351 2692 390 2729 in
416 2692 467 2729 VI
493 2692 641 2740 Physic.
663 2693 701 2728 *ε
731 2692 812 2728 talis
847 2691 947 2728 enim
978 2699 1032 2728 est
1060 2691 1253 2740 dispositio
1288 2700 1415 2730 motus

351 2745 556 2794 sphaerici,
588 2757 633 2781 eo
663 2745 768 2794 quod
797 2752 852 2782 est
881 2745 978 2781 circa
1012 2752 1183 2783 centrum
1220 2753 1255 2782 et
1281 2746 1413 2794 polos,

351 2810 449 2847 quae
470 2800 488 2818 ⁴⁶
514 2810 592 2835 non
624 2805 838 2835 moventur.
880 2798 957 2835 Sed
989 2798 1064 2834 hoc
1096 2811 1175 2835 non
1208 2811 1414 2847 possumus

352 2851 474 2888 dicere
503 2851 541 2888 in
570 2851 698 2899 stellis,
725 2851 813 2900 quia
843 2851 1072 2888 contrarium
1109 2851 1221 2888 huius
1259 2860 1415 2902 apparet

351 2916 484 2941 sensu:
503 2904 680 2942 videmus
696 2904 798 2941 enim
814 2904 1046 2953 quandoque
1064 2905 1187 2942 stellas
1202 2905 1240 2942 in
1256 2905 1412 2952 oriente,

351 2957 582 3006 quandoque
616 2957 654 2994 in
687 2957 895 2994 occidente.
924 2957 1100 2994 Similiter
1129 2958 1242 2995 etiam
1262 2959 1337 2995 hoc
1365 2959 1412 2996 ab

351 3010 527 3047 omnibus
556 3010 700 3058 dicitur,
731 3010 834 3059 quod
861 3011 988 3047 stellae
1008 3016 1019 3031 ‘
1038 3023 1116 3048 non
1150 3024 1302 3061 semper
1333 3024 1413 3049 ma-

350 3071 440 3100 nent
466 3063 504 3100 in
538 3063 675 3101 eodem
707 3063 814 3111 loco,
849 3063 916 3101 sed
951 3065 998 3101 de
1031 3077 1109 3102 uno
1137 3065 1223 3101 loco
1259 3066 1413 3102 transfe-

351 3124 482 3154 runtur
508 3117 547 3154 in
576 3117 703 3153 alium.
730 3118 820 3153 Non
842 3129 930 3165 ergo
951 3125 1078 3154 motus
1107 3118 1172 3167 qui
1200 3126 1357 3167 apparet
1376 3118 1413 3155 in

352 3169 414 3216 eis,
444 3177 499 3206 est
525 3177 650 3206 motus
680 3170 1038 3219 circumgyrationis.

1055 279 1126 315 DE
1157 276 1331 314 CAELO
1361 275 1432 312 ET
1460 272 1655 310 MUNDO
1685 273 1780 309 LIB.
1812 273 1843 308 II

1528 351 1614 388 Alio
1643 351 1765 388 modo
1803 350 1967 388 ostendit
1998 350 2103 387 idem
2136 349 2237 398 quia,
2272 349 2303 387 si
2324 357 2453 387 motus
2479 350 2548 387 cir-

1477 404 2037 453 cumgyrationis*conveniret
2060 403 2185 450 stellis,
2207 403 2430 440 rationabile
2451 411 2550 440 esset

1475 458 1582 506 quod
1593 469 1729 494 omnes
1744 457 1807 494 tali
1822 464 1930 494 motu
1945 464 2210 503 moverentur;
2229 469 2275 493 eo
2291 456 2397 504 quod
2412 469 2548 494 omnes

1475 518 1561 548 sunt
1591 510 1706 547 unius
1739 518 1918 558 naturae,
1957 510 2097 547 scilicet
2129 510 2177 547 de
2211 517 2346 547 natura
2379 510 2549 547 caelestis

1475 563 1657 613 corporis,
1673 571 1714 600 ut
1733 576 1849 613 supra
1865 565 1885 584 *⁵
1909 571 2107 601 ostensum
2127 570 2194 601 est.
2217 563 2294 600 Sed
2319 562 2401 600 talis
2421 570 2549 600 motus

1474 630 1552 654 non
1573 624 1731 666 apparet
1749 617 1788 653 in
1809 616 1987 654 omnibus
2006 617 2131 664 stellis,
2158 616 2226 654 sed
2246 617 2372 653 solum
2391 616 2431 653 in
2449 617 2546 663 sole;

1466 683 1546 708 nec
1566 670 1680 707 etiam
1696 670 1735 707 in
1750 682 1995 719 quacumque
2014 677 2121 719 parte
2142 670 2236 707 caeli
2254 669 2311 717 sit,
2333 668 2402 707 sed
2421 669 2547 707 solum

1474 723 1629 773 quando
1659 723 1776 760 oritur
1804 731 1841 760 et
1868 724 2023 772 quando
2057 723 2206 761 occidit.
2241 724 2290 760 Et
2317 723 2394 760 hoc
2420 722 2548 772 ipsum

1473 789 1553 814 non
1587 776 1723 813 accidit
1753 783 1911 825 propter
1942 776 2070 826 ipsum
2099 777 2232 824 solem,
2263 776 2353 826 quia
2388 776 2548 813 circum-

1473 838 1626 879 gyretur
1644 831 1675 876 *,
1700 829 1769 866 sed
1802 837 1959 879 propter
1987 830 2271 878 elongationem
2294 829 2400 868 visus
2428 829 2548 867 nostri
2575 840 2585 850 ·

1473 896 1495 920 a
1523 883 1624 920 sole:
1659 882 1765 920 visus
1799 883 1902 920 enim
1936 890 2085 932 noster,
2121 883 2210 932 quia
2243 884 2355 932 longe
2385 882 2497 920 distat
2525 895 2547 920 a

1472 937 1569 983 sole,
1596 941 1704 973 nutat
1731 937 1772 982 ²¹⁶,
1806 935 1903 973 idest
1929 936 2073 983 tremit,
2101 944 2259 986 propter
2286 936 2547 974 infirmitatem

1472 1002 1595 1036 suam,
1618 989 1846 1038 inquantum
1874 989 2154 1039 supervincitur
2181 1002 2204 1028 a
2233 990 2547 1039 superexcellenti

1472 1042 1636 1080 claritate
1666 1043 1767 1080 solis.

1525 1097 1574 1133 Et
1593 1095 1663 1133 ista
1683 1096 1797 1133 etiam
1815 1096 1945 1133 *forte
1966 1102 2022 1132 est
2041 1108 2157 1133 causa
2176 1096 2284 1145 quod
2302 1097 2431 1134 stellae
2446 1096 2545 1133 fixae
2574 1108 2583 1117 ·

1470 1149 1649 1187 videntur
1677 1149 1890 1197 scintillare,
1910 1156 2068 1198 propter
2092 1149 2303 1186 maximam
2329 1149 2546 1197 distantiam

1473 1215 1605 1240 earum
1626 1215 1647 1240 a
1666 1202 1799 1251 nobis,
1825 1215 1872 1239 eo
1894 1203 2000 1252 quod
2029 1210 2115 1239 sunt
2143 1202 2182 1239 in
2207 1203 2370 1252 sphaera
2395 1210 2544 1241 octava.

1470 1257 1652 1293 Planetae
1672 1264 1802 1294 autem
1833 1268 1913 1293 non
1939 1255 2120 1293 videntur
2152 1255 2364 1303 scintillare,
2384 1263 2543 1306 propter

1469 1310 1545 1346 hoc
1563 1309 1670 1358 quod
1689 1318 1775 1347 sunt
1793 1309 2088 1359 propinquiores
2108 1308 2240 1355 nobis;
2271 1316 2308 1346 et
2332 1309 2421 1346 ideo
2439 1309 2546 1347 visus

1470 1370 1599 1400 noster
1611 1370 1748 1412 potens
1764 1363 1872 1400 estin
1887 1375 1957 1400 suo
1971 1362 2106 1411 vigore
2125 1362 2337 1412 pertingere
2358 1362 2408 1400 ad
2427 1362 2543 1412 ipsos.

1471 1416 1549 1454 Sed
1564 1416 1768 1466 respiciens
1783 1416 1833 1454 ad
1847 1417 1971 1453 stellas
1992 1421 2197 1462 manentes,
2209 1415 2307 1453 idest
2320 1415 2428 1465 fixas,
2438 1415 2545 1454 visus

1469 1477 1599 1507 noster
1627 1469 1772 1517 tremit,
1803 1469 1910 1519 quasi
1938 1477 2137 1518 porrectus
2173 1469 2286 1507 valde
2324 1468 2363 1507 in
2399 1469 2546 1518 longin—

1468 1535 1603 1572 quum,
1627 1530 1784 1572 propter
1812 1522 2093 1571 elongationem
2122 1522 2272 1560 illarum
2301 1522 2495 1561 stellarum
2523 1535 2547 1560 a

1469 1576 1592 1614 nobis.
1614 1577 1780 1613 Tremor
1807 1583 1938 1614 autem
1966 1576 2031 1625 qui
2060 1575 2196 1613 accidit
2215 1576 2254 1613 in
2282 1575 2369 1613 visu
2397 1583 2542 1624 nostro,

1469 1629 1556 1667 facit
1577 1629 1700 1667 videri
1718 1630 1826 1679 quod
1844 1637 1989 1667 astrum
2009 1637 2224 1678 moveatur,
2247 1630 2311 1667 vel
2330 1629 2544 1668 secundum

1469 1683 1783 1730 scintillationem,
1803 1683 1900 1720 sicut
1927 1682 2032 1720 stella
2059 1683 2148 1730 fixa,
2172 1684 2236 1720 vel
2265 1682 2380 1720 etiam
2409 1695 2543 1720 secun-

1469 1732 1562 1774 dum
1592 1735 1990 1784 circumgyrationem,
2021 1735 2117 1773 sicut
2144 1737 2219 1782 sol;
2250 1748 2296 1774 eo
2326 1736 2434 1786 quod
2452 1735 2544 1774 nihil

1469 1789 1594 1827 differt
1622 1797 1808 1839 quantum
1838 1789 1887 1827 ad
1915 1789 1991 1826 hoc
2011 1790 2031 1810 ¹²
2051 1789 2158 1837 quod
2186 1789 2326 1839 aliquid
2367 1789 2544 1828 videatur

1468 1843 1629 1891 moveri,
1656 1850 1785 1880 utrum
1815 1850 2019 1880 moveatur
2045 1841 2151 1880 visus
2179 1843 2243 1879 vel
2271 1855 2332 1880 res
2360 1854 2460 1892 quae
2487 1842 2543 1880 vi-

1468 1897 1597 1942 detur;
1628 1896 1724 1934 sicut
1750 1903 1854 1946 patet
1882 1895 1930 1933 de
1958 1895 2029 1933 illis
2058 1895 2123 1945 qui
2147 1895 2330 1944 navigant
2359 1895 2458 1933 circa
2485 1895 2543 1934 lit-

1467 1958 1566 1997 tora,
1597 1950 1714 2000 quod,
1744 1950 1836 2000 quia
1868 1948 1940 1999 ipsi
1970 1956 2057 1987 sunt
2083 1949 2123 1986 in
2151 1956 2281 1997 motu,
2310 1948 2463 1987 videtur
2489 1949 2544 1987 eis

1469 2003 1575 2052 quod
1602 2011 1754 2040 montes
1784 2010 1821 2040 et
1848 2010 1947 2040 terra
1967 2003 1987 2024 *
2007 2010 2250 2041 moveantur.

1526 2057 1558 2093 5.
1589 2057 1658 2093 Est
1685 2063 1814 2093 autem
1844 2055 1943 2093 circa
1972 2068 2017 2093 ea
2044 2069 2143 2104 quae
2171 2055 2234 2093 hic
2253 2055 2430 2094 dicuntur
2454 2068 2544 2094 con-

1469 2109 1727 2156 siderandum,
1741 2110 1847 2158 quod
1863 2109 2120 2159 Philosophus
2135 2109 2223 2148 dicit
2241 2109 2303 2147 hic
2318 2109 2424 2158 quod
2438 2109 2544 2148 visus

1470 2170 1599 2200 noster
1617 2163 1744 2200 tremit
1762 2170 1959 2212 porrectus
1989 2164 2101 2211 longe
2125 2163 2252 2211 valde,
2268 2162 2475 2212 respiciens
2493 2163 2543 2201 ad

1470 2216 1594 2254 stellas
1619 2217 1730 2264 fixas,
1761 2229 1839 2253 non
1860 2216 1949 2265 quia
1967 2216 2074 2254 visus
2098 2217 2165 2254 fiat
2179 2216 2194 2243 t
2209 2223 2312 2254 extra
2334 2216 2543 2267 mittendo,

1470 2270 1575 2318 quod
1595 2269 1788 2319 improbat
1814 2269 1853 2307 in
1877 2269 1974 2307 libro
1996 2270 2042 2307 de
2061 2270 2180 2307 Sensu
2200 2276 2236 2308 et
2253 2271 2410 2308 Sensato
2426 2270 2460 2317 *;
2475 2268 2543 2308 sed

1470 2323 1558 2372 quia
1578 2323 1617 2360 in
1636 2323 1858 2360 huiusmodi
1879 2323 2015 2360 eadem
2045 2324 2141 2360 ratio
2164 2331 2230 2371 est,
2252 2323 2334 2360 sive
2352 2323 2460 2361 visus
2477 2323 2546 2361 fiat

1471 2384 1574 2413 extra
1607 2376 1793 2413 mittendo
1831 2375 1912 2414 sive
1945 2376 2046 2413 intus
2075 2376 2329 2426 suscipiendo.
2373 2376 2545 2415 Conatur

1471 2429 1574 2466 enim
1593 2429 1698 2466 visus
1727 2429 1776 2466 ad
1803 2428 2016 2466 videndum
2046 2441 2127 2466 rem
2148 2442 2170 2466 a
2189 2429 2358 2477 remotis,
2378 2442 2459 2468 non
2482 2442 2544 2468 so-

1470 2483 1550 2518 lum
1581 2482 1612 2518 si
1640 2489 1815 2530 oporteat
1847 2494 1937 2518 eum
1972 2482 2123 2519 radium
2147 2482 2336 2520 visualem
2371 2482 2544 2520 emittere

1470 2546 1592 2583 usque
1626 2534 1675 2571 ad
1709 2547 1848 2583 corpus
1878 2535 2037 2581 distans;
2072 2536 2139 2573 sed
2169 2535 2284 2573 etiam
2313 2535 2343 2573 si
2370 2543 2545 2586 oporteat

1472 2599 1560 2624 eum
1581 2587 1771 2636 suscipere
1802 2587 1968 2636 speciem
1997 2601 2018 2626 a
2039 2601 2198 2638 corpore
2224 2589 2385 2627 distante
2404 2601 2544 2639 prove-

1470 2640 1657 2686 nientem3
1687 2641 1776 2689 quia
1806 2641 1975 2690 corporis
2005 2641 2174 2679 distantis
2199 2642 2359 2679 debilior
2388 2650 2444 2680 est
2472 2642 2543 2680 im-

1469 2694 1628 2742 pressio,
1660 2701 1695 2730 et
1719 2693 1806 2731 ideo
1827 2694 2016 2732 difficilius
2046 2702 2101 2732 est
2127 2707 2213 2732 earn
2238 2695 2387 2733 sentire.
2419 2695 2544 2734 Utitur

1470 2754 1598 2784 autem
1620 2747 1639 2768 ²⁸
1660 2747 1779 2784 modo
1809 2747 1990 2796 loquendi
2010 2761 2055 2785 ac
2075 2748 2104 2785 si
2123 2748 2230 2786 visus
2249 2749 2316 2786 fiat
2335 2757 2439 2787 extra
2458 2749 2543 2787 mit-

1469 2800 1606 2846 tendo,
1637 2800 1727 2848 quia
1756 2801 2014 2838 mathematici
2043 2801 2093 2838 ita
2121 2810 2278 2840 utuntur
2306 2802 2343 2839 in
2373 2802 2450 2840 suis
2479 2802 2543 2840 de-

1469 2853 1818 2901 monstrationibus,
1842 2862 1877 2891 et
1894 2855 2024 2903 plures
2044 2855 2221 2893 homines
2242 2855 2292 2893 ita
2311 2856 2542 2905 loquuntur3

1469 2906 1689 2944 nominibus
1726 2915 1854 2944 autem
1888 2908 2076 2945 utendum
2111 2916 2168 2946 est
2199 2916 2241 2946 ut
2268 2909 2418 2958 plures,
2448 2908 2543 2948 sicut

1468 2959 1548 3008 ipse
1573 2959 1659 2997 dicit
1687 2960 1725 2997 in
1755 2962 1785 2997 ll
1820 2962 1856 2998 T
1851 2961 1945 3009 opic.
1967 2961 1988 2982 *

1494 3061 1502 3068 .
1522 3013 1557 3049 6.
1590 3014 1683 3050 Item
1714 3013 2036 3052 considerandum
2061 3023 2118 3052 est
2142 3015 2248 3064 quod
2277 3016 2402 3053 stellas
2428 3025 2539 3066 quas—

1470 3065 1559 3103 dam
1583 3074 1697 3103 vocat
1720 3067 1815 3104 fixas
1838 3068 1900 3104 vel
1925 3076 2140 3116 manentes,
2167 3081 2245 3106 non
2270 3069 2360 3118 quia
2383 3066 2542 3107 omnino

1469 3131 1546 3155 non
1576 3128 1806 3157 moveantur
1826 3121 2039 3158 secundum
2059 3130 2210 3159 motum
2231 3134 2323 3160 suae
2343 3123 2540 3172 sphaerae,

1470 3172 1564 3209 sicut
1593 3180 1628 3209 et
1647 3174 1833 3221 planetae,
1855 3174 1919 3223 qui
1940 3174 2116 3212 dicuntur
2144 3175 2290 3213 erratici
2309 3181 2335 3223 Ι”;
2357 3175 2425 3213 sed
2454 3174 2543 3226 quia

405 3274 432 3306 α)
447 3274 494 3298 alii
507 3274 545 3299 ita
565 3274 663 3303 dicunt,
678 3275 784 3300 scilicet.
799 3288 816 3295 -‹
830 3276 851 3299 Α
865 3283 917 3300 om.
933 3276 970 3300 ita
990 3281 1015 3300 et
1033 3275 1140 3301 scilicet.
1154 3276 1173 3300 P
1188 3284 1274 3301 errore
1293 3282 1413 3310 typogra-

353 3307 428 3341 phico
447 3309 587 3342 corrumpit
605 3310 703 3335 scilicet
721 3310 746 3334 in
765 3310 879 3342 quinque
886 3319 894 3341 ;
914 3312 954 3335 ed.
974 3309 1039 3335 1516
1059 3311 1119 3343 legit
1138 3311 1244 3336 scilicet.

407 3342 432 3376 β)
446 3345 582 3370 volutatio.
592 3358 611 3363 —
622 3346 751 3370 revolutio
764 3346 797 3376 P;
811 3346 842 3370 cf.
857 3354 903 3379 per
917 3352 964 3371 tot.
979 3347 1037 3371 lect.
1051 3347 1093 3371 ubi
1108 3347 1176 3372 idem
1188 3347 1308 3372 occurrit.
1319 3361 1338 3367 -
1352 3348 1415 3373 Post

354 3386 431 3403 unam
450 3379 493 3403 lin.
508 3380 582 3404 codd.
595 3387 648 3404 exc.
667 3381 711 3405 AC
730 3381 792 3406 axis
812 3387 978 3414 corrumpunt
997 3381 1022 3406 in
1042 3382 1120 3407 aeris.

407 3413 433 3446 γ)
448 3417 474 3438 et
488 3414 539 3439 erit
553 3418 638 3439 motus
659 3416 839 3440 volutationis.
850 3430 869 3436 -
882 3417 905 3441 G
919 3417 1014 3442 omittit
1028 3421 1114 3442 motus
1122 3425 1130 3446 ,·
1148 3417 1218 3443 DFG
1241 3419 1338 3443 addunt
1356 3418 1418 3451 pig‘

355 3448 462 3481 (pigri)
482 3454 541 3481 post
559 3451 743 3481 volutationis,
764 3452 833 3483 quod
853 3452 982 3477 credimus
1002 3453 1073 3486 prius
1093 3459 1214 3486 corrupte
1232 3454 1347 3486 positum
1366 3461 1414 3487 pro

356 3483 473 3515 sequenti
493 3484 554 3516 quia
573 3485 664 3517 igitur,
679 3491 711 3516 et,
725 3486 792 3511 bona
811 3486 919 3511 lectione
934 3488 1026 3517 addita,
1042 3496 1093 3512 non
1107 3494 1270 3520 expunctum.
1285 3489 1324 3514 Cf.
1339 3489 1382 3514 lib.
1396 3489 1414 3520 l,

356 3519 415 3558 lect.
426 3526 481 3548 αν,
494 3524 546 3544 not.
559 3519 582 3547 ζ.
595 3533 615 3538 -
629 3520 679 3544 Pro
693 3524 755 3545 sunt
764 3522 872 3553 proprii
885 3523 1005 3554 corporis
1025 3523 1164 3555 sphaerici,
1180 3525 1255 3549 codd.
1272 3527 1336 3549 sunt
1350 3532 1415 3556 pro-

352 3554 410 3586 prii
421 3554 531 3613 cor-purg
545 3555 718 3586 sphaerico.-
730 3557 757 3581 ln
776 3555 826 3581 fine
846 3558 945 3582 numeri
964 3566 1010 3590 pro
1030 3562 1201 3589 moveantur,
1226 3563 1365 3586 moventur
1384 3560 1414 3590 1),

356 3591 494 3613 moveatur
534 3607 540 3614 .

1466 3278 1604 3302 stellarum
1621 3282 1790 3303 moverentur
1805 3282 1877 3304 motu
1892 3279 2149 3314 circumgyrationis
2168 3281 2206 3311 Α;
2226 3279 2247 3304 C
2259 3279 2319 3305 hab.
2334 3280 2397 3310 lac.;
2417 3284 2466 3305 cet.
2483 3287 2541 3304 om.

1469 3313 1574 3345 quidem
1600 3318 1626 3337 et
1645 3317 1803 3339 moveretur.
1817 3329 1836 3333 -
1857 3314 1907 3339 l‘ro
1931 3315 2003 3347 quod
2027 3315 2101 3344 licet,
2127 3315 2188 3340 PsG
2213 3315 2285 3348 quod
2305 3315 2449 3348 quaelibet,
2475 3314 2542 3340 torte

1470 3348 1530 3380 quia
1549 3349 1626 3381 aliqui
1647 3350 1722 3375 codd.
1742 3355 1911 3382 corrumpunt
1929 3351 2002 3383 quod
2020 3351 2081 3376 licet
2104 3351 2130 3375 in
2148 3350 2292 3383 quodlibet.
2303 3364 2323 3384 3-
2336 3350 2387 3376 Pro
2405 3353 2543 3376 mutarent

1469 3384 1554 3408 locum
1579 3384 1708 3413 subiecto,
1729 3385 1747 3409 Ρ
1768 3389 1903 3410 mutarent
1922 3387 1980 3411 loca
1999 3393 2056 3412 sua.
2071 3385 2139 3411 -Ibi
2163 3385 2225 3411 talis
2245 3386 2315 3411 em'm
2333 3386 2386 3416 eet,
2405 3386 2477 3420 quod
2491 3386 2542 3419 leg.

1469 3420 1544 3443 codd.
1564 3425 1588 3444 et
1607 3420 1646 3444 ed.
1671 3419 1751 3450 1516,
1773 3421 1791 3445 Ρ
1811 3429 1865 3446 orn.
1879 3421 1959 3447 enim.

1522 3455 1544 3487 ε)
1564 3455 1635 3488 quod
1653 3456 1755 3481 stellae.
1768 3470 1787 3475 -
1801 3457 1841 3482 Sic
1861 3457 1920 3487 A1-3;
1939 3457 2012 3490 quod
2030 3457 2160 3488 sphaerae
2172 3459 2199 3482 et
2216 3457 2309 3483 stellae
2328 3457 2384 3482 ΡΙ).
2398 3455 2483 3483 Ceteri
2499 3463 2543 3481 co-

1470 3490 1539 3515 dices
1560 3491 1631 3522 quod
1646 3491 1776 3523 sphaerae
1790 3492 1882 3517 stellae
1888 3499 1897 3520 ,·
1917 3492 1948 3517 cf.
1963 3500 2042 3525 supra
2061 3497 2113 3517 not.
2126 3500 2151 3526 γ.

1523 3525 1548 3557 ζ)
1569 3526 1640 3551 visus
1662 3527 1755 3560 fiat.-
1768 3527 1839 3552 νίκας
1858 3531 1948 3553 noster
1969 3527 2022 3561 flat
2041 3527 2082 3558 G,
2108 3528 2180 3553 visus
2201 3528 2278 3561 fixat
2298 3527 2317 3552 P
2324 3535 2332 3559 ;
2352 3528 2462 3560 tegimus
2482 3533 2542 3552 eum

1471 3561 1530 3585 edit.
1554 3560 1619 3586 1516
1639 3567 1664 3586 et
1683 3567 1730 3587 cet.
1750 3563 1826 3588 codd.

1527 3596 1553 3629 η)
1569 3597 1703 3628 planetae,
1720 3597 1766 3630 qui
1780 3598 1907 3624 dicuntur
1925 3598 2044 3624 erratici.
2058 3613 2076 3618 —
2090 3597 2217 3631 planetae
2235 3606 2303 3631 quae
2322 3598 2448 3624 dictantur
2466 3605 2542 3623 erra-

410 3622 434 3656 3)
454 3623 544 3649 Primo
570 3624 673 3656 quidem
685 3643 692 3650 .
704 3643 710 3650 .
722 3643 728 3651 .
742 3627 1004 3660 circumgyrationis.
1017 3642 1037 3647 -
1051 3629 1142 3654 Primo
1167 3629 1230 3661 quia
1255 3631 1279 3655 si
1303 3638 1417 3663 corpora
1475 3631 1542 3657 ticae
1561 3632 1636 3657 codd.
1649 3646 1668 3652 -
1681 3633 1743 3658 Post
1762 3641 1840 3658 unam
1854 3634 1947 3659 lineam
1962 3642 2010 3667 pro
2024 3633 2270 3667 cotfigurationem,
2285 3634 2304 3658 Ρ
2317 3634 2379 3667 legit
2397 3633 2542 3667 elongatio—

2575 411 2589 458 ἶ,
2608 411 2782 439 οοηςγτσείωιιι

2577 575 2586 585 '
2600 574 2697 597 Lect.x.

2572 1802 2581 1811 '
2596 1806 2642 1823 not
2654 1807 2678 1823 ι.

2571 2012 2581 2022 '
2596 2013 2679 2034 ‘me
2691 2017 2714 2034 P·

2571 2272 2697 2322 &⁸25⁰
2711 2271 2782 2296 “⁸

2572 2761 2581 2770 ·
2595 2762 2674 2782 aum
2684 2765 2734 2782 om.
2743 2765 2782 2783 οο-

2572 2787 2636 2809 dice·
2651 2792 2701 2809 exc.
2714 2792 2753 2809 u.
