2782 4134
99 2908 109 2917 ·
126 2906 161 2929 Cf.
172 2907 224 2929 lect.
235 2913 309 2935 praec.

104 3278 114 3287 '
128 3276 191 3298 Lect.
201 3282 248 3297 vin.

335 289 410 325 232

1026 286 1097 322 DE
1127 283 1303 321 CAELO
1333 283 1404 319 ET
1432 280 1628 319 MUNDO
1658 281 1752 317 LIB.
1783 280 1832 316 III

1068 515 1284 573 LECT
1287 517 1369 571 10
1410 515 1797 571 SECUNDA

806 669 1103 707 ANTIQUORUM
1127 668 1356 700 OPINIONES
1380 667 1513 699 CIRCA
1537 668 1885 699 GENERATIONEM
1908 669 2061 700 RERUM

335 806 374 836 Οἱ
398 803 457 848 μὲν
483 801 538 835 οὖν
564 800 726 844 πρότερον
752 800 1043 843 φιλοσοφήσαντες
1062 799 1137 842 περὶ
1158 798 1220 835 τῆς
1244 796 1402 835 ἀληθείας

401 850 459 879 καὶ
485 847 564 891 πρὸς
592 846 645 883 οὓς
670 845 726 876 νῦν
748 843 891 890 λέγομεν
911 844 1006 888 η’μεῖς
1022 842 1144 889 λόγους
1168 844 1228 874 καὶ
1246 842 1327 885 πρὸς
1347 842 1404 874 ἀλ-

401 891 522 929 λήλους
548 887 787 934 διηνέχθησαν.

335 938 372 968 Οἱ
397 936 456 980 μὲν
485 936 548 982 γαρ
584 935 696 966 αὐτῶν
731 932 813 970 ὅλως
848 930 978 964 ἀνεῖλον
1008 931 1136 978 γένεσιν
1169 933 1227 963 καὶ
1258 929 1401 975 φθοράν·

403 979 497 1012 οὐθὲν
523 979 587 1026 γοίρ
613 978 693 1010 οὔτε
717 975 891 1023 γίγνεσθαί
909 987 1008 1020 φασιν
1027 975 1107 1008 οὔτε
1128 974 1316 1021 φθείρεσθαι
1335 975 1402 1007 τῶν

404 1024 521 1065 ὄντων,
551 1023 640 1056 ἀλλοὶ
663 1020 762 1067 μόνον
789 1017 899 1053 δοκεῖν
924 1022 1017 1065 ἡμῖν,
1038 1021 1106 1052 οἷον
1133 1022 1161 1052 οἱ
1188 1021 1261 1065 περὶ
1281 1018 1403 1051 Μέλισ-

401 1069 458 1101 σόν
484 1081 522 1101 τε
546 1069 605 1099 καὶ
631 1061 859 1110 Παρμενίδην,
886 1065 960 1107 οὕς,
987 1066 1014 1097 εἱ
1043 1067 1100 1097 καὶ
1126 1063 1241 1098 τᾶλλα
1265 1064 1402 1110 λέγουσι

399 1114 534 1154 καλῶς,
563 1112 637 1144 ἀλλ’
666 1112 704 1143 οὐ
730 1111 871 1155 φυσικῶς
896 1123 934 1157 γε
964 1106 1017 1141 δεῖ
1039 1112 1174 1153 νομίσαι
1204 1108 1334 1155 λέγειν·
1362 1108 1402 1141 τὸ

399 1157 463 1204 γαρ
489 1154 574 1188 εἶναι
601 1156 695 1189 ἅττα
720 1157 786 1188 τῶν
818 1155 924 1188 ὄντων
952 1154 1106 1200 ἀγένητοι
1137 1155 1195 1186 καὶ
1222 1153 1304 1192 ὅλως
1332 1154 1405 1186 ἀκί-

400 1213 488 1239 νητα
514 1200 643 1246 μᾶλλόν
670 1199 761 1232 ἐστιν
787 1199 908 1243 ἑτέρας
932 1201 991 1231 καὶ
1017 1198 1184 1243 προτέρας
1210 1197 1232 1235 ἦ
1258 1199 1320 1236 τῆς
1347 1210 1403 1242 φυ-

400 1247 495 1284 σικῆς
525 1245 684 1289 σκέψεως.
713 1245 856 1276 Ἐκεῖνοι
881 1241 919 1276 δὲ
944 1240 1003 1276 ’διαὶ
1028 1243 1069 1276 τὸ
1095 1244 1197 1281 μηθὲν
1227 1241 1287 1287 μὲν
1318 1243 1402 1275 ἄλλο

401 1291 497 1333 παραὶ
520 1290 583 1327 τήν
610 1291 677 1323 τῶν
703 1288 873 1326 αἰσθητῶν
892 1289 1009 1321 οὐσίαν
1029 1285 1283 1333 ὑπολαμβάνειν
1301 1284 1401 1329 εἶναι,

400 1334 570 1372 τοιαύτας
587 1330 626 1366 δέ
644 1345 740 1371 τινας
758 1334 880 1370 νοῆσαι
902 1334 1031 1378 πρῶτοι
1049 1332 1174 1375 φύσεις,
1194 1334 1285 1377 εἴπερ
1304 1332 1403 1365 ἔσται

401 1391 452 1417 τις
477 1380 594 1426 γνῶσις
617 1377 638 1416 ἦ
659 1378 826 1423 φρόνησις,
846 1377 936 1410 οὕτω
961 1377 1176 1424 μετήνεγκαν
1203 1377 1258 1409 ἐπὶ
1284 1378 1403 1409 ταῦτα

401 1424 480 1461 τούς
508 1422 630 1455 ἐκεῖθεν
654 1422 789 1469 λόγους.

326 1467 407 1502 Ἕτε
430 1480 460 1500 οι
484 1463 522 1500 δέ
547 1479 634 1506 τινες
660 1463 769 1512 ὥσπερ
803 1461 962 1504 ἐπίτηδες
988 1465 1052 1503 τήν
1078 1466 1238 1498 ἐναντίαν
1264 1464 1402 1503 τούτοις

402 1524 500 1558 εσχον
526 1509 644 1553 δόξαν.
677 1513 749 1543 Εἰσὶ
773 1511 838 1558 γάρ
864 1523 952 1549 τινες
978 1510 1007 1542 οἳ
1033 1522 1132 1555 φασιν
1159 1508 1254 1542 οὐθέν
1283 1509 1404 1556 ἀγένη-

402 1569 460 1589 τον
487 1553 572 1589 εἶναι
598 1557 664 1590 τῶν
690 1555 926 1602 πραγμάτων,
955 1555 1046 1587 ἀλλά.
1070 1554 1188 1588 ποίντα
1213 1555 1402 1600 γίγνεσθαι,

400 1600 566 1647 γενόμενα
591 1597 628 1633 δὲ
653 1601 701 1633 τοὶ
725 1602 785 1644 μὲν
813 1600 971 1655 ἄφθαρτα
991 1596 1160 1643 διαμένειν
1178 1601 1226 1632 τοὶ
1242 1596 1280 1632 δὲ
1298 1599 1402 1632 πάλιν

402 1645 606 1691 φθείρεσθαι,
633 1644 788 1689 μάλιστα
813 1657 872 1690 μεν
899 1647 928 1677 οἱ
954 1646 1027 1688 περὶ
1050 1639 1226 1686 Ἡσίοδον,
1372 1657 1376 1660 ·

337 1731 415 1767 εἶτα
439 1735 498 1766 καὶ
524 1735 590 1766 τῶν
619 1733 728 1766 ἄλλων
755 1736 784 1766 οἱ
810 1734 938 1778 πρῶτοι
962 1732 1284 1779 φυσιολογήσαντες.
1311 1734 1348 1764 Οἱ
1366 1728 1404 1764 δὲ

403 1780 450 1812 τα
475 1779 534 1821 μὲν
562 1779 651 1810 ἄλλα
670 1777 790 1810 πάντα
807 1777 958 1824 γίνεσθαί
979 1776 1018 1809 τὲ
1035 1789 1116 1821 φασι
1139 1780 1197 1809 καὶ
1214 1779 1294 1822 ρεἴν,
1317 1774 1403 1809 εἶναι

401 1819 439 1855 δέ
466 1825 596 1869 παγίως
627 1821 741 1864 οὐθέν,
769 1823 801 1855 ἓν
827 1818 865 1855 δέ
890 1834 923 1855 τι
948 1821 1049 1866 μόνον
1080 1821 1276 1865 ὑπομένειν,
1304 1821 1338 1862 ἐξ
1365 1821 1403 1854 οὖ

404 1869 523 1900 ταῦτα
560 1866 679 1899 ποίντα
715 1865 1080 1913 μετασχηματίζεσθαι
1118 1866 1282 1911 πέφυκεν·
1322 1865 1402 1907 ὅπερ

404 1910 534 1944 ἐοίκασι
559 1910 741 1952 βούλεσθαι
764 1910 875 1958 λέγειν
903 1911 999 1944 ἄλλοι
1023 1923 1060 1944 τε
1078 1912 1197 1943 πολλοὶ
1221 1912 1280 1943 καὶ
1302 1910 1405 1954 Ἠρά-

403 1958 535 1994 κλειτος
561 1957 576 1988 ὁ
595 1955 758 2000 Ἐφέσιος.

338 2002 409 2033 Εἰσὶ
433 1996 471 2032 δέ
495 2012 583 2038 τινες
610 2003 638 2032 οἳ
662 2002 721 2032 καὶ
747 2001 814 2033 πᾶν
846 2001 943 2044 σῶμα
967 1999 1110 2046 γενητὸν
1142 2000 1296 2040 ποιοῦσι,
1329 2010 1405 2031 συν-

405 2044 555 2121 τιθὸέντες
587 2046 647 2076 καὶ
678 2040 876 2083 διαλύοντες
909 2045 953 2082 εἰς
990 2039 1137 2076 ἐπίπεδα
1172 2045 1231 2076 καὶ
1264 2044 1298 2085 ἐξ
1329 2042 1400 2076 ἐπι-

363 2120 367 2124 ,
405 2089 448 2122 πέ
472 2101 528 2121 ων.

391 2201 541 2228 SYNOPSIS.
559 2216 594 2220 —
622 2209 645 2227 1.
665 2200 877 2236 Argumentum
898 2206 926 2227 et
948 2198 1050 2227 divisio
1072 2198 1136 2226 libri
1158 2205 1186 2226 et
1207 2204 1309 2227 textus.
1322 2215 1341 2220 -
1355 2198 1406 2226 Di-

337 2241 474 2268 scordant
494 2246 555 2268 tum
575 2239 651 2268 inter
671 2248 710 2274 se,
728 2246 790 2267 tum
812 2240 848 2266 ab
870 2238 914 2266 his
935 2247 1010 2276 quae
1032 2238 1172 2273 dicentur,
1194 2238 1234 2266 illi
1257 2238 1306 2275 qui
1327 2237 1407 2275 prius

337 2280 373 2308 de
391 2279 576 2317 generatione
594 2288 691 2307 rerum
712 2278 912 2316 inquisierunt.
929 2295 948 2300 -
964 2286 990 2306 2.
1008 2279 1124 2306 Realem
1146 2277 1363 2315 generationem
1379 2284 1407 2306 et

337 2319 554 2356 corruptionem
577 2318 686 2347 entium
703 2325 879 2356 negaverunt
899 2327 1037 2355 sequaces
1052 2318 1159 2346 Melissi
1174 2324 1202 2346 et
1216 2317 1406 2353 Parmenidis,

338 2359 463 2388 dicentes
478 2368 526 2387 eas
540 2365 711 2395 apparentes
730 2368 792 2387 esse
813 2365 934 2386 tantum.
950 2374 968 2378 —
984 2359 1118 2393 Quorum
1133 2357 1241 2395 positio
1263 2358 1406 2394 laudatur,

337 2399 509 2436 inquantum
531 2408 583 2435 per
603 2408 667 2426 eam
689 2398 866 2427 necessariae
880 2404 1048 2426 asseruntur
1061 2399 1205 2435 quaedam
1227 2404 1347 2426 naturae
1362 2397 1406 2426 in-

337 2439 449 2476 genitae
463 2445 491 2467 et
505 2438 734 2475 incorruptibiles
749 2445 777 2466 et
791 2437 970 2466 immobiles:
987 2437 1206 2475 reprehenditur
1219 2444 1316 2466 autem
1329 2437 1406 2475 quia,

337 2488 403 2507 cum
425 2478 496 2506 nihil
518 2478 700 2507 admitterent
726 2478 766 2506 illi
788 2477 842 2506 nisi
864 2477 1025 2513 sensibilia,
1047 2478 1256 2506 transferebant
1276 2486 1311 2506 ea
1331 2486 1406 2514 quae

337 2525 404 2547 sunt
425 2518 648 2547 substantiarum
677 2517 872 2547 immobilium
901 2518 938 2546 ad
963 2518 1015 2546 has
1044 2517 1218 2546 substantias
1246 2517 1405 2546 sensibiles.

336 2559 419 2586 Unde
430 2568 491 2586 non
505 2558 672 2586 naturaliter
682 2559 718 2586 de
733 2559 819 2586 rebus
833 2557 1012 2586 naturalibus
1023 2557 1232 2594 loquebantur:
1249 2556 1318 2594 quia
1331 2566 1406 2594 quae

337 2604 403 2626 sunt
424 2598 546 2626 omnino
567 2598 741 2633 immobilia,
763 2607 824 2625 non
846 2597 990 2634 pertinent
1015 2597 1052 2625 ad
1074 2597 1217 2625 Naturalis
1239 2596 1405 2625 considera-

336 2637 455 2666 tionem.
471 2655 490 2659 -
507 2638 532 2666 3.
548 2637 708 2674 Explicatio
730 2647 747 2666 a
769 2637 918 2674 Simplicio
940 2638 1007 2665 data
1028 2643 1056 2665 et
1077 2637 1112 2665 de
1127 2636 1161 2665 iis
1183 2645 1257 2674 quae
1272 2636 1406 2665 Philoso-

479 2770 490 2781 .
602 2743 784 2780 raemisso
813 2743 1037 2792 prooemio,
1067 2743 1105 2780 in
1133 2755 1211 2791 quo
1241 2743 1404 2780 ostendit

566 2803 575 2844 s
601 2797 693 2845 quid
709 2804 821 2834 restet
837 2796 1158 2833 considerandum
1171 2796 1269 2833 circa
1284 2796 1402 2833 scien-

546 2850 692 2887 tiam
722 2851 946 2897 naturalem,
975 2850 1036 2886 hic
1064 2849 1194 2899 incipit
1221 2850 1402 2898 prosequi

487 2935 492 2945 -.
543 2901 581 2933 ἕν’
602 2916 646 2940 ea
667 2916 765 2952 quae
785 2904 884 2940 dicta
905 2910 991 2940 sunt
1009 2903 1039 2939 *.
1068 2903 1117 2939 Et
1135 2902 1261 2952 primo
1281 2902 1403 2951 inqui-

486 2957 533 2993 de
562 2956 806 3005 opinionibus
834 2956 1152 3006 philosophorum
1174 2956 1272 2993 circa
1295 2968 1403 3005 prae-

338 3009 451 3055 dicta;
481 3010 649 3047 secundo
670 3009 959 3047 determinando
978 3009 1190 3056 veritatem,
1211 3009 1249 3046 in
1269 3018 1403 3058 quarto

337 3062 449 3109 libro,
484 3062 555 3100 ibi:
588 3064 648 3100 De
678 3064 795 3113 gravi
820 3069 945 3100 autem
978 3068 1013 3099 et
1039 3063 1113 3099 levi
1139 3063 1159 3083 ’³'-
1188 3070 1257 3099 etc.
1293 3062 1404 3099 Circa

337 3115 503 3164 primum
534 3116 609 3153 duo
640 3117 746 3153 facit:
775 3117 900 3165 primo
921 3115 1073 3165 inquirit
1093 3115 1141 3152 de
1160 3116 1402 3164 generatione

340 3176 375 3204 et
402 3176 510 3204 motu
539 3181 743 3218 corporum
779 3170 1029 3216 naturalium,
1060 3181 1108 3206 an
1137 3169 1203 3214 sit;
1233 3169 1403 3206 secundo

340 3233 504 3268 quorum
534 3230 570 3258 et
597 3230 752 3271 propter
781 3223 872 3271 quid
893 3222 949 3267 sit,
971 3222 1043 3259 ibi:
1069 3223 1180 3265 Quod
1196 3228 1321 3259 autem
1341 3235 1403 3259 ne-

340 3285 411 3321 que
437 3275 605 3311 omnium
638 3281 692 3312 est
720 3276 914 3325 generatio
934 3276 954 3297 *
983 3283 1053 3313 etc.
1089 3275 1201 3312 Circa
1233 3275 1402 3324 primum

342 3326 417 3362 duo
434 3326 535 3363 facit:
552 3327 676 3375 primo
693 3329 854 3376 inquirit,
866 3329 1078 3366 secundum
1095 3329 1294 3378 opiniones
1310 3329 1403 3366 anti-

342 3390 505 3426 quorum
524 3380 853 3429 philosophorum,
875 3395 923 3419 an
944 3382 989 3419 sit
1007 3382 1216 3430 generatim
1234 3382 1403 3419 secundo

341 3429 492 3480 inquirit
520 3445 568 3469 an
596 3442 723 3471 motus
751 3435 878 3472 localis
907 3435 954 3472 sit
981 3436 1159 3473 naturalis
1180 3435 1404 3484 corporibus

1524 854 1607 885 quos
1631 844 1766 875 dicimus
1785 854 1845 875 nos
1868 854 1954 875 nunc
1971 855 2146 885 sermones,
2166 852 2197 876 et
2212 846 2251 876 ad
2270 846 2407 877 invicem
2431 846 2532 877 diver-

1525 888 1636 920 sificati
1660 895 1743 919 sunt.

1457 933 1501 964 Hi
1520 933 1652 974 quidem
1671 933 1757 963 enim
1772 933 1919 973 ipsorum
1938 933 2075 964 totaliter
2093 933 2278 966 auferebant
2293 935 2532 976 generationem

1526 985 1556 1008 et
1579 977 1837 1017 corruptionem:
1872 976 1951 1007 nihil
1979 978 2066 1008 enim
2089 989 2193 1019 neque
2220 978 2286 1010 fieri
2310 980 2399 1011 aiunt
2426 989 2532 1021 neque

1525 1022 1688 1062 corrumpi
1712 1021 1855 1060 entium,
1885 1022 1940 1052 sed
1966 1022 2074 1053 solum
2101 1023 2200 1054 videri
2227 1023 2339 1054 nobis:
2369 1031 2447 1064 puta
2474 1024 2531 1066 qui

1526 1066 1606 1097 circa
1629 1065 1794 1097 Melissum
1818 1073 1849 1096 et
1871 1066 2104 1097 Parmenidem.
2132 1068 2244 1106 Quos,
2269 1067 2326 1099 etsi
2349 1069 2456 1110 aliqua
2485 1069 2531 1099 di-

1525 1118 1601 1142 cunt
1623 1111 1714 1148 bene,
1732 1111 1788 1140 sed
1806 1120 1874 1141 non
1893 1110 2022 1151 physice
2044 1118 2171 1151 oportet
2194 1119 2305 1152 putare
2321 1112 2440 1144 dicere:
2463 1123 2531 1144 esse

1525 1155 1611 1186 enim
1634 1155 1792 1196 quaedam
1815 1155 1938 1186 entium
1962 1155 2101 1195 ingenita
2127 1163 2158 1187 et
2180 1156 2317 1187 totaliter
2340 1157 2530 1196 immobilia,

1524 1200 1625 1241 magis
1649 1206 1696 1230 est
1718 1199 1845 1230 alterius
1870 1206 1899 1230 et
1921 1199 2034 1239 prioris
2058 1210 2156 1240 quam
2179 1201 2329 1242 physicae
2353 1201 2531 1232 considera-

1524 1245 1630 1276 tionis.
1650 1244 1698 1275 lui
1714 1251 1833 1282 autem,
1850 1243 1926 1285 quia
1942 1244 2021 1274 nihil
2035 1244 2167 1285 quidem
2183 1245 2270 1276 aliud
2286 1253 2409 1285 praeter
2432 1246 2531 1277 sensi-

1524 1289 1638 1320 bilium
1662 1288 1870 1319 substantiam
1889 1288 2091 1328 suspicantur
2107 1299 2192 1328 esse,
2217 1290 2294 1320 tales
2312 1297 2421 1321 autem
2435 1300 2531 1331 quas-

1525 1335 1599 1364 dam
1627 1333 1805 1364 intellexere
1837 1332 1931 1373 primi
1955 1340 2083 1364 naturas
2108 1332 2152 1376 (si
2181 1334 2312 1375 quidem
2336 1334 2394 1366 erit
2425 1334 2533 1376 aliqua

1525 1377 1665 1418 cognitio
1689 1384 1744 1408 aut
1767 1376 1924 1420 scientia),
1940 1377 1983 1409 sic
1999 1379 2227 1409 transtulerunt
2241 1379 2282 1409 ad
2300 1379 2378 1410 haec
2401 1389 2457 1420 per
2479 1389 2532 1410 eas

1525 1433 1607 1464 quae
1630 1422 1704 1452 inde
1728 1422 1874 1453 rationes.

1457 1468 1474 1487 *
1497 1467 1596 1498 Alteri
1615 1474 1723 1497 autem
1746 1466 1890 1507 quidam,
1914 1466 2002 1497 velut
2024 1467 2166 1498 studiose
2190 1467 2317 1506 factam,
2341 1468 2531 1500 contrariam

1525 1511 1574 1542 his
1596 1512 1754 1542 habebant
1777 1511 1975 1551 opinionem.
1996 1511 2078 1542 Sunt
2099 1511 2184 1542 enirn
2207 1512 2340 1553 quidam
2363 1513 2419 1554 qui
2443 1513 2539 1549 aiunt,

1525 1556 1648 1587 nullam
1671 1555 1845 1595 ingenitam
1869 1565 1936 1586 esse
1959 1566 2076 1593 rerum,
2092 1556 2147 1586 sed
2171 1556 2280 1587 omnia
2303 1557 2460 1597 generari;
2479 1568 2532 1599 ge-

1525 1601 1590 1631 nita
1605 1607 1714 1631 autem
1729 1600 1806 1630 haec
1824 1600 1956 1640 quidem
1976 1600 2227 1641 incorruptibilia
2242 1611 2438 1642 permanere,
2455 1602 2532 1634 haec

1525 1652 1633 1676 autem
1655 1644 1771 1675 iterum
1795 1644 1970 1684 corrumpi:
1994 1645 2131 1676 maxime
2156 1652 2264 1676 autem
2282 1645 2339 1687 qui
2363 1646 2444 1678 circa
2467 1647 2532 1678 He-

1525 1690 1664 1720 siodum.

1457 1734 1579 1765 Deinde
1596 1740 1627 1764 et
1639 1733 1776 1763 aliorum
1793 1733 1887 1774 primi
1904 1733 2205 1774 physiologizantes,
2218 1734 2251 1765 hi
2269 1735 2400 1775 quidem
2422 1736 2532 1767 omnia

1524 1778 1585 1809 alia
1613 1777 1702 1808 aiunt
1730 1778 1870 1816 generari
1901 1785 1931 1808 et
1961 1777 2076 1816 fluere,
2114 1788 2180 1809 esse
2210 1786 2318 1810 autem
2348 1779 2408 1811 fixe
2436 1780 2531 1818 nihil;

1525 1833 1629 1853 unum
1652 1829 1759 1852 autem
1783 1822 1948 1862 quoddam
1972 1822 2079 1852 solum
2103 1823 2282 1861 subsistere,
2303 1833 2340 1854 ex
2363 1834 2430 1865 quo
2454 1825 2532 1856 haec

1525 1866 1635 1897 omnia
1658 1866 1873 1897 transformari
1898 1873 1970 1897 nata
1994 1874 2077 1897 sunt.
2104 1867 2202 1904 Quod
2230 1867 2362 1909 quidem
2385 1869 2534 1900 videntur

1524 1911 1627 1942 dicere
1650 1910 1701 1941 alii
1724 1910 1828 1950 multi,
1845 1917 1876 1941 et
1894 1911 2072 1942 Heraclitus
2095 1911 2263 1952 Ephesius.

1458 2000 1539 2032 Sunt
1554 2006 1662 2030 autem
1679 1999 1821 2040 quidam,
1841 1999 1897 2040 qui
1917 2006 1948 2030 et
1964 2009 2060 2030 omne
2077 2009 2194 2040 corpus
2209 2000 2387 2040 generabile
2402 2000 2533 2040 faciunt,

1524 2051 1755 2119 {omgonentes
1779 2051 1809 2075 et
1832 2044 2023 2075 resolventes
2047 2045 2087 2074 ad
2111 2044 2293 2085 superficies
2317 2052 2347 2076 et
2364 2055 2401 2076 ex
2423 2056 2534 2088 super-

1548 2099 1593 2119 c1e
1618 2099 1664 2119 us.
2371 2108 2374 2110 -

1460 2198 1534 2235 phus
1556 2197 1625 2226 dixit
1646 2198 1684 2226 ad
1705 2204 1814 2226 asserta
1834 2197 1942 2226 Melissi
1966 2204 1994 2226 et
2016 2198 2205 2234 Parmenidis,
2231 2205 2260 2227 et
2281 2199 2317 2228 de
2338 2199 2408 2236 ipsis
2429 2208 2533 2229 eorum

1459 2237 1584 2266 assertis.
1598 2255 1616 2259 -
1626 2247 1654 2273 4.
1668 2237 1830 2274 Opiniones
1845 2247 1947 2266 eorum
1959 2237 2009 2274 qui
2023 2238 2183 2267 attribuunt
2193 2238 2411 2276 generationem
2425 2248 2534 2277 corpo-

1459 2277 1547 2306 ribus.
1563 2279 1591 2313 a)
1607 2278 1752 2315 Sequaces
1774 2277 1895 2306 Hesiodi
1917 2277 2016 2306 dicunt
2034 2278 2135 2307 omnia
2148 2279 2295 2316 generari:
2319 2289 2421 2308 eorum
2435 2286 2532 2309 autem

1459 2327 1534 2355 quae
1555 2324 1739 2355 generantur,
1761 2319 1905 2355 quaedam
1927 2327 2097 2354 permanere
2119 2318 2364 2356 incorruptibilia,
2387 2320 2532 2357 quaedam

1459 2357 1616 2394 corrumpi.
1639 2374 1658 2380 -
1681 2358 1707 2386 5.
1726 2358 1754 2393 b)
1776 2359 1846 2386 Post
1867 2357 1962 2394 ipsos,
1985 2358 2105 2395 quidam
2126 2358 2260 2387 dixerunt
2281 2359 2381 2388 omnia
2401 2359 2532 2397 generari

1459 2404 1487 2426 et
1508 2397 1538 2425 in
1560 2397 1700 2426 continuo
1722 2397 1801 2425 fluxu
1822 2406 1894 2432 esse,
1910 2404 2024 2434 praeter
2039 2407 2141 2433 unum,
2157 2398 2304 2427 materiale
2325 2399 2433 2428 scilicet
2453 2399 2534 2436 prin-

1459 2437 1577 2474 cipium,
1593 2438 1674 2474 quod
1696 2437 1833 2465 omnibus
1848 2446 1923 2474 quae
1938 2436 2011 2465 fiunt
2025 2444 2053 2466 et
2066 2445 2294 2475 corrumpuntur
2308 2440 2427 2467 substat.
2444 2439 2533 2474 Quod

1458 2476 1633 2514 principium
1650 2477 1757 2505 Thales
1778 2477 1862 2513 ponit
1882 2486 1999 2514 aquam,
2014 2477 2210 2506 Anaximenes
2231 2487 2338 2512 aerem,
2353 2477 2532 2507 Anaximan-

1460 2517 1512 2545 der
1525 2525 1674 2553 vaporem,
1689 2516 1850 2545 Heraclitus
1865 2516 1970 2554 ignem.
1982 2533 2002 2538 —
2013 2517 2040 2545 6.
2053 2521 2079 2552 c)
2095 2517 2222 2552 Quidam
2237 2518 2354 2546 tandem
2371 2524 2534 2555 posuerunt

1459 2565 1547 2584 omne
1569 2565 1674 2593 corpus
1703 2565 1765 2584 esse
1792 2556 1972 2594 generabile,
2002 2556 2071 2593 quia
2097 2564 2257 2594 posuerunt
2283 2557 2384 2586 omnia
2405 2567 2531 2596 corpora

1459 2596 1598 2632 componi
1613 2605 1646 2624 ex
1662 2595 1878 2632 superficiebus,
1893 2596 2056 2633 iterumque
2077 2597 2181 2625 resolvi
2203 2597 2232 2626 in
2254 2606 2312 2626 eas.
2335 2599 2371 2626 Et
2393 2598 2465 2627 haec
2479 2597 2534 2626 fuit

1459 2635 1561 2673 opinio
1583 2635 1722 2664 Platonis.

1456 2742 1700 2789 naturalibus,
1722 2739 1790 2779 ibi‘:
1817 2742 1928 2784 Quod
1944 2748 2070 2779 autem
2100 2744 2352 2781 necessarium
2373 2744 2534 2782 existere

1457 2802 1598 2832 motum
1621 2796 1640 2817 '¹‘
1661 2804 1730 2832 etc.
1754 2795 1863 2832 Circa
1882 2796 2051 2845 primum
2073 2797 2150 2834 duo
2171 2796 2273 2834 facit:
2293 2797 2420 2846 primo
2441 2810 2532 2835 enu-
2558 2807 2570 2819 ·

1457 2857 1579 2886 merat
1598 2849 1799 2898 opiniones
1819 2850 2065 2898 antiquorum
2080 2850 2099 2871 *
2115 2849 2212 2887 circa
2226 2849 2530 2898 generationem;
2559 2861 2568 2871 ·

1457 2902 1627 2940 secundo
1657 2902 1808 2951 inquirit
1836 2902 1884 2939 de
1912 2903 2071 2940 veritate
2100 2916 2246 2949 earum,
2276 2903 2342 2941 ibi:
2367 2905 2429 2941 De
2446 2904 2530 2942 aliis

1457 2956 1605 3004 quidem
1626 2956 1743 3006 igitur
1761 2956 1856 2993 alter
1873 2957 1921 2993 sit
1939 2968 2064 2993 sermo
2085 2957 2105 2977 *¹
2131 2964 2199 2994 etc.
2226 2956 2337 2994 Circa
2362 2957 2530 3006 primum
2558 2969 2567 2978 ·

1457 3009 1526 3046 tria
1554 3009 1659 3046 facit:
1689 3009 1815 3058 primo
1849 3009 1957 3058 ponit
1990 3010 2248 3047 diversitatem
2282 3011 2532 3060 philosopho-

1458 3075 1543 3099 rum
1565 3062 1662 3099 circa
1681 3062 1988 3110 generationem3
2009 3063 2180 3100 secundo
2201 3064 2310 3112 ponit
2328 3064 2532 3113 opiniones

1458 3116 1678 3164 negantium
1707 3116 2013 3164 generationem,
2049 3116 2120 3153 ibi:
2155 3118 2215 3154 Hi
2247 3117 2396 3166 quidem
2431 3118 2530 3155 enim

1458 3170 1623 3218 szsorum
1648 3170 1668 3190 *
1696 3177 1785 3215 etc.;
1815 3170 1922 3206 tertio
1956 3170 2063 3218 ponit
2092 3170 2293 3219 opiniones
2325 3170 2530 3208 attribuen-

1457 3223 1551 3260 tium
1580 3223 1864 3270 generationem
1893 3223 2130 3272 corporibus,
2159 3223 2232 3261 ibi:
2261 3223 2384 3261 Alteri
2403 3230 2529 3262 autem

1458 3276 1610 3325 quidam
1641 3277 1660 3298 *
1691 3284 1759 3314 etc.

1513 3329 1612 3366 Dicit
1641 3342 1730 3378 ergo
1759 3329 1884 3379 primo
1915 3329 2018 3379 quod
2048 3329 2098 3367 illi
2126 3330 2191 3379 qui
2223 3330 2328 3379 prius
2361 3329 2529 3378 philoso-

1459 3382 1563 3432 phati
1583 3391 1670 3420 sunt
1690 3383 1736 3420 de
1756 3383 1925 3430 veritate,
1956 3383 2096 3420 scilicet
2115 3383 2348 3432 speculativa
2367 3389 2384 3405 ⁸
2405 3383 2530 3433 (quod

1461 3436 1548 3473 dicit
1567 3436 1615 3473 ad
1636 3436 1888 3474 differentiam
1918 3448 2053 3473 eorum
2075 3436 2140 3486 qui
2159 3436 2416 3486 philosophati
2444 3443 2531 3474 sunt

397 3583 425 3616 α)
445 3585 477 3609 de
495 3586 614 3615 veritate,
633 3586 732 3611 scilicet
749 3589 918 3619 speculativa.
931 3603 950 3608 -
967 3590 1066 3615 scilicet
1083 3598 1136 3616 om.
1156 3591 1244 3622 codd.,
1263 3592 1297 3617 ita
1315 3597 1343 3616 ut
1362 3592 1507 3617 secundum
1526 3600 1572 3617 eos
1592 3593 1618 3617 S.
1631 3592 1748 3618 Thomas
1767 3593 1935 3625 speculativa
1955 3593 2046 3626 legerit
2064 3593 2090 3618 in
2108 3597 2178 3618 textu
2198 3592 2358 3623 Aristotelis;
2378 3591 2448 3625 quod
2468 3599 2530 3616 oon—

343 3618 460 3644 firmatur
479 3628 525 3652 per
543 3628 656 3653 sequens
675 3622 744 3654 quod
764 3623 827 3648 dicit
846 3629 894 3648 etc.

2558 1478 2569 1488 ·
2583 1476 2653 1499 Text.
2666 1483 2688 1506 3.
