<?xml version="1.0" encoding="UTF-8"?>
<!DOCTYPE html PUBLIC "-//W3C//DTD XHTML 1.0 Transitional//EN"
    "http://www.w3.org/TR/xhtml1/DTD/xhtml1-transitional.dtd">
<html xmlns="http://www.w3.org/1999/xhtml" xml:lang="en" lang="en">
 <head>
  <title>
</title>
<meta http-equiv="Content-Type" content="text/html;charset=utf-8" />
  <meta name='ocr-system' content='tesseract 3.04.00' />
  <meta name='ocr-capabilities' content='ocr_page ocr_carea ocr_par ocr_line ocrx_word'/>
</head>
<body>
  <div class='ocr_page' id='page_1' title='image "./operaomniaiussui03thom/operaomniaiussui03thom_0379.png"; bbox 0 0 2782 4134; ppageno 0'>
   <div class='ocr_carea' id='block_1_1' title="bbox 10 1150 225 1220">
    <p class='ocr_par' dir='ltr' id='par_1_1' title="bbox 10 1150 225 1220">
     <span class='ocr_line' id='line_1_1' title="bbox 10 1150 225 1220; baseline -0.009 -33"><span class='ocrx_word' id='word_1_1' title='bbox 10 1150 15 1178; x_wconf 22' lang='lat' dir='ltr'>y·</span> <span class='ocrx_word' id='word_1_2' title='bbox 34 1162 78 1220; x_wconf 51' lang='lat'>0:0-</span> <span class='ocrx_word' id='word_1_3' title='bbox 83 1163 137 1187; x_wconf 63' lang='grc' dir='ltr'>Μ.</span> <span class='ocrx_word' id='word_1_4' title='bbox 148 1169 225 1192; x_wconf 73' lang='lat' dir='ltr'>praec.</span> 
     </span>
    </p>
   </div>
   <div class='ocr_carea' id='block_1_2' title="bbox 0 1129 155 3610">
    <p class='ocr_par' dir='ltr' id='par_1_2' title="bbox 0 1129 155 3610">
     <span class='ocr_line' id='line_1_2' title="bbox 0 1129 155 3610; baseline 0 0"><span class='ocrx_word' id='word_1_5' title='bbox 0 1129 155 3610; x_wconf 95' lang='lat' dir='ltr'> </span> 
     </span>
    </p>
   </div>
   <div class='ocr_carea' id='block_1_3' title="bbox 1125 283 1588 331">
    <p class='ocr_par' dir='ltr' id='par_1_3' title="bbox 1125 283 1588 331">
     <span class='ocr_line' id='line_1_3' title="bbox 1125 283 1588 331; baseline 0.006 -12"><span class='ocrx_word' id='word_1_6' title='bbox 1125 283 1225 319; x_wconf 93' lang='lat' dir='ltr'>CAP</span> <span class='ocrx_word' id='word_1_7' title='bbox 1254 283 1323 331; x_wconf 91' lang='lat' dir='ltr'>III,</span> <span class='ocrx_word' id='word_1_8' title='bbox 1353 284 1504 321; x_wconf 91' lang='lat' dir='ltr'>LECT.</span> <span class='ocrx_word' id='word_1_9' title='bbox 1535 285 1588 322; x_wconf 93' lang='lat' dir='ltr'>IV</span> 
     </span>
    </p>
   </div>
   <div class='ocr_carea' id='block_1_4' title="bbox 256 357 1329 834">
    <p class='ocr_par' dir='ltr' id='par_1_4' title="bbox 256 357 1329 834">
     <span class='ocr_line' id='line_1_4' title="bbox 257 357 1329 393; baseline 0.006 -9"><span class='ocrx_word' id='word_1_10' title='bbox 257 363 320 385; x_wconf 89' lang='lat' dir='ltr'>tum</span> <span class='ocrx_word' id='word_1_11' title='bbox 341 357 460 385; x_wconf 85' lang='lat' dir='ltr'>excedat</span> <span class='ocrx_word' id='word_1_12' title='bbox 480 357 536 385; x_wconf 82' lang='lat' dir='ltr'>alia</span> <span class='ocrx_word' id='word_1_13' title='bbox 556 357 706 386; x_wconf 86' lang='lat' dir='ltr'>elementa.</span> <span class='ocrx_word' id='word_1_14' title='bbox 727 373 747 379; x_wconf 89' lang='lat'><em>-</em></span> <span class='ocrx_word' id='word_1_15' title='bbox 767 368 796 393; x_wconf 83' lang='lat'>4.</span> <span class='ocrx_word' id='word_1_16' title='bbox 818 358 983 388; x_wconf 89' lang='lat' dir='ltr'>Subdivisio</span> <span class='ocrx_word' id='word_1_17' title='bbox 1004 366 1106 389; x_wconf 88' lang='lat' dir='ltr'>textus.</span> <span class='ocrx_word' id='word_1_18' title='bbox 1124 377 1143 382; x_wconf 89' lang='lat'><em>-</em></span> <span class='ocrx_word' id='word_1_19' title='bbox 1159 361 1329 389; x_wconf 76' lang='lat' dir='ltr'>Resolvitur</span> 
     </span>
     <span class='ocr_line' id='line_1_5' title="bbox 257 396 1329 438; baseline 0.005 -14"><span class='ocrx_word' id='word_1_20' title='bbox 257 396 386 434; x_wconf 83' lang='lat' dir='ltr'><em>quaestio</em></span> <span class='ocrx_word' id='word_1_21' title='bbox 407 397 444 425; x_wconf 86' lang='lat' dir='ltr'>de</span> <span class='ocrx_word' id='word_1_22' title='bbox 465 397 648 426; x_wconf 81' lang='lat' dir='ltr'>ordinatione</span> <span class='ocrx_word' id='word_1_23' title='bbox 663 398 882 426; x_wconf 84' lang='lat' dir='ltr'>elementorum.</span> <span class='ocrx_word' id='word_1_24' title='bbox 901 399 938 426; x_wconf 89' lang='lat' dir='ltr'>Et</span> <span class='ocrx_word' id='word_1_25' title='bbox 954 399 1055 436; x_wconf 85' lang='lat' dir='ltr'>primo</span> <span class='ocrx_word' id='word_1_26' title='bbox 1075 400 1231 428; x_wconf 82' lang='lat' dir='ltr'>resumitur</span> <span class='ocrx_word' id='word_1_27' title='bbox 1248 402 1329 438; x_wconf 94' lang='lat' dir='ltr'>quod</span> 
     </span>
     <span class='ocr_line' id='line_1_6' title="bbox 257 438 1328 477; baseline 0.005 -13"><span class='ocrx_word' id='word_1_28' title='bbox 257 445 427 473; x_wconf 90' lang='lat' dir='ltr'>supremum</span> <span class='ocrx_word' id='word_1_29' title='bbox 442 445 547 473; x_wconf 88' lang='lat' dir='ltr'>corpus</span> <span class='ocrx_word' id='word_1_30' title='bbox 561 446 654 474; x_wconf 77' lang='lat' dir='ltr'>usque</span> <span class='ocrx_word' id='word_1_31' title='bbox 667 438 704 466; x_wconf 87' lang='lat' dir='ltr'>ad</span> <span class='ocrx_word' id='word_1_32' title='bbox 718 438 827 473; x_wconf 89' lang='lat' dir='ltr'>lunam,</span> <span class='ocrx_word' id='word_1_33' title='bbox 843 444 886 465; x_wconf 90' lang='lat' dir='ltr'>est</span> <span class='ocrx_word' id='word_1_34' title='bbox 899 438 1021 466; x_wconf 88' lang='lat' dir='ltr'>alterum</span> <span class='ocrx_word' id='word_1_35' title='bbox 1036 440 1072 467; x_wconf 90' lang='lat' dir='ltr'>ab</span> <span class='ocrx_word' id='word_1_36' title='bbox 1088 440 1152 477; x_wconf 88' lang='lat' dir='ltr'>igne</span> <span class='ocrx_word' id='word_1_37' title='bbox 1167 447 1195 468; x_wconf 93' lang='lat' dir='ltr'>et</span> <span class='ocrx_word' id='word_1_38' title='bbox 1209 450 1284 476; x_wconf 86' lang='lat' dir='ltr'>aere,</span> <span class='ocrx_word' id='word_1_39' title='bbox 1296 447 1328 469; x_wconf 89' lang='lat' dir='ltr'>ut</span> 
     </span>
     <span class='ocr_line' id='line_1_7' title="bbox 257 476 1329 517; baseline 0.004 -13"><span class='ocrx_word' id='word_1_40' title='bbox 257 476 288 504; x_wconf 89' lang='lat' dir='ltr'>in</span> <span class='ocrx_word' id='word_1_41' title='bbox 308 476 492 512; x_wconf 86' lang='lat' dir='ltr'>praecedenti</span> <span class='ocrx_word' id='word_1_42' title='bbox 513 476 636 505; x_wconf 91' lang='lat' dir='ltr'>lectione</span> <span class='ocrx_word' id='word_1_43' title='bbox 657 483 806 505; x_wconf 87' lang='lat' dir='ltr'>ostensum</span> <span class='ocrx_word' id='word_1_44' title='bbox 821 483 879 505; x_wconf 85' lang='lat' dir='ltr'>est:</span> <span class='ocrx_word' id='word_1_45' title='bbox 901 477 931 505; x_wconf 90' lang='lat' dir='ltr'>in</span> <span class='ocrx_word' id='word_1_46' title='bbox 953 478 1017 514; x_wconf 90' lang='lat' dir='ltr'>ipso</span> <span class='ocrx_word' id='word_1_47' title='bbox 1038 485 1135 507; x_wconf 88' lang='lat' dir='ltr'>autem</span> <span class='ocrx_word' id='word_1_48' title='bbox 1156 486 1199 508; x_wconf 88' lang='lat' dir='ltr'>est</span> <span class='ocrx_word' id='word_1_49' title='bbox 1220 480 1329 517; x_wconf 89' lang='lat' dir='ltr'>aliquid</span> 
     </span>
     <span class='ocr_line' id='line_1_8' title="bbox 258 515 1328 554; baseline 0.004 -10"><span class='ocrx_word' id='word_1_50' title='bbox 258 516 350 554; x_wconf 89' lang='lat' dir='ltr'>magis</span> <span class='ocrx_word' id='word_1_51' title='bbox 372 522 400 544; x_wconf 92' lang='lat' dir='ltr'>et</span> <span class='ocrx_word' id='word_1_52' title='bbox 420 515 517 544; x_wconf 90' lang='lat' dir='ltr'>minus</span> <span class='ocrx_word' id='word_1_53' title='bbox 535 516 642 552; x_wconf 84' lang='lat' dir='ltr'>nobile,</span> <span class='ocrx_word' id='word_1_54' title='bbox 658 516 750 554; x_wconf 81' lang='lat' dir='ltr'>magis</span> <span class='ocrx_word' id='word_1_55' title='bbox 771 523 799 545; x_wconf 93' lang='lat' dir='ltr'>et</span> <span class='ocrx_word' id='word_1_56' title='bbox 820 517 916 545; x_wconf 86' lang='lat' dir='ltr'>minus</span> <span class='ocrx_word' id='word_1_57' title='bbox 930 517 1093 546; x_wconf 90' lang='lat' dir='ltr'>virtuosum</span> <span class='ocrx_word' id='word_1_58' title='bbox 1115 526 1143 547; x_wconf 88' lang='lat' dir='ltr'>et</span> <span class='ocrx_word' id='word_1_59' title='bbox 1162 520 1294 548; x_wconf 87' lang='lat' dir='ltr'>formale.</span> <span class='ocrx_word' id='word_1_60' title='bbox 1309 536 1328 541; x_wconf 94' lang='lat'><em>-</em></span> 
     </span>
     <span class='ocr_line' id='line_1_9' title="bbox 260 556 1328 593; baseline 0.004 -9"><span class='ocrx_word' id='word_1_61' title='bbox 260 556 286 584; x_wconf 90' lang='grc'>5.</span> <span class='ocrx_word' id='word_1_62' title='bbox 303 556 437 584; x_wconf 86' lang='lat' dir='ltr'>Secundo</span> <span class='ocrx_word' id='word_1_63' title='bbox 459 556 621 584; x_wconf 87' lang='lat' dir='ltr'>ostenditur</span> <span class='ocrx_word' id='word_1_64' title='bbox 642 556 759 584; x_wconf 88' lang='lat' dir='ltr'>effectus</span> <span class='ocrx_word' id='word_1_65' title='bbox 781 566 937 593; x_wconf 87' lang='lat' dir='ltr'>corpomm</span> <span class='ocrx_word' id='word_1_66' title='bbox 959 558 1126 586; x_wconf 90' lang='lat' dir='ltr'>caelestium</span> <span class='ocrx_word' id='word_1_67' title='bbox 1147 558 1178 586; x_wconf 90' lang='lat' dir='ltr'>in</span> <span class='ocrx_word' id='word_1_68' title='bbox 1199 559 1270 588; x_wconf 86' lang='lat' dir='ltr'>haec</span> <span class='ocrx_word' id='word_1_69' title='bbox 1284 560 1328 588; x_wconf 92' lang='lat' dir='ltr'>in-</span> 
     </span>
     <span class='ocr_line' id='line_1_10' title="bbox 257 595 1329 634; baseline 0.004 -11"><span class='ocrx_word' id='word_1_70' title='bbox 257 595 377 624; x_wconf 83' lang='lat' dir='ltr'>feriora:</span> <span class='ocrx_word' id='word_1_71' title='bbox 397 595 535 623; x_wconf 82' lang='lat' dir='ltr'>nimirum</span> <span class='ocrx_word' id='word_1_72' title='bbox 560 605 612 632; x_wconf 90' lang='lat' dir='ltr'>per</span> <span class='ocrx_word' id='word_1_73' title='bbox 633 602 746 624; x_wconf 90' lang='lat' dir='ltr'>motum</span> <span class='ocrx_word' id='word_1_74' title='bbox 768 596 840 625; x_wconf 88' lang='lat' dir='ltr'>caeli</span> <span class='ocrx_word' id='word_1_75' title='bbox 866 603 894 624; x_wconf 91' lang='lat' dir='ltr'>et</span> <span class='ocrx_word' id='word_1_76' title='bbox 914 597 1077 632; x_wconf 83' lang='lat' dir='ltr'>stellarum,</span> <span class='ocrx_word' id='word_1_77' title='bbox 1100 607 1165 634; x_wconf 89' lang='lat' dir='ltr'>pars</span> <span class='ocrx_word' id='word_1_78' title='bbox 1186 598 1329 627; x_wconf 85' lang='lat' dir='ltr'>inferioris</span> 
     </span>
     <span class='ocr_line' id='line_1_11' title="bbox 257 634 1329 672; baseline 0.003 -8"><span class='ocrx_word' id='word_1_79' title='bbox 257 635 360 664; x_wconf 90' lang='lat' dir='ltr'>mundi</span> <span class='ocrx_word' id='word_1_80' title='bbox 382 634 424 663; x_wconf 87' lang='lat' dir='ltr'>eis</span> <span class='ocrx_word' id='word_1_81' title='bbox 437 635 632 672; x_wconf 87' lang='lat' dir='ltr'>propinquior</span> <span class='ocrx_word' id='word_1_82' title='bbox 652 635 819 664; x_wconf 86' lang='lat' dir='ltr'>accenditur</span> <span class='ocrx_word' id='word_1_83' title='bbox 833 642 861 664; x_wconf 94' lang='lat' dir='ltr'>et</span> <span class='ocrx_word' id='word_1_84' title='bbox 882 636 914 664; x_wconf 86' lang='lat' dir='ltr'>fit</span> <span class='ocrx_word' id='word_1_85' title='bbox 934 636 1036 665; x_wconf 85' lang='lat' dir='ltr'>calida.</span> <span class='ocrx_word' id='word_1_86' title='bbox 1052 638 1126 666; x_wconf 88' lang='lat' dir='ltr'>Nam</span> <span class='ocrx_word' id='word_1_87' title='bbox 1148 644 1209 666; x_wconf 89' lang='lat' dir='ltr'>tota</span> <span class='ocrx_word' id='word_1_88' title='bbox 1225 645 1329 667; x_wconf 88' lang='lat' dir='ltr'>natura</span> 
     </span>
     <span class='ocr_line' id='line_1_12' title="bbox 258 675 1329 714; baseline 0.004 -12"><span class='ocrx_word' id='word_1_89' title='bbox 258 684 333 712; x_wconf 85' lang='lat' dir='ltr'>quae</span> <span class='ocrx_word' id='word_1_90' title='bbox 354 681 397 703; x_wconf 88' lang='lat' dir='ltr'>est</span> <span class='ocrx_word' id='word_1_91' title='bbox 422 676 476 703; x_wconf 91' lang='lat' dir='ltr'>sub</span> <span class='ocrx_word' id='word_1_92' title='bbox 498 675 595 710; x_wconf 85' lang='lat' dir='ltr'>caelo,</span> <span class='ocrx_word' id='word_1_93' title='bbox 621 681 663 703; x_wconf 89' lang='lat' dir='ltr'>est</span> <span class='ocrx_word' id='word_1_94' title='bbox 682 675 770 704; x_wconf 87' lang='lat' dir='ltr'>veluti</span> <span class='ocrx_word' id='word_1_95' title='bbox 800 676 921 704; x_wconf 86' lang='lat' dir='ltr'>materia</span> <span class='ocrx_word' id='word_1_96' title='bbox 942 677 1066 705; x_wconf 85' lang='lat' dir='ltr'>existens</span> <span class='ocrx_word' id='word_1_97' title='bbox 1088 677 1118 705; x_wconf 92' lang='lat' dir='ltr'>in</span> <span class='ocrx_word' id='word_1_98' title='bbox 1140 678 1270 714; x_wconf 89' lang='lat' dir='ltr'>potentia</span> <span class='ocrx_word' id='word_1_99' title='bbox 1291 679 1329 706; x_wconf 88' lang='lat' dir='ltr'>ad</span> 
     </span>
     <span class='ocr_line' id='line_1_13' title="bbox 257 714 1328 754; baseline 0.003 -11"><span class='ocrx_word' id='word_1_100' title='bbox 257 714 441 751; x_wconf 83' lang='lat' dir='ltr'>caliditatem,</span> <span class='ocrx_word' id='word_1_101' title='bbox 455 714 648 752; x_wconf 80' lang='lat' dir='ltr'>frigiditatem,</span> <span class='ocrx_word' id='word_1_102' title='bbox 664 721 732 750; x_wconf 89' lang='lat' dir='ltr'>etc.;</span> <span class='ocrx_word' id='word_1_103' title='bbox 748 715 780 743; x_wconf 88' lang='lat' dir='ltr'>fit</span> <span class='ocrx_word' id='word_1_104' title='bbox 793 722 890 744; x_wconf 84' lang='lat' dir='ltr'>autem</span> <span class='ocrx_word' id='word_1_105' title='bbox 905 716 969 744; x_wconf 91' lang='lat' dir='ltr'>talis</span> <span class='ocrx_word' id='word_1_106' title='bbox 983 716 1013 744; x_wconf 90' lang='lat' dir='ltr'>in</span> <span class='ocrx_word' id='word_1_107' title='bbox 1024 723 1099 752; x_wconf 88' lang='lat' dir='ltr'>actu,</span> <span class='ocrx_word' id='word_1_108' title='bbox 1111 726 1163 753; x_wconf 94' lang='lat' dir='ltr'>per</span> <span class='ocrx_word' id='word_1_109' title='bbox 1177 718 1234 745; x_wconf 93' lang='lat' dir='ltr'>hoc</span> <span class='ocrx_word' id='word_1_110' title='bbox 1248 718 1328 754; x_wconf 93' lang='lat' dir='ltr'>quod</span> 
     </span>
     <span class='ocr_line' id='line_1_14' title="bbox 256 754 1326 794; baseline 0.003 -12"><span class='ocrx_word' id='word_1_111' title='bbox 256 754 408 792; x_wconf 85' lang='lat' dir='ltr'>participat</span> <span class='ocrx_word' id='word_1_112' title='bbox 429 754 474 783; x_wconf 89' lang='lat' dir='ltr'>vel</span> <span class='ocrx_word' id='word_1_113' title='bbox 494 764 555 783; x_wconf 91' lang='lat' dir='ltr'>non</span> <span class='ocrx_word' id='word_1_114' title='bbox 570 754 721 792; x_wconf 91' lang='lat' dir='ltr'>participat</span> <span class='ocrx_word' id='word_1_115' title='bbox 742 755 778 783; x_wconf 91' lang='lat' dir='ltr'>de</span> <span class='ocrx_word' id='word_1_116' title='bbox 800 762 883 783; x_wconf 88' lang='lat' dir='ltr'>motu</span> <span class='ocrx_word' id='word_1_117' title='bbox 904 765 921 784; x_wconf 95' lang='lat' dir='ltr'>a</span> <span class='ocrx_word' id='word_1_118' title='bbox 942 765 1065 793; x_wconf 86' lang='lat' dir='ltr'>corpore</span> <span class='ocrx_word' id='word_1_119' title='bbox 1086 757 1217 792; x_wconf 89' lang='lat' dir='ltr'>caelesti;</span> <span class='ocrx_word' id='word_1_120' title='bbox 1231 766 1249 785; x_wconf 89' lang='lat' dir='ltr'>a</span> <span class='ocrx_word' id='word_1_121' title='bbox 1267 767 1326 794; x_wconf 92' lang='lat' dir='ltr'>quo</span> 
     </span>
     <span class='ocr_line' id='line_1_15' title="bbox 257 793 1325 834; baseline 0.001 -10"><span class='ocrx_word' id='word_1_122' title='bbox 257 803 382 832; x_wconf 89' lang='lat' dir='ltr'>corpora</span> <span class='ocrx_word' id='word_1_123' title='bbox 402 793 539 823; x_wconf 87' lang='lat' dir='ltr'>inferiora</span> <span class='ocrx_word' id='word_1_124' title='bbox 559 794 652 831; x_wconf 88' lang='lat' dir='ltr'>ipsam</span> <span class='ocrx_word' id='word_1_125' title='bbox 674 801 808 823; x_wconf 88' lang='lat' dir='ltr'>naturam</span> <span class='ocrx_word' id='word_1_126' title='bbox 829 796 875 824; x_wconf 91' lang='lat' dir='ltr'>vel</span> <span class='ocrx_word' id='word_1_127' title='bbox 895 796 1030 832; x_wconf 87' lang='lat' dir='ltr'>formam,</span> <span class='ocrx_word' id='word_1_128' title='bbox 1054 797 1214 825; x_wconf 85' lang='lat' dir='ltr'>secundum</span> <span class='ocrx_word' id='word_1_129' title='bbox 1236 806 1325 834; x_wconf 91' lang='lat' dir='ltr'>quam</span> 
     </span>
    </p>
   </div>
   <div class='ocr_carea' id='block_1_5' title="bbox 447 892 520 1015">
    <p class='ocr_par' dir='ltr' id='par_1_5' title="bbox 447 892 520 1015">
     <span class='ocr_line' id='line_1_16' title="bbox 447 892 519 969; baseline 0 0"><span class='ocrx_word' id='word_1_130' title='bbox 447 892 508 969; x_wconf 95' lang='lat' dir='ltr'>   </span> <span class='ocrx_word' id='word_1_131' title='bbox 507 930 519 969; x_wconf 95' lang='lat' dir='ltr'>  </span> 
     </span>
     <span class='ocr_line' id='line_1_17' title="bbox 492 982 520 1015; baseline 0 3119"><span class='ocrx_word' id='word_1_132' title='bbox 492 982 520 1015; x_wconf 95' lang='lat' dir='ltr'> </span> 
     </span>
    </p>
   </div>
   <div class='ocr_carea' id='block_1_6' title="bbox 476 889 1324 993">
    <p class='ocr_par' dir='ltr' id='par_1_6' title="bbox 461 889 1324 993">
     <span class='ocr_line' id='line_1_18' title="bbox 522 889 1324 939; baseline 0.005 -14.717"><span class='ocrx_word' id='word_1_133' title='bbox 522 895 699 937; x_wconf 92' lang='lat' dir='ltr'>ostquam</span> <span class='ocrx_word' id='word_1_134' title='bbox 729 889 986 939; x_wconf 88' lang='lat' dir='ltr'>Philosophus</span> <span class='ocrx_word' id='word_1_135' title='bbox 1006 890 1171 928; x_wconf 87' lang='lat' dir='ltr'>ostendit</span> <span class='ocrx_word' id='word_1_136' title='bbox 1198 891 1324 939; x_wconf 88' lang='lat' dir='ltr'>ignem</span> 
     </span>
     <span class='ocr_line' id='line_1_19' title="bbox 476 943 1322 993; baseline 0.005 -15"><span class='ocrx_word' id='word_1_137' title='bbox 476 943 507 969; x_wconf 56' lang='lat'>³³</span> <span class='ocrx_word' id='word_1_138' title='bbox 522 949 560 978; x_wconf 91' lang='lat' dir='ltr'>et</span> <span class='ocrx_word' id='word_1_139' title='bbox 594 954 725 979; x_wconf 89' lang='lat' dir='ltr'>aerem</span> <span class='ocrx_word' id='word_1_140' title='bbox 753 955 832 980; x_wconf 94' lang='lat' dir='ltr'>non</span> <span class='ocrx_word' id='word_1_141' title='bbox 870 956 953 981; x_wconf 91' lang='lat' dir='ltr'>esse</span> <span class='ocrx_word' id='word_1_142' title='bbox 982 956 1121 993; x_wconf 89' lang='lat' dir='ltr'>corpus</span> <span class='ocrx_word' id='word_1_143' title='bbox 1149 946 1322 992; x_wconf 89' lang='lat' dir='ltr'>caeleste,</span> 
     </span>
    </p>
   </div>
   <div class='ocr_carea' id='block_1_7' title="bbox 305 892 395 1089">
    <p class='ocr_par' dir='ltr' id='par_1_7' title="bbox 305 892 395 1089">
     <span class='ocr_line' id='line_1_20' title="bbox 305 892 377 1015; baseline 0 0"><span class='ocrx_word' id='word_1_144' title='bbox 305 892 377 1015; x_wconf 95' lang='lat' dir='ltr'>  </span> 
     </span>
     <span class='ocr_line' id='line_1_21' title="bbox 305 1015 395 1089; baseline 0 0"><span class='ocrx_word' id='word_1_145' title='bbox 305 1015 376 1089; x_wconf 95' lang='lat' dir='ltr'>  </span> <span class='ocrx_word' id='word_1_146' title='bbox 393 1063 395 1089; x_wconf 95' lang='lat' dir='ltr'> </span> 
     </span>
    </p>
   </div>
   <div class='ocr_carea' id='block_1_8' title="bbox 330 899 451 981">
    <p class='ocr_par' dir='ltr' id='par_1_8' title="bbox 330 899 451 981">
     <span class='ocr_line' id='line_1_22' title="bbox 330 899 451 969; baseline 0.033 -16"><span class='ocrx_word' id='word_1_147' title='bbox 330 936 349 953; x_wconf 46' lang='lat'>2</span> <span class='ocrx_word' id='word_1_148' title='bbox 377 899 451 969; x_wconf 50' lang='grc' dir='ltr'>,ῖὲὶᾷ</span> 
     </span>
     <span class='ocr_line' id='line_1_23' title="bbox 377 967 384 981; baseline 0 0"><span class='ocrx_word' id='word_1_149' title='bbox 377 967 384 981; x_wconf 68' lang='lat' dir='ltr'>k</span> 
     </span>
    </p>
   </div>
   <div class='ocr_carea' id='block_1_9' title="bbox 502 1015 514 1089">
    <p class='ocr_par' dir='ltr' id='par_1_9' title="bbox 502 1015 514 1089">
     <span class='ocr_line' id='line_1_24' title="bbox 502 1015 514 1089; baseline 0 -73"><span class='ocrx_word' id='word_1_150' title='bbox 502 1015 514 1089; x_wconf 95' lang='lat' dir='ltr'>   </span> 
     </span>
    </p>
   </div>
   <div class='ocr_carea' id='block_1_10' title="bbox 322 966 1325 1100">
    <p class='ocr_par' dir='ltr' id='par_1_10' title="bbox 315 966 1325 1100">
     <span class='ocr_line' id='line_1_25' title="bbox 376 966 1322 1056; baseline 0.005 -25.697"><span class='ocrx_word' id='word_1_151' title='bbox 376 966 627 1056; x_wconf 48' lang='grc' dir='ltr'>Ξξῗὲέ»ςυοᾱ</span> <span class='ocrx_word' id='word_1_152' title='bbox 667 1004 829 1034; x_wconf 89' lang='lat' dir='ltr'>vocatur</span> <span class='ocrx_word' id='word_1_153' title='bbox 878 997 1046 1046; x_wconf 91' lang='lat' dir='ltr'>primum</span> <span class='ocrx_word' id='word_1_154' title='bbox 1090 999 1322 1035; x_wconf 91' lang='lat' dir='ltr'>elementum</span> 
     </span>
     <span class='ocr_line' id='line_1_26' title="bbox 322 1038 1325 1100; baseline 0.002 -13"><span class='ocrx_word' id='word_1_155' title='bbox 322 1061 349 1077; x_wconf 46' lang='grc' dir='ltr'>»ν’</span> <span class='ocrx_word' id='word_1_156' title='bbox 376 1038 502 1087; x_wconf 50' lang='lat' dir='ltr'>mest!</span> <span class='ocrx_word' id='word_1_157' title='bbox 522 1048 602 1085; x_wconf 91' lang='lat' dir='ltr'>sive</span> <span class='ocrx_word' id='word_1_158' title='bbox 634 1049 804 1098; x_wconf 88' lang='lat' dir='ltr'>primum</span> <span class='ocrx_word' id='word_1_159' title='bbox 840 1063 1000 1100; x_wconf 89' lang='lat' dir='ltr'>corpus,</span> <span class='ocrx_word' id='word_1_160' title='bbox 1031 1063 1134 1088; x_wconf 89' lang='lat' dir='ltr'>nunc</span> <span class='ocrx_word' id='word_1_161' title='bbox 1167 1051 1325 1089; x_wconf 90' lang='lat' dir='ltr'>intendit</span> 
     </span>
    </p>
   </div>
   <div class='ocr_carea' id='block_1_11' title="bbox 253 1101 1322 1263">
    <p class='ocr_par' dir='ltr' id='par_1_11' title="bbox 253 1101 1322 1263">
     <span class='ocr_line' id='line_1_27' title="bbox 256 1101 1322 1151; baseline 0.004 -12"><span class='ocrx_word' id='word_1_162' title='bbox 256 1101 458 1139; x_wconf 86' lang='lat' dir='ltr'>ostendere</span> <span class='ocrx_word' id='word_1_163' title='bbox 486 1102 688 1150; x_wconf 89' lang='lat' dir='ltr'>quomodo</span> <span class='ocrx_word' id='word_1_164' title='bbox 716 1102 812 1151; x_wconf 90' lang='lat' dir='ltr'>ignis</span> <span class='ocrx_word' id='word_1_165' title='bbox 847 1112 882 1140; x_wconf 93' lang='lat' dir='ltr'>et</span> <span class='ocrx_word' id='word_1_166' title='bbox 910 1117 976 1141; x_wconf 87' lang='lat' dir='ltr'>aer</span> <span class='ocrx_word' id='word_1_167' title='bbox 1009 1117 1050 1142; x_wconf 93' lang='lat' dir='ltr'>se</span> <span class='ocrx_word' id='word_1_168' title='bbox 1075 1105 1242 1142; x_wconf 89' lang='lat' dir='ltr'>habeant</span> <span class='ocrx_word' id='word_1_169' title='bbox 1274 1106 1322 1143; x_wconf 91' lang='lat' dir='ltr'>ad</span> 
     </span>
     <span class='ocr_line' id='line_1_28' title="bbox 255 1154 1321 1205; baseline 0.003 -12"><span class='ocrx_word' id='word_1_170' title='bbox 255 1155 347 1193; x_wconf 91' lang='lat' dir='ltr'>illud</span> <span class='ocrx_word' id='word_1_171' title='bbox 374 1154 544 1204; x_wconf 89' lang='lat' dir='ltr'>primum</span> <span class='ocrx_word' id='word_1_172' title='bbox 574 1168 713 1205; x_wconf 91' lang='lat' dir='ltr'>corpus</span> <span class='ocrx_word' id='word_1_173' title='bbox 740 1156 771 1193; x_wconf 70' lang='lat'>²¹⁸.</span> <span class='ocrx_word' id='word_1_174' title='bbox 799 1158 849 1194; x_wconf 92' lang='lat' dir='ltr'>Et</span> <span class='ocrx_word' id='word_1_175' title='bbox 877 1157 976 1194; x_wconf 91' lang='lat' dir='ltr'>circa</span> <span class='ocrx_word' id='word_1_176' title='bbox 1003 1158 1078 1195; x_wconf 93' lang='lat' dir='ltr'>hoc</span> <span class='ocrx_word' id='word_1_177' title='bbox 1107 1160 1185 1196; x_wconf 94' lang='lat' dir='ltr'>duo</span> <span class='ocrx_word' id='word_1_178' title='bbox 1215 1159 1321 1196; x_wconf 85' lang='lat' dir='ltr'>facit:</span> 
     </span>
     <span class='ocr_line' id='line_1_29' title="bbox 253 1208 1322 1263; baseline 0.005 -19"><span class='ocrx_word' id='word_1_179' title='bbox 253 1208 531 1263; x_wconf 70' lang='lat' dir='ltr'>primomovet</span> <span class='ocrx_word' id='word_1_180' title='bbox 544 1209 644 1246; x_wconf 91' lang='lat' dir='ltr'>hanc</span> <span class='ocrx_word' id='word_1_181' title='bbox 659 1210 924 1259; x_wconf 89' lang='lat' dir='ltr'>quaestionem</span> <span class='ocrx_word' id='word_1_182' title='bbox 939 1217 968 1251; x_wconf 53' lang='grc' dir='ltr'>α,</span> <span class='ocrx_word' id='word_1_183' title='bbox 986 1219 1022 1248; x_wconf 92' lang='lat' dir='ltr'>et</span> <span class='ocrx_word' id='word_1_184' title='bbox 1037 1212 1132 1249; x_wconf 90' lang='lat' dir='ltr'>duas</span> <span class='ocrx_word' id='word_1_185' title='bbox 1146 1212 1238 1249; x_wconf 89' lang='lat' dir='ltr'>alias</span> <span class='ocrx_word' id='word_1_186' title='bbox 1257 1225 1322 1249; x_wconf 91' lang='lat' dir='ltr'>ne-</span> 
     </span>
    </p>
   </div>
   <div class='ocr_carea' id='block_1_12' title="bbox 211 1261 1321 1312">
    <p class='ocr_par' dir='ltr' id='par_1_12' title="bbox 211 1261 1321 1312">
     <span class='ocr_line' id='line_1_30' title="bbox 211 1261 1321 1312; baseline 0.004 -13"><span class='ocrx_word' id='word_1_187' title='bbox 211 1305 215 1308; x_wconf 18' lang='lat'>,</span> <span class='ocrx_word' id='word_1_188' title='bbox 255 1261 435 1300; x_wconf 88' lang='lat' dir='ltr'>cessarias</span> <span class='ocrx_word' id='word_1_189' title='bbox 463 1262 512 1299; x_wconf 86' lang='lat' dir='ltr'>ad</span> <span class='ocrx_word' id='word_1_190' title='bbox 531 1263 788 1312; x_wconf 87' lang='lat' dir='ltr'>propositum;</span> <span class='ocrx_word' id='word_1_191' title='bbox 818 1265 988 1301; x_wconf 91' lang='lat' dir='ltr'>secundo</span> <span class='ocrx_word' id='word_1_192' title='bbox 1018 1265 1131 1302; x_wconf 92' lang='lat' dir='ltr'>solvit</span> <span class='ocrx_word' id='word_1_193' title='bbox 1159 1277 1234 1312; x_wconf 85' lang='lat' dir='ltr'>eas,</span> <span class='ocrx_word' id='word_1_194' title='bbox 1254 1266 1321 1303; x_wconf 92' lang='lat' dir='ltr'>ibi:</span> 
     </span>
    </p>
   </div>
   <div class='ocr_carea' id='block_1_13' title="bbox 253 1316 1324 1634">
    <p class='ocr_par' dir='ltr' id='par_1_13' title="bbox 253 1316 1324 1527">
     <span class='ocr_line' id='line_1_31' title="bbox 253 1316 1320 1367; baseline 0.002 -13"><span class='ocrx_word' id='word_1_195' title='bbox 253 1316 339 1354; x_wconf 86' lang='lat' dir='ltr'>Nos</span> <span class='ocrx_word' id='word_1_196' title='bbox 356 1320 482 1353; x_wconf 88' lang='lat' dir='ltr'>autem</span> <span class='ocrx_word' id='word_1_197' title='bbox 502 1316 672 1353; x_wconf 82' lang='lat' dir='ltr'>dicamus</span> <span class='ocrx_word' id='word_1_198' title='bbox 690 1316 710 1338; x_wconf 75' lang='lat'>’¹‘</span> <span class='ocrx_word' id='word_1_199' title='bbox 729 1325 799 1354; x_wconf 90' lang='lat' dir='ltr'>ete.</span> <span class='ocrx_word' id='word_1_200' title='bbox 821 1317 950 1354; x_wconf 89' lang='lat' dir='ltr'>Prima</span> <span class='ocrx_word' id='word_1_201' title='bbox 978 1318 1158 1356; x_wconf 92' lang='lat' dir='ltr'>dividitur</span> <span class='ocrx_word' id='word_1_202' title='bbox 1176 1318 1214 1356; x_wconf 91' lang='lat' dir='ltr'>in</span> <span class='ocrx_word' id='word_1_203' title='bbox 1233 1326 1320 1367; x_wconf 88' lang='lat' dir='ltr'>tres,</span> 
     </span>
     <span class='ocr_line' id='line_1_32' title="bbox 254 1368 1323 1419; baseline 0.003 -13"><span class='ocrx_word' id='word_1_204' title='bbox 254 1368 467 1407; x_wconf 91' lang='lat' dir='ltr'>secundum</span> <span class='ocrx_word' id='word_1_205' title='bbox 487 1376 562 1406; x_wconf 92' lang='lat' dir='ltr'>tres</span> <span class='ocrx_word' id='word_1_206' title='bbox 592 1370 834 1419; x_wconf 81' lang='lat' dir='ltr'>quaestiones</span> <span class='ocrx_word' id='word_1_207' title='bbox 854 1383 950 1419; x_wconf 89' lang='lat' dir='ltr'>quas</span> <span class='ocrx_word' id='word_1_208' title='bbox 978 1379 1128 1409; x_wconf 90' lang='lat' dir='ltr'>movet:</span> <span class='ocrx_word' id='word_1_209' title='bbox 1154 1373 1323 1410; x_wconf 89' lang='lat' dir='ltr'>secunda</span> 
     </span>
     <span class='ocr_line' id='line_1_33' title="bbox 253 1422 1324 1472; baseline 0.002 -11"><span class='ocrx_word' id='word_1_210' title='bbox 253 1422 384 1472; x_wconf 89' lang='lat' dir='ltr'>incipit</span> <span class='ocrx_word' id='word_1_211' title='bbox 411 1422 479 1460; x_wconf 87' lang='lat' dir='ltr'>ibi:</span> <span class='ocrx_word' id='word_1_212' title='bbox 499 1424 550 1460; x_wconf 86' lang='lat' dir='ltr'>Et</span> <span class='ocrx_word' id='word_1_213' title='bbox 562 1429 720 1472; x_wconf 84' lang='lat' dir='ltr'>propter</span> <span class='ocrx_word' id='word_1_214' title='bbox 747 1435 861 1472; x_wconf 88' lang='lat' dir='ltr'>quam</span> <span class='ocrx_word' id='word_1_215' title='bbox 882 1436 1038 1462; x_wconf 85' lang='lat' dir='ltr'>causam</span> <span class='ocrx_word' id='word_1_216' title='bbox 1057 1424 1078 1447; x_wconf 78' lang='lat'>&#39;¹‘</span> <span class='ocrx_word' id='word_1_217' title='bbox 1097 1433 1186 1471; x_wconf 90' lang='lat' dir='ltr'>etc.;</span> <span class='ocrx_word' id='word_1_218' title='bbox 1215 1426 1324 1463; x_wconf 87' lang='lat' dir='ltr'>tertia</span> 
     </span>
     <span class='ocr_line' id='line_1_34' title="bbox 253 1476 799 1527; baseline -0.002 -13"><span class='ocrx_word' id='word_1_219' title='bbox 253 1476 323 1514; x_wconf 89' lang='lat' dir='ltr'>ibi:</span> <span class='ocrx_word' id='word_1_220' title='bbox 351 1477 412 1513; x_wconf 88' lang='lat' dir='ltr'>De</span> <span class='ocrx_word' id='word_1_221' title='bbox 438 1488 528 1514; x_wconf 89' lang='lat' dir='ltr'>aere</span> <span class='ocrx_word' id='word_1_222' title='bbox 556 1477 674 1527; x_wconf 72' lang='lat' dir='ltr'>igitur</span> <span class='ocrx_word' id='word_1_223' title='bbox 690 1476 711 1498; x_wconf 85' lang='lat'>*</span> <span class='ocrx_word' id='word_1_224' title='bbox 730 1484 799 1514; x_wconf 92' lang='lat' dir='ltr'>etc.</span> 
     </span>
    </p>

    <p class='ocr_par' dir='ltr' id='par_1_14' title="bbox 253 1529 1323 1634">
     <span class='ocr_line' id='line_1_35' title="bbox 307 1529 1323 1582; baseline 0.003 -16"><span class='ocrx_word' id='word_1_225' title='bbox 307 1529 408 1567; x_wconf 90' lang='lat' dir='ltr'>Dicit</span> <span class='ocrx_word' id='word_1_226' title='bbox 427 1542 518 1578; x_wconf 90' lang='lat' dir='ltr'>ergo</span> <span class='ocrx_word' id='word_1_227' title='bbox 537 1529 663 1578; x_wconf 92' lang='lat' dir='ltr'>primo</span> <span class='ocrx_word' id='word_1_228' title='bbox 692 1530 797 1579; x_wconf 91' lang='lat' dir='ltr'>quod</span> <span class='ocrx_word' id='word_1_229' title='bbox 825 1538 912 1579; x_wconf 90' lang='lat' dir='ltr'>post</span> <span class='ocrx_word' id='word_1_230' title='bbox 930 1531 1124 1580; x_wconf 88' lang='lat' dir='ltr'>praedicta</span> <span class='ocrx_word' id='word_1_231' title='bbox 1148 1532 1323 1582; x_wconf 91' lang='lat' dir='ltr'>relinqui-</span> 
     </span>
     <span class='ocr_line' id='line_1_36' title="bbox 253 1582 1322 1634; baseline 0.002 -13"><span class='ocrx_word' id='word_1_232' title='bbox 253 1591 314 1621; x_wconf 89' lang='lat' dir='ltr'>tur</span> <span class='ocrx_word' id='word_1_233' title='bbox 331 1582 560 1632; x_wconf 87' lang='lat' dir='ltr'>perscrutari</span> <span class='ocrx_word' id='word_1_234' title='bbox 580 1583 627 1620; x_wconf 92' lang='lat' dir='ltr'>de</span> <span class='ocrx_word' id='word_1_235' title='bbox 647 1582 783 1620; x_wconf 88' lang='lat' dir='ltr'>ordine</span> <span class='ocrx_word' id='word_1_236' title='bbox 802 1583 899 1620; x_wconf 89' lang='lat' dir='ltr'>aeris</span> <span class='ocrx_word' id='word_1_237' title='bbox 916 1591 952 1621; x_wconf 94' lang='lat' dir='ltr'>et</span> <span class='ocrx_word' id='word_1_238' title='bbox 970 1583 1065 1632; x_wconf 89' lang='lat' dir='ltr'>ignis</span> <span class='ocrx_word' id='word_1_239' title='bbox 1085 1586 1133 1623; x_wconf 94' lang='lat' dir='ltr'>ad</span> <span class='ocrx_word' id='word_1_240' title='bbox 1153 1586 1322 1634; x_wconf 88' lang='lat' dir='ltr'>primum</span> 
     </span>
    </p>
   </div>
   <div class='ocr_carea' id='block_1_14' title="bbox 218 1635 1324 1686">
    <p class='ocr_par' dir='ltr' id='par_1_15' title="bbox 218 1635 1324 1686">
     <span class='ocr_line' id='line_1_37' title="bbox 218 1635 1324 1686; baseline 0.006 -16"><span class='ocrx_word' id='word_1_241' title='bbox 218 1664 224 1670; x_wconf 95' lang='lat'>.</span> <span class='ocrx_word' id='word_1_242' title='bbox 253 1649 409 1685; x_wconf 87' lang='lat' dir='ltr'>corpus,</span> <span class='ocrx_word' id='word_1_243' title='bbox 439 1635 579 1673; x_wconf 92' lang='lat' dir='ltr'>scilicet</span> <span class='ocrx_word' id='word_1_244' title='bbox 607 1636 788 1683; x_wconf 89' lang='lat' dir='ltr'>caeleste,</span> <span class='ocrx_word' id='word_1_245' title='bbox 819 1649 865 1674; x_wconf 88' lang='lat' dir='ltr'>ex</span> <span class='ocrx_word' id='word_1_246' title='bbox 893 1650 970 1686; x_wconf 94' lang='lat' dir='ltr'>quo</span> <span class='ocrx_word' id='word_1_247' title='bbox 1005 1645 1201 1676; x_wconf 88' lang='lat' dir='ltr'>ostensum</span> <span class='ocrx_word' id='word_1_248' title='bbox 1231 1640 1324 1677; x_wconf 80' lang='lat' dir='ltr'>est*</span> 
     </span>
    </p>
   </div>
   <div class='ocr_carea' id='block_1_15' title="bbox 251 1689 1323 1794">
    <p class='ocr_par' dir='ltr' id='par_1_16' title="bbox 251 1689 1323 1794">
     <span class='ocr_line' id='line_1_38' title="bbox 251 1689 929 1740; baseline 0.003 -14"><span class='ocrx_word' id='word_1_249' title='bbox 251 1690 380 1740; x_wconf 91' lang='lat' dir='ltr'>ipsum</span> <span class='ocrx_word' id='word_1_250' title='bbox 418 1701 503 1726; x_wconf 92' lang='lat' dir='ltr'>esse</span> <span class='ocrx_word' id='word_1_251' title='bbox 531 1689 634 1726; x_wconf 90' lang='lat' dir='ltr'>aliud</span> <span class='ocrx_word' id='word_1_252' title='bbox 670 1697 821 1738; x_wconf 91' lang='lat' dir='ltr'>praeter</span> <span class='ocrx_word' id='word_1_253' title='bbox 848 1690 929 1728; x_wconf 87' lang='lat' dir='ltr'>ista.</span> 
     </span>
     <span class='ocr_line' id='line_1_39' title="bbox 306 1741 1323 1794; baseline 0.004 -15"><span class='ocrx_word' id='word_1_254' title='bbox 306 1754 342 1780; x_wconf 85' lang='lat'>2.</span> <span class='ocrx_word' id='word_1_255' title='bbox 372 1741 524 1780; x_wconf 88' lang='lat' dir='ltr'>Deinde</span> <span class='ocrx_word' id='word_1_256' title='bbox 567 1755 656 1780; x_wconf 92' lang='lat' dir='ltr'>cum</span> <span class='ocrx_word' id='word_1_257' title='bbox 686 1743 801 1780; x_wconf 87' lang='lat' dir='ltr'>dicit:</span> <span class='ocrx_word' id='word_1_258' title='bbox 828 1745 880 1781; x_wconf 91' lang='lat' dir='ltr'>Et</span> <span class='ocrx_word' id='word_1_259' title='bbox 901 1750 1058 1793; x_wconf 85' lang='lat' dir='ltr'>propter</span> <span class='ocrx_word' id='word_1_260' title='bbox 1089 1757 1204 1794; x_wconf 84' lang='lat' dir='ltr'>quam</span> <span class='ocrx_word' id='word_1_261' title='bbox 1234 1758 1323 1783; x_wconf 87' lang='lat' dir='ltr'>cau-</span> 
     </span>
    </p>
   </div>
   <div class='ocr_carea' id='block_1_16' title="bbox 230 1796 1321 1847">
    <p class='ocr_par' dir='ltr' id='par_1_17' title="bbox 230 1796 1321 1847">
     <span class='ocr_line' id='line_1_40' title="bbox 230 1796 1321 1847; baseline 0.003 -13"><span class='ocrx_word' id='word_1_262' title='bbox 230 1808 334 1845; x_wconf 72' lang='lat' dir='ltr'>,sam</span> <span class='ocrx_word' id='word_1_263' title='bbox 362 1803 446 1844; x_wconf 70' lang='lat' dir='ltr'>etc„</span> <span class='ocrx_word' id='word_1_264' title='bbox 467 1803 601 1833; x_wconf 89' lang='lat' dir='ltr'>movet</span> <span class='ocrx_word' id='word_1_265' title='bbox 627 1796 838 1834; x_wconf 90' lang='lat' dir='ltr'>secundam</span> <span class='ocrx_word' id='word_1_266' title='bbox 867 1798 1149 1846; x_wconf 88' lang='lat' dir='ltr'>quaestionem:</span> <span class='ocrx_word' id='word_1_267' title='bbox 1171 1799 1321 1847; x_wconf 90' lang='lat' dir='ltr'>scilicet,</span> 
     </span>
    </p>
   </div>
   <div class='ocr_carea' id='block_1_17' title="bbox 242 1851 1323 3234">
    <p class='ocr_par' dir='ltr' id='par_1_18' title="bbox 249 1851 1323 2315">
     <span class='ocr_line' id='line_1_41' title="bbox 249 1851 1322 1900; baseline 0.004 -14"><span class='ocrx_word' id='word_1_268' title='bbox 249 1857 408 1900; x_wconf 89' lang='lat' dir='ltr'>propter</span> <span class='ocrx_word' id='word_1_269' title='bbox 435 1861 553 1898; x_wconf 87' lang='lat' dir='ltr'>quam</span> <span class='ocrx_word' id='word_1_270' title='bbox 575 1862 731 1887; x_wconf 87' lang='lat' dir='ltr'>causam</span> <span class='ocrx_word' id='word_1_271' title='bbox 759 1863 782 1887; x_wconf 92' lang='lat' dir='ltr'>a</span> <span class='ocrx_word' id='word_1_272' title='bbox 809 1851 1069 1900; x_wconf 89' lang='lat' dir='ltr'>superioribus</span> <span class='ocrx_word' id='word_1_273' title='bbox 1094 1853 1206 1889; x_wconf 90' lang='lat' dir='ltr'>stellis</span> <span class='ocrx_word' id='word_1_274' title='bbox 1235 1866 1322 1890; x_wconf 90' lang='lat' dir='ltr'>cau-</span> 
     </span>
     <span class='ocr_line' id='line_1_42' title="bbox 251 1902 1323 1953; baseline 0.002 -12"><span class='ocrx_word' id='word_1_275' title='bbox 251 1910 354 1941; x_wconf 89' lang='lat' dir='ltr'>setur</span> <span class='ocrx_word' id='word_1_276' title='bbox 383 1902 551 1940; x_wconf 84' lang='lat' dir='ltr'>caliditas</span> <span class='ocrx_word' id='word_1_277' title='bbox 588 1903 627 1940; x_wconf 91' lang='lat' dir='ltr'>in</span> <span class='ocrx_word' id='word_1_278' title='bbox 654 1903 713 1940; x_wconf 93' lang='lat' dir='ltr'>his</span> <span class='ocrx_word' id='word_1_279' title='bbox 741 1903 834 1941; x_wconf 92' lang='lat' dir='ltr'>locis</span> <span class='ocrx_word' id='word_1_280' title='bbox 871 1917 970 1953; x_wconf 91' lang='lat' dir='ltr'>quae</span> <span class='ocrx_word' id='word_1_281' title='bbox 1003 1913 1090 1942; x_wconf 90' lang='lat' dir='ltr'>sunt</span> <span class='ocrx_word' id='word_1_282' title='bbox 1125 1905 1223 1943; x_wconf 89' lang='lat' dir='ltr'>circa</span> <span class='ocrx_word' id='word_1_283' title='bbox 1251 1914 1323 1943; x_wconf 91' lang='lat' dir='ltr'>ter-</span> 
     </span>
     <span class='ocr_line' id='line_1_43' title="bbox 250 1956 1322 2008; baseline 0.003 -14"><span class='ocrx_word' id='word_1_284' title='bbox 250 1969 346 1994; x_wconf 85' lang='lat' dir='ltr'>ram.</span> <span class='ocrx_word' id='word_1_285' title='bbox 367 1957 417 1993; x_wconf 91' lang='lat' dir='ltr'>Et</span> <span class='ocrx_word' id='word_1_286' title='bbox 435 1957 531 1993; x_wconf 91' lang='lat' dir='ltr'>haec</span> <span class='ocrx_word' id='word_1_287' title='bbox 551 1956 666 1995; x_wconf 89' lang='lat' dir='ltr'>etiam</span> <span class='ocrx_word' id='word_1_288' title='bbox 686 1957 859 2005; x_wconf 88' lang='lat' dir='ltr'>quaestio</span> <span class='ocrx_word' id='word_1_289' title='bbox 874 1958 990 1995; x_wconf 87' lang='lat' dir='ltr'>habet</span> <span class='ocrx_word' id='word_1_290' title='bbox 1009 1966 1134 1996; x_wconf 92' lang='lat' dir='ltr'>ortum</span> <span class='ocrx_word' id='word_1_291' title='bbox 1150 1972 1194 1996; x_wconf 87' lang='lat' dir='ltr'>ex</span> <span class='ocrx_word' id='word_1_292' title='bbox 1213 1972 1322 2008; x_wconf 90' lang='lat' dir='ltr'>prae-</span> 
     </span>
     <span class='ocr_line' id='line_1_44' title="bbox 250 2009 1321 2050; baseline 0.002 -2"><span class='ocrx_word' id='word_1_293' title='bbox 250 2009 387 2048; x_wconf 87' lang='lat' dir='ltr'>missis.</span> <span class='ocrx_word' id='word_1_294' title='bbox 421 2009 582 2047; x_wconf 91' lang='lat' dir='ltr'>Videtur</span> <span class='ocrx_word' id='word_1_295' title='bbox 623 2009 727 2047; x_wconf 91' lang='lat' dir='ltr'>enim</span> <span class='ocrx_word' id='word_1_296' title='bbox 769 2012 982 2048; x_wconf 90' lang='lat' dir='ltr'>secundum</span> <span class='ocrx_word' id='word_1_297' title='bbox 1019 2020 1196 2050; x_wconf 88' lang='lat' dir='ltr'>naturam</span> <span class='ocrx_word' id='word_1_298' title='bbox 1238 2026 1321 2050; x_wconf 88' lang='lat' dir='ltr'>esse</span> 
     </span>
     <span class='ocr_line' id='line_1_45' title="bbox 249 2062 1320 2116; baseline 0.005 -17"><span class='ocrx_word' id='word_1_299' title='bbox 249 2063 357 2113; x_wconf 89' lang='lat' dir='ltr'>quod</span> <span class='ocrx_word' id='word_1_300' title='bbox 385 2062 507 2100; x_wconf 89' lang='lat' dir='ltr'>simile</span> <span class='ocrx_word' id='word_1_301' title='bbox 526 2071 680 2111; x_wconf 88' lang='lat' dir='ltr'>generet</span> <span class='ocrx_word' id='word_1_302' title='bbox 699 2063 769 2101; x_wconf 91' lang='lat' dir='ltr'>sibi</span> <span class='ocrx_word' id='word_1_303' title='bbox 787 2064 808 2086; x_wconf 77' lang='lat'>’¹‘</span> <span class='ocrx_word' id='word_1_304' title='bbox 827 2064 962 2102; x_wconf 91' lang='lat' dir='ltr'>simile:</span> <span class='ocrx_word' id='word_1_305' title='bbox 993 2065 1023 2102; x_wconf 91' lang='lat' dir='ltr'>si</span> <span class='ocrx_word' id='word_1_306' title='bbox 1051 2065 1162 2114; x_wconf 88' lang='lat' dir='ltr'>igitur</span> <span class='ocrx_word' id='word_1_307' title='bbox 1181 2079 1320 2116; x_wconf 91' lang='lat' dir='ltr'>corpus</span> 
     </span>
     <span class='ocr_line' id='line_1_46' title="bbox 249 2117 1322 2167; baseline 0.004 -14"><span class='ocrx_word' id='word_1_308' title='bbox 249 2117 412 2154; x_wconf 85' lang='lat' dir='ltr'>caeleste</span> <span class='ocrx_word' id='word_1_309' title='bbox 441 2128 521 2154; x_wconf 92' lang='lat' dir='ltr'>non</span> <span class='ocrx_word' id='word_1_310' title='bbox 550 2123 606 2154; x_wconf 89' lang='lat' dir='ltr'>est</span> <span class='ocrx_word' id='word_1_311' title='bbox 634 2117 812 2164; x_wconf 89' lang='lat' dir='ltr'>calidum,</span> <span class='ocrx_word' id='word_1_312' title='bbox 833 2118 922 2167; x_wconf 90' lang='lat' dir='ltr'>quia</span> <span class='ocrx_word' id='word_1_313' title='bbox 950 2131 1029 2156; x_wconf 91' lang='lat' dir='ltr'>non</span> <span class='ocrx_word' id='word_1_314' title='bbox 1049 2127 1106 2156; x_wconf 92' lang='lat' dir='ltr'>est</span> <span class='ocrx_word' id='word_1_315' title='bbox 1132 2119 1227 2167; x_wconf 88' lang='lat' dir='ltr'>ignis</span> <span class='ocrx_word' id='word_1_316' title='bbox 1256 2133 1322 2157; x_wconf 93' lang='lat' dir='ltr'>ne-</span> 
     </span>
     <span class='ocr_line' id='line_1_47' title="bbox 249 2170 1320 2219; baseline 0.002 -11"><span class='ocrx_word' id='word_1_317' title='bbox 249 2182 325 2219; x_wconf 92' lang='lat' dir='ltr'>que</span> <span class='ocrx_word' id='word_1_318' title='bbox 349 2182 426 2217; x_wconf 85' lang='lat' dir='ltr'>aer,</span> <span class='ocrx_word' id='word_1_319' title='bbox 445 2177 488 2207; x_wconf 91' lang='lat' dir='ltr'>ut</span> <span class='ocrx_word' id='word_1_320' title='bbox 503 2182 617 2219; x_wconf 89' lang='lat' dir='ltr'>supra</span> <span class='ocrx_word' id='word_1_321' title='bbox 632 2170 652 2192; x_wconf 78' lang='lat'>’¹‘</span> <span class='ocrx_word' id='word_1_322' title='bbox 666 2170 839 2208; x_wconf 89' lang='lat' dir='ltr'>habitum</span> <span class='ocrx_word' id='word_1_323' title='bbox 860 2179 927 2219; x_wconf 86' lang='lat' dir='ltr'>est,</span> <span class='ocrx_word' id='word_1_324' title='bbox 949 2179 1121 2209; x_wconf 88' lang='lat' dir='ltr'>remanet</span> <span class='ocrx_word' id='word_1_325' title='bbox 1143 2172 1182 2210; x_wconf 91' lang='lat' dir='ltr'>in</span> <span class='ocrx_word' id='word_1_326' title='bbox 1202 2173 1320 2210; x_wconf 93' lang='lat' dir='ltr'>dubio</span> 
     </span>
     <span class='ocr_line' id='line_1_48' title="bbox 249 2223 1322 2274; baseline 0.003 -14"><span class='ocrx_word' id='word_1_327' title='bbox 249 2223 450 2273; x_wconf 91' lang='lat' dir='ltr'>quomodo</span> <span class='ocrx_word' id='word_1_328' title='bbox 480 2236 502 2260; x_wconf 89' lang='lat' dir='ltr'>a</span> <span class='ocrx_word' id='word_1_329' title='bbox 531 2235 692 2272; x_wconf 92' lang='lat' dir='ltr'>corpore</span> <span class='ocrx_word' id='word_1_330' title='bbox 721 2225 870 2262; x_wconf 90' lang='lat' dir='ltr'>caelesti</span> <span class='ocrx_word' id='word_1_331' title='bbox 893 2225 1014 2274; x_wconf 92' lang='lat' dir='ltr'>possit</span> <span class='ocrx_word' id='word_1_332' title='bbox 1042 2226 1188 2263; x_wconf 89' lang='lat' dir='ltr'>causari</span> <span class='ocrx_word' id='word_1_333' title='bbox 1218 2227 1322 2264; x_wconf 92' lang='lat' dir='ltr'>calor</span> 
     </span>
     <span class='ocr_line' id='line_1_49' title="bbox 249 2276 674 2315; baseline -0.002 0"><span class='ocrx_word' id='word_1_334' title='bbox 249 2277 289 2315; x_wconf 89' lang='lat' dir='ltr'>in</span> <span class='ocrx_word' id='word_1_335' title='bbox 316 2277 394 2314; x_wconf 90' lang='lat' dir='ltr'>istis</span> <span class='ocrx_word' id='word_1_336' title='bbox 422 2276 674 2314; x_wconf 87' lang='lat' dir='ltr'>inferioribus.</span> 
     </span>
    </p>

    <p class='ocr_par' dir='ltr' id='par_1_19' title="bbox 242 2330 1321 3234">
     <span class='ocr_line' id='line_1_50' title="bbox 305 2330 1320 2381; baseline 0.002 -13"><span class='ocrx_word' id='word_1_337' title='bbox 305 2331 339 2368; x_wconf 88' lang='grc'>3.</span> <span class='ocrx_word' id='word_1_338' title='bbox 361 2330 511 2368; x_wconf 91' lang='lat' dir='ltr'>Deinde</span> <span class='ocrx_word' id='word_1_339' title='bbox 541 2342 630 2367; x_wconf 91' lang='lat' dir='ltr'>cum</span> <span class='ocrx_word' id='word_1_340' title='bbox 659 2330 764 2368; x_wconf 87' lang='lat' dir='ltr'>dicit:</span> <span class='ocrx_word' id='word_1_341' title='bbox 785 2332 845 2379; x_wconf 86' lang='lat' dir='ltr'>De</span> <span class='ocrx_word' id='word_1_342' title='bbox 872 2343 962 2368; x_wconf 86' lang='lat' dir='ltr'>aere</span> <span class='ocrx_word' id='word_1_343' title='bbox 989 2331 1106 2381; x_wconf 84' lang='lat' dir='ltr'>igitur</span> <span class='ocrx_word' id='word_1_344' title='bbox 1135 2339 1217 2380; x_wconf 67' lang='lat' dir='ltr'>etc„</span> <span class='ocrx_word' id='word_1_345' title='bbox 1237 2344 1320 2369; x_wconf 92' lang='lat' dir='ltr'>mo-</span> 
     </span>
     <span class='ocr_line' id='line_1_51' title="bbox 248 2383 1321 2435; baseline 0.002 -14"><span class='ocrx_word' id='word_1_346' title='bbox 248 2391 315 2422; x_wconf 88' lang='lat' dir='ltr'>vet</span> <span class='ocrx_word' id='word_1_347' title='bbox 350 2383 499 2421; x_wconf 88' lang='lat' dir='ltr'>tertiam</span> <span class='ocrx_word' id='word_1_348' title='bbox 533 2383 809 2421; x_wconf 88' lang='lat' dir='ltr'>dubitationem</span> <span class='ocrx_word' id='word_1_349' title='bbox 823 2413 832 2430; x_wconf 94' lang='lat'>‚</span> <span class='ocrx_word' id='word_1_350' title='bbox 862 2397 961 2433; x_wconf 89' lang='lat' dir='ltr'>quae</span> <span class='ocrx_word' id='word_1_351' title='bbox 991 2384 1105 2422; x_wconf 90' lang='lat' dir='ltr'>etiam</span> <span class='ocrx_word' id='word_1_352' title='bbox 1139 2398 1186 2422; x_wconf 90' lang='lat' dir='ltr'>ex</span> <span class='ocrx_word' id='word_1_353' title='bbox 1212 2398 1321 2435; x_wconf 91' lang='lat' dir='ltr'>prae-</span> 
     </span>
     <span class='ocr_line' id='line_1_52' title="bbox 248 2435 1320 2488; baseline 0.003 -14"><span class='ocrx_word' id='word_1_354' title='bbox 248 2437 374 2475; x_wconf 90' lang='lat' dir='ltr'>missis</span> <span class='ocrx_word' id='word_1_355' title='bbox 389 2444 529 2478; x_wconf 83' lang='lat' dir='ltr'>,ortum</span> <span class='ocrx_word' id='word_1_356' title='bbox 558 2437 674 2474; x_wconf 90' lang='lat' dir='ltr'>habet</span> <span class='ocrx_word' id='word_1_357' title='bbox 700 2435 728 2473; x_wconf 67' lang='grc' dir='ltr'>β.</span> <span class='ocrx_word' id='word_1_358' title='bbox 750 2437 906 2474; x_wconf 87' lang='lat' dir='ltr'>Dixerat</span> <span class='ocrx_word' id='word_1_359' title='bbox 932 2438 1033 2475; x_wconf 89' lang='lat' dir='ltr'>enim</span> <span class='ocrx_word' id='word_1_360' title='bbox 1053 2438 1157 2487; x_wconf 91' lang='lat' dir='ltr'>prius</span> <span class='ocrx_word' id='word_1_361' title='bbox 1176 2438 1196 2460; x_wconf 78' lang='lat'>’¹‘</span> <span class='ocrx_word' id='word_1_362' title='bbox 1215 2439 1320 2488; x_wconf 91' lang='lat' dir='ltr'>quod</span> 
     </span>
     <span class='ocr_line' id='line_1_53' title="bbox 249 2490 1320 2541; baseline 0.002 -14"><span class='ocrx_word' id='word_1_363' title='bbox 249 2491 452 2540; x_wconf 88' lang='lat' dir='ltr'>oportebat</span> <span class='ocrx_word' id='word_1_364' title='bbox 490 2490 730 2528; x_wconf 90' lang='lat' dir='ltr'>considerare</span> <span class='ocrx_word' id='word_1_365' title='bbox 768 2491 969 2540; x_wconf 91' lang='lat' dir='ltr'>quomodo</span> <span class='ocrx_word' id='word_1_366' title='bbox 1013 2491 1059 2529; x_wconf 91' lang='lat' dir='ltr'>sit</span> <span class='ocrx_word' id='word_1_367' title='bbox 1099 2492 1320 2541; x_wconf 88' lang='lat' dir='ltr'>accipienda</span> 
     </span>
     <span class='ocr_line' id='line_1_54' title="bbox 248 2543 1319 2594; baseline 0.001 -12"><span class='ocrx_word' id='word_1_368' title='bbox 248 2551 382 2582; x_wconf 87' lang='lat' dir='ltr'>natura</span> <span class='ocrx_word' id='word_1_369' title='bbox 410 2543 508 2581; x_wconf 86' lang='lat' dir='ltr'>aeris</span> <span class='ocrx_word' id='word_1_370' title='bbox 527 2544 565 2580; x_wconf 90' lang='lat' dir='ltr'>in</span> <span class='ocrx_word' id='word_1_371' title='bbox 584 2543 782 2581; x_wconf 89' lang='lat' dir='ltr'>universo:</span> <span class='ocrx_word' id='word_1_372' title='bbox 812 2551 848 2581; x_wconf 86' lang='lat' dir='ltr'>et</span> <span class='ocrx_word' id='word_1_373' title='bbox 866 2545 942 2581; x_wconf 90' lang='lat' dir='ltr'>hoc</span> <span class='ocrx_word' id='word_1_374' title='bbox 961 2544 1061 2592; x_wconf 91' lang='lat' dir='ltr'>ideo,</span> <span class='ocrx_word' id='word_1_375' title='bbox 1082 2545 1171 2594; x_wconf 88' lang='lat' dir='ltr'>quia</span> <span class='ocrx_word' id='word_1_376' title='bbox 1200 2546 1319 2583; x_wconf 87' lang='lat' dir='ltr'>multa</span> 
     </span>
     <span class='ocr_line' id='line_1_55' title="bbox 249 2597 1319 2646; baseline 0.001 -11"><span class='ocrx_word' id='word_1_377' title='bbox 249 2610 384 2635; x_wconf 90' lang='lat' dir='ltr'>eorum</span> <span class='ocrx_word' id='word_1_378' title='bbox 413 2597 461 2634; x_wconf 93' lang='lat' dir='ltr'>de</span> <span class='ocrx_word' id='word_1_379' title='bbox 490 2597 628 2646; x_wconf 89' lang='lat' dir='ltr'>quibus</span> <span class='ocrx_word' id='word_1_380' title='bbox 665 2597 984 2635; x_wconf 89' lang='lat' dir='ltr'>determinaturus</span> <span class='ocrx_word' id='word_1_381' title='bbox 1022 2606 1088 2645; x_wconf 89' lang='lat' dir='ltr'>est,</span> <span class='ocrx_word' id='word_1_382' title='bbox 1109 2599 1319 2646; x_wconf 89' lang='lat' dir='ltr'>generatio-</span> 
     </span>
     <span class='ocr_line' id='line_1_56' title="bbox 248 2650 1319 2702; baseline 0.002 -14"><span class='ocrx_word' id='word_1_383' title='bbox 248 2662 338 2689; x_wconf 89' lang='lat' dir='ltr'>nem</span> <span class='ocrx_word' id='word_1_384' title='bbox 358 2651 501 2688; x_wconf 89' lang='lat' dir='ltr'>habent</span> <span class='ocrx_word' id='word_1_385' title='bbox 519 2651 557 2688; x_wconf 90' lang='lat' dir='ltr'>in</span> <span class='ocrx_word' id='word_1_386' title='bbox 577 2663 675 2688; x_wconf 89' lang='lat' dir='ltr'>aere.</span> <span class='ocrx_word' id='word_1_387' title='bbox 697 2650 798 2688; x_wconf 89' lang='lat' dir='ltr'>Dicit</span> <span class='ocrx_word' id='word_1_388' title='bbox 813 2663 902 2699; x_wconf 90' lang='lat' dir='ltr'>ergo</span> <span class='ocrx_word' id='word_1_389' title='bbox 923 2652 1040 2700; x_wconf 86' lang='lat' dir='ltr'>quod⁷</span> <span class='ocrx_word' id='word_1_390' title='bbox 1057 2652 1152 2689; x_wconf 89' lang='lat' dir='ltr'>sicut</span> <span class='ocrx_word' id='word_1_391' title='bbox 1171 2665 1285 2702; x_wconf 90' lang='lat' dir='ltr'>supra</span> <span class='ocrx_word' id='word_1_392' title='bbox 1299 2653 1319 2674; x_wconf 76' lang='lat'>‘¹‘</span> 
     </span>
     <span class='ocr_line' id='line_1_57' title="bbox 248 2704 1317 2754; baseline 0.001 -12"><span class='ocrx_word' id='word_1_393' title='bbox 248 2704 521 2754; x_wconf 90' lang='lat' dir='ltr'>supposuimus</span> <span class='ocrx_word' id='word_1_394' title='bbox 544 2704 575 2751; x_wconf 66' lang='lat'>³⁸,</span> <span class='ocrx_word' id='word_1_395' title='bbox 597 2712 748 2753; x_wconf 91' lang='lat' dir='ltr'>oportet</span> <span class='ocrx_word' id='word_1_396' title='bbox 779 2704 905 2753; x_wconf 91' lang='lat' dir='ltr'>primo</span> <span class='ocrx_word' id='word_1_397' title='bbox 935 2704 1078 2753; x_wconf 91' lang='lat' dir='ltr'>aliquid</span> <span class='ocrx_word' id='word_1_398' title='bbox 1112 2705 1236 2743; x_wconf 91' lang='lat' dir='ltr'>dicere</span> <span class='ocrx_word' id='word_1_399' title='bbox 1270 2707 1317 2743; x_wconf 92' lang='lat' dir='ltr'>de</span> 
     </span>
     <span class='ocr_line' id='line_1_58' title="bbox 248 2757 1318 2807; baseline 0.001 -12"><span class='ocrx_word' id='word_1_400' title='bbox 248 2770 352 2795; x_wconf 90' lang='lat' dir='ltr'>aere:</span> <span class='ocrx_word' id='word_1_401' title='bbox 383 2765 419 2795; x_wconf 90' lang='lat' dir='ltr'>et</span> <span class='ocrx_word' id='word_1_402' title='bbox 447 2757 501 2795; x_wconf 91' lang='lat' dir='ltr'>sic</span> <span class='ocrx_word' id='word_1_403' title='bbox 520 2758 590 2794; x_wconf 92' lang='lat' dir='ltr'>erit</span> <span class='ocrx_word' id='word_1_404' title='bbox 618 2757 824 2795; x_wconf 90' lang='lat' dir='ltr'>dicendum</span> <span class='ocrx_word' id='word_1_405' title='bbox 845 2758 893 2795; x_wconf 91' lang='lat' dir='ltr'>de</span> <span class='ocrx_word' id='word_1_406' title='bbox 921 2758 1001 2795; x_wconf 89' lang='lat' dir='ltr'>aliis</span> <span class='ocrx_word' id='word_1_407' title='bbox 1021 2758 1173 2796; x_wconf 91' lang='lat' dir='ltr'>duobus</span> <span class='ocrx_word' id='word_1_408' title='bbox 1202 2772 1318 2807; x_wconf 88' lang='lat' dir='ltr'>quae-</span> 
     </span>
     <span class='ocr_line' id='line_1_59' title="bbox 248 2811 1318 2860; baseline 0 -11"><span class='ocrx_word' id='word_1_409' title='bbox 248 2811 434 2850; x_wconf 90' lang='lat' dir='ltr'>stionibus</span> <span class='ocrx_word' id='word_1_410' title='bbox 462 2811 588 2848; x_wconf 89' lang='lat' dir='ltr'>motis.</span> <span class='ocrx_word' id='word_1_411' title='bbox 610 2811 721 2848; x_wconf 92' lang='lat' dir='ltr'>Unde</span> <span class='ocrx_word' id='word_1_412' title='bbox 751 2811 876 2848; x_wconf 88' lang='lat' dir='ltr'>statim</span> <span class='ocrx_word' id='word_1_413' title='bbox 905 2811 1034 2860; x_wconf 91' lang='lat' dir='ltr'>incipit</span> <span class='ocrx_word' id='word_1_414' title='bbox 1061 2824 1220 2849; x_wconf 91' lang='lat' dir='ltr'>movere</span> <span class='ocrx_word' id='word_1_415' title='bbox 1250 2813 1318 2850; x_wconf 92' lang='lat' dir='ltr'>du-</span> 
     </span>
     <span class='ocr_line' id='line_1_60' title="bbox 247 2864 1158 2913; baseline 0.001 -11"><span class='ocrx_word' id='word_1_416' title='bbox 247 2865 467 2902; x_wconf 88' lang='lat' dir='ltr'>bitationem</span> <span class='ocrx_word' id='word_1_417' title='bbox 494 2865 542 2902; x_wconf 90' lang='lat' dir='ltr'>ad</span> <span class='ocrx_word' id='word_1_418' title='bbox 571 2872 747 2901; x_wconf 84' lang='lat' dir='ltr'>naturam</span> <span class='ocrx_word' id='word_1_419' title='bbox 767 2864 864 2901; x_wconf 91' lang='lat' dir='ltr'>aeris</span> <span class='ocrx_word' id='word_1_420' title='bbox 892 2865 1158 2913; x_wconf 89' lang='lat' dir='ltr'>pertinentem.</span> 
     </span>
     <span class='ocr_line' id='line_1_61' title="bbox 242 2917 1318 2967; baseline 0 -11"><span class='ocrx_word' id='word_1_421' title='bbox 242 2945 247 2947; x_wconf 56' lang='lat'>&gt;</span> <span class='ocrx_word' id='word_1_422' title='bbox 301 2919 510 2956; x_wconf 89' lang='lat' dir='ltr'>Ostensum</span> <span class='ocrx_word' id='word_1_423' title='bbox 532 2926 589 2955; x_wconf 88' lang='lat' dir='ltr'>est</span> <span class='ocrx_word' id='word_1_424' title='bbox 613 2917 716 2955; x_wconf 90' lang='lat' dir='ltr'>enim</span> <span class='ocrx_word' id='word_1_425' title='bbox 735 2918 774 2955; x_wconf 94' lang='lat' dir='ltr'>in</span> <span class='ocrx_word' id='word_1_426' title='bbox 793 2917 889 2954; x_wconf 91' lang='lat' dir='ltr'>libro</span> <span class='ocrx_word' id='word_1_427' title='bbox 909 2918 955 2955; x_wconf 86' lang='lat' dir='ltr'>de</span> <span class='ocrx_word' id='word_1_428' title='bbox 978 2919 1152 2955; x_wconf 85' lang='lat' dir='ltr'>Generat.</span> <span class='ocrx_word' id='word_1_429' title='bbox 1174 2919 1194 2940; x_wconf 68' lang='lat'>’¹‘</span> <span class='ocrx_word' id='word_1_430' title='bbox 1212 2919 1318 2967; x_wconf 92' lang='lat' dir='ltr'>quod</span> 
     </span>
     <span class='ocr_line' id='line_1_62' title="bbox 246 2972 1317 3021; baseline 0 -12"><span class='ocrx_word' id='word_1_431' title='bbox 246 2983 348 3021; x_wconf 89' lang='lat' dir='ltr'>aqua</span> <span class='ocrx_word' id='word_1_432' title='bbox 371 2972 414 3008; x_wconf 92' lang='lat' dir='ltr'>fit</span> <span class='ocrx_word' id='word_1_433' title='bbox 443 2984 488 3008; x_wconf 88' lang='lat' dir='ltr'>ex</span> <span class='ocrx_word' id='word_1_434' title='bbox 511 2983 610 3017; x_wconf 89' lang='lat' dir='ltr'>aere,</span> <span class='ocrx_word' id='word_1_435' title='bbox 642 2979 677 3008; x_wconf 93' lang='lat' dir='ltr'>et</span> <span class='ocrx_word' id='word_1_436' title='bbox 706 2983 727 3008; x_wconf 92' lang='lat' dir='ltr'>e</span> <span class='ocrx_word' id='word_1_437' title='bbox 756 2984 955 3008; x_wconf 90' lang='lat' dir='ltr'>converso.</span> <span class='ocrx_word' id='word_1_438' title='bbox 985 2972 1085 3009; x_wconf 91' lang='lat' dir='ltr'>Cum</span> <span class='ocrx_word' id='word_1_439' title='bbox 1113 2980 1242 3009; x_wconf 90' lang='lat' dir='ltr'>autem</span> <span class='ocrx_word' id='word_1_440' title='bbox 1273 2985 1317 3009; x_wconf 88' lang='lat' dir='ltr'>ex</span> 
     </span>
     <span class='ocr_line' id='line_1_63' title="bbox 247 3025 1318 3074; baseline 0 -11"><span class='ocrx_word' id='word_1_441' title='bbox 247 3025 610 3063; x_wconf 91' lang='lat' dir='ltr'>condensationibus</span> <span class='ocrx_word' id='word_1_442' title='bbox 643 3025 804 3062; x_wconf 91' lang='lat' dir='ltr'>nubium</span> <span class='ocrx_word' id='word_1_443' title='bbox 839 3032 1040 3073; x_wconf 86' lang='lat' dir='ltr'>generatur</span> <span class='ocrx_word' id='word_1_444' title='bbox 1067 3025 1213 3074; x_wconf 87' lang='lat' dir='ltr'>pluvia,</span> <span class='ocrx_word' id='word_1_445' title='bbox 1243 3026 1318 3063; x_wconf 90' lang='lat' dir='ltr'>hoc</span> 
     </span>
     <span class='ocr_line' id='line_1_64' title="bbox 247 3078 1318 3127; baseline 0 -12"><span class='ocrx_word' id='word_1_446' title='bbox 247 3086 303 3116; x_wconf 91' lang='lat' dir='ltr'>est</span> <span class='ocrx_word' id='word_1_447' title='bbox 330 3090 459 3117; x_wconf 89' lang='lat' dir='ltr'>aerem</span> <span class='ocrx_word' id='word_1_448' title='bbox 495 3078 666 3115; x_wconf 89' lang='lat' dir='ltr'>converti</span> <span class='ocrx_word' id='word_1_449' title='bbox 694 3078 733 3115; x_wconf 92' lang='lat' dir='ltr'>in</span> <span class='ocrx_word' id='word_1_450' title='bbox 762 3090 914 3126; x_wconf 87' lang='lat' dir='ltr'>aquarn.</span> <span class='ocrx_word' id='word_1_451' title='bbox 956 3078 1113 3125; x_wconf 91' lang='lat' dir='ltr'>Quaerit</span> <span class='ocrx_word' id='word_1_452' title='bbox 1147 3091 1256 3127; x_wconf 88' lang='lat' dir='ltr'>ergo,</span> <span class='ocrx_word' id='word_1_453' title='bbox 1287 3079 1318 3115; x_wconf 93' lang='lat' dir='ltr'>si</span> 
     </span>
     <span class='ocr_line' id='line_1_65' title="bbox 246 3132 1316 3181; baseline 0 -13"><span class='ocrx_word' id='word_1_454' title='bbox 246 3143 346 3181; x_wconf 89' lang='lat' dir='ltr'>aqua</span> <span class='ocrx_word' id='word_1_455' title='bbox 365 3132 408 3169; x_wconf 92' lang='lat' dir='ltr'>fit</span> <span class='ocrx_word' id='word_1_456' title='bbox 437 3143 482 3168; x_wconf 90' lang='lat' dir='ltr'>ex</span> <span class='ocrx_word' id='word_1_457' title='bbox 510 3143 596 3168; x_wconf 90' lang='lat' dir='ltr'>aere</span> <span class='ocrx_word' id='word_1_458' title='bbox 627 3139 663 3168; x_wconf 91' lang='lat' dir='ltr'>et</span> <span class='ocrx_word' id='word_1_459' title='bbox 691 3144 756 3168; x_wconf 91' lang='lat' dir='ltr'>aer</span> <span class='ocrx_word' id='word_1_460' title='bbox 785 3144 830 3168; x_wconf 86' lang='lat' dir='ltr'>ex</span> <span class='ocrx_word' id='word_1_461' title='bbox 859 3144 971 3180; x_wconf 83' lang='lat' dir='ltr'>aqua,</span> <span class='ocrx_word' id='word_1_462' title='bbox 997 3144 1114 3180; x_wconf 92' lang='lat' dir='ltr'>quare</span> <span class='ocrx_word' id='word_1_463' title='bbox 1143 3132 1182 3169; x_wconf 90' lang='lat' dir='ltr'>in</span> <span class='ocrx_word' id='word_1_464' title='bbox 1206 3144 1316 3180; x_wconf 91' lang='lat' dir='ltr'>supe-</span> 
     </span>
     <span class='ocr_line' id='line_1_66' title="bbox 246 3184 1316 3234; baseline -0.001 -12"><span class='ocrx_word' id='word_1_465' title='bbox 246 3184 333 3222; x_wconf 87' lang='lat' dir='ltr'>riori</span> <span class='ocrx_word' id='word_1_466' title='bbox 351 3192 458 3234; x_wconf 90' lang='lat' dir='ltr'>parte</span> <span class='ocrx_word' id='word_1_467' title='bbox 487 3184 583 3222; x_wconf 89' lang='lat' dir='ltr'>aeris</span> <span class='ocrx_word' id='word_1_468' title='bbox 604 3197 682 3222; x_wconf 90' lang='lat' dir='ltr'>non</span> <span class='ocrx_word' id='word_1_469' title='bbox 710 3185 960 3233; x_wconf 90' lang='lat' dir='ltr'>inspissentur</span> <span class='ocrx_word' id='word_1_470' title='bbox 987 3185 1110 3222; x_wconf 89' lang='lat' dir='ltr'>nubes</span> <span class='ocrx_word' id='word_1_471' title='bbox 1136 3185 1184 3222; x_wconf 88' lang='lat' dir='ltr'>ad</span> <span class='ocrx_word' id='word_1_472' title='bbox 1204 3197 1316 3233; x_wconf 90' lang='lat' dir='ltr'>gene-</span> 
     </span>
    </p>
   </div>
   <div class='ocr_carea' id='block_1_18' title="bbox 185 3237 1314 3287">
    <p class='ocr_par' dir='ltr' id='par_1_20' title="bbox 185 3237 1314 3287">
     <span class='ocr_line' id='line_1_67' title="bbox 185 3237 1314 3287; baseline -0.001 -12"><span class='ocrx_word' id='word_1_473' title='bbox 185 3263 192 3270; x_wconf 86' lang='lat'><strong>·</strong></span> <span class='ocrx_word' id='word_1_474' title='bbox 246 3238 434 3275; x_wconf 88' lang='lat' dir='ltr'>rationem</span> <span class='ocrx_word' id='word_1_475' title='bbox 456 3250 589 3287; x_wconf 88' lang='lat' dir='ltr'>aquae.</span> <span class='ocrx_word' id='word_1_476' title='bbox 607 3259 630 3265; x_wconf 98' lang='lat'><em>-</em></span> <span class='ocrx_word' id='word_1_477' title='bbox 652 3239 701 3274; x_wconf 89' lang='lat' dir='ltr'>Et</span> <span class='ocrx_word' id='word_1_478' title='bbox 716 3237 859 3274; x_wconf 89' lang='lat' dir='ltr'>inducit</span> <span class='ocrx_word' id='word_1_479' title='bbox 878 3238 1065 3274; x_wconf 89' lang='lat' dir='ltr'>rationem</span> <span class='ocrx_word' id='word_1_480' title='bbox 1086 3238 1135 3275; x_wconf 92' lang='lat' dir='ltr'>ad</span> <span class='ocrx_word' id='word_1_481' title='bbox 1154 3238 1174 3259; x_wconf 72' lang='lat'>&#39;¹‘</span> <span class='ocrx_word' id='word_1_482' title='bbox 1189 3246 1314 3275; x_wconf 90' lang='lat' dir='ltr'>osten-</span> 
     </span>
    </p>
   </div>
   <div class='ocr_carea' id='block_1_19' title="bbox 2374 289 2447 326">
    <p class='ocr_par' dir='ltr' id='par_1_21' title="bbox 2374 289 2447 326">
     <span class='ocr_line' id='line_1_68' title="bbox 2374 289 2447 326; baseline 0 0"><span class='ocrx_word' id='word_1_483' title='bbox 2374 289 2447 326; x_wconf 88' lang='lat'>335</span> 
     </span>
    </p>
   </div>
   <div class='ocr_carea' id='block_1_20' title="bbox 1381 363 2450 829">
    <p class='ocr_par' dir='ltr' id='par_1_22' title="bbox 1381 363 2450 829">
     <span class='ocr_line' id='line_1_69' title="bbox 1382 363 2450 404; baseline 0.006 -14"><span class='ocrx_word' id='word_1_484' title='bbox 1382 369 1450 390; x_wconf 89' lang='lat' dir='ltr'>sunt</span> <span class='ocrx_word' id='word_1_485' title='bbox 1469 363 1637 392; x_wconf 85' lang='lat' dir='ltr'>naturaliter</span> <span class='ocrx_word' id='word_1_486' title='bbox 1664 364 1756 393; x_wconf 81' lang='lat' dir='ltr'>calida</span> <span class='ocrx_word' id='word_1_487' title='bbox 1776 365 1821 392; x_wconf 91' lang='lat' dir='ltr'>vel</span> <span class='ocrx_word' id='word_1_488' title='bbox 1841 364 1952 402; x_wconf 86' lang='lat' dir='ltr'>frigida,</span> <span class='ocrx_word' id='word_1_489' title='bbox 1978 366 2070 394; x_wconf 88' lang='lat' dir='ltr'>multo</span> <span class='ocrx_word' id='word_1_490' title='bbox 2099 366 2284 403; x_wconf 90' lang='lat' dir='ltr'>principalius</span> <span class='ocrx_word' id='word_1_491' title='bbox 2309 367 2450 404; x_wconf 87' lang='lat' dir='ltr'>recipiunt</span> 
     </span>
     <span class='ocr_line' id='line_1_70' title="bbox 1382 405 2447 440; baseline 0.004 -9"><span class='ocrx_word' id='word_1_492' title='bbox 1382 412 1471 439; x_wconf 90' lang='lat' dir='ltr'>quam</span> <span class='ocrx_word' id='word_1_493' title='bbox 1496 412 1514 431; x_wconf 93' lang='lat' dir='ltr'>a</span> <span class='ocrx_word' id='word_1_494' title='bbox 1534 410 1698 440; x_wconf 88' lang='lat' dir='ltr'>generante.</span> <span class='ocrx_word' id='word_1_495' title='bbox 1721 421 1740 426; x_wconf 98' lang='lat'>—</span> <span class='ocrx_word' id='word_1_496' title='bbox 1761 405 1788 433; x_wconf 89' lang='lat'>6.</span> <span class='ocrx_word' id='word_1_497' title='bbox 1817 405 1914 433; x_wconf 87' lang='lat' dir='ltr'>Tertio</span> <span class='ocrx_word' id='word_1_498' title='bbox 1942 405 2104 434; x_wconf 87' lang='lat' dir='ltr'>ostenditur</span> <span class='ocrx_word' id='word_1_499' title='bbox 2124 407 2199 435; x_wconf 92' lang='lat' dir='ltr'>ordo</span> <span class='ocrx_word' id='word_1_500' title='bbox 2227 406 2447 435; x_wconf 89' lang='lat' dir='ltr'>elementorum.</span> 
     </span>
     <span class='ocr_line' id='line_1_71' title="bbox 1382 442 2449 483; baseline 0.006 -14"><span class='ocrx_word' id='word_1_501' title='bbox 1382 443 1424 469; x_wconf 88' lang='lat' dir='ltr'>Ex</span> <span class='ocrx_word' id='word_1_502' title='bbox 1445 442 1528 471; x_wconf 89' lang='lat' dir='ltr'>dictis</span> <span class='ocrx_word' id='word_1_503' title='bbox 1550 443 1580 471; x_wconf 92' lang='lat' dir='ltr'>in</span> <span class='ocrx_word' id='word_1_504' title='bbox 1601 443 1743 481; x_wconf 87' lang='lat' dir='ltr'>superiori</span> <span class='ocrx_word' id='word_1_505' title='bbox 1765 453 1888 473; x_wconf 88' lang='lat' dir='ltr'>numero</span> <span class='ocrx_word' id='word_1_506' title='bbox 1910 445 2039 482; x_wconf 91' lang='lat' dir='ltr'>sequitur</span> <span class='ocrx_word' id='word_1_507' title='bbox 2056 446 2219 474; x_wconf 90' lang='lat' dir='ltr'>necessario</span> <span class='ocrx_word' id='word_1_508' title='bbox 2241 447 2321 483; x_wconf 90' lang='lat' dir='ltr'>quod</span> <span class='ocrx_word' id='word_1_509' title='bbox 2342 456 2449 483; x_wconf 87' lang='lat' dir='ltr'>corpus</span> 
     </span>
     <span class='ocr_line' id='line_1_72' title="bbox 1382 482 2448 524; baseline 0.005 -15"><span class='ocrx_word' id='word_1_510' title='bbox 1382 482 1507 510; x_wconf 84' lang='lat' dir='ltr'>maxime</span> <span class='ocrx_word' id='word_1_511' title='bbox 1528 482 1663 520; x_wconf 86' lang='lat' dir='ltr'>frigidum</span> <span class='ocrx_word' id='word_1_512' title='bbox 1677 490 1706 512; x_wconf 89' lang='lat' dir='ltr'>et</span> <span class='ocrx_word' id='word_1_513' title='bbox 1719 484 1844 522; x_wconf 83' lang='lat' dir='ltr'>maxime</span> <span class='ocrx_word' id='word_1_514' title='bbox 1858 494 1952 522; x_wconf 82' lang='lat' dir='ltr'>grave,</span> <span class='ocrx_word' id='word_1_515' title='bbox 1968 485 2041 513; x_wconf 89' lang='lat' dir='ltr'>idest</span> <span class='ocrx_word' id='word_1_516' title='bbox 2062 495 2138 522; x_wconf 88' lang='lat' dir='ltr'>aqua</span> <span class='ocrx_word' id='word_1_517' title='bbox 2156 493 2184 514; x_wconf 92' lang='lat' dir='ltr'>et</span> <span class='ocrx_word' id='word_1_518' title='bbox 2200 493 2285 521; x_wconf 88' lang='lat' dir='ltr'>terra,</span> <span class='ocrx_word' id='word_1_519' title='bbox 2300 486 2336 514; x_wconf 90' lang='lat' dir='ltr'>sit</span> <span class='ocrx_word' id='word_1_520' title='bbox 2357 487 2448 524; x_wconf 84' lang='lat' dir='ltr'>magis</span> 
     </span>
     <span class='ocr_line' id='line_1_73' title="bbox 1382 524 2448 560; baseline 0.005 -11"><span class='ocrx_word' id='word_1_521' title='bbox 1382 528 1527 550; x_wconf 89' lang='lat' dir='ltr'>remotum</span> <span class='ocrx_word' id='word_1_522' title='bbox 1548 532 1566 551; x_wconf 90' lang='lat' dir='ltr'>a</span> <span class='ocrx_word' id='word_1_523' title='bbox 1586 530 1669 552; x_wconf 90' lang='lat' dir='ltr'>motu</span> <span class='ocrx_word' id='word_1_524' title='bbox 1683 524 1807 560; x_wconf 90' lang='lat' dir='ltr'>caelesti,</span> <span class='ocrx_word' id='word_1_525' title='bbox 1829 531 1857 552; x_wconf 92' lang='lat' dir='ltr'>et</span> <span class='ocrx_word' id='word_1_526' title='bbox 1872 524 1973 553; x_wconf 85' lang='lat' dir='ltr'>existat</span> <span class='ocrx_word' id='word_1_527' title='bbox 1993 525 2023 553; x_wconf 94' lang='lat' dir='ltr'>in</span> <span class='ocrx_word' id='word_1_528' title='bbox 2044 525 2142 554; x_wconf 90' lang='lat' dir='ltr'>medio</span> <span class='ocrx_word' id='word_1_529' title='bbox 2157 526 2202 554; x_wconf 89' lang='lat' dir='ltr'>vel</span> <span class='ocrx_word' id='word_1_530' title='bbox 2222 525 2296 554; x_wconf 90' lang='lat' dir='ltr'>circa</span> <span class='ocrx_word' id='word_1_531' title='bbox 2317 526 2448 554; x_wconf 89' lang='lat' dir='ltr'>medium</span> 
     </span>
     <span class='ocr_line' id='line_1_74' title="bbox 1382 562 2446 602; baseline 0.006 -14"><span class='ocrx_word' id='word_1_532' title='bbox 1382 562 1494 589; x_wconf 89' lang='lat' dir='ltr'>mundi.</span> <span class='ocrx_word' id='word_1_533' title='bbox 1511 562 1594 591; x_wconf 90' lang='lat' dir='ltr'>Circa</span> <span class='ocrx_word' id='word_1_534' title='bbox 1607 569 1715 592; x_wconf 85' lang='lat' dir='ltr'>terram</span> <span class='ocrx_word' id='word_1_535' title='bbox 1730 570 1827 592; x_wconf 89' lang='lat' dir='ltr'>autern</span> <span class='ocrx_word' id='word_1_536' title='bbox 1842 571 1870 593; x_wconf 91' lang='lat' dir='ltr'>et</span> <span class='ocrx_word' id='word_1_537' title='bbox 1883 573 1990 601; x_wconf 82' lang='lat' dir='ltr'>aquam</span> <span class='ocrx_word' id='word_1_538' title='bbox 2005 572 2216 602; x_wconf 89' lang='lat' dir='ltr'>consequenter</span> <span class='ocrx_word' id='word_1_539' title='bbox 2231 565 2365 594; x_wconf 91' lang='lat' dir='ltr'>ordinata</span> <span class='ocrx_word' id='word_1_540' title='bbox 2379 573 2446 594; x_wconf 90' lang='lat' dir='ltr'>sunt</span> 
     </span>
     <span class='ocr_line' id='line_1_75' title="bbox 1381 601 2447 642; baseline 0.006 -14"><span class='ocrx_word' id='word_1_541' title='bbox 1381 609 1431 628; x_wconf 89' lang='lat' dir='ltr'>aer</span> <span class='ocrx_word' id='word_1_542' title='bbox 1452 607 1479 629; x_wconf 87' lang='lat' dir='ltr'>et</span> <span class='ocrx_word' id='word_1_543' title='bbox 1500 601 1529 629; x_wconf 93' lang='lat' dir='ltr'>id</span> <span class='ocrx_word' id='word_1_544' title='bbox 1551 603 1631 639; x_wconf 92' lang='lat' dir='ltr'>quod</span> <span class='ocrx_word' id='word_1_545' title='bbox 1653 603 1856 632; x_wconf 91' lang='lat' dir='ltr'>consuevimus</span> <span class='ocrx_word' id='word_1_546' title='bbox 1871 604 2023 633; x_wconf 90' lang='lat' dir='ltr'>nominare</span> <span class='ocrx_word' id='word_1_547' title='bbox 2044 605 2150 642; x_wconf 87' lang='lat' dir='ltr'>ignem.</span> <span class='ocrx_word' id='word_1_548' title='bbox 2166 622 2185 627; x_wconf 90' lang='lat'>-</span> <span class='ocrx_word' id='word_1_549' title='bbox 2199 606 2297 640; x_wconf 86' lang='lat' dir='ltr'>Quare</span> <span class='ocrx_word' id='word_1_550' title='bbox 2312 612 2447 642; x_wconf 86' lang='lat' dir='ltr'>quartum</span> 
     </span>
     <span class='ocr_line' id='line_1_76' title="bbox 1381 640 2448 682; baseline 0.007 -15"><span class='ocrx_word' id='word_1_551' title='bbox 1381 640 1556 669; x_wconf 90' lang='lat' dir='ltr'>elementum</span> <span class='ocrx_word' id='word_1_552' title='bbox 1579 652 1666 679; x_wconf 89' lang='lat' dir='ltr'>supra</span> <span class='ocrx_word' id='word_1_553' title='bbox 1680 653 1776 672; x_wconf 89' lang='lat' dir='ltr'>aerem</span> <span class='ocrx_word' id='word_1_554' title='bbox 1791 653 1852 672; x_wconf 91' lang='lat' dir='ltr'>non</span> <span class='ocrx_word' id='word_1_555' title='bbox 1866 644 1984 681; x_wconf 90' lang='lat' dir='ltr'>proprie</span> <span class='ocrx_word' id='word_1_556' title='bbox 1997 651 2118 673; x_wconf 88' lang='lat' dir='ltr'>vocatur</span> <span class='ocrx_word' id='word_1_557' title='bbox 2138 645 2220 682; x_wconf 89' lang='lat' dir='ltr'>ignis.</span> <span class='ocrx_word' id='word_1_558' title='bbox 2235 661 2254 666; x_wconf 91' lang='lat'><em>-</em></span> <span class='ocrx_word' id='word_1_559' title='bbox 2270 645 2346 680; x_wconf 89' lang='lat' dir='ltr'>Quia</span> <span class='ocrx_word' id='word_1_560' title='bbox 2358 645 2448 674; x_wconf 85' lang='lat' dir='ltr'>totius</span> 
     </span>
     <span class='ocr_line' id='line_1_77' title="bbox 1381 680 2448 721; baseline 0.007 -15"><span class='ocrx_word' id='word_1_561' title='bbox 1381 680 1511 716; x_wconf 92' lang='lat' dir='ltr'>corporis</span> <span class='ocrx_word' id='word_1_562' title='bbox 1533 683 1614 718; x_wconf 91' lang='lat' dir='ltr'>quod</span> <span class='ocrx_word' id='word_1_563' title='bbox 1634 683 1719 720; x_wconf 87' lang='lat' dir='ltr'>vulgo</span> <span class='ocrx_word' id='word_1_564' title='bbox 1741 683 1845 712; x_wconf 88' lang='lat' dir='ltr'>dicitur</span> <span class='ocrx_word' id='word_1_565' title='bbox 1865 693 1922 719; x_wconf 87' lang='lat' dir='ltr'>aer,</span> <span class='ocrx_word' id='word_1_566' title='bbox 1944 694 2010 721; x_wconf 91' lang='lat' dir='ltr'>pars</span> <span class='ocrx_word' id='word_1_567' title='bbox 2031 684 2149 713; x_wconf 87' lang='lat' dir='ltr'>inferior</span> <span class='ocrx_word' id='word_1_568' title='bbox 2169 691 2212 713; x_wconf 91' lang='lat' dir='ltr'>est</span> <span class='ocrx_word' id='word_1_569' title='bbox 2233 685 2325 713; x_wconf 88' lang='lat' dir='ltr'>calida</span> <span class='ocrx_word' id='word_1_570' title='bbox 2346 691 2374 713; x_wconf 89' lang='lat' dir='ltr'>et</span> <span class='ocrx_word' id='word_1_571' title='bbox 2394 685 2448 713; x_wconf 91' lang='lat' dir='ltr'>hu-</span> 
     </span>
     <span class='ocr_line' id='line_1_78' title="bbox 1382 719 2448 760; baseline 0.007 -14"><span class='ocrx_word' id='word_1_572' title='bbox 1382 719 1468 754; x_wconf 90' lang='lat' dir='ltr'>mida,</span> <span class='ocrx_word' id='word_1_573' title='bbox 1484 729 1550 756; x_wconf 91' lang='lat' dir='ltr'>pars</span> <span class='ocrx_word' id='word_1_574' title='bbox 1572 728 1668 750; x_wconf 88' lang='lat' dir='ltr'>autem</span> <span class='ocrx_word' id='word_1_575' title='bbox 1690 723 1822 760; x_wconf 89' lang='lat' dir='ltr'>superior</span> <span class='ocrx_word' id='word_1_576' title='bbox 1836 730 1878 752; x_wconf 82' lang='lat' dir='ltr'>est</span> <span class='ocrx_word' id='word_1_577' title='bbox 1899 724 1993 753; x_wconf 90' lang='lat' dir='ltr'>calida</span> <span class='ocrx_word' id='word_1_578' title='bbox 2013 731 2041 753; x_wconf 91' lang='lat' dir='ltr'>et</span> <span class='ocrx_word' id='word_1_579' title='bbox 2055 725 2139 760; x_wconf 89' lang='lat' dir='ltr'>sicca,</span> <span class='ocrx_word' id='word_1_580' title='bbox 2155 724 2222 754; x_wconf 89' lang='lat' dir='ltr'>ideo</span> <span class='ocrx_word' id='word_1_581' title='bbox 2243 724 2316 753; x_wconf 89' lang='lat' dir='ltr'>aeris</span> <span class='ocrx_word' id='word_1_582' title='bbox 2338 734 2448 753; x_wconf 91' lang='lat' dir='ltr'>nomen</span> 
     </span>
     <span class='ocr_line' id='line_1_79' title="bbox 1382 762 2447 827; baseline 0.007 -41"><span class='ocrx_word' id='word_1_583' title='bbox 1382 767 1549 827; x_wconf 35' lang='lat' dir='ltr'>conmlsslupe⁴</span> <span class='ocrx_word' id='word_1_584' title='bbox 1561 767 1603 788; x_wconf 91' lang='lat' dir='ltr'>est</span> <span class='ocrx_word' id='word_1_585' title='bbox 1624 762 1739 790; x_wconf 88' lang='lat' dir='ltr'>duobus</span> <span class='ocrx_word' id='word_1_586' title='bbox 1761 763 1918 792; x_wconf 86' lang='lat' dir='ltr'>elementis.</span> <span class='ocrx_word' id='word_1_587' title='bbox 1933 781 1953 785; x_wconf 98' lang='lat'><em>-</em></span> <span class='ocrx_word' id='word_1_588' title='bbox 1966 765 2010 792; x_wconf 91' lang='lat' dir='ltr'>De</span> <span class='ocrx_word' id='word_1_589' title='bbox 2032 764 2193 793; x_wconf 86' lang='lat' dir='ltr'>differentia</span> <span class='ocrx_word' id='word_1_590' title='bbox 2214 764 2288 793; x_wconf 92' lang='lat' dir='ltr'>inter</span> <span class='ocrx_word' id='word_1_591' title='bbox 2307 774 2447 801; x_wconf 86' lang='lat' dir='ltr'>vaporem</span> 
     </span>
     <span class='ocr_line' id='line_1_80' title="bbox 1382 804 1650 829; baseline 0.011 -3"><span class='ocrx_word' id='word_1_592' title='bbox 1382 804 1409 826; x_wconf 90' lang='lat' dir='ltr'>et</span> <span class='ocrx_word' id='word_1_593' title='bbox 1430 807 1463 826; x_wconf 90' lang='lat' dir='ltr'>ex</span> <span class='ocrx_word' id='word_1_594' title='bbox 1486 806 1650 829; x_wconf 81' lang='lat' dir='ltr'>aationem.</span> 
     </span>
    </p>
   </div>
   <div class='ocr_carea' id='block_1_21' title="bbox 1378 891 2446 1212">
    <p class='ocr_par' dir='ltr' id='par_1_23' title="bbox 1378 891 2446 1212">
     <span class='ocr_line' id='line_1_81' title="bbox 1380 891 2446 942; baseline 0.007 -14"><span class='ocrx_word' id='word_1_595' title='bbox 1380 891 1550 929; x_wconf 90' lang='lat' dir='ltr'>dendum</span> <span class='ocrx_word' id='word_1_596' title='bbox 1579 893 1684 942; x_wconf 85' lang='lat' dir='ltr'>quod</span> <span class='ocrx_word' id='word_1_597' title='bbox 1711 895 1786 931; x_wconf 93' lang='lat' dir='ltr'>hoc</span> <span class='ocrx_word' id='word_1_598' title='bbox 1815 895 1897 932; x_wconf 90' lang='lat' dir='ltr'>fieri</span> <span class='ocrx_word' id='word_1_599' title='bbox 1926 897 2092 934; x_wconf 88' lang='lat' dir='ltr'>deberet.</span> <span class='ocrx_word' id='word_1_600' title='bbox 2115 897 2362 934; x_wconf 88' lang='lat' dir='ltr'>Manifestum</span> <span class='ocrx_word' id='word_1_601' title='bbox 2389 905 2446 935; x_wconf 88' lang='lat' dir='ltr'>est</span> 
     </span>
     <span class='ocr_line' id='line_1_82' title="bbox 1381 945 2444 999; baseline 0.006 -18"><span class='ocrx_word' id='word_1_602' title='bbox 1381 945 1482 982; x_wconf 91' lang='lat' dir='ltr'>enim</span> <span class='ocrx_word' id='word_1_603' title='bbox 1498 947 1604 994; x_wconf 91' lang='lat' dir='ltr'>quod</span> <span class='ocrx_word' id='word_1_604' title='bbox 1625 947 1871 985; x_wconf 91' lang='lat' dir='ltr'>condensatio</span> <span class='ocrx_word' id='word_1_605' title='bbox 1900 950 2060 987; x_wconf 91' lang='lat' dir='ltr'>nubium</span> <span class='ocrx_word' id='word_1_606' title='bbox 2086 951 2129 987; x_wconf 90' lang='lat' dir='ltr'>fit</span> <span class='ocrx_word' id='word_1_607' title='bbox 2158 963 2203 987; x_wconf 87' lang='lat' dir='ltr'>ex</span> <span class='ocrx_word' id='word_1_608' title='bbox 2230 950 2444 999; x_wconf 88' lang='lat' dir='ltr'>frigiditate:</span> 
     </span>
     <span class='ocr_line' id='line_1_83' title="bbox 1379 999 2446 1053; baseline 0.007 -19"><span class='ocrx_word' id='word_1_609' title='bbox 1379 1010 1469 1035; x_wconf 87' lang='lat' dir='ltr'>narn</span> <span class='ocrx_word' id='word_1_610' title='bbox 1498 999 1594 1036; x_wconf 91' lang='lat' dir='ltr'>sicut</span> <span class='ocrx_word' id='word_1_611' title='bbox 1613 999 1719 1036; x_wconf 86' lang='lat' dir='ltr'>calidi</span> <span class='ocrx_word' id='word_1_612' title='bbox 1748 1009 1803 1038; x_wconf 92' lang='lat' dir='ltr'>est</span> <span class='ocrx_word' id='word_1_613' title='bbox 1822 1003 2030 1039; x_wconf 87' lang='lat' dir='ltr'>rarefacere</span> <span class='ocrx_word' id='word_1_614' title='bbox 2051 1009 2075 1049; x_wconf 83' lang='lat'>⁷,</span> <span class='ocrx_word' id='word_1_615' title='bbox 2102 1003 2152 1040; x_wconf 89' lang='lat' dir='ltr'>ita</span> <span class='ocrx_word' id='word_1_616' title='bbox 2171 1003 2291 1052; x_wconf 89' lang='lat' dir='ltr'>frigidi</span> <span class='ocrx_word' id='word_1_617' title='bbox 2311 1003 2446 1053; x_wconf 90' lang='lat' dir='ltr'>inspis-</span> 
     </span>
     <span class='ocr_line' id='line_1_84' title="bbox 1379 1053 2442 1104; baseline 0.006 -16"><span class='ocrx_word' id='word_1_618' title='bbox 1379 1064 1474 1088; x_wconf 89' lang='lat' dir='ltr'>sare.</span> <span class='ocrx_word' id='word_1_619' title='bbox 1497 1053 1624 1089; x_wconf 91' lang='lat' dir='ltr'>Locus</span> <span class='ocrx_word' id='word_1_620' title='bbox 1644 1060 1772 1090; x_wconf 88' lang='lat' dir='ltr'>autem</span> <span class='ocrx_word' id='word_1_621' title='bbox 1793 1055 1889 1091; x_wconf 88' lang='lat' dir='ltr'>aeris</span> <span class='ocrx_word' id='word_1_622' title='bbox 1918 1056 1982 1104; x_wconf 88' lang='lat' dir='ltr'>qui</span> <span class='ocrx_word' id='word_1_623' title='bbox 2003 1064 2057 1093; x_wconf 89' lang='lat' dir='ltr'>est</span> <span class='ocrx_word' id='word_1_624' title='bbox 2082 1057 2264 1094; x_wconf 90' lang='lat' dir='ltr'>remotior</span> <span class='ocrx_word' id='word_1_625' title='bbox 2283 1069 2304 1094; x_wconf 90' lang='lat' dir='ltr'>a</span> <span class='ocrx_word' id='word_1_626' title='bbox 2332 1064 2442 1104; x_wconf 88' lang='lat' dir='ltr'>terra,</span> 
     </span>
     <span class='ocr_line' id='line_1_85' title="bbox 1378 1105 2444 1156; baseline 0.007 -15"><span class='ocrx_word' id='word_1_627' title='bbox 1378 1105 1530 1142; x_wconf 91' lang='lat' dir='ltr'>videtur</span> <span class='ocrx_word' id='word_1_628' title='bbox 1541 1118 1623 1142; x_wconf 92' lang='lat' dir='ltr'>esse</span> <span class='ocrx_word' id='word_1_629' title='bbox 1634 1105 1819 1154; x_wconf 85' lang='lat' dir='ltr'>frigidior:</span> <span class='ocrx_word' id='word_1_630' title='bbox 1836 1108 1924 1156; x_wconf 90' lang='lat' dir='ltr'>quia</span> <span class='ocrx_word' id='word_1_631' title='bbox 1939 1109 2116 1146; x_wconf 90' lang='lat' dir='ltr'>videntur</span> <span class='ocrx_word' id='word_1_632' title='bbox 2125 1110 2177 1146; x_wconf 91' lang='lat' dir='ltr'>ibi</span> <span class='ocrx_word' id='word_1_633' title='bbox 2188 1122 2334 1147; x_wconf 92' lang='lat' dir='ltr'>cessare</span> <span class='ocrx_word' id='word_1_634' title='bbox 2346 1110 2444 1147; x_wconf 90' lang='lat' dir='ltr'>duae</span> 
     </span>
     <span class='ocr_line' id='line_1_86' title="bbox 1379 1159 2444 1212; baseline 0.007 -18"><span class='ocrx_word' id='word_1_635' title='bbox 1379 1170 1517 1194; x_wconf 91' lang='lat' dir='ltr'>causae</span> <span class='ocrx_word' id='word_1_636' title='bbox 1538 1159 1801 1197; x_wconf 86' lang='lat' dir='ltr'>calefactionis.</span> <span class='ocrx_word' id='word_1_637' title='bbox 1815 1161 1989 1207; x_wconf 88' lang='lat' dir='ltr'>Quarum</span> <span class='ocrx_word' id='word_1_638' title='bbox 2008 1175 2085 1199; x_wconf 89' lang='lat' dir='ltr'>una</span> <span class='ocrx_word' id='word_1_639' title='bbox 2105 1171 2160 1200; x_wconf 89' lang='lat' dir='ltr'>est</span> <span class='ocrx_word' id='word_1_640' title='bbox 2182 1163 2444 1212; x_wconf 88' lang='lat' dir='ltr'>propinquitas</span> 
     </span>
    </p>
   </div>
   <div class='ocr_carea' id='block_1_22' title="bbox 1379 1211 2483 1264">
    <p class='ocr_par' dir='ltr' id='par_1_24' title="bbox 1379 1211 2483 1264">
     <span class='ocr_line' id='line_1_87' title="bbox 1379 1211 2483 1264; baseline 0.006 -17"><span class='ocrx_word' id='word_1_641' title='bbox 1379 1211 1428 1248; x_wconf 89' lang='lat' dir='ltr'>ad</span> <span class='ocrx_word' id='word_1_642' title='bbox 1447 1219 1547 1248; x_wconf 90' lang='lat' dir='ltr'>astra</span> <span class='ocrx_word' id='word_1_643' title='bbox 1556 1211 1587 1260; x_wconf 65' lang='lat'>²⁸,</span> <span class='ocrx_word' id='word_1_644' title='bbox 1610 1224 1654 1249; x_wconf 88' lang='lat' dir='ltr'>ex</span> <span class='ocrx_word' id='word_1_645' title='bbox 1683 1213 1820 1261; x_wconf 90' lang='lat' dir='ltr'>quibus</span> <span class='ocrx_word' id='word_1_646' title='bbox 1841 1223 2016 1252; x_wconf 90' lang='lat' dir='ltr'>causatur</span> <span class='ocrx_word' id='word_1_647' title='bbox 2035 1217 2152 1253; x_wconf 90' lang='lat' dir='ltr'>calor:</span> <span class='ocrx_word' id='word_1_648' title='bbox 2182 1225 2217 1253; x_wconf 92' lang='lat' dir='ltr'>et</span> <span class='ocrx_word' id='word_1_649' title='bbox 2235 1217 2310 1253; x_wconf 92' lang='lat' dir='ltr'>hoc</span> <span class='ocrx_word' id='word_1_650' title='bbox 2328 1216 2444 1264; x_wconf 88' lang='lat' dir='ltr'>tangit</span> <span class='ocrx_word' id='word_1_651' title='bbox 2471 1228 2483 1239; x_wconf 89' lang='lat'><em>·</em></span> 
     </span>
    </p>
   </div>
   <div class='ocr_carea' id='block_1_23' title="bbox 1378 1264 2444 1582">
    <p class='ocr_par' dir='ltr' id='par_1_25' title="bbox 1378 1264 2444 1582">
     <span class='ocr_line' id='line_1_88' title="bbox 1379 1264 2443 1319; baseline 0.007 -19"><span class='ocrx_word' id='word_1_652' title='bbox 1379 1276 1467 1302; x_wconf 91' lang='lat' dir='ltr'>cum</span> <span class='ocrx_word' id='word_1_653' title='bbox 1489 1264 1576 1301; x_wconf 88' lang='lat' dir='ltr'>dicit</span> <span class='ocrx_word' id='word_1_654' title='bbox 1594 1266 1699 1313; x_wconf 90' lang='lat' dir='ltr'>quod</span> <span class='ocrx_word' id='word_1_655' title='bbox 1715 1278 1839 1315; x_wconf 87' lang='lat' dir='ltr'>neque</span> <span class='ocrx_word' id='word_1_656' title='bbox 1858 1267 1918 1304; x_wconf 90' lang='lat' dir='ltr'>ille</span> <span class='ocrx_word' id='word_1_657' title='bbox 1933 1269 2039 1306; x_wconf 90' lang='lat' dir='ltr'>locus</span> <span class='ocrx_word' id='word_1_658' title='bbox 2055 1269 2163 1316; x_wconf 80' lang='lat' dir='ltr'>aeris,</span> <span class='ocrx_word' id='word_1_659' title='bbox 2184 1270 2357 1319; x_wconf 91' lang='lat' dir='ltr'>superior</span> <span class='ocrx_word' id='word_1_660' title='bbox 2375 1269 2443 1306; x_wconf 86' lang='lat' dir='ltr'>sci-</span> 
     </span>
     <span class='ocr_line' id='line_1_89' title="bbox 1379 1317 2444 1370; baseline 0.007 -17"><span class='ocrx_word' id='word_1_661' title='bbox 1379 1317 1474 1365; x_wconf 90' lang='lat' dir='ltr'>licet,</span> <span class='ocrx_word' id='word_1_662' title='bbox 1497 1326 1552 1355; x_wconf 93' lang='lat' dir='ltr'>est</span> <span class='ocrx_word' id='word_1_663' title='bbox 1571 1318 1624 1355; x_wconf 90' lang='lat' dir='ltr'>sic</span> <span class='ocrx_word' id='word_1_664' title='bbox 1643 1331 1763 1368; x_wconf 90' lang='lat' dir='ltr'>prope</span> <span class='ocrx_word' id='word_1_665' title='bbox 1784 1328 1883 1357; x_wconf 86' lang='lat' dir='ltr'>astra</span> <span class='ocrx_word' id='word_1_666' title='bbox 1902 1321 2095 1359; x_wconf 85' lang='lat' dir='ltr'>existentia</span> <span class='ocrx_word' id='word_1_667' title='bbox 2120 1323 2250 1370; x_wconf 87' lang='lat' dir='ltr'>calida,</span> <span class='ocrx_word' id='word_1_668' title='bbox 2271 1323 2412 1360; x_wconf 89' lang='lat' dir='ltr'>scilicet</span> <span class='ocrx_word' id='word_1_669' title='bbox 2430 1320 2444 1345; x_wconf 64' lang='grc' dir='ltr'><strong><em>δ</em></strong></span> 
     </span>
     <span class='ocr_line' id='line_1_90' title="bbox 1379 1371 2443 1425; baseline 0.006 -18"><span class='ocrx_word' id='word_1_670' title='bbox 1379 1371 1592 1408; x_wconf 87' lang='lat' dir='ltr'>seeundum</span> <span class='ocrx_word' id='word_1_671' title='bbox 1623 1372 1813 1420; x_wconf 88' lang='lat' dir='ltr'>effectum,</span> <span class='ocrx_word' id='word_1_672' title='bbox 1842 1381 1884 1410; x_wconf 91' lang='lat' dir='ltr'>ut</span> <span class='ocrx_word' id='word_1_673' title='bbox 1912 1375 2078 1412; x_wconf 87' lang='lat' dir='ltr'>caliditas</span> <span class='ocrx_word' id='word_1_674' title='bbox 2107 1384 2295 1413; x_wconf 88' lang='lat' dir='ltr'>astrorum</span> <span class='ocrx_word' id='word_1_675' title='bbox 2323 1376 2443 1425; x_wconf 90' lang='lat' dir='ltr'>possit</span> 
     </span>
     <span class='ocr_line' id='line_1_91' title="bbox 1379 1424 2442 1474; baseline 0.006 -13"><span class='ocrx_word' id='word_1_676' title='bbox 1379 1424 1565 1473; x_wconf 87' lang='lat' dir='ltr'>impedire</span> <span class='ocrx_word' id='word_1_677' title='bbox 1594 1425 1899 1474; x_wconf 89' lang='lat' dir='ltr'>inspissationem</span> <span class='ocrx_word' id='word_1_678' title='bbox 1928 1428 2100 1465; x_wconf 92' lang='lat' dir='ltr'>nubium.</span> <span class='ocrx_word' id='word_1_679' title='bbox 2127 1429 2212 1466; x_wconf 90' lang='lat' dir='ltr'>Alia</span> <span class='ocrx_word' id='word_1_680' title='bbox 2241 1442 2354 1466; x_wconf 89' lang='lat' dir='ltr'>causa</span> <span class='ocrx_word' id='word_1_681' title='bbox 2383 1442 2442 1466; x_wconf 89' lang='lat' dir='ltr'>ca-</span> 
     </span>
     <span class='ocr_line' id='line_1_92' title="bbox 1378 1478 2440 1519; baseline 0.005 -5"><span class='ocrx_word' id='word_1_682' title='bbox 1378 1478 1587 1515; x_wconf 89' lang='lat' dir='ltr'>lefactionis</span> <span class='ocrx_word' id='word_1_683' title='bbox 1607 1487 1663 1516; x_wconf 90' lang='lat' dir='ltr'>est</span> <span class='ocrx_word' id='word_1_684' title='bbox 1682 1480 1937 1517; x_wconf 86' lang='lat' dir='ltr'>reverberatio</span> <span class='ocrx_word' id='word_1_685' title='bbox 1962 1481 2156 1519; x_wconf 90' lang='lat' dir='ltr'>radiorum</span> <span class='ocrx_word' id='word_1_686' title='bbox 2177 1482 2266 1519; x_wconf 91' lang='lat' dir='ltr'>solis</span> <span class='ocrx_word' id='word_1_687' title='bbox 2286 1495 2307 1519; x_wconf 91' lang='lat' dir='ltr'>a</span> <span class='ocrx_word' id='word_1_688' title='bbox 2325 1490 2440 1519; x_wconf 88' lang='lat' dir='ltr'>terra:</span> 
     </span>
     <span class='ocr_line' id='line_1_93' title="bbox 1380 1532 2442 1582; baseline 0.006 -15"><span class='ocrx_word' id='word_1_689' title='bbox 1380 1538 1416 1567; x_wconf 92' lang='lat' dir='ltr'>et</span> <span class='ocrx_word' id='word_1_690' title='bbox 1443 1532 1518 1568; x_wconf 92' lang='lat' dir='ltr'>hoc</span> <span class='ocrx_word' id='word_1_691' title='bbox 1545 1532 1661 1580; x_wconf 88' lang='lat' dir='ltr'>tangit</span> <span class='ocrx_word' id='word_1_692' title='bbox 1689 1545 1778 1569; x_wconf 92' lang='lat' dir='ltr'>cum</span> <span class='ocrx_word' id='word_1_693' title='bbox 1807 1533 1914 1570; x_wconf 91' lang='lat' dir='ltr'>dicit:</span> <span class='ocrx_word' id='word_1_694' title='bbox 1940 1547 2065 1582; x_wconf 91' lang='lat' dir='ltr'>neque</span> <span class='ocrx_word' id='word_1_695' title='bbox 2085 1535 2221 1572; x_wconf 90' lang='lat' dir='ltr'>iterum</span> <span class='ocrx_word' id='word_1_696' title='bbox 2250 1535 2310 1572; x_wconf 91' lang='lat' dir='ltr'>ille</span> <span class='ocrx_word' id='word_1_697' title='bbox 2338 1536 2442 1572; x_wconf 91' lang='lat' dir='ltr'>locus</span> 
     </span>
    </p>
   </div>
   <div class='ocr_carea' id='block_1_24' title="bbox 1379 1584 2479 1637">
    <p class='ocr_par' dir='ltr' id='par_1_26' title="bbox 1379 1584 2479 1637">
     <span class='ocr_line' id='line_1_94' title="bbox 1379 1584 2479 1637; baseline 0.005 -17"><span class='ocrx_word' id='word_1_698' title='bbox 1379 1584 1583 1633; x_wconf 90' lang='lat' dir='ltr'>superioris</span> <span class='ocrx_word' id='word_1_699' title='bbox 1603 1585 1698 1623; x_wconf 87' lang='lat' dir='ltr'>aeris</span> <span class='ocrx_word' id='word_1_700' title='bbox 1728 1593 1782 1622; x_wconf 92' lang='lat' dir='ltr'>est</span> <span class='ocrx_word' id='word_1_701' title='bbox 1800 1599 1921 1635; x_wconf 92' lang='lat' dir='ltr'>prope</span> <span class='ocrx_word' id='word_1_702' title='bbox 1951 1588 2077 1624; x_wconf 91' lang='lat' dir='ltr'>radios</span> <span class='ocrx_word' id='word_1_703' title='bbox 2095 1588 2115 1627; x_wconf 52' lang='grc' dir='ltr'>ἲ*</span> <span class='ocrx_word' id='word_1_704' title='bbox 2134 1590 2328 1637; x_wconf 76' lang='lat' dir='ltr'>refractos,</span> <span class='ocrx_word' id='word_1_705' title='bbox 2348 1588 2443 1626; x_wconf 92' lang='lat' dir='ltr'>idest</span> <span class='ocrx_word' id='word_1_706' title='bbox 2471 1604 2479 1612; x_wconf 88' lang='lat'><strong>·</strong></span> 
     </span>
    </p>
   </div>
   <div class='ocr_carea' id='block_1_25' title="bbox 1379 1639 2442 1742">
    <p class='ocr_par' dir='ltr' id='par_1_27' title="bbox 1379 1639 2442 1742">
     <span class='ocr_line' id='line_1_95' title="bbox 1380 1639 2442 1690; baseline 0.004 -16"><span class='ocrx_word' id='word_1_707' title='bbox 1380 1639 1654 1685; x_wconf 89' lang='lat' dir='ltr'>reverberatos,</span> <span class='ocrx_word' id='word_1_708' title='bbox 1684 1651 1706 1675; x_wconf 91' lang='lat' dir='ltr'>a</span> <span class='ocrx_word' id='word_1_709' title='bbox 1742 1647 1852 1687; x_wconf 87' lang='lat' dir='ltr'>terra,</span> <span class='ocrx_word' id='word_1_710' title='bbox 1877 1640 1942 1689; x_wconf 92' lang='lat' dir='ltr'>qui</span> <span class='ocrx_word' id='word_1_711' title='bbox 1978 1641 2182 1689; x_wconf 90' lang='lat' dir='ltr'>prohibent</span> <span class='ocrx_word' id='word_1_712' title='bbox 2223 1642 2442 1690; x_wconf 90' lang='lat' dir='ltr'>congregari</span> 
     </span>
     <span class='ocr_line' id='line_1_96' title="bbox 1379 1692 2442 1742; baseline 0.005 -15"><span class='ocrx_word' id='word_1_713' title='bbox 1379 1692 1502 1728; x_wconf 92' lang='lat' dir='ltr'>nubes</span> <span class='ocrx_word' id='word_1_714' title='bbox 1526 1704 1648 1740; x_wconf 91' lang='lat' dir='ltr'>prope</span> <span class='ocrx_word' id='word_1_715' title='bbox 1676 1699 1829 1739; x_wconf 84' lang='lat' dir='ltr'>terram,</span> <span class='ocrx_word' id='word_1_716' title='bbox 1853 1706 1923 1742; x_wconf 92' lang='lat' dir='ltr'>per</span> <span class='ocrx_word' id='word_1_717' title='bbox 1940 1694 2016 1730; x_wconf 93' lang='lat' dir='ltr'>hoc</span> <span class='ocrx_word' id='word_1_718' title='bbox 2039 1694 2144 1742; x_wconf 93' lang='lat' dir='ltr'>quod</span> <span class='ocrx_word' id='word_1_719' title='bbox 2163 1707 2232 1731; x_wconf 90' lang='lat' dir='ltr'>sua</span> <span class='ocrx_word' id='word_1_720' title='bbox 2260 1695 2442 1732; x_wconf 87' lang='lat' dir='ltr'>caliditate</span> 
     </span>
    </p>
   </div>
   <div class='ocr_carea' id='block_1_26' title="bbox 1379 1745 2479 1796">
    <p class='ocr_par' dir='ltr' id='par_1_28' title="bbox 1379 1745 2479 1796">
     <span class='ocr_line' id='line_1_97' title="bbox 1379 1745 2479 1796; baseline 0.005 -15"><span class='ocrx_word' id='word_1_721' title='bbox 1379 1745 1594 1793; x_wconf 90' lang='lat' dir='ltr'>disgregant</span> <span class='ocrx_word' id='word_1_722' title='bbox 1613 1745 1872 1783; x_wconf 88' lang='lat' dir='ltr'>consistentias</span> <span class='ocrx_word' id='word_1_723' title='bbox 1891 1759 2083 1795; x_wconf 92' lang='lat' dir='ltr'>vaporum</span> <span class='ocrx_word' id='word_1_724' title='bbox 2102 1747 2133 1785; x_wconf 70' lang='lat'>³¹⁶.</span> <span class='ocrx_word' id='word_1_725' title='bbox 2155 1749 2204 1784; x_wconf 93' lang='lat' dir='ltr'>Et</span> <span class='ocrx_word' id='word_1_726' title='bbox 2223 1749 2329 1796; x_wconf 91' lang='lat' dir='ltr'>quod</span> <span class='ocrx_word' id='word_1_727' title='bbox 2347 1749 2442 1786; x_wconf 88' lang='lat' dir='ltr'>haec</span> <span class='ocrx_word' id='word_1_728' title='bbox 2471 1763 2479 1770; x_wconf 94' lang='lat'>·</span> 
     </span>
    </p>
   </div>
   <div class='ocr_carea' id='block_1_27' title="bbox 1374 1798 2443 2596">
    <p class='ocr_par' dir='ltr' id='par_1_29' title="bbox 1376 1798 2443 2168">
     <span class='ocr_line' id='line_1_98' title="bbox 1379 1798 2443 1849; baseline 0.004 -14"><span class='ocrx_word' id='word_1_729' title='bbox 1379 1798 1548 1835; x_wconf 90' lang='lat' dir='ltr'>secunda</span> <span class='ocrx_word' id='word_1_730' title='bbox 1568 1811 1682 1836; x_wconf 89' lang='lat' dir='ltr'>causa</span> <span class='ocrx_word' id='word_1_731' title='bbox 1701 1811 1780 1836; x_wconf 92' lang='lat' dir='ltr'>non</span> <span class='ocrx_word' id='word_1_732' title='bbox 1799 1799 1982 1849; x_wconf 90' lang='lat' dir='ltr'>impediat</span> <span class='ocrx_word' id='word_1_733' title='bbox 2002 1801 2346 1849; x_wconf 88' lang='lat' dir='ltr'>congregationem,</span> <span class='ocrx_word' id='word_1_734' title='bbox 2363 1814 2443 1839; x_wconf 89' lang='lat' dir='ltr'>ma-</span> 
     </span>
     <span class='ocr_line' id='line_1_99' title="bbox 1379 1852 2443 1904; baseline 0.004 -16"><span class='ocrx_word' id='word_1_735' title='bbox 1379 1852 1527 1888; x_wconf 89' lang='lat' dir='ltr'>nifestat</span> <span class='ocrx_word' id='word_1_736' title='bbox 1554 1864 1623 1901; x_wconf 92' lang='lat' dir='ltr'>per</span> <span class='ocrx_word' id='word_1_737' title='bbox 1650 1852 1813 1900; x_wconf 88' lang='lat' dir='ltr'>signum.</span> <span class='ocrx_word' id='word_1_738' title='bbox 1841 1853 2087 1890; x_wconf 85' lang='lat' dir='ltr'>Manifestum</span> <span class='ocrx_word' id='word_1_739' title='bbox 2124 1862 2179 1891; x_wconf 88' lang='lat' dir='ltr'>est</span> <span class='ocrx_word' id='word_1_740' title='bbox 2208 1854 2310 1892; x_wconf 90' lang='lat' dir='ltr'>enim</span> <span class='ocrx_word' id='word_1_741' title='bbox 2339 1855 2443 1904; x_wconf 89' lang='lat' dir='ltr'>quod</span> 
     </span>
     <span class='ocr_line' id='line_1_100' title="bbox 1379 1905 2443 1957; baseline 0.003 -15"><span class='ocrx_word' id='word_1_742' title='bbox 1379 1905 1689 1954; x_wconf 87' lang='lat' dir='ltr'>congregationes</span> <span class='ocrx_word' id='word_1_743' title='bbox 1709 1905 1870 1943; x_wconf 89' lang='lat' dir='ltr'>nubium</span> <span class='ocrx_word' id='word_1_744' title='bbox 1890 1907 1987 1943; x_wconf 90' lang='lat' dir='ltr'>fiunt</span> <span class='ocrx_word' id='word_1_745' title='bbox 2004 1907 2055 1944; x_wconf 91' lang='lat' dir='ltr'>ibi</span> <span class='ocrx_word' id='word_1_746' title='bbox 2075 1913 2096 1953; x_wconf 71' lang='lat'>²,</span> <span class='ocrx_word' id='word_1_747' title='bbox 2118 1907 2184 1944; x_wconf 89' lang='lat' dir='ltr'>ubi</span> <span class='ocrx_word' id='word_1_748' title='bbox 2204 1908 2296 1945; x_wconf 89' lang='lat' dir='ltr'>radii</span> <span class='ocrx_word' id='word_1_749' title='bbox 2318 1920 2443 1957; x_wconf 93' lang='lat' dir='ltr'>reper-</span> 
     </span>
     <span class='ocr_line' id='line_1_101' title="bbox 1379 1958 2443 1998; baseline 0.003 -3"><span class='ocrx_word' id='word_1_750' title='bbox 1379 1958 1478 1995; x_wconf 91' lang='lat' dir='ltr'>cussi</span> <span class='ocrx_word' id='word_1_751' title='bbox 1505 1971 1527 1995; x_wconf 93' lang='lat' dir='ltr'>a</span> <span class='ocrx_word' id='word_1_752' title='bbox 1555 1966 1654 1996; x_wconf 91' lang='lat' dir='ltr'>terra</span> <span class='ocrx_word' id='word_1_753' title='bbox 1682 1959 1759 1996; x_wconf 88' lang='lat' dir='ltr'>iam</span> <span class='ocrx_word' id='word_1_754' title='bbox 1795 1959 1971 1996; x_wconf 90' lang='lat' dir='ltr'>desinunt</span> <span class='ocrx_word' id='word_1_755' title='bbox 1998 1961 2140 1997; x_wconf 90' lang='lat' dir='ltr'>habere</span> <span class='ocrx_word' id='word_1_756' title='bbox 2175 1961 2353 1998; x_wconf 74' lang='lat' dir='ltr'>virtutem</span> <span class='ocrx_word' id='word_1_757' title='bbox 2384 1973 2443 1998; x_wconf 94' lang='lat' dir='ltr'>ca—</span> 
     </span>
     <span class='ocr_line' id='line_1_102' title="bbox 1377 2012 2443 2063; baseline 0.002 -14"><span class='ocrx_word' id='word_1_758' title='bbox 1377 2012 1587 2059; x_wconf 91' lang='lat' dir='ltr'>lefaciendi,</span> <span class='ocrx_word' id='word_1_759' title='bbox 1607 2019 1764 2062; x_wconf 92' lang='lat' dir='ltr'>propter</span> <span class='ocrx_word' id='word_1_760' title='bbox 1783 2013 1857 2049; x_wconf 92' lang='lat' dir='ltr'>hoc</span> <span class='ocrx_word' id='word_1_761' title='bbox 1887 2013 1990 2062; x_wconf 89' lang='lat' dir='ltr'>quod</span> <span class='ocrx_word' id='word_1_762' title='bbox 2019 2013 2056 2050; x_wconf 92' lang='lat' dir='ltr'>in</span> <span class='ocrx_word' id='word_1_763' title='bbox 2077 2014 2311 2051; x_wconf 90' lang='lat' dir='ltr'>immensum</span> <span class='ocrx_word' id='word_1_764' title='bbox 2341 2027 2443 2063; x_wconf 90' lang='lat' dir='ltr'>spar-</span> 
     </span>
     <span class='ocr_line' id='line_1_103' title="bbox 1377 2065 2442 2115; baseline 0.003 -13"><span class='ocrx_word' id='word_1_765' title='bbox 1377 2073 1526 2113; x_wconf 89' lang='lat' dir='ltr'>guntur,</span> <span class='ocrx_word' id='word_1_766' title='bbox 1548 2073 1584 2102; x_wconf 91' lang='lat' dir='ltr'>et</span> <span class='ocrx_word' id='word_1_767' title='bbox 1612 2065 1664 2102; x_wconf 91' lang='lat' dir='ltr'>sic</span> <span class='ocrx_word' id='word_1_768' title='bbox 1685 2066 1848 2102; x_wconf 90' lang='lat' dir='ltr'>multum</span> <span class='ocrx_word' id='word_1_769' title='bbox 1870 2066 2006 2103; x_wconf 86' lang='lat' dir='ltr'>distant</span> <span class='ocrx_word' id='word_1_770' title='bbox 2027 2079 2049 2103; x_wconf 94' lang='lat' dir='ltr'>a</span> <span class='ocrx_word' id='word_1_771' title='bbox 2069 2067 2181 2104; x_wconf 89' lang='lat' dir='ltr'>radiis</span> <span class='ocrx_word' id='word_1_772' title='bbox 2202 2067 2442 2115; x_wconf 87' lang='lat' dir='ltr'>cadentibus;</span> 
     </span>
     <span class='ocr_line' id='line_1_104' title="bbox 1376 2118 2210 2168; baseline 0.001 -13"><span class='ocrx_word' id='word_1_773' title='bbox 1376 2119 1479 2156; x_wconf 91' lang='lat' dir='ltr'>unde</span> <span class='ocrx_word' id='word_1_774' title='bbox 1508 2131 1587 2156; x_wconf 91' lang='lat' dir='ltr'>non</span> <span class='ocrx_word' id='word_1_775' title='bbox 1614 2118 1881 2168; x_wconf 87' lang='lat' dir='ltr'>multiplicatur</span> <span class='ocrx_word' id='word_1_776' title='bbox 1919 2132 2032 2156; x_wconf 90' lang='lat' dir='ltr'>causa</span> <span class='ocrx_word' id='word_1_777' title='bbox 2066 2120 2210 2157; x_wconf 88' lang='lat' dir='ltr'>caloris.</span> 
     </span>
    </p>

    <p class='ocr_par' dir='ltr' id='par_1_30' title="bbox 1374 2172 2443 2596">
     <span class='ocr_line' id='line_1_105' title="bbox 1429 2172 2443 2220; baseline 0.002 -11"><span class='ocrx_word' id='word_1_778' title='bbox 1429 2173 1491 2210; x_wconf 90' lang='lat' dir='ltr'>Ad</span> <span class='ocrx_word' id='word_1_779' title='bbox 1519 2172 1630 2209; x_wconf 92' lang='lat' dir='ltr'>huius</span> <span class='ocrx_word' id='word_1_780' title='bbox 1650 2180 1779 2209; x_wconf 90' lang='lat' dir='ltr'>autem</span> <span class='ocrx_word' id='word_1_781' title='bbox 1808 2172 2088 2220; x_wconf 88' lang='lat' dir='ltr'>intelligentiam</span> <span class='ocrx_word' id='word_1_782' title='bbox 2108 2173 2139 2220; x_wconf 67' lang='lat'>³⁸,</span> <span class='ocrx_word' id='word_1_783' title='bbox 2161 2173 2359 2211; x_wconf 91' lang='lat' dir='ltr'>sciendum</span> <span class='ocrx_word' id='word_1_784' title='bbox 2389 2182 2443 2211; x_wconf 90' lang='lat' dir='ltr'>est</span> 
     </span>
     <span class='ocr_line' id='line_1_106' title="bbox 1376 2225 2442 2274; baseline 0.002 -12"><span class='ocrx_word' id='word_1_785' title='bbox 1376 2225 1482 2274; x_wconf 89' lang='lat' dir='ltr'>quod</span> <span class='ocrx_word' id='word_1_786' title='bbox 1497 2225 1590 2263; x_wconf 91' lang='lat' dir='ltr'>radii</span> <span class='ocrx_word' id='word_1_787' title='bbox 1605 2225 1856 2274; x_wconf 88' lang='lat' dir='ltr'>procedentes</span> <span class='ocrx_word' id='word_1_788' title='bbox 1872 2238 1893 2262; x_wconf 90' lang='lat' dir='ltr'>a</span> <span class='ocrx_word' id='word_1_789' title='bbox 1909 2227 1988 2263; x_wconf 89' lang='lat' dir='ltr'>sole</span> <span class='ocrx_word' id='word_1_790' title='bbox 2008 2226 2055 2263; x_wconf 91' lang='lat' dir='ltr'>ad</span> <span class='ocrx_word' id='word_1_791' title='bbox 2071 2234 2210 2263; x_wconf 87' lang='lat' dir='ltr'>terram</span> <span class='ocrx_word' id='word_1_792' title='bbox 2226 2234 2312 2263; x_wconf 91' lang='lat' dir='ltr'>sunt</span> <span class='ocrx_word' id='word_1_793' title='bbox 2328 2239 2442 2264; x_wconf 91' lang='lat' dir='ltr'>causa</span> 
     </span>
     <span class='ocr_line' id='line_1_107' title="bbox 1377 2278 2442 2317; baseline 0.002 -2"><span class='ocrx_word' id='word_1_794' title='bbox 1377 2278 1582 2316; x_wconf 90' lang='lat' dir='ltr'>caliditatis.</span> <span class='ocrx_word' id='word_1_795' title='bbox 1604 2279 1704 2315; x_wconf 92' lang='lat' dir='ltr'>Cum</span> <span class='ocrx_word' id='word_1_796' title='bbox 1734 2286 1862 2315; x_wconf 90' lang='lat' dir='ltr'>autem</span> <span class='ocrx_word' id='word_1_797' title='bbox 1890 2279 2017 2316; x_wconf 86' lang='lat' dir='ltr'>radius</span> <span class='ocrx_word' id='word_1_798' title='bbox 2036 2280 2074 2316; x_wconf 87' lang='lat' dir='ltr'>in</span> <span class='ocrx_word' id='word_1_799' title='bbox 2098 2287 2236 2316; x_wconf 92' lang='lat' dir='ltr'>terram</span> <span class='ocrx_word' id='word_1_800' title='bbox 2265 2279 2279 2305; x_wconf 63' lang='grc' dir='ltr'><strong>ζ</strong></span> <span class='ocrx_word' id='word_1_801' title='bbox 2303 2280 2442 2317; x_wconf 89' lang='lat' dir='ltr'>cadens</span> 
     </span>
     <span class='ocr_line' id='line_1_108' title="bbox 1376 2332 2441 2382; baseline 0.002 -14"><span class='ocrx_word' id='word_1_802' title='bbox 1376 2332 1633 2381; x_wconf 89' lang='lat' dir='ltr'>repercutitur,</span> <span class='ocrx_word' id='word_1_803' title='bbox 1663 2332 1707 2368; x_wconf 92' lang='lat' dir='ltr'>fit</span> <span class='ocrx_word' id='word_1_804' title='bbox 1735 2332 1871 2368; x_wconf 89' lang='lat' dir='ltr'>iterum</span> <span class='ocrx_word' id='word_1_805' title='bbox 1905 2332 1998 2369; x_wconf 92' lang='lat' dir='ltr'>alius</span> <span class='ocrx_word' id='word_1_806' title='bbox 2023 2332 2150 2369; x_wconf 89' lang='lat' dir='ltr'>radius</span> <span class='ocrx_word' id='word_1_807' title='bbox 2175 2345 2197 2369; x_wconf 92' lang='lat' dir='ltr'>a</span> <span class='ocrx_word' id='word_1_808' title='bbox 2215 2340 2314 2370; x_wconf 91' lang='lat' dir='ltr'>terra</span> <span class='ocrx_word' id='word_1_809' title='bbox 2334 2334 2441 2382; x_wconf 91' lang='lat' dir='ltr'>quasi</span> 
     </span>
     <span class='ocr_line' id='line_1_109' title="bbox 1375 2384 2440 2434; baseline 0.002 -12"><span class='ocrx_word' id='word_1_810' title='bbox 1375 2397 1570 2422; x_wconf 91' lang='lat' dir='ltr'>resursum</span> <span class='ocrx_word' id='word_1_811' title='bbox 1597 2384 1769 2422; x_wconf 91' lang='lat' dir='ltr'>tendens.</span> <span class='ocrx_word' id='word_1_812' title='bbox 1792 2385 1946 2432; x_wconf 90' lang='lat' dir='ltr'>Quanto</span> <span class='ocrx_word' id='word_1_813' title='bbox 1967 2398 2054 2434; x_wconf 91' lang='lat' dir='ltr'>ergo</span> <span class='ocrx_word' id='word_1_814' title='bbox 2084 2386 2122 2422; x_wconf 92' lang='lat' dir='ltr'>hi</span> <span class='ocrx_word' id='word_1_815' title='bbox 2143 2386 2219 2423; x_wconf 92' lang='lat' dir='ltr'>duo</span> <span class='ocrx_word' id='word_1_816' title='bbox 2249 2386 2342 2423; x_wconf 91' lang='lat' dir='ltr'>radii</span> <span class='ocrx_word' id='word_1_817' title='bbox 2361 2387 2440 2424; x_wconf 90' lang='lat' dir='ltr'>fue-</span> 
     </span>
     <span class='ocr_line' id='line_1_110' title="bbox 1375 2437 2440 2488; baseline 0.002 -13"><span class='ocrx_word' id='word_1_818' title='bbox 1375 2438 1448 2475; x_wconf 90' lang='lat' dir='ltr'>rint</span> <span class='ocrx_word' id='word_1_819' title='bbox 1462 2439 1583 2487; x_wconf 89' lang='lat' dir='ltr'>magis</span> <span class='ocrx_word' id='word_1_820' title='bbox 1598 2438 1669 2476; x_wconf 88' lang='lat' dir='ltr'>sibi</span> <span class='ocrx_word' id='word_1_821' title='bbox 1683 2437 1850 2475; x_wconf 90' lang='lat' dir='ltr'>invicem</span> <span class='ocrx_word' id='word_1_822' title='bbox 1864 2438 2080 2488; x_wconf 87' lang='lat' dir='ltr'>propinqui,</span> <span class='ocrx_word' id='word_1_823' title='bbox 2096 2446 2200 2476; x_wconf 89' lang='lat' dir='ltr'>tanto</span> <span class='ocrx_word' id='word_1_824' title='bbox 2215 2440 2301 2488; x_wconf 93' lang='lat' dir='ltr'>plus</span> <span class='ocrx_word' id='word_1_825' title='bbox 2317 2441 2364 2477; x_wconf 92' lang='lat' dir='ltr'>de</span> <span class='ocrx_word' id='word_1_826' title='bbox 2381 2453 2440 2477; x_wconf 91' lang='lat' dir='ltr'>ca-</span> 
     </span>
     <span class='ocr_line' id='line_1_111' title="bbox 1374 2491 2441 2541; baseline 0.002 -13"><span class='ocrx_word' id='word_1_827' title='bbox 1374 2493 1454 2529; x_wconf 91' lang='lat' dir='ltr'>lore</span> <span class='ocrx_word' id='word_1_828' title='bbox 1484 2499 1674 2529; x_wconf 89' lang='lat' dir='ltr'>causatur:</span> <span class='ocrx_word' id='word_1_829' title='bbox 1696 2491 1785 2540; x_wconf 88' lang='lat' dir='ltr'>quia</span> <span class='ocrx_word' id='word_1_830' title='bbox 1813 2491 1931 2529; x_wconf 90' lang='lat' dir='ltr'>virtus</span> <span class='ocrx_word' id='word_1_831' title='bbox 1950 2492 2146 2541; x_wconf 89' lang='lat' dir='ltr'>utriusque</span> <span class='ocrx_word' id='word_1_832' title='bbox 2175 2492 2279 2540; x_wconf 85' lang='lat' dir='ltr'>radii,</span> <span class='ocrx_word' id='word_1_833' title='bbox 2301 2493 2441 2531; x_wconf 89' lang='lat' dir='ltr'>scilicet</span> 
     </span>
     <span class='ocr_line' id='line_1_112' title="bbox 1375 2544 2439 2596; baseline 0.002 -14"><span class='ocrx_word' id='word_1_834' title='bbox 1375 2545 1543 2582; x_wconf 90' lang='lat' dir='ltr'>cadentis</span> <span class='ocrx_word' id='word_1_835' title='bbox 1572 2553 1608 2582; x_wconf 92' lang='lat' dir='ltr'>et</span> <span class='ocrx_word' id='word_1_836' title='bbox 1637 2544 1786 2592; x_wconf 76' lang='lat' dir='ltr'>reflexi,</span> <span class='ocrx_word' id='word_1_837' title='bbox 1814 2545 1989 2594; x_wconf 89' lang='lat' dir='ltr'>pertingit</span> <span class='ocrx_word' id='word_1_838' title='bbox 2017 2546 2064 2582; x_wconf 89' lang='lat' dir='ltr'>ad</span> <span class='ocrx_word' id='word_1_839' title='bbox 2100 2546 2263 2583; x_wconf 88' lang='lat' dir='ltr'>eandem</span> <span class='ocrx_word' id='word_1_840' title='bbox 2291 2554 2439 2596; x_wconf 88' lang='lat' dir='ltr'>partem</span> 
     </span>
    </p>
   </div>
   <div class='ocr_carea' id='block_1_28' title="bbox 2497 1230 2640 1250">
    <p class='ocr_par' dir='ltr' id='par_1_31' title="bbox 2497 1230 2640 1250">
     <span class='ocr_line' id='line_1_113' title="bbox 2497 1230 2640 1250; baseline 0 0"><span class='ocrx_word' id='word_1_841' title='bbox 2497 1230 2586 1250; x_wconf 78' lang='lat' dir='ltr'>astrum</span> <span class='ocrx_word' id='word_1_842' title='bbox 2600 1234 2640 1250; x_wconf 73' lang='lat' dir='ltr'>ra.</span> 
     </span>
    </p>
   </div>
   <div class='ocr_carea' id='block_1_29' title="bbox 2570 1326 2585 1351">
    <p class='ocr_par' dir='ltr' id='par_1_32' title="bbox 2570 1326 2585 1351">
     <span class='ocr_line' id='line_1_114' title="bbox 2570 1326 2585 1351; baseline 0 0"><span class='ocrx_word' id='word_1_843' title='bbox 2570 1326 2585 1351; x_wconf 81' lang='grc' dir='ltr'>ὃ</span> 
     </span>
    </p>
   </div>
   <div class='ocr_carea' id='block_1_30' title="bbox 2495 1602 2597 1624">
    <p class='ocr_par' dir='ltr' id='par_1_33' title="bbox 2495 1602 2597 1624">
     <span class='ocr_line' id='line_1_115' title="bbox 2495 1602 2597 1624; baseline 0.02 -2"><span class='ocrx_word' id='word_1_844' title='bbox 2495 1602 2560 1624; x_wconf 73' lang='lat' dir='ltr'>locos</span> <span class='ocrx_word' id='word_1_845' title='bbox 2573 1609 2597 1624; x_wconf 80' lang='grc' dir='ltr'>Β.</span> 
     </span>
    </p>
   </div>
   <div class='ocr_carea' id='block_1_31' title="bbox 2495 1761 2656 1783">
    <p class='ocr_par' dir='ltr' id='par_1_34' title="bbox 2495 1761 2656 1783">
     <span class='ocr_line' id='line_1_116' title="bbox 2495 1761 2656 1783; baseline 0.006 -1"><span class='ocrx_word' id='word_1_846' title='bbox 2495 1761 2618 1782; x_wconf 79' lang='lat' dir='ltr'>radiorum</span> <span class='ocrx_word' id='word_1_847' title='bbox 2632 1768 2656 1783; x_wconf 76' lang='grc' dir='ltr'>Β.</span> 
     </span>
    </p>
   </div>
   <div class='ocr_carea' id='block_1_32' title="bbox 2472 2186 2670 2208">
    <p class='ocr_par' dir='ltr' id='par_1_35' title="bbox 2472 2186 2670 2208">
     <span class='ocr_line' id='line_1_117' title="bbox 2472 2186 2670 2208; baseline 0.01 -2"><span class='ocrx_word' id='word_1_848' title='bbox 2472 2186 2480 2196; x_wconf 85' lang='grc'><strong>“</strong></span> <span class='ocrx_word' id='word_1_849' title='bbox 2494 2186 2633 2207; x_wconf 82' lang='lat' dir='ltr'>intellectum</span> <span class='ocrx_word' id='word_1_850' title='bbox 2647 2193 2670 2208; x_wconf 75' lang='grc' dir='ltr'>Α.</span> 
     </span>
    </p>
   </div>
   <div class='ocr_carea' id='block_1_33' title="bbox 2568 2288 2583 2317">
    <p class='ocr_par' dir='ltr' id='par_1_36' title="bbox 2568 2288 2583 2317">
     <span class='ocr_line' id='line_1_118' title="bbox 2568 2288 2583 2317; baseline 0 0"><span class='ocrx_word' id='word_1_851' title='bbox 2568 2288 2583 2317; x_wconf 77' lang='grc' dir='ltr'><strong>ζ</strong></span> 
     </span>
    </p>
   </div>
   <div class='ocr_carea' id='block_1_34' title="bbox 1374 2598 2483 2647">
    <p class='ocr_par' dir='ltr' id='par_1_37' title="bbox 1374 2598 2483 2647">
     <span class='ocr_line' id='line_1_119' title="bbox 1374 2598 2483 2647; baseline 0.002 -12"><span class='ocrx_word' id='word_1_852' title='bbox 1374 2599 1482 2636; x_wconf 91' lang='lat' dir='ltr'>aeris.</span> <span class='ocrx_word' id='word_1_853' title='bbox 1518 2599 1567 2635; x_wconf 86' lang='lat' dir='ltr'>Et</span> <span class='ocrx_word' id='word_1_854' title='bbox 1594 2598 1683 2636; x_wconf 88' lang='lat' dir='ltr'>inde</span> <span class='ocrx_word' id='word_1_855' title='bbox 1712 2606 1768 2635; x_wconf 92' lang='lat' dir='ltr'>est</span> <span class='ocrx_word' id='word_1_856' title='bbox 1796 2598 1900 2647; x_wconf 89' lang='lat' dir='ltr'>quod</span> <span class='ocrx_word' id='word_1_857' title='bbox 1930 2598 1997 2635; x_wconf 89' lang='lat' dir='ltr'>ubi</span> <span class='ocrx_word' id='word_1_858' title='bbox 2026 2599 2152 2636; x_wconf 87' lang='lat' dir='ltr'>radius</span> <span class='ocrx_word' id='word_1_859' title='bbox 2181 2599 2270 2636; x_wconf 91' lang='lat' dir='ltr'>solis</span> <span class='ocrx_word' id='word_1_860' title='bbox 2299 2600 2438 2637; x_wconf 90' lang='lat' dir='ltr'>cadens</span> <span class='ocrx_word' id='word_1_861' title='bbox 2480 2604 2483 2608; x_wconf 74' lang='grc'><em>’</em></span> 
     </span>
    </p>
   </div>
   <div class='ocr_carea' id='block_1_35' title="bbox 1371 2651 2440 3283">
    <p class='ocr_par' dir='ltr' id='par_1_38' title="bbox 1371 2651 2440 3283">
     <span class='ocr_line' id='line_1_120' title="bbox 1373 2651 2440 2701; baseline 0.002 -13"><span class='ocrx_word' id='word_1_862' title='bbox 1373 2665 1489 2701; x_wconf 89' lang='lat' dir='ltr'>super</span> <span class='ocrx_word' id='word_1_863' title='bbox 1515 2660 1655 2689; x_wconf 89' lang='lat' dir='ltr'>terram</span> <span class='ocrx_word' id='word_1_864' title='bbox 1674 2651 1761 2689; x_wconf 87' lang='lat' dir='ltr'>facit</span> <span class='ocrx_word' id='word_1_865' title='bbox 1780 2652 1961 2700; x_wconf 89' lang='lat' dir='ltr'>angulum</span> <span class='ocrx_word' id='word_1_866' title='bbox 1991 2659 2148 2699; x_wconf 83' lang='lat' dir='ltr'>rectum,</span> <span class='ocrx_word' id='word_1_867' title='bbox 2178 2652 2229 2689; x_wconf 90' lang='lat' dir='ltr'>ibi</span> <span class='ocrx_word' id='word_1_868' title='bbox 2250 2660 2305 2689; x_wconf 92' lang='lat' dir='ltr'>est</span> <span class='ocrx_word' id='word_1_869' title='bbox 2323 2653 2440 2690; x_wconf 89' lang='lat' dir='ltr'>maxi-</span> 
     </span>
     <span class='ocr_line' id='line_1_121' title="bbox 1373 2704 2439 2755; baseline 0.001 -13"><span class='ocrx_word' id='word_1_870' title='bbox 1373 2718 1459 2742; x_wconf 90' lang='lat' dir='ltr'>mus</span> <span class='ocrx_word' id='word_1_871' title='bbox 1489 2706 1602 2752; x_wconf 86' lang='lat' dir='ltr'>calor,</span> <span class='ocrx_word' id='word_1_872' title='bbox 1632 2704 1721 2755; x_wconf 89' lang='lat' dir='ltr'>quia</span> <span class='ocrx_word' id='word_1_873' title='bbox 1750 2705 1904 2742; x_wconf 88' lang='lat' dir='ltr'>reflexio</span> <span class='ocrx_word' id='word_1_874' title='bbox 1932 2705 1976 2742; x_wconf 90' lang='lat' dir='ltr'>fit</span> <span class='ocrx_word' id='word_1_875' title='bbox 1994 2705 2032 2742; x_wconf 88' lang='lat' dir='ltr'>in</span> <span class='ocrx_word' id='word_1_876' title='bbox 2052 2706 2215 2743; x_wconf 91' lang='lat' dir='ltr'>eandem</span> <span class='ocrx_word' id='word_1_877' title='bbox 2234 2713 2382 2755; x_wconf 91' lang='lat' dir='ltr'>partem</span> <span class='ocrx_word' id='word_1_878' title='bbox 2401 2706 2439 2743; x_wconf 74' lang='lat' dir='ltr'>*t</span> 
     </span>
     <span class='ocr_line' id='line_1_122' title="bbox 1373 2758 2440 2807; baseline 0.001 -12"><span class='ocrx_word' id='word_1_879' title='bbox 1373 2766 1516 2806; x_wconf 88' lang='lat' dir='ltr'>quanto</span> <span class='ocrx_word' id='word_1_880' title='bbox 1544 2771 1639 2796; x_wconf 92' lang='lat' dir='ltr'>vero</span> <span class='ocrx_word' id='word_1_881' title='bbox 1660 2758 1786 2796; x_wconf 91' lang='lat' dir='ltr'>radius</span> <span class='ocrx_word' id='word_1_882' title='bbox 1815 2759 1955 2796; x_wconf 90' lang='lat' dir='ltr'>cadens</span> <span class='ocrx_word' id='word_1_883' title='bbox 1984 2758 2022 2795; x_wconf 92' lang='lat' dir='ltr'>in</span> <span class='ocrx_word' id='word_1_884' title='bbox 2041 2759 2168 2807; x_wconf 91' lang='lat' dir='ltr'>aliquo</span> <span class='ocrx_word' id='word_1_885' title='bbox 2197 2760 2283 2796; x_wconf 91' lang='lat' dir='ltr'>loco</span> <span class='ocrx_word' id='word_1_886' title='bbox 2312 2759 2440 2796; x_wconf 88' lang='lat' dir='ltr'>fecerit</span> 
     </span>
     <span class='ocr_line' id='line_1_123' title="bbox 1373 2811 2438 2860; baseline 0.001 -12"><span class='ocrx_word' id='word_1_887' title='bbox 1373 2813 1555 2860; x_wconf 88' lang='lat' dir='ltr'>angulum</span> <span class='ocrx_word' id='word_1_888' title='bbox 1584 2811 1770 2849; x_wconf 90' lang='lat' dir='ltr'>maiorem</span> <span class='ocrx_word' id='word_1_889' title='bbox 1800 2820 1915 2859; x_wconf 90' lang='lat' dir='ltr'>recto,</span> <span class='ocrx_word' id='word_1_890' title='bbox 1937 2820 2041 2848; x_wconf 88' lang='lat' dir='ltr'>tanto</span> <span class='ocrx_word' id='word_1_891' title='bbox 2072 2820 2127 2849; x_wconf 91' lang='lat' dir='ltr'>est</span> <span class='ocrx_word' id='word_1_892' title='bbox 2146 2812 2271 2849; x_wconf 87' lang='lat' dir='ltr'>minus</span> <span class='ocrx_word' id='word_1_893' title='bbox 2301 2813 2349 2849; x_wconf 89' lang='lat' dir='ltr'>de</span> <span class='ocrx_word' id='word_1_894' title='bbox 2378 2825 2438 2849; x_wconf 90' lang='lat' dir='ltr'>ca-</span> 
     </span>
     <span class='ocr_line' id='line_1_124' title="bbox 1372 2865 2437 2914; baseline 0 -12"><span class='ocrx_word' id='word_1_895' title='bbox 1372 2866 1470 2911; x_wconf 90' lang='lat' dir='ltr'>lore;</span> <span class='ocrx_word' id='word_1_896' title='bbox 1497 2865 1598 2913; x_wconf 83' lang='lat' dir='ltr'>quia,</span> <span class='ocrx_word' id='word_1_897' title='bbox 1629 2877 1717 2902; x_wconf 89' lang='lat' dir='ltr'>cum</span> <span class='ocrx_word' id='word_1_898' title='bbox 1747 2865 1981 2914; x_wconf 90' lang='lat' dir='ltr'>repercussio</span> <span class='ocrx_word' id='word_1_899' title='bbox 2011 2865 2076 2902; x_wconf 89' lang='lat' dir='ltr'>fiat</span> <span class='ocrx_word' id='word_1_900' title='bbox 2097 2866 2307 2902; x_wconf 89' lang='lat' dir='ltr'>secundum</span> <span class='ocrx_word' id='word_1_901' title='bbox 2327 2878 2437 2914; x_wconf 90' lang='lat' dir='ltr'>pares</span> 
     </span>
     <span class='ocr_line' id='line_1_125' title="bbox 1373 2917 2436 2967; baseline -0.001 -12"><span class='ocrx_word' id='word_1_902' title='bbox 1373 2919 1543 2966; x_wconf 88' lang='lat' dir='ltr'>angulos,</span> <span class='ocrx_word' id='word_1_903' title='bbox 1560 2917 1685 2956; x_wconf 90' lang='lat' dir='ltr'>radius</span> <span class='ocrx_word' id='word_1_904' title='bbox 1706 2930 1960 2967; x_wconf 89' lang='lat' dir='ltr'>repercussus,</span> <span class='ocrx_word' id='word_1_905' title='bbox 1977 2926 2133 2966; x_wconf 88' lang='lat' dir='ltr'>propter</span> <span class='ocrx_word' id='word_1_906' title='bbox 2147 2918 2436 2966; x_wconf 83' lang='lat' dir='ltr'>amplitudinem</span> 
     </span>
     <span class='ocr_line' id='line_1_126' title="bbox 1372 2971 2433 3020; baseline -0.001 -12"><span class='ocrx_word' id='word_1_907' title='bbox 1372 2972 1497 3020; x_wconf 88' lang='lat' dir='ltr'>anguli</span> <span class='ocrx_word' id='word_1_908' title='bbox 1529 2977 1554 3017; x_wconf 80' lang='lat'>⁷¹,</span> <span class='ocrx_word' id='word_1_909' title='bbox 1577 2972 1740 3008; x_wconf 83' lang='lat' dir='ltr'>multum</span> <span class='ocrx_word' id='word_1_910' title='bbox 1771 2971 1881 3008; x_wconf 90' lang='lat' dir='ltr'>distat</span> <span class='ocrx_word' id='word_1_911' title='bbox 1909 2984 1930 3007; x_wconf 92' lang='lat' dir='ltr'>a</span> <span class='ocrx_word' id='word_1_912' title='bbox 1959 2971 2064 3008; x_wconf 89' lang='lat' dir='ltr'>radio</span> <span class='ocrx_word' id='word_1_913' title='bbox 2098 2971 2224 3019; x_wconf 91' lang='lat' dir='ltr'>primo</span> <span class='ocrx_word' id='word_1_914' title='bbox 2263 2971 2433 3008; x_wconf 87' lang='lat' dir='ltr'>cadente.</span> 
     </span>
     <span class='ocr_line' id='line_1_127' title="bbox 1372 3024 2435 3071; baseline 0 -10"><span class='ocrx_word' id='word_1_915' title='bbox 1372 3025 1617 3062; x_wconf 90' lang='lat' dir='ltr'>Manifestum</span> <span class='ocrx_word' id='word_1_916' title='bbox 1647 3032 1702 3061; x_wconf 92' lang='lat' dir='ltr'>est</span> <span class='ocrx_word' id='word_1_917' title='bbox 1734 3032 1859 3061; x_wconf 86' lang='lat' dir='ltr'>autern</span> <span class='ocrx_word' id='word_1_918' title='bbox 1889 3024 1994 3071; x_wconf 90' lang='lat' dir='ltr'>quod</span> <span class='ocrx_word' id='word_1_919' title='bbox 2019 3031 2160 3071; x_wconf 93' lang='lat' dir='ltr'>quanto</span> <span class='ocrx_word' id='word_1_920' title='bbox 2191 3024 2288 3060; x_wconf 89' lang='lat' dir='ltr'>duae</span> <span class='ocrx_word' id='word_1_921' title='bbox 2315 3024 2435 3061; x_wconf 91' lang='lat' dir='ltr'>lineae</span> 
     </span>
     <span class='ocr_line' id='line_1_128' title="bbox 1373 3076 2436 3125; baseline 0 -11"><span class='ocrx_word' id='word_1_922' title='bbox 1373 3078 1606 3115; x_wconf 89' lang='lat' dir='ltr'>continentes</span> <span class='ocrx_word' id='word_1_923' title='bbox 1626 3078 1805 3125; x_wconf 89' lang='lat' dir='ltr'>angulum</span> <span class='ocrx_word' id='word_1_924' title='bbox 1835 3077 1955 3124; x_wconf 89' lang='lat' dir='ltr'>magis</span> <span class='ocrx_word' id='word_1_925' title='bbox 1982 3076 2205 3125; x_wconf 85' lang='lat' dir='ltr'>procedunt,</span> <span class='ocrx_word' id='word_1_926' title='bbox 2226 3084 2329 3114; x_wconf 91' lang='lat' dir='ltr'>tanto</span> <span class='ocrx_word' id='word_1_927' title='bbox 2356 3089 2436 3114; x_wconf 89' lang='lat' dir='ltr'>ma-</span> 
     </span>
     <span class='ocr_line' id='line_1_129' title="bbox 1371 3130 2434 3179; baseline 0 -12"><span class='ocrx_word' id='word_1_928' title='bbox 1371 3131 1425 3179; x_wconf 90' lang='lat' dir='ltr'>gis</span> <span class='ocrx_word' id='word_1_929' title='bbox 1454 3131 1591 3169; x_wconf 89' lang='lat' dir='ltr'>distant</span> <span class='ocrx_word' id='word_1_930' title='bbox 1618 3130 1845 3167; x_wconf 88' lang='lat' dir='ltr'>abinvicem.</span> <span class='ocrx_word' id='word_1_931' title='bbox 1877 3130 1987 3167; x_wconf 90' lang='lat' dir='ltr'>Unde</span> <span class='ocrx_word' id='word_1_932' title='bbox 2013 3137 2156 3178; x_wconf 86' lang='lat' dir='ltr'>quanto</span> <span class='ocrx_word' id='word_1_933' title='bbox 2185 3130 2304 3177; x_wconf 87' lang='lat' dir='ltr'>magis</span> <span class='ocrx_word' id='word_1_934' title='bbox 2334 3142 2434 3167; x_wconf 91' lang='lat' dir='ltr'>rece-</span> 
     </span>
     <span class='ocr_line' id='line_1_130' title="bbox 1373 3182 2435 3231; baseline 0 -11"><span class='ocrx_word' id='word_1_935' title='bbox 1373 3185 1471 3221; x_wconf 92' lang='lat' dir='ltr'>ditur</span> <span class='ocrx_word' id='word_1_936' title='bbox 1494 3197 1516 3220; x_wconf 89' lang='lat' dir='ltr'>a</span> <span class='ocrx_word' id='word_1_937' title='bbox 1543 3191 1653 3231; x_wconf 86' lang='lat' dir='ltr'>terra,</span> <span class='ocrx_word' id='word_1_938' title='bbox 1673 3183 1739 3220; x_wconf 93' lang='lat' dir='ltr'>ubi</span> <span class='ocrx_word' id='word_1_939' title='bbox 1767 3183 1810 3219; x_wconf 92' lang='lat' dir='ltr'>fit</span> <span class='ocrx_word' id='word_1_940' title='bbox 1842 3182 2109 3230; x_wconf 86' lang='lat' dir='ltr'>reverberatio,</span> <span class='ocrx_word' id='word_1_941' title='bbox 2130 3190 2234 3219; x_wconf 89' lang='lat' dir='ltr'>tanto</span> <span class='ocrx_word' id='word_1_942' title='bbox 2253 3183 2435 3231; x_wconf 91' lang='lat' dir='ltr'>praedicti</span> 
     </span>
     <span class='ocr_line' id='line_1_131' title="bbox 1373 3235 2435 3283; baseline 0.001 -10"><span class='ocrx_word' id='word_1_943' title='bbox 1373 3238 1449 3274; x_wconf 89' lang='lat' dir='ltr'>duo</span> <span class='ocrx_word' id='word_1_944' title='bbox 1469 3237 1489 3258; x_wconf 71' lang='lat'>&#39;¹‘</span> <span class='ocrx_word' id='word_1_945' title='bbox 1509 3236 1601 3274; x_wconf 90' lang='lat' dir='ltr'>radii</span> <span class='ocrx_word' id='word_1_946' title='bbox 1621 3236 1740 3283; x_wconf 88' lang='lat' dir='ltr'>magis</span> <span class='ocrx_word' id='word_1_947' title='bbox 1771 3235 1907 3272; x_wconf 89' lang='lat' dir='ltr'>distant</span> <span class='ocrx_word' id='word_1_948' title='bbox 1935 3235 2161 3283; x_wconf 90' lang='lat' dir='ltr'>abinvicem,</span> <span class='ocrx_word' id='word_1_949' title='bbox 2179 3243 2215 3272; x_wconf 91' lang='lat' dir='ltr'>et</span> <span class='ocrx_word' id='word_1_950' title='bbox 2235 3244 2291 3272; x_wconf 93' lang='lat' dir='ltr'>est</span> <span class='ocrx_word' id='word_1_951' title='bbox 2309 3236 2435 3274; x_wconf 90' lang='lat' dir='ltr'>minor</span> 
     </span>
    </p>
   </div>
   <div class='ocr_carea' id='block_1_36' title="bbox 1210 3332 1735 3340">
    <p class='ocr_par' dir='ltr' id='par_1_39' title="bbox 1210 3332 1735 3340">
     <span class='ocr_line' id='line_1_132' title="bbox 1210 3332 1735 3340; baseline 0 0"><span class='ocrx_word' id='word_1_952' title='bbox 1210 3332 1735 3340; x_wconf 95' lang='lat' dir='ltr'> </span> 
     </span>
    </p>
   </div>
   <div class='ocr_carea' id='block_1_37' title="bbox 941 3335 1101 3338">
    <p class='ocr_par' dir='ltr' id='par_1_40' title="bbox 941 3335 1101 3338">
     <span class='ocr_line' id='line_1_133' title="bbox 941 3335 1101 3338; baseline 0 0"><span class='ocrx_word' id='word_1_953' title='bbox 941 3335 1101 3338; x_wconf 95' lang='lat' dir='ltr'> </span> 
     </span>
    </p>
   </div>
   <div class='ocr_carea' id='block_1_38' title="bbox 245 3394 1317 3677">
    <p class='ocr_par' dir='ltr' id='par_1_41' title="bbox 245 3394 1317 3456">
     <span class='ocr_line' id='line_1_134' title="bbox 300 3394 1317 3430; baseline 0 -10"><span class='ocrx_word' id='word_1_954' title='bbox 300 3394 328 3430; x_wconf 89' lang='grc' dir='ltr'>α)</span> <span class='ocrx_word' id='word_1_955' title='bbox 348 3395 536 3428; x_wconf 79' lang='lat' dir='ltr'>quaestionem.</span> <span class='ocrx_word' id='word_1_956' title='bbox 555 3408 574 3414; x_wconf 94' lang='lat'>-</span> <span class='ocrx_word' id='word_1_957' title='bbox 593 3394 784 3419; x_wconf 80' lang='lat' dir='ltr'>dubitationem</span> <span class='ocrx_word' id='word_1_958' title='bbox 804 3396 835 3419; x_wconf 91' lang='lat' dir='ltr'>A.</span> <span class='ocrx_word' id='word_1_959' title='bbox 853 3408 872 3413; x_wconf 84' lang='lat'>-</span> <span class='ocrx_word' id='word_1_960' title='bbox 890 3394 954 3419; x_wconf 88' lang='lat' dir='ltr'>Post</span> <span class='ocrx_word' id='word_1_961' title='bbox 979 3395 1043 3419; x_wconf 88' lang='lat' dir='ltr'>duas</span> <span class='ocrx_word' id='word_1_962' title='bbox 1065 3395 1146 3419; x_wconf 90' lang='lat' dir='ltr'>lineas</span> <span class='ocrx_word' id='word_1_963' title='bbox 1165 3396 1186 3419; x_wconf 91' lang='lat' dir='ltr'>B</span> <span class='ocrx_word' id='word_1_964' title='bbox 1205 3403 1259 3420; x_wconf 87' lang='lat' dir='ltr'>om.</span> <span class='ocrx_word' id='word_1_965' title='bbox 1278 3403 1317 3420; x_wconf 89' lang='lat' dir='ltr'>se-</span> 
     </span>
     <span class='ocr_line' id='line_1_135' title="bbox 245 3431 445 3456; baseline -0.005 0"><span class='ocrx_word' id='word_1_966' title='bbox 245 3431 362 3456; x_wconf 85' lang='lat' dir='ltr'>cundum</span> <span class='ocrx_word' id='word_1_967' title='bbox 382 3434 445 3455; x_wconf 83' lang='lat' dir='ltr'>tres.</span> 
     </span>
    </p>

    <p class='ocr_par' dir='ltr' id='par_1_42' title="bbox 246 3465 1316 3562">
     <span class='ocr_line' id='line_1_136' title="bbox 299 3465 1316 3500; baseline -0.002 -9"><span class='ocrx_word' id='word_1_968' title='bbox 299 3465 326 3500; x_wconf 84' lang='grc' dir='ltr'>β)</span> <span class='ocrx_word' id='word_1_969' title='bbox 345 3467 426 3491; x_wconf 78' lang='lat' dir='ltr'>etiam</span> <span class='ocrx_word' id='word_1_970' title='bbox 445 3472 483 3490; x_wconf 84' lang='lat' dir='ltr'>ex</span> <span class='ocrx_word' id='word_1_971' title='bbox 496 3465 653 3497; x_wconf 77' lang='lat' dir='ltr'>praemissis</span> <span class='ocrx_word' id='word_1_972' title='bbox 672 3468 761 3489; x_wconf 81' lang='lat' dir='ltr'>ortum</span> <span class='ocrx_word' id='word_1_973' title='bbox 783 3465 869 3490; x_wconf 82' lang='lat' dir='ltr'>habet.</span> <span class='ocrx_word' id='word_1_974' title='bbox 883 3479 902 3483; x_wconf 98' lang='lat'><em>-</em></span> <span class='ocrx_word' id='word_1_975' title='bbox 915 3465 966 3489; x_wconf 90' lang='lat' dir='ltr'>Pro</span> <span class='ocrx_word' id='word_1_976' title='bbox 985 3465 1075 3494; x_wconf 81' lang='lat' dir='ltr'>etiam,</span> <span class='ocrx_word' id='word_1_977' title='bbox 1091 3468 1178 3489; x_wconf 80' lang='lat' dir='ltr'>tamen</span> <span class='ocrx_word' id='word_1_978' title='bbox 1199 3465 1236 3490; x_wconf 84' lang='lat' dir='ltr'>Pa</span> <span class='ocrx_word' id='word_1_979' title='bbox 1241 3472 1250 3494; x_wconf 89' lang='lat'>‚·</span> <span class='ocrx_word' id='word_1_980' title='bbox 1269 3473 1316 3497; x_wconf 91' lang='lat' dir='ltr'>pro</span> 
     </span>
     <span class='ocr_line' id='line_1_137' title="bbox 246 3500 1314 3532; baseline -0.003 -5"><span class='ocrx_word' id='word_1_981' title='bbox 246 3505 336 3527; x_wconf 82' lang='lat' dir='ltr'>ortum</span> <span class='ocrx_word' id='word_1_982' title='bbox 354 3501 440 3530; x_wconf 83' lang='lat' dir='ltr'>habet,</span> <span class='ocrx_word' id='word_1_983' title='bbox 461 3500 591 3532; x_wconf 83' lang='lat' dir='ltr'>dependet</span> <span class='ocrx_word' id='word_1_984' title='bbox 603 3501 655 3529; x_wconf 87' lang='lat' dir='ltr'>AB,</span> <span class='ocrx_word' id='word_1_985' title='bbox 671 3500 749 3524; x_wconf 78' lang='lat' dir='ltr'>habet</span> <span class='ocrx_word' id='word_1_986' title='bbox 767 3503 856 3524; x_wconf 84' lang='lat' dir='ltr'>ortum</span> <span class='ocrx_word' id='word_1_987' title='bbox 876 3500 916 3524; x_wconf 92' lang='lat' dir='ltr'>ed.</span> <span class='ocrx_word' id='word_1_988' title='bbox 930 3507 955 3524; x_wconf 91' lang='lat' dir='ltr'>a.</span> <span class='ocrx_word' id='word_1_989' title='bbox 970 3515 988 3518; x_wconf 98' lang='lat'><em>-</em></span> <span class='ocrx_word' id='word_1_990' title='bbox 1001 3500 1051 3524; x_wconf 87' lang='lat' dir='ltr'>Pro</span> <span class='ocrx_word' id='word_1_991' title='bbox 1070 3501 1217 3532; x_wconf 79' lang='lat' dir='ltr'>oportebat,</span> <span class='ocrx_word' id='word_1_992' title='bbox 1237 3507 1314 3532; x_wconf 86' lang='lat' dir='ltr'>opor-</span> 
     </span>
     <span class='ocr_line' id='line_1_138' title="bbox 247 3537 382 3562; baseline -0.007 0"><span class='ocrx_word' id='word_1_993' title='bbox 247 3537 311 3562; x_wconf 78' lang='lat' dir='ltr'>tebit</span> <span class='ocrx_word' id='word_1_994' title='bbox 329 3537 382 3561; x_wconf 86' lang='lat' dir='ltr'>AB.</span> 
     </span>
    </p>

    <p class='ocr_par' dir='ltr' id='par_1_43' title="bbox 246 3570 1314 3640">
     <span class='ocr_line' id='line_1_139' title="bbox 299 3570 1314 3606; baseline -0.002 -10"><span class='ocrx_word' id='word_1_995' title='bbox 299 3571 327 3606; x_wconf 85' lang='grc' dir='ltr'>γ)</span> <span class='ocrx_word' id='word_1_996' title='bbox 346 3572 506 3605; x_wconf 82' lang='lat' dir='ltr'>raresacere.</span> <span class='ocrx_word' id='word_1_997' title='bbox 525 3584 544 3590; x_wconf 89' lang='lat'>-</span> <span class='ocrx_word' id='word_1_998' title='bbox 561 3571 706 3604; x_wconf 81' lang='lat' dir='ltr'>calefacere</span> <span class='ocrx_word' id='word_1_999' title='bbox 725 3571 781 3601; x_wconf 79' lang='grc' dir='ltr'>ΑΒ,</span> <span class='ocrx_word' id='word_1_1000' title='bbox 801 3571 826 3594; x_wconf 90' lang='lat' dir='ltr'>in</span> <span class='ocrx_word' id='word_1_1001' title='bbox 845 3575 964 3595; x_wconf 84' lang='lat' dir='ltr'>contextu</span> <span class='ocrx_word' id='word_1_1002' title='bbox 984 3578 1036 3595; x_wconf 92' lang='lat' dir='ltr'>non</span> <span class='ocrx_word' id='word_1_1003' title='bbox 1055 3570 1129 3595; x_wconf 85' lang='lat' dir='ltr'>bene.</span> <span class='ocrx_word' id='word_1_1004' title='bbox 1148 3585 1167 3589; x_wconf 98' lang='lat'><em>-</em></span> <span class='ocrx_word' id='word_1_1005' title='bbox 1185 3571 1247 3594; x_wconf 87' lang='lat' dir='ltr'>Post</span> <span class='ocrx_word' id='word_1_1006' title='bbox 1259 3570 1314 3603; x_wconf 84' lang='lat' dir='ltr'>sri-</span> 
     </span>
     <span class='ocr_line' id='line_1_140' title="bbox 246 3606 1091 3640; baseline -0.004 -7"><span class='ocrx_word' id='word_1_1007' title='bbox 246 3607 306 3640; x_wconf 71' lang='lat' dir='ltr'>gidi</span> <span class='ocrx_word' id='word_1_1008' title='bbox 323 3609 347 3632; x_wconf 83' lang='grc' dir='ltr'><strong>Α</strong></span> <span class='ocrx_word' id='word_1_1009' title='bbox 366 3608 424 3632; x_wconf 87' lang='lat' dir='ltr'>add.</span> <span class='ocrx_word' id='word_1_1010' title='bbox 443 3609 492 3632; x_wconf 82' lang='lat' dir='ltr'>est.</span> <span class='ocrx_word' id='word_1_1011' title='bbox 510 3620 529 3625; x_wconf 89' lang='lat'>-</span> <span class='ocrx_word' id='word_1_1012' title='bbox 547 3606 619 3631; x_wconf 88' lang='lat' dir='ltr'>Idem</span> <span class='ocrx_word' id='word_1_1013' title='bbox 638 3611 698 3638; x_wconf 91' lang='lat' dir='ltr'>post</span> <span class='ocrx_word' id='word_1_1014' title='bbox 717 3606 762 3631; x_wconf 90' lang='lat' dir='ltr'>lin.</span> <span class='ocrx_word' id='word_1_1015' title='bbox 780 3614 828 3638; x_wconf 92' lang='lat' dir='ltr'>pro</span> <span class='ocrx_word' id='word_1_1016' title='bbox 847 3606 961 3634; x_wconf 80' lang='lat' dir='ltr'>videtur,</span> <span class='ocrx_word' id='word_1_1017' title='bbox 983 3606 1091 3631; x_wconf 84' lang='lat' dir='ltr'>dicitur.</span> 
     </span>
    </p>

    <p class='ocr_par' dir='ltr' id='par_1_44' title="bbox 300 3641 1311 3677">
     <span class='ocr_line' id='line_1_141' title="bbox 300 3641 1311 3677; baseline -0.001 -11"><span class='ocrx_word' id='word_1_1018' title='bbox 300 3641 325 3677; x_wconf 80' lang='grc' dir='ltr'>ὃ)</span> <span class='ocrx_word' id='word_1_1019' title='bbox 339 3643 412 3668; x_wconf 88' lang='lat' dir='ltr'>locus</span> <span class='ocrx_word' id='word_1_1020' title='bbox 426 3642 497 3667; x_wconf 84' lang='lat' dir='ltr'>aeris</span> <span class='ocrx_word' id='word_1_1021' title='bbox 546 3642 643 3671; x_wconf 85' lang='lat' dir='ltr'>calida,</span> <span class='ocrx_word' id='word_1_1022' title='bbox 658 3642 791 3667; x_wconf 81' lang='lat' dir='ltr'>scilicet.—</span> <span class='ocrx_word' id='word_1_1023' title='bbox 804 3641 842 3666; x_wconf 86' lang='lat' dir='ltr'>Pa</span> <span class='ocrx_word' id='word_1_1024' title='bbox 861 3649 914 3666; x_wconf 89' lang='lat' dir='ltr'>om.</span> <span class='ocrx_word' id='word_1_1025' title='bbox 929 3641 966 3666; x_wconf 88' lang='lat' dir='ltr'>sic</span> <span class='ocrx_word' id='word_1_1026' title='bbox 979 3646 1038 3666; x_wconf 85' lang='lat' dir='ltr'>ante</span> <span class='ocrx_word' id='word_1_1027' title='bbox 1048 3648 1141 3673; x_wconf 79' lang='lat' dir='ltr'>prope,</span> <span class='ocrx_word' id='word_1_1028' title='bbox 1157 3641 1188 3666; x_wconf 85' lang='lat' dir='ltr'>cf.</span> <span class='ocrx_word' id='word_1_1029' title='bbox 1202 3646 1311 3672; x_wconf 81' lang='lat' dir='ltr'>textum;</span> 
     </span>
    </p>
   </div>
   <div class='ocr_carea' id='block_1_39' title="bbox 1365 3394 2435 3666">
    <p class='ocr_par' dir='ltr' id='par_1_45' title="bbox 1365 3394 2435 3461">
     <span class='ocr_line' id='line_1_142' title="bbox 1369 3394 2435 3426; baseline 0.002 -7"><span class='ocrx_word' id='word_1_1030' title='bbox 1369 3395 1468 3419; x_wconf 85' lang='lat' dir='ltr'>scilicet</span> <span class='ocrx_word' id='word_1_1031' title='bbox 1488 3400 1597 3426; x_wconf 85' lang='lat' dir='ltr'>utroque</span> <span class='ocrx_word' id='word_1_1032' title='bbox 1617 3395 1674 3418; x_wconf 88' lang='lat' dir='ltr'>loco</span> <span class='ocrx_word' id='word_1_1033' title='bbox 1693 3402 1746 3418; x_wconf 90' lang='lat' dir='ltr'>om.</span> <span class='ocrx_word' id='word_1_1034' title='bbox 1766 3394 1824 3424; x_wconf 83' lang='lat' dir='ltr'>AB;</span> <span class='ocrx_word' id='word_1_1035' title='bbox 1844 3401 1892 3426; x_wconf 92' lang='lat' dir='ltr'>pro</span> <span class='ocrx_word' id='word_1_1036' title='bbox 1910 3397 1950 3419; x_wconf 87' lang='lat' dir='ltr'>est</span> <span class='ocrx_word' id='word_1_1037' title='bbox 1967 3394 2005 3419; x_wconf 87' lang='lat' dir='ltr'>sic</span> <span class='ocrx_word' id='word_1_1038' title='bbox 2019 3395 2040 3418; x_wconf 88' lang='lat' dir='ltr'>B</span> <span class='ocrx_word' id='word_1_1039' title='bbox 2053 3394 2154 3419; x_wconf 82' lang='lat' dir='ltr'>videtur</span> <span class='ocrx_word' id='word_1_1040' title='bbox 2173 3395 2268 3420; x_wconf 86' lang='lat' dir='ltr'>habere</span> <span class='ocrx_word' id='word_1_1041' title='bbox 2286 3396 2330 3420; x_wconf 82' lang='lat' dir='ltr'>sit.</span> <span class='ocrx_word' id='word_1_1042' title='bbox 2346 3408 2366 3416; x_wconf 82' lang='lat'>-</span> <span class='ocrx_word' id='word_1_1043' title='bbox 2385 3397 2435 3421; x_wconf 86' lang='lat' dir='ltr'>Pro</span> 
     </span>
     <span class='ocr_line' id='line_1_143' title="bbox 1365 3430 1654 3461; baseline 0 -7"><span class='ocrx_word' id='word_1_1044' title='bbox 1365 3430 1461 3461; x_wconf 83' lang='lat' dir='ltr'>possit,</span> <span class='ocrx_word' id='word_1_1045' title='bbox 1477 3433 1569 3461; x_wconf 83' lang='lat' dir='ltr'>posset</span> <span class='ocrx_word' id='word_1_1046' title='bbox 1587 3430 1654 3454; x_wconf 85' lang='lat' dir='ltr'>PBa.</span> 
     </span>
    </p>

    <p class='ocr_par' dir='ltr' id='par_1_46' title="bbox 1367 3463 2433 3533">
     <span class='ocr_line' id='line_1_144' title="bbox 1422 3463 2433 3500; baseline 0.004 -12"><span class='ocrx_word' id='word_1_1047' title='bbox 1422 3465 1444 3498; x_wconf 88' lang='grc' dir='ltr'>ε)</span> <span class='ocrx_word' id='word_1_1048' title='bbox 1464 3465 1638 3497; x_wconf 76' lang='lat' dir='ltr'>Manifestum</span> <span class='ocrx_word' id='word_1_1049' title='bbox 1657 3467 1732 3489; x_wconf 80' lang='lat' dir='ltr'>est...</span> <span class='ocrx_word' id='word_1_1050' title='bbox 1748 3465 1822 3497; x_wconf 82' lang='lat' dir='ltr'>fiunt</span> <span class='ocrx_word' id='word_1_1051' title='bbox 1841 3464 1884 3489; x_wconf 85' lang='lat' dir='ltr'>ibi.</span> <span class='ocrx_word' id='word_1_1052' title='bbox 1897 3478 1916 3483; x_wconf 89' lang='lat'>—</span> <span class='ocrx_word' id='word_1_1053' title='bbox 1935 3465 1998 3497; x_wconf 86' lang='lat' dir='ltr'>quia</span> <span class='ocrx_word' id='word_1_1054' title='bbox 2015 3465 2115 3490; x_wconf 81' lang='lat' dir='ltr'>scilicet</span> <span class='ocrx_word' id='word_1_1055' title='bbox 2128 3463 2260 3498; x_wconf 83' lang='lat' dir='ltr'>(videlicet</span> <span class='ocrx_word' id='word_1_1056' title='bbox 2275 3466 2307 3499; x_wconf 88' lang='lat' dir='ltr'>B)</span> <span class='ocrx_word' id='word_1_1057' title='bbox 2322 3474 2433 3500; x_wconf 81' lang='lat' dir='ltr'>congre-</span> 
     </span>
     <span class='ocr_line' id='line_1_145' title="bbox 1367 3500 2014 3533; baseline 0.002 -9"><span class='ocrx_word' id='word_1_1058' title='bbox 1367 3500 1490 3533; x_wconf 84' lang='lat' dir='ltr'>gat1&#39;ones</span> <span class='ocrx_word' id='word_1_1059' title='bbox 1509 3500 1616 3524; x_wconf 80' lang='lat' dir='ltr'>nubium</span> <span class='ocrx_word' id='word_1_1060' title='bbox 1636 3500 1802 3533; x_wconf 83' lang='lat' dir='ltr'>manifestius</span> <span class='ocrx_word' id='word_1_1061' title='bbox 1813 3500 1889 3532; x_wconf 83' lang='lat' dir='ltr'>fiunt</span> <span class='ocrx_word' id='word_1_1062' title='bbox 1908 3500 1944 3525; x_wconf 77' lang='lat' dir='ltr'>ibi</span> <span class='ocrx_word' id='word_1_1063' title='bbox 1962 3501 2014 3525; x_wconf 88' lang='lat' dir='ltr'>AB.</span> 
     </span>
    </p>

    <p class='ocr_par' dir='ltr' id='par_1_47' title="bbox 1367 3534 2431 3603">
     <span class='ocr_line' id='line_1_146' title="bbox 1421 3534 2431 3568; baseline 0.003 -9"><span class='ocrx_word' id='word_1_1064' title='bbox 1421 3534 1446 3568; x_wconf 85' lang='grc' dir='ltr'>ζ)</span> <span class='ocrx_word' id='word_1_1065' title='bbox 1466 3538 1529 3560; x_wconf 83' lang='lat' dir='ltr'>sunt</span> <span class='ocrx_word' id='word_1_1066' title='bbox 1551 3542 1668 3560; x_wconf 83' lang='lat' dir='ltr'>causa...</span> <span class='ocrx_word' id='word_1_1067' title='bbox 1684 3535 1710 3559; x_wconf 85' lang='lat' dir='ltr'>in</span> <span class='ocrx_word' id='word_1_1068' title='bbox 1730 3538 1840 3560; x_wconf 85' lang='lat' dir='ltr'>terram.</span> <span class='ocrx_word' id='word_1_1069' title='bbox 1858 3549 1877 3554; x_wconf 95' lang='lat'>—</span> <span class='ocrx_word' id='word_1_1070' title='bbox 1896 3536 1952 3560; x_wconf 89' lang='lat' dir='ltr'>Hoc</span> <span class='ocrx_word' id='word_1_1071' title='bbox 1976 3535 2172 3561; x_wconf 88' lang='lat' dir='ltr'>homoteleuton</span> <span class='ocrx_word' id='word_1_1072' title='bbox 2196 3545 2249 3562; x_wconf 92' lang='lat' dir='ltr'>om.</span> <span class='ocrx_word' id='word_1_1073' title='bbox 2269 3537 2303 3566; x_wconf 75' lang='lat'>133</span> <span class='ocrx_word' id='word_1_1074' title='bbox 2328 3542 2386 3562; x_wconf 80' lang='lat' dir='ltr'>ante</span> <span class='ocrx_word' id='word_1_1075' title='bbox 2406 3538 2431 3562; x_wconf 87' lang='lat' dir='ltr'>in</span> 
     </span>
     <span class='ocr_line' id='line_1_147' title="bbox 1367 3570 2213 3603; baseline 0.002 -9"><span class='ocrx_word' id='word_1_1076' title='bbox 1367 3573 1469 3595; x_wconf 83' lang='lat' dir='ltr'>terram</span> <span class='ocrx_word' id='word_1_1077' title='bbox 1487 3571 1510 3594; x_wconf 89' lang='lat' dir='ltr'>A</span> <span class='ocrx_word' id='word_1_1078' title='bbox 1529 3570 1621 3603; x_wconf 85' lang='lat' dir='ltr'>repetit</span> <span class='ocrx_word' id='word_1_1079' title='bbox 1639 3578 1656 3595; x_wconf 85' lang='lat' dir='ltr'>a</span> <span class='ocrx_word' id='word_1_1080' title='bbox 1673 3571 1736 3595; x_wconf 86' lang='lat' dir='ltr'>sole.</span> <span class='ocrx_word' id='word_1_1081' title='bbox 1754 3584 1773 3589; x_wconf 96' lang='lat'><em>-</em></span> <span class='ocrx_word' id='word_1_1082' title='bbox 1791 3571 1842 3595; x_wconf 89' lang='lat' dir='ltr'>Pro</span> <span class='ocrx_word' id='word_1_1083' title='bbox 1861 3578 2004 3600; x_wconf 86' lang='lat' dir='ltr'>resursum,</span> <span class='ocrx_word' id='word_1_1084' title='bbox 2023 3571 2163 3596; x_wconf 81' lang='lat' dir='ltr'>desursum</span> <span class='ocrx_word' id='word_1_1085' title='bbox 2183 3573 2213 3597; x_wconf 82' lang='grc' dir='ltr'>Α.</span> 
     </span>
    </p>

    <p class='ocr_par' dir='ltr' id='par_1_48' title="bbox 1366 3605 2431 3666">
     <span class='ocr_line' id='line_1_148' title="bbox 1420 3605 2431 3641; baseline 0.003 -11"><span class='ocrx_word' id='word_1_1086' title='bbox 1420 3605 1448 3639; x_wconf 83' lang='grc' dir='ltr'>η)</span> <span class='ocrx_word' id='word_1_1087' title='bbox 1462 3609 1578 3637; x_wconf 86' lang='lat' dir='ltr'>propter</span> <span class='ocrx_word' id='word_1_1088' title='bbox 1596 3606 1798 3638; x_wconf 85' lang='lat' dir='ltr'>amplitudinem</span> <span class='ocrx_word' id='word_1_1089' title='bbox 1812 3606 1914 3639; x_wconf 77' lang='lat' dir='ltr'>anguli.</span> <span class='ocrx_word' id='word_1_1090' title='bbox 1928 3620 1947 3625; x_wconf 96' lang='lat'>-</span> <span class='ocrx_word' id='word_1_1091' title='bbox 1959 3607 2016 3631; x_wconf 88' lang='lat' dir='ltr'>Hoc</span> <span class='ocrx_word' id='word_1_1092' title='bbox 2030 3615 2083 3631; x_wconf 87' lang='lat' dir='ltr'>om.</span> <span class='ocrx_word' id='word_1_1093' title='bbox 2098 3607 2152 3636; x_wconf 84' lang='lat' dir='ltr'>Pa;</span> <span class='ocrx_word' id='word_1_1094' title='bbox 2170 3615 2217 3640; x_wconf 92' lang='lat' dir='ltr'>pro</span> <span class='ocrx_word' id='word_1_1095' title='bbox 2231 3608 2332 3641; x_wconf 85' lang='lat' dir='ltr'>anguli,</span> <span class='ocrx_word' id='word_1_1096' title='bbox 2347 3615 2431 3641; x_wconf 80' lang='lat' dir='ltr'>angu-</span> 
     </span>
     <span class='ocr_line' id='line_1_149' title="bbox 1366 3641 1500 3666; baseline 0 -1"><span class='ocrx_word' id='word_1_1097' title='bbox 1366 3641 1449 3666; x_wconf 91' lang='lat' dir='ltr'>losam</span> <span class='ocrx_word' id='word_1_1098' title='bbox 1469 3642 1500 3665; x_wconf 75' lang='lat' dir='ltr'>A.</span> 
     </span>
    </p>
   </div>
   <div class='ocr_carea' id='block_1_40' title="bbox 2469 2714 2678 2743">
    <p class='ocr_par' dir='ltr' id='par_1_49' title="bbox 2469 2714 2678 2743">
     <span class='ocr_line' id='line_1_150' title="bbox 2469 2714 2678 2743; baseline 0.01 -8"><span class='ocrx_word' id='word_1_1099' title='bbox 2469 2714 2560 2736; x_wconf 84' lang='lat' dir='ltr'>&#39;eadem</span> <span class='ocrx_word' id='word_1_1100' title='bbox 2562 2717 2635 2743; x_wconf 83' lang='lat' dir='ltr'>parte</span> <span class='ocrx_word' id='word_1_1101' title='bbox 2639 2721 2678 2737; x_wconf 73' lang='lat' dir='ltr'>ra.</span> 
     </span>
    </p>
   </div>
   <div class='ocr_carea' id='block_1_41' title="bbox 2463 3252 2649 3274">
    <p class='ocr_par' dir='ltr' id='par_1_50' title="bbox 2463 3252 2649 3274">
     <span class='ocr_line' id='line_1_151' title="bbox 2463 3252 2649 3274; baseline 0.005 -2"><span class='ocrx_word' id='word_1_1102' title='bbox 2463 3253 2472 3261; x_wconf 73' lang='lat'><em>⁶</em></span> <span class='ocrx_word' id='word_1_1103' title='bbox 2487 3252 2533 3274; x_wconf 83' lang='lat' dir='ltr'>duo</span> <span class='ocrx_word' id='word_1_1104' title='bbox 2547 3259 2596 3274; x_wconf 89' lang='lat' dir='ltr'>om.</span> <span class='ocrx_word' id='word_1_1105' title='bbox 2611 3259 2649 3273; x_wconf 72' lang='grc' dir='ltr'>να.</span> 
     </span>
    </p>
   </div>
  </div>
 </body>
</html>
