2690 4062
278 289 281 290 ν
311 271 419 296 CXLIV

1014 248 1605 291 METEOROLOGICORUM
1634 247 1730 284 LIB.
1762 246 1814 283 lV

931 539 1235 596 LECTIO
1273 536 1881 595 DECIMASEXTA

487 717 544 747 DE
569 713 839 746 CORPORIBUS
863 711 1186 743 HOMOEOMERIS
1210 710 1294 741 PER
1317 709 1702 741 COMPARATIONEM
1726 710 1787 741 AD
1811 710 2042 742 PASSIONES
2065 709 2338 742 PRAEDICTAS

303 864 400 896 Ἐπεὶ
421 858 458 894 δέ
484 864 557 906 περὶ
583 859 717 893 τούτων
742 855 934 904 διώρισται,
952 857 1027 890 καθ’
1050 858 1198 890 ἕκαστον
1215 857 1381 904 λέγωμεν,

377 910 410 940 τί
435 905 539 951 σάρξ,
567 904 587 939 ἦ
615 905 757 946 ὀστοῦν,
785 903 806 941 η
833 905 900 937 τῶν
928 903 1037 936 ἄλλων
1063 903 1131 936 τῶν
1158 902 1380 947 ὁμοιομερῶν·

377 952 496 997 ἔχομεν
515 951 578 997 γαρ
599 950 633 992 ἐξ
651 949 694 981 ὦν
712 950 733 986 ἧ
751 950 818 982 τῶν
838 949 1041 993 ὁμοιομερῶν
1059 946 1154 991 φύσις
1179 947 1380 988 συνέστηκε,

375 996 423 1029 τοὶ
446 995 526 1042 γένη
554 996 682 1035 αὐτῶν,
710 996 801 1032 τίνος
825 993 973 1026 ἕκαστον
998 991 1129 1039 γένους,
1156 991 1215 1024 διὰ
1239 993 1302 1029 τῆς
1327 1003 1382 1038 γε-

374 1039 510 1078 νέσεως·
539 1040 576 1072 ἔκ
600 1039 660 1084 μὲν
681 1040 745 1085 γάρ
764 1039 830 1072 τῶν
848 1039 1027 1095 στοιχείων
1054 1037 1103 1070 τοὶ
1128 1037 1325 1081 ὁμοιομερῆ,
1345 1036 1382 1068 ἑκ

326 1114 330 1120 ,
375 1084 508 1118 τούτων
533 1080 564 1116 δ’
585 1087 627 1122 ὠς
653 1083 732 1121 ὕλης
759 1084 808 1116 τοὶ
832 1082 897 1116 ὅλα
922 1094 1006 1129 εργα
1031 1082 1095 1120 τῆς
1120 1081 1261 1125 φύσεως.
1283 1082 1382 1114 Ἔστι

375 1125 403 1161 δ’
435 1129 577 1163 ἅπαντα
602 1131 644 1167 ὠς
675 1129 735 1173 μὲν
760 1127 796 1169 ἐξ
826 1127 926 1170 ὕλης,
953 1129 992 1160 ἐκ
1017 1127 1085 1160 τῶν
1111 1126 1312 1171 εἰρημένων,
1339 1127 1381 1164 ὥς

375 1170 413 1206 δὲ
437 1175 514 1207 κατ’
537 1174 669 1215 οὐσίαν,
691 1174 739 1216 τῷ
762 1172 864 1219 λόγῳ.
886 1174 957 1205 Ἀεὶ
982 1167 1020 1204 δὲ
1045 1172 1175 1216 μᾶλλον
1200 1167 1306 1209 δῆλον
1326 1171 1381 1204 ἔπὶ

376 1220 443 1251 τῶν
470 1218 619 1264 ὑστέρων
649 1221 707 1250 καὶ
734 1216 817 1256 ὁλως
845 1216 911 1250 ὅσα
937 1218 1005 1250 οἷον
1036 1218 1054 1249 ὁ
1075 1229 1166 1263 γανα
1198 1218 1259 1250 καὶ
1284 1215 1384 1249 ἕνεκά.

376 1265 458 1296 τοῦ·
485 1265 615 1309 μᾶλλον
640 1263 704 1310 γὰρ
730 1257 834 1299 δῆλον
857 1261 912 1296 ὅτι
931 1264 946 1295 ὁ
964 1274 1078 1306 νεκρος
1106 1261 1276 1307 ἄνθρωπος
1296 1262 1384 1306 ὁμω-

376 1307 497 1353 νύμως.
524 1307 623 1341 Οὕτω
649 1311 761 1341 τοίνυν
787 1309 846 1340 καὶ
869 1309 941 1353 χεὶρ
961 1306 1237 1345 τελευτήσαντος
1257 1305 1383 1351 ὁμωνύ-

375 1366 456 1398 μως,
475 1352 630 1409 καθάπερ
650 1355 709 1384 καὶ
731 1350 830 1384 αὐλοὶ
845 1353 965 1385 λίθινοι
981 1354 1018 1385 λε
1047 1351 1201 1390 θεῑησαν·
1229 1351 1299 1383 οἷον
1317 1351 1381 1398 γοὶρ

375 1400 434 1430 καὶ
461 1400 580 1431 ταῦτα,
605 1409 735 1444 οργανα
754 1397 851 1430 ἄττα
869 1398 976 1430 ἔοικεν
997 1409 1095 1430 ειναι.
1118 1397 1249 1430 Ἠττον
1274 1391 1305 1428 δ’
1325 1397 1383 1429 ἐπὶ

375 1454 420 1474 σα
440 1444 498 1481 κὸς
517 1445 576 1475 καὶ
595 1441 699 1475 ὀστοῦ
718 1443 767 1475 τοὶ
782 1444 938 1475 τοιαῦτα
955 1437 1063 1480 δῆλα·
1089 1442 1140 1475 ἔτι
1157 1440 1185 1473 δ’
1207 1441 1263 1474 ἐπὶ
1281 1443 1382 1486 πυρὸς

374 1454 436 1519 καις
452 1487 580 1526 ὕδατος
598 1487 725 1525 ἦττον·
754 1486 795 1520 τὸ
815 1487 881 1534 γάρ
899 1487 938 1521 οὗ
957 1487 1057 1521 ἔνεκα
1082 1486 1210 1523 ἥκιστα
1228 1485 1382 1520 ἐνταῦθα

374 1527 480 1568 δῆλον
509 1532 596 1565 ὅπου
631 1533 793 1565 πλεῖστον
827 1534 890 1571 τῆς
921 1531 1018 1572 ὕλης·
1045 1531 1155 1576 ὥσπερ
1186 1531 1251 1578 γοίρ
1282 1531 1311 1563 εἱ
1336 1531 1384 1564 τοὶ

373 1575 411 1608 ἔσ
439 1589 512 1610 ατα
535 1576 689 1622 ληφθείη,
709 1577 730 1615 ἠ
751 1577 812 1620 μὲν
838 1576 900 1615 ὕλη
927 1577 1023 1610 οὐθέν
1047 1578 1130 1611 ἄλλο
1153 1575 1231 1620 παρ’
1254 1576 1380 1618 αὐτήν,

373 1621 394 1657 ’ἦ
412 1588 459 1655 κδ’
489 1621 589 1654 οὐσία
621 1620 718 1654 οὐθὲν
751 1621 836 1654 ἄλλο
863 1621 884 1659 ἦ
911 1623 928 1654 ὁ
950 1622 1073 1669 λόγος,
1100 1621 1149 1655 τοὶ
1179 1615 1216 1653 δέ
1248 1621 1383 1665 μεταξύ

375 1665 545 1712 ἀνάλογον
572 1666 619 1707 τῷ
646 1665 747 1712 ἐγγύς
772 1662 859 1698 εἶναι
885 1665 1046 1708 ἕκαστον,
1068 1667 1142 1699 ἐπεὶ
1167 1667 1226 1698 καὶ
1244 1665 1381 1699 τούτων

372 1710 488 1745 ὁτιοῦν
514 1708 606 1743 ἐστιν
632 1709 735 1742 ἕνεκα
760 1721 835 1751 του,
859 1713 918 1743 καὶ
944 1710 983 1743 οὐ
1008 1710 1148 1748 πάντως
1174 1711 1253 1755 ἔχον
1280 1706 1380 1755 ὕδωρ,

373 1752 394 1791 ἦ
422 1757 501 1799 πῦρ,
527 1753 639 1798 ὥσπερ
666 1754 746 1787 οὐδὲ
771 1754 868 1799 σάρξ,
897 1751 975 1787 οὐδὲ
1000 1754 1220 1801 σπλάγχνον·
1246 1755 1381 1788 τούτων

371 1794 400 1830 δ’
422 1802 476 1833 ἔτι
501 1799 631 1843 μᾶλλον
651 1798 832 1843 πρόσωπον
857 1802 915 1832 καὶ
940 1802 1026 1844 χείρ.
1053 1798 1218 1832 ‘'A-:mvn
1237 1793 1267 1831 δ’
1288 1800 1380 1832 ἐστὶν

370 1844 537 1890 ὡρισμένα
563 1845 611 1886 τῷ
638 1844 740 1889 ἔργῳ·
767 1843 816 1876 τοὶ
839 1844 899 1888 μὲν
925 1845 990 1891 γοίρ
1015 1839 1190 1889 δυνάμενα
1213 1848 1320 1877 ποιεῖν
1340 1846 1382 1878 τό

370 1891 485 1923 αὐτῶν
503 1890 598 1935 ἔργον
615 1888 746 1926 ἀληθῶς
761 1888 855 1921 ἐστιν
872 1887 1023 1931 ἕκαστα,
1039 1889 1108 1922 οἷον
1127 1889 1143 1921 ὁ
1165 1888 1337 1934 ὀφθαλμὸς
1353 1890 1382 1922 εἱ

370 1933 445 1980 ὁρᾷ,
465 1935 508 1968 τὸ
524 1931 563 1967 δὲ
587 1933 635 1978 μή
660 1929 846 1978 δυνάμενον
873 1933 1070 1980 ὁμωνύμως,
1092 1934 1160 1966 οἷον
1187 1934 1203 1966 ὀ
1224 1933 1379 1976 τεθνεώς,

371 1979 392 2018 ἦ
419 1982 436 2013 ὁ
459 1979 600 2017 λίθινος·
628 1975 708 2012 οὐδὲ
732 1978 796 2025 γοίρ
833 1981 937 2021 πρίων
962 1981 978 2013 ὁ
1005 1978 1159 2021 ξύλινος,
1187 1978 1262 2012 ἀλλ’
1291 1979 1312 2017 ἦ
1338 1981 1380 2018 ὠς

370 2025 479 2059 εἰκών.
505 2023 604 2057 Οὕτω
629 2026 743 2057 τοίνυν
767 2024 827 2055 καὶ
852 2023 950 2068 σάρξ,
970 2023 1061 2057 ἀλλοὶ
1081 2023 1122 2057 τὸ
1146 2023 1242 2070 ἔργον
1269 2024 1381 2063 αὐτῆς

369 2070 480 2108 ἦττον
501 2065 606 2106 δῆλον
626 2069 646 2106 ἦ
665 2069 707 2103 τὸ
731 2069 796 2107 τῆς
820 2068 998 2114 γλώττης·
1026 2069 1148 2114 ὁμοίως
1165 2065 1278 2102 δὲκαὶ
1295 2071 1379 2115 πῦρ·

370 2115 443 2148 ἀλλ’
465 2114 518 2148 ἔτι
543 2113 654 2151 ἧττον
678 2116 757 2152 ἴσως
782 2111 887 2150 δῆλον
912 2114 1054 2159 φυσικῶς
1072 2113 1094 2151 ἦ
1112 2114 1154 2147 τό
1172 2115 1235 2153 τῆς
1256 2115 1380 2159 σαρκὸς

369 2160 478 2207 ἔργον.
516 2160 657 2203 Ὁμοίως
691 2154 729 2191 δὲ
760 2162 818 2192 καὶ
849 2158 898 2192 τοὶ
929 2159 963 2192 ἐν
995 2163 1067 2197 τοῖς
1099 2163 1216 2203 φυτοῖς
1247 2162 1307 2193 καὶ
1333 2160 1381 2193 τα

371 2205 500 2251 ἄψυχα,
526 2204 594 2237 οἷον
619 2204 749 2249 χαλκός
773 2204 832 2236 καὶ
859 2203 1018 2250 ἄργυρος·
1045 2203 1166 2238 πάντα
1190 2204 1256 2252 γοίρ
1279 2200 1383 2238 δυναί-

369 2262 423 2295 μει
448 2251 514 2283 τινί
539 2249 646 2290 ἔστιν,
666 2247 688 2286 ἦ
709 2248 772 2282 τοῦ
798 2252 920 2290 ποιεῖν,
946 2247 968 2286 ἦ
994 2249 1057 2282 τοῦ
1082 2248 1245 2295 πάσχειν,
1267 2248 1380 2295 ὥσπερ

369 2298 427 2328 καὶ
452 2293 537 2349 σὰρξ
560 2295 620 2326 καὶ
645 2294 773 2339 νεῦρον,
794 2293 866 2326 ἀλλ’
890 2295 919 2326 οἱ
935 2292 1034 2340 λόγοι
1060 2293 1176 2328 αὐτῶν
1203 2294 1262 2327 οὐκ
1289 2295 1380 2340 ἀκρι-

371 2341 455 2381 βεῖς·
489 2338 579 2371 ὥστε
614 2338 687 2370 πόθ’
718 2338 807 2383 ῦπαρ
838 2350 866 2369 ει
895 2340 955 2370 καὶ
988 2337 1063 2372 πόθ’
1099 2338 1157 2381 οὓ,
1191 2338 1230 2372 οὗ
1261 2334 1378 2385 ῥᾴδιον

369 2381 502 2426 διιδεῖν,
530 2382 571 2416 ὀὲν
595 2383 643 2428 μή
668 2379 798 2429 σφόδρα
823 2382 981 2424 εξίτηλον
1008 2382 1029 2427 ᾖ
1054 2385 1113 2416 καὶ
1139 2384 1187 2418 τοὶ
1206 2383 1379 2430 σχήματα

369 2429 470 2474 μόνον
489 2430 510 2472 ᾓ
525 2428 648 2470 λοιποὶ,
667 2429 723 2461 012
739 2430 798 2461 καὶ
817 2427 865 2462 τοὶ
889 2429 956 2461 τῶν
975 2428 1239 2473 παλαιουμένων
1257 2440 1313 2462 νεκ
1335 2431 1379 2462 ὧν

369 2474 518 2519 σώματα
544 2472 702 2518 ἐξαίφνης
720 2473 828 2518 τέφρα
848 2475 984 2520 γίνεται
1002 2472 1036 2507 ἐν
1054 2477 1131 2512 ταῖς
1149 2473 1285 2512 θήκαις.
1341 2476 1377 2507 αὶ

366 2521 494 2565 καρποὶ
510 2517 614 2563 μόνον
639 2520 687 2560 τῷ
713 2518 886 2564 σχήματι,
914 2518 980 2555 τήν
1005 2514 1036 2550 δ’
1058 2517 1212 2556 αἴσθησιν
1238 2519 1278 2552 οὗ
1303 2521 1378 2573 φαί-

367 2575 488 2598 νονται
513 2563 766 2607 παλαιούμενοι
790 2558 936 2607 σφόδρα,
960 2565 1020 2596 καὶ
1045 2562 1094 2596 voi
1118 2564 1155 2596 ὲκ
1178 2564 1243 2597 τοῦ
1267 2565 1378 2610 γαλα-

366 2621 447 2646 κτος
481 2605 695 2654 πηγνύμενα.
731 2607 786 2640 Τα
809 2607 868 2651 μὲν
902 2605 960 2640 οὖν
993 2607 1148 2641 τοιαῦτα
1182 2606 1284 2652 μόρια
1308 2607 1378 2652 θερ-

367 2653 498 2698 μότητι
530 2653 591 2684 καὶ
620 2651 661 2696 ψυ
689 2651 812 2697 ρὸτητι
843 2653 901 2684 καὶ
933 2656 1011 2691 ταῖς
1043 2651 1178 2685 τούτων
1206 2650 1377 2688 κινήσεσιν

367 2693 550 2744 ἐνδέχεται
578 2698 671 2743 γίνεσ
697 2708 751 2738 αι,
784 2695 986 2743 πηγνύμενα
1019 2697 1069 2738 τῷ
1100 2695 1207 2741 θερμῷ
1238 2699 1297 2729 καὶ
1330 2698 1377 2739 τῷ

367 2742 499 2788 ψυχρῷ·-
524 2741 614 2787 λέγω
639 2737 669 2774 δ’
692 2740 756 2774 ὅσα
783 2741 981 2785 ὁμοιομερῇ,
1002 2741 1070 2774 οἷον
1093 2741 1218 2786 σοίρκα,
1237 2741 1376 2783 ὀστοῦν,

367 2790 502 2833 τρίχας,
520 2789 636 2831 νεῦρα,
661 2789 720 2819 καὶ
741 2785 808 2819 ὅσα
829 2786 999 2819 τοιαῦτα·
1026 2785 1148 2819 πάντα
1172 2787 1236 2832 γαρ
1263 2783 1378 2831 διαφέ-

387 2844 415 2865 ει
433 2837 511 2871 ταῖς
536 2831 700 2878 πρότερον
725 2830 916 2877 εἰρημέναις
933 2825 1123 2876 διαφοραῖς,
1143 2832 1256 2874 τείσει,
1274 2830 1376 2874 ἕλξει,

366 2845 525 2921 Sponden,
552 2875 782 2921 σκληρότητι,
809 2875 1034 2920 μαλακότητι
1066 2878 1124 2909 καὶ
1156 2881 1228 2915 τοῖς
1262 2876 1378 2915 ἄλλοις

369 2927 441 2960 τοῖς
460 2921 649 2959 τοιούτοις·
677 2922 798 2955 ταῦτα
816 2917 844 2954 δ’
866 2920 932 2954 ὑπὸ
949 2918 1076 2966 ψυχροῦ
1101 2923 1159 2953 καὶ
1176 2920 1297 2966 θερμοῦ
1317 2923 1376 2953 καὶ

367 2968 436 2999 τῶν
457 2966 621 3004 κινήσεων
662 2968 774 2999 ίνεται
798 2965 1027 3012 μιγνυμένων·
1056 2966 1104 2998 τοὶ
1127 2961 1156 2998 δ’
1178 2967 1215 2999 ἐκ
1241 2965 1376 2998 τούτων

366 3013 570 3045 συνεστῶτα
603 2978 784 3053 οὐῐενὶμῖν
819 3007 927 3052 δόξειε
954 3011 1001 3043 τοὶ
1031 3007 1280 3056 ἀνομοιομερῆ,
1307 3011 1375 3043 οἷον

365 3057 514 3101 κεφαλή,
533 3054 554 3093 ἦ
576 3057 661 3102 χεὶρ,
682 3054 703 3092 ἦ
722 3055 820 3097 πούς,
849 3055 922 3092 ἀλλ’
944 3053 1056 3100 ὥσπερ
1080 3058 1138 3088 καὶ
1164 3056 1227 3089 τοῦ
1244 3055 1374 3100 μαλκὸν

366 3101 427 3144 μὲν
453 3100 474 3138 ἥ
503 3101 643 3148 ἄργυρον
670 3098 829 3148 γενέσθαι
855 3101 954 3133 αἰτία
979 3098 1194 3146 ψυχρότητος
1221 3102 1280 3133 καὶ
1306 3100 1375 3157 θερ-

365 3145 520 3190 μότητος
544 3147 685 3187 κίνησις,
706 3146 768 3177 τοῦ
793 3140 833 3177 δέ
858 3147 980 3190 πρίονα
999 3143 1020 3181 ἢ
1038 3144 1161 3190 φιοίλην
1180 3144 1200 3183 ἦ
1225 3146 1373 3186 κιβωτον

367 3190 502 3232 οὐκέτι,
531 3189 609 3223 ἀλλ’
639 3188 793 3223 ἐνταῦθα
818 3190 877 3233 μὲν
903 3188 1027 3234 τέχνη,
1055 3189 1125 3222 ἐκεῖ
1147 3187 1184 3223 δὲ
1210 3190 1325 3236 φύσις,
1352 3190 1374 3228 ἢ

367 3236 452 3273 ἄλλη
479 3247 531 3274 τις
557 3235 669 3268 αἰτία.
700 3233 798 3267 Ἐπεὶ.
818 3233 874 3267 οὖν
890 3234 1012 3280 ἔχομεν
1039 3237 1129 3273 τίνος
1153 3235 1270 3282 γένους
1297 3234 1374 3268 ἕκα-

364 3292 446 3313 στον
461 3281 528 3312 τῶν
548 3280 767 3324 ὁμοιομερῶν,
781 3278 935 3316 ληπτέον
952 3276 1028 3311 καθ’
1047 3278 1194 3312 ἕκαστον
1212 3282 1246 3313 τί
1265 3280 1372 3322 ἐστιν,

365 3326 433 3357 οἷον
452 3327 486 3359 τί
505 3325 605 3368 αἱμα,
624 3323 646 3361 ἦ
664 3323 762 3368 σάρξ,
781 3323 803 3361 ἦ
825 3322 960 3368 σπέρμα
985 3325 1042 3355 καὶ
1065 3325 1132 3356 τῶν
1161 3325 1271 3357 ἄλλων
1296 3323 1374 3358 ἔκα-

365 3381 463 3402 στον·
492 3368 582 3403 οὕτω
607 3369 673 3416 γαρ
696 3371 792 3414 ἴσμεν
817 3367 965 3402 ἕκαστον
991 3364 1050 3400 διαὶ
1075 3371 1108 3401 τί
1132 3372 1190 3401 καὶ
1210 3372 1245 3402 τί
1263 3370 1370 3411 ἐστιν,

365 3412 423 3446 ἔοίν
445 3414 510 3451 τήν
529 3414 611 3451 ὅλην
637 3413 658 3451 ἦ
684 3413 745 3447 τὸν
769 3412 872 3460 λόγον
891 3414 1035 3458 ἔχωμεν,
1053 3413 1209 3456 μάλιστα
1233 3409 1263 3445 δ’
1286 3413 1371 3447 ὅταν

366 3458 484 3503 ἄμφω,
511 3459 575 3496 τῆς
606 3471 644 3492 τε
669 3457 832 3505 γενέσεως
862 3460 923 3490 καὶ
952 3457 1013 3502 φθο
1038 3459 1095 3500 ἃς,
1131 3461 1190 3491 καὶ
1223 3458 1323 3491 πόθεν
1349 3461 1370 3497 ἡ

366 3503 454 3548 ἀρχή
481 3504 543 3541 τῆς
567 3503 740 3542 κινήσεως.
769 3502 993 3541 Δηλωθέντων
1016 3469 1056 3536 §a
1081 3502 1229 3544 τούτων,
1251 3504 1371 3548 ὁμοίως

363 3548 412 3580 τοὶ
433 3547 479 3592 μή
500 3549 682 3592 ὁμοιομερῆ
704 3547 906 3592 θεωρητέον,
925 3550 983 3580 καὶ
1002 3548 1100 3588 τέλος
1117 3548 1164 3581 τοὶ
1182 3549 1218 3580 ἐκ
1236 3547 1370 3581 τούτων

363 3593 586 3634 συνεστῶτα,
623 3594 691 3625 οἷον
729 3592 925 3638 ἄνθρωπον,
953 3593 1056 3638 φυτὸν
1092 3595 1150 3625 καὶ
1183 3590 1298 3626 τᾶλλα
1324 3594 1371 3626 'roi

364 3648 530 3670 τοιαυτα.

1759 837 1776 854 ¹0

1437 859 1454 878 *
1478 859 1645 897 Quoniam
1678 866 1787 891 autem
1800 891 1803 893 ,
1817 860 1872 891 de
1890 860 1941 892 his
1975 861 2224 894 determinatum
2259 868 2308 894 est
2338 863 2519 896 secundum
2543 868 2555 879 ·
2568 867 2627 898 0⁸1²·
2641 873 2686 892 ¹¹¹·

1505 904 1778 946 unumquodque,
1794 905 1939 936 dicamus
1956 905 2035 946 quid
2058 916 2144 946 caro,
2160 914 2216 939 aut
2239 917 2288 947 ος,
2308 914 2365 940 aut
2379 903 2518 940 aliorum

1505 949 1826 981 homoeomerorum.
1851 950 2019 982 Habemus
2043 950 2130 982 enim
2152 962 2191 983 ex
2213 952 2332 993 quibus
2355 962 2440 994 quae
2461 952 2520 986 ho-

1505 1003 1770 1025 moeomerorum
1784 1001 1906 1034 ,natura
1922 994 2088 1027 constituit
2106 1005 2222 1043 genera
2243 996 2402 1038 ipsorum,
2425 997 2518 1030 cuius

1504 1038 1627 1079 generis
1643 1039 1915 1080 unumquodque,
1934 1049 1991 1080 per
2007 1040 2257 1080 generationem.
2282 1041 2330 1073 Ex
2353 1042 2518 1075 elementis

1504 1082 1638 1124 quidem
1657 1083 1745 1117 enim
1759 1084 2009 1123 homoeomera;
2033 1094 2071 1116 ex
2093 1085 2145 1120 his,
2165 1093 2292 1125 autem,
2315 1093 2352 1119 ut
2373 1087 2518 1128 materia,

1505 1128 1616 1158 omnia
1639 1138 1738 1169 opera
1761 1135 1902 1160 naturae.
1934 1129 2017 1161 Sunt
2039 1136 2150 1163 autem
2171 1130 2302 1170 omnia,
2325 1138 2365 1165 ut
2384 1131 2519 1174 quidem

1505 1183 1543 1203 ex
1566 1173 1708 1212 materia,
1725 1183 1763 1205 ex
1782 1173 1890 1212 dictis;
1914 1181 1951 1205 ut
1966 1181 2076 1206 autem
2091 1175 2279 1207 seeundum*
2294 1172 2518 1217 subeuntium,

1503 1217 1636 1248 ratione.
1661 1217 1794 1259 Semper
1816 1225 1926 1251 autem
1949 1219 2050 1259 magis
2069 1219 2178 1260 palam
2199 1227 2248 1252 est
2272 1220 2307 1252 in
2329 1220 2518 1262 posteriori-

1504 1263 1564 1293 bus
1578 1285 1587 1301 ,
1616 1269 1647 1293 et
1671 1262 1810 1294 totaliter
1839 1273 2065 1305 quaecumque
2095 1264 2184 1297 velut
2211 1275 2331 1305 organa
2360 1272 2392 1299 et
2418 1265 2519 1307 grifin

1504 1307 1611 1338 huius.
1644 1307 1746 1348 Magis
1777 1307 1865 1339 enim
1893 1308 2000 1349 palam
2030 1309 2120 1350 quod
2142 1308 2199 1351 qui
2222 1316 2374 1346 mortuus
2395 1309 2518 1354 homo,

1504 1352 1688 1393 aequivoce.
1714 1352 1765 1384 Sic
1780 1352 1877 1394 igitur
1892 1359 1923 1384 et
1937 1363 2053 1385 manus
2068 1354 2189 1387 mortui
2203 1354 2390 1396 aequivoce,
2403 1364 2518 1398 quem·

1505 1397 1684 1428 admodum
1707 1404 1739 1428 et
1761 1397 1788 1428 si
1811 1397 1934 1429 fistulae
1958 1398 2103 1439 lapideae
2125 1398 2288 1432 dicantur:
2318 1399 2412 1434 velut.
2427 1394 2519 1432 enim

1505 1448 1536 1473 et
1559 1441 1636 1473 haec
1660 1451 1780 1482 organa
1807 1443 1967 1484 quaedam
1994 1443 2143 1476 videntur
2165 1453 2244 1476 esse.
2275 1444 2385 1485 Μίμας
2406 1450 2521 1480 ntem

1505 1485 1538 1516 in
1553 1496 1646 1518 carne
1671 1493 1702 1517 et
1721 1497 1795 1518 ossa
1817 1487 1892 1518 talia
1914 1487 2083 1521 manifesta
2105 1495 2198 1527 sunt;
2221 1489 2328 1522 adhuc
2350 1495 2461 1530 eutem
2481 1489 2525 1521 in·

1505 1530 1578 1571 igne
1602 1538 1633 1563 et
1655 1541 1740 1572 aqua
1762 1532 1888 1563 minus:
1912 1533 2005 1573 quod
2028 1533 2115 1564 enim
2139 1533 2231 1566 cuius
2253 1533 2368 1575 gratie,v
2382 1533 2530 1571 minime

1505 1575 1557 1607 hic
1580 1576 1687 1616 palam
1718 1576 1775 1607 ubi
1798 1576 1977 1617 plurimum
2007 1577 2167 1610 materiae.
2199 1578 2290 1611 Sicut
2318 1578 2417 1616 enin-
2428 1584 2469 1613 ’et
2490 1576 2518 1611 ςί

1506 1628 1645 1652 extrema
1667 1621 1878 1662 accipiantur,
1902 1622 2033 1653 materia
2056 1622 2188 1664 quidem
2211 1623 2292 1655 nihil
2317 1622 2406 1656 aliud
2426 1632 2518 1666 pne-

1506 1672 1552 1696 ter
1581 1665 1703 1706 ipsam,
1732 1665 1909 1697 substantia
1939 1673 2048 1698 autem
2077 1667 2159 1699 nihil
2181 1667 2270 1699 aliud
2293 1667 2517 1710 quartatio,

1505 1709 1694 1741 intermedia
1717 1707 1826 1741 autem
1849 1710 2145 1751 proportionaliter,
2173 1722 2213 1744 eo
2236 1713 2328 1754 quod
2351 1721 2454 1755 prope
2477 1712 2520 1746 sit

1506 1755 1784 1797 unumquodque:
1815 1754 1974 1797 quoniam
2003 1762 2035 1787 et
2057 1756 2177 1788 horum
2207 1757 2440 1801 quodcunque,
2470 1764 2519 1790 eet

1504 1799 1604 1841 gratia
1620 1799 1734 1839 huius,
1758 1806 1790 1831 et
1810 1810 1877 1831 non
1902 1799 2054 1832 omnibus
2077 1801 2186 1833 modis
2208 1801 2328 1834 haben·
2349 1810 2437 1844 aqum
2461 1809 2519 1834 aut

1504 1844 1598 1885 ignis,
1614 1844 1696 1876 sicut
1712 1854 1818 1886 neque
1836 1854 1923 1884 caro,
1942 1855 2048 1886 neque
2063 1845 2198 1885 viscera3
2220 1846 2271 1878 his
2287 1853 2395 1881 autem
2408 1846 2518 1879 adhuc

1503 1889 1606 1930 magis
1628 1889 1724 1921 facies
1747 1896 1778 1921 et
1801 1899 1927 1921 manus.
1961 1889 2081 1922 Omnia
2111 1897 2221 1923 autem
2250 1888 2420 1928 telmisu-u
2441 1898 2519 1934 sung

1504 1944 1612 1975 opere.
1631 1935 1723 1973 Quae
1738 1934 1872 1976 quidem
1886 1934 1973 1966 enim
1990 1942 2128 1976 possunt
2142 1935 2244 1968 facere
2260 1936 2517 1979 ipeorunopus,

1451 1976 1454 1980 ’
1503 1989 1576 2010 vere
1600 1986 1675 2011 sunt
1698 1979 1974 2021 unumquodque;
1999 1986 2078 2021 puta
2101 1980 2216 2012 oculus
2238 1980 2266 2012 si
2287 1981 2385 2019 videt.
2399 1991 2402 1995 ’
2416 1981 2518 2020 Quod

1504 2031 1613 2056 autem
1623 2034 1689 2055 non
1703 2031 1819 2066 potest,
1830 2024 2020 2066 aequivoce;
2037 2031 2116 2066 puta
2125 2032 2274 2058 mortuus
2286 2032 2343 2059 aut
2352 2025 2516 2078 lapideus:

1504 2079 1609 2110 neque
1626 2069 1712 2100 enim
1729 2079 1812 2100 serra
1833 2074 1917 2110 quae
1939 2069 2045 2110 lignea
2065 2069 2126 2101 nisi
2151 2077 2188 2102 ut
2210 2069 2329 2112 imago.
2352 2070 2518 2113 sicigitur

1503 2121 1535 2145 et
1558 2122 1650 2152 car03
1674 2114 1730 2145 sed
1745 2124 1831 2156 opus
1845 2113 1947 2155 ipsius
1971 2114 2079 2146 minus
2102 2115 2211 2156 pahm
2227 2124 2326 2158 quam
2340 2114 2435 2159 quod
2455 2115 2517 2148 lin-

1503 2169 1596 2199 guae.
1629 2158 1780 2190 Similiter
1803 2166 1911 2190 autem
1938 2158 2039 2200 ignis;
2072 2160 2129 2191 sed
2159 2160 2264 2198 adhuc
2294 2159 2379 2201 forto
2403 2160 2517 2199 minut

1503 2203 1711 2236 manifestum
1735 2203 1918 2236 naturaliter
1934 2214 2036 2245 quam
2050 2203 2152 2236 carnis
2176 2215 2272 2246 opus.
2296 2205 2448 2244 Similiter
2461 2215 2518 2238 ια·-

1503 2255 1569 2280 tem
1593 2256 1624 2280 et
1647 2259 1730 2291 quae
1753 2249 1786 2280 in
1810 2248 1938 2290 plantis,
1957 2256 1989 2281 et
2011 2249 2203 2289 inanimata,
2226 2250 2317 2283 velut
2337 2256 2446 2285 utet
2467 2258 2517 2283 er-

1502 2300 1646 2334 gentum.
1664 2293 1785 2325 Omnia
1800 2293 1886 2324 enim
1902 2293 2046 2335 potentia
2058 2295 2199 2336 quadam
2215 2302 2291 2326 sunt
2309 2301 2366 2327 aut
2381 2293 2517 2327 faciendi

1503 2346 1559 2370 aut
1582 2338 1742 2380 patiendi,
1766 2338 1849 2370 sicut
1871 2348 1945 2369 caro
1970 2346 2000 2370 et
2024 2347 2159 2378 nervus;
2189 2340 2244 2370 sed
2267 2339 2406 2373 redonen
2428 2339 2518 2382 ipto-

1503 2393 1575 2415 rum
1589 2394 1655 2415 non
1673 2390 1784 2415 certae.
1802 2383 1910 2422 Quare
1925 2384 2057 2425 quando
2073 2384 2224 2423 existunt,
2239 2391 2271 2416 et
2286 2384 2418 2427 quando
2435 2387 2515 2428 ηομ,

1502 2438 1570 2460 non
1594 2428 1687 2460 facile
1714 2428 1908 2470 perspicere,
1939 2428 2000 2460 nisi
2023 2428 2116 2460 valde
2138 2429 2343 2470 deperditum
2363 2426 2462 2472 Q
2484 2435 2517 2462 et

1501 2472 1622 2514 figurae
1636 2473 1723 2504 solae
1738 2473 1800 2505 sint
1815 2473 1970 2515 reliquae:
1985 2473 2074 2505 velut
2084 2473 2295 2516 antiquorum
2418 2478 2516 2513 §tum

1502 2528 1638 2559 corpora
1661 2517 1769 2549 subito
1792 2518 1871 2550 cinis
1890 2517 1973 2550 fiunt
1994 2518 2029 2550 in
2052 2518 2247 2560 sepulchris;
2271 2525 2304 2551 et
2466 2528 2516 2550 ιο-

1500 2562 1571 2593 lum
1594 2561 1718 2602 figura,
1749 2562 1928 2593 secundum
1951 2572 2082 2594 sensum
2109 2570 2219 2594 autem
2247 2572 2316 2594 non
2341 2561 2514 2603 videam,

1501 2606 1665 2637 inveterati
1688 2606 1798 2644 valde3
1828 2613 1860 2638 et
1883 2616 1920 2637 ex
1942 2606 2022 2638 lacte
2047 2607 2225 2648 coagulata.
2254 2607 2351 2640 Tales
2379 2607 2514 2650 quiid-m

1500 2650 1597 2691 igitur
1620 2658 1724 2691 partes
1747 2650 1904 2682 caliditate
1927 2658 1959 2682 et
1982 2651 2151 2692 frigiditate
2175 2658 2206 2684 et
2229 2652 2373 2684 motibu-
2398 2653 2440 2684 ιδ
2458 2652 2514 2686 ,hio

1501 2695 1656 2736 contingit
1672 2694 1750 2733 fieri,
1767 2696 1949 2736 coagulatus
1974 2696 2078 2728 calido
2101 2703 2133 2728 et
2156 2696 2282 2738 frigido.
2306 2697 2390 2729 Dico
2401 2704 2514 2730 autem

1500 2750 1726 2782 quaecumque
1748 2740 2002 2779 homoeomera,
2025 2741 2114 2773 velut
2136 2751 2288 2780 carnem,
2315 2751 2378 2781 ος,
2404 2741 2512 2783 pilon,

1500 2795 1614 2816 nervos
1627 2792 1658 2816 et
1674 2795 1899 2826 quaecumque
1917 2785 1999 2816 talia.
2021 2785 2141 2818 Omnia
2156 2785 2244 2818 enim
2260 2785 2512 2828 differuntprino

1499 2830 1590 2861 dictis
1615 2829 1797 2861 differentiis
1811 2853 1819 2868 ,
1843 2829 2010 2868 tensione,
2034 2830 2206 2869 tractione,
2231 2830 2511 2871 comminutione,

1499 2874 1631 2912 duritie,
1657 2874 1791 2906 mollitie
1816 2881 1847 2906 et
1869 2874 1939 2906 aliis
1963 2875 2090 2907 talibus.
2121 2876 2209 2907 Haec
2232 2882 2341 2907 autem
2362 2885 2384 2907 ι
2404 2874 2511 2914 calido

1499 2926 1530 2950 et
1554 2919 1668 2960 frigido
1685 2926 1716 2951 et
1731 2919 1874 2951 motibus
1897 2918 1979 2951 fiunt
2003 2919 2119 2952 mixtis.
2144 2919 2331 2952 Constituto
2347 2926 2512 2958 tutemet

1499 2963 1548 2994 his
1567 2974 1651 3005 quae
1669 2974 1922 2996 anomoeomera
1938 2964 2028 2996 nuno
2044 2965 2149 2996 adhuc
2172 2965 2286 3006 utique
2305 2964 2513 3005 videbuntur,

1498 3009 1586 3040 velut
1610 3016 1724 3050 caput,
1753 3016 1808 3040 aut
1832 3019 1966 3048 manus,
1991 3016 2047 3041 aut
2070 3017 2144 3051 pes:
2174 3010 2231 3042 sed
2254 3009 2336 3044 sicut
2358 3016 2390 3043 et
2413 3008 2513 3047 fiendi

1498 3064 1550 3084 aes
1574 3053 1707 3094 quidem
1735 3061 1791 3085 aut
1815 3061 1984 3095 argentum
2012 3064 2107 3086 causa
2131 3054 2272 3086 caliditas
2301 3060 2334 3086 et
2357 3053 2511 3096 frigidiu-

1499 3105 1529 3129 et
1552 3105 1680 3137 motus;
1709 3097 1803 3130 fiendi
1829 3106 1937 3131 autem
1961 3109 2097 3138 serram,
2120 3106 2177 3131 out
2199 3098 2359 3140 phialam,
2381 3106 2509 3139 eutr-nr,-

1498 3152 1568 3173 cam
1593 3153 1658 3174 non
1678 3143 1798 3182 adhuc;
1822 3144 1879 3175 sed
1894 3143 1946 3175 hic
1961 3143 2095 3185 quidem
2119 3154 2179 3183 ars,
2195 3143 2239 3175 ibi
2258 3150 2368 3175 autem
2382 3150 2508 3184 natum,

1497 3187 1546 3218 vel
1570 3187 1630 3218 alia
1654 3187 1761 3229 aliqua
1785 3198 1890 3220 causa.
1915 3188 1948 3219 Si
1971 3188 2068 3229 igitur
2090 3189 2247 3220 habemus
2270 3188 2362 3220 cuius
2383 3187 2508 3229 geneda

1497 3233 1757 3274 unumquodque
1784 3233 2110 3271 homoeomerorum,
2140 3233 2364 3274 accipiendum
2391 3241 2508 3269 κουα-

1497 3277 1575 3308 dum
1600 3278 1860 3319 unumquodque
1884 3277 1963 3319 quid
1984 3274 2051 3316 est,
2076 3285 2154 3319 puta
2177 3278 2257 3320 quid
2281 3277 2426 3318 sanguis,
2450 3280 2509 3312 aut

1497 3331 1581 3359 caro,
1606 3330 1660 3353 aut
1684 3332 1821 3363 sperma,
1841 3329 1872 3354 et
1890 3322 2028 3354 aliorum
2053 3323 2323 3364 unumquodque.
2348 3321 2400 3354 Sic
2418 3321 2507 3355 enim

1496 3366 1614 3397 scimus
1647 3367 1906 3408 unumquodque
1939 3374 2069 3408 propter
2092 3367 2193 3409 quid,
2223 3374 2254 3398 et
2277 3367 2357 3409 quid
2380 3373 2450 3406 est,
2476 3365 2506 3400 ni

1494 3411 1659 3442 materiam
1683 3418 1738 3442 aut
1762 3411 1919 3443 rationem
1944 3412 2110 3449 habemus,
2135 3412 2273 3443 maxime
2297 3419 2407 3443 autem
2429 3419 2507 3444 cmn

1495 3456 1603 3494 ambo,
1619 3455 1831 3496 generationis
1856 3463 1887 3488 et
1909 3456 2137 3497 corruptionis,
2153 3464 2185 3489 et
2201 3457 2286 3488 unde
2310 3454 2506 3497 principium

1493 3507 1612 3531 motus.
1638 3501 1846 3533 Manifestatis
1870 3508 1979 3532 autem
2002 3501 2069 3539 his,
2099 3501 2244 3532 similiter
2272 3501 2507 3532 homoeomem

1494 3544 1772 3582 considerandum,
1790 3553 1820 3577 et
1843 3545 1973 3577 tandem
1997 3556 2035 3577 ex
2058 3546 2106 3578 his
2131 3545 2314 3586 constituta,
2334 3545 2422 3577 velut
2444 3544 2506 3576 ho-

1493 3589 1625 3628 minem,
1650 3590 1794 3630 plantam
1817 3597 1848 3622 et
1871 3590 1932 3622 alia
1955 3590 2039 3622 talia.
