2782 4134
369 293 444 330 266
875 291 945 327 DE
975 288 1365 328 GENERATIONE
1396 289 1467 325 ET
1498 287 1883 324 CORRUPTIONE
1913 289 2007 325 LIB.
2039 290 2053 325 I

366 372 547 410 similium
574 371 760 421 partium:
792 378 828 407 et
850 371 925 407 hoc
948 370 1048 416 ideo,
1071 369 1158 418 quia
1186 369 1355 418 ponebat
1374 380 1433 404 res

366 425 449 463 fieri
467 438 537 474 per
556 424 888 472 congregationem
909 435 954 459 ex
975 422 1189 468 elementis,
1211 429 1247 458 et
1266 421 1353 458 ideo
1373 421 1435 457 illa

367 491 529 528 corpora
555 478 725 528 ponebat
746 478 943 522 elementa,
969 488 1068 524 quae
1090 481 1366 522 congregantur
1385 473 1434 510 ad

212 536 245 559 ⁷¹⁷¹
366 532 529 569 aliorum
550 530 868 580 compositionem
888 535 927 565 ”⁷¹.
952 528 1029 565 Sed
1043 530 1292 575 Anaxagoras
1315 539 1434 576 pone-

366 586 431 622 bat
458 598 502 622 os
531 592 568 621 et
595 596 750 621 carnem
784 590 820 619 et
847 581 981 619 similia
1012 593 1174 629 corpora
1203 593 1285 617 esse
1314 579 1434 628 magis

366 638 567 687 simplicia3
590 645 625 674 et
645 638 843 681 elementa,
865 635 1004 671 scilicet
1023 641 1175 681 terram,
1196 645 1350 682 aquam,
1372 645 1433 670 ae-

366 704 448 728 rem
478 699 513 728 et
541 691 689 739 ignem,
718 689 887 738 ponebat
915 700 997 724 esse
1028 687 1252 736 composita.
1283 687 1332 724 Et
1358 687 1434 723 hoc

365 745 466 792 ideo,
496 744 586 792 quia
613 744 781 792 ponebat
810 753 869 778 res
897 741 980 778 fieri
1008 753 1078 790 per
1096 740 1391 778 abstractionem
1412 753 1434 777 a

219 794 246 820 ⁰⁰
365 798 483 835 mixto
512 795 555 834 ⁰⁰:
576 797 691 843 unde,
713 807 802 832 cum
826 794 975 832 videret
994 794 1099 844 quod
1125 806 1170 831 ex
1199 806 1298 841 aere,
1320 806 1431 843 aqua,

417 955 460 989 ηη)
480 959 507 981 et
525 955 584 981 ideo
597 955 675 979 illa...
690 953 915 986 compositionem.
929 967 949 972 -
963 954 1013 978 Pro
1027 954 1154 986 ponebat,
1170 953 1274 979 dicebat
1286 954 1322 984 B;
1342 953 1378 978 Pb
1393 953 1430 978 le-

364 997 441 1025 gunt:
460 991 519 1016 ideo
539 991 590 1016 ista
608 991 736 1015 elementa
754 996 822 1022 quae
839 990 1078 1022 congregabantur
1093 990 1130 1014 ad
1143 989 1367 1022 compositionem,
1382 996 1429 1021 ap-

358 1027 479 1060 pellabat
496 1026 626 1058 simplicia
633 1034 642 1055 ‚·
655 1025 762 1050 eaedem
775 1024 839 1049 infra
854 1033 902 1057 pro
915 1028 942 1050 et
955 1026 1115 1050 elementa...
1130 1025 1284 1057 composita,
1300 1025 1429 1049 elementa

363 1069 425 1088 vero
444 1070 499 1088 esse
517 1061 672 1093 composita.
687 1061 798 1086 Occasio
812 1060 906 1085 harum
924 1061 1064 1086 lectionum
1079 1066 1119 1085 est
1132 1060 1241 1085 omissio
1260 1060 1429 1086 homoteleuti

358 1106 411 1130 per
428 1097 661 1131 congregationem
687 1103 724 1122 ex
748 1096 914 1122 elementis...
924 1097 1043 1128 ponebat
1067 1103 1110 1121 res
1128 1096 1192 1130 sieri
1217 1096 1242 1121 in
1260 1104 1291 1126 a,
1314 1103 1429 1129 quacum

362 1134 422 1159 facit
440 1134 469 1159 C.
488 1134 511 1158 Α
529 1141 576 1166 pro
594 1133 693 1158 scilicet
711 1135 827 1162 terram,
847 1134 950 1157 terram
967 1135 1067 1157 autem.

415 1166 453 1204 θθ)
466 1176 484 1194 a
499 1169 619 1194 mixto.·-
628 1175 645 1193 a
660 1167 775 1193 materia
789 1168 836 1193 Ca.
849 1181 868 1186 -
881 1167 931 1192 Pro
943 1171 1117 1201 generantur,
1127 1170 1291 1201 generentur
1304 1167 1372 1198 BCb,
1383 1174 1428 1201 ge-

1488 375 1586 404 terra
1616 373 1652 403 et
1680 366 1766 415 igne
1786 368 1917 405 omnia
1935 368 2007 405 alia
2032 380 2194 417 corpora
2212 375 2452 418 generantur,
2482 382 2562 407 cre-

1489 420 1582 457 didit
1610 421 1716 469 quod
1735 420 1773 458 in
1792 421 1996 470 praedictis
2020 429 2185 471 quatuor
2214 422 2439 470 corporibus
2463 431 2563 461 esset

1488 473 1656 510 maxima
1685 474 1928 521 commixtio,
1958 475 2009 512 ita
2041 475 2148 523 quod
2178 487 2222 512 ex
2245 475 2305 512 his
2333 475 2464 513 omnia
2488 476 2562 514 alia

1489 527 1632 564 extrahi
1651 535 1819 576 possent.
1841 529 1890 565 Et
1908 529 1983 565 hoc
2003 536 2059 566 est
2078 528 2183 578 quod
2204 528 2346 576 subdit,
2377 529 2483 578 quod
2507 529 2562 567 di-

1489 581 1599 617 cebat
1630 580 1700 617 ista
1727 588 1892 629 quatuor
1921 594 2083 631 corpora
2112 594 2194 619 esse
2216 583 2504 630 panspermiam
2531 589 2560 629 “,

1487 633 1584 671 idest
1611 634 1840 671 universalia
1868 635 2016 672 semina
2028 665 2046 684 ,.
2071 635 2248 672 omnium
2282 636 2444 672 aliorum
2479 648 2561 673 cor-

1487 699 1644 735 porum3
1675 688 1785 736 quasi
1811 689 2007 737 praedicta
2041 696 2205 738 quatuor
2238 701 2401 738 corpora
2436 697 2562 727 essent

1489 740 1697 778 commixta
1734 753 1780 778 ex
1817 742 2026 779 seminibus
2065 742 2242 780 omnium
2280 743 2445 779 aliorum
2479 754 2561 780 cor-

1488 806 1638 842 porum.

1489 956 1598 978 ner-etur
1610 953 1652 978 ed.
1666 961 1691 983 a,
1704 957 1902 986 generarentur
1916 953 1945 979 Ρ.
1959 967 1979 972 -
1992 955 2042 979 Pro
2054 958 2172 987 quatuor
2183 955 2340 988 corporibus
2353 958 2422 981 esset
2436 955 2560 981 maxima

1485 988 1652 1018 commixtio,
1666 989 1801 1014 elementis
1819 996 1865 1014 seu
1884 989 2040 1021 corporibus
2053 994 2121 1016 esset
2135 991 2258 1016 maxima
2273 991 2372 1017 mixtio
2385 991 2462 1017 Peab
2474 1005 2494 1010 —
2508 991 2560 1016 Pro

1484 1024 1602 1054 extrahi,
1622 1024 1729 1049 exstari
1748 1024 1795 1049 Ca.

1538 1059 1567 1094 ιι)
1583 1060 1793 1092 panspermiam.
1803 1074 1822 1080 —
1835 1061 2012 1093 pansperima
2024 1062 2056 1093 A,
2070 1068 2177 1093 sperma
2188 1061 2253 1096 (om.
2263 1061 2438 1097 universalia)
2449 1063 2478 1094 Β,
2488 1069 2560 1095 pau-

1483 1096 1600 1128 sperima
1606 1103 1658 1128 per
1668 1103 1722 1121 una
1732 1096 1772 1121 ed.
1782 1103 1807 1125 a,
1814 1100 2010 1129 panspermata
2019 1097 2064 1127 Ph,
2071 1098 2247 1130 pauspermia
2254 1098 2288 1129 C;
2296 1099 2455 1123 correximus
2465 1105 2561 1124 sccun-

1485 1131 1547 1156 dum
1561 1136 1666 1156 textum.
1678 1146 1698 1151 -
1711 1131 1763 1156 Pro
1777 1132 1895 1157 omnium
1909 1132 2024 1157 aliorum
2036 1139 2192 1165 corporum,
2207 1133 2323 1158 aliarum
2336 1133 2454 1158 omnium
2469 1140 2560 1158 rerum

1484 1167 1551 1197 edd.¹
1566 1167 1684 1192 omnium
1698 1167 1814 1193 aliorum
1828 1175 1919 1193 rerum
1932 1168 1967 1199 C;
1981 1175 2124 1200 corporum
2135 1176 2189 1194 om.
2198 1169 2231 1195 A.
2242 1182 2256 1188 -
2268 1169 2320 1194 Pro
2333 1169 2419 1201 quasi,
2429 1175 2499 1202 quae
2511 1169 2560 1194 (a.
2574 1168 2577 1170 '

2682 590 2699 606 ῐῑ
