2782 4134
385 264 460 301 380

1098 250 1686 292 METEOROLOGICORUM
1715 249 1810 285 LIB.
1843 249 1854 284 l

963 514 1265 572 LECTIO
1303 510 1994 567 DECIMASEPTIMA

895 670 952 700 DE
983 666 1240 699 DURATIONE
1271 665 1328 695 ET
1360 663 1768 695 TRANSMUTATIONE
1800 662 2058 694 FLUVIORUM

383 809 450 842 Οὐκ
477 807 528 838 ἀεὶ
552 800 581 836 δ’
612 806 639 835 οἱ
666 800 766 835 αὐτοὶ
791 799 894 834 τόποι
919 799 982 837 τῆς
1008 800 1070 845 γῆς
1098 798 1169 830 οὔτ’
1199 797 1448 852 ἔνυγροίᾶεὶσιν,

451 851 530 883 οὔτε
555 848 661 893 ξηροὶ,
689 845 780 879 ἀλλά
804 843 1063 889 μεταβάλλουσι
1086 842 1184 876 κατά
1207 855 1270 880 τας
1297 853 1365 875 των
1392 852 1451 873 πο-

450 894 568 939 ταμῶν
586 891 731 939 γενέσεις
755 892 813 921 καὶ
831 889 895 927 ταῖς
916 887 1128 932 ἀπολείψεις·
1154 883 1207 919 διὸ
1231 889 1290 918 καὶ
1312 886 1360 919 τοὶ
1377 886 1451 929 περὶ

450 940 514 976 τήν
533 938 668 981 ἤπειρον
695 933 908 979 μεταβάλλει
932 935 990 965 καὶ
1009 933 1073 970 τήν
1091 931 1288 972 θάλατταν,
1314 932 1373 963 καὶ
1391 930 1451 962 οὐκ

452 985 501 1016 ἀεὶ
527 982 575 1015 τοὶ
598 981 657 1025 μέν
682 980 741 1026 γῆ,
760 979 809 1011 ταὶ
823 973 861 1010 δὲ
886 977 1052 1011 θάλαττα
1077 973 1231 1009 διατελεῖ
1254 975 1373 1008 πάντα
1391 973 1451 1007 τὸν

449 1027 589 1073 χρόνον,
619 1024 710 1057 ἀλλά
740 1026 874 1068 γίνεται
907 1021 1073 1055 θάλαττα
1106 1021 1165 1064 μὲν
1202 1019 1286 1052 ὅπου
1317 1019 1448 1065 χέρσος,

451 1071 530 1105 ἔνθα
560 1066 597 1102 δέ
623 1070 678 1101 νῦν
711 1067 896 1109 θάλαττα,
932 1066 1035 1099 πάλιν
1070 1064 1221 1098 ἐνταῦθα
1251 1065 1308 1111 γῆ.
1349 1063 1453 1096 Κατοὶ

449 1115 567 1161 μέντοι
592 1114 671 1146 τινα
695 1113 794 1156 τάξιν
820 1112 965 1156 νομίζειν
991 1111 1057 1156 χρη
1076 1111 1195 1142 ταῦτα
1212 1107 1366 1155 γίνεσθαι
1390 1109 1448 1139 καὶ

450 1155 617 1204 περίοδον.

377 1205 482 1252 Ἀρχὴ
507 1201 546 1236 δέ
572 1201 705 1236 τούτων
730 1204 788 1234 καὶ
815 1203 927 1233 αἴτιον
955 1199 1011 1232 ὅτι
1035 1199 1175 1236 καὶτῆς
1193 1198 1256 1244 γῆς
1277 1197 1323 1231 τοὶ
1340 1196 1449 1238 ἐντός,

448 1249 560 1293 ὥσπερ
587 1247 635 1280 τοὶ
658 1245 808 1290 σώματα
834 1246 882 1278 τά
905 1245 973 1277 τῶν
998 1245 1108 1288 φυτῶν
1132 1244 1190 1274 καὶ
1212 1242 1319 1285 ζῴων,
1340 1240 1452 1285 ἀκμήν

448 1295 519 1339 ἔχει
542 1294 602 1325 καὶ
625 1292 755 1338 γῆρας,
784 1290 873 1326 πλήν
907 1287 1044 1326 ἐκείνοις
1074 1288 1134 1331 μὲν
1167 1287 1205 1319 οὗ
1233 1287 1330 1321 κατά
1353 1286 1450 1330 μέρος

448 1339 567 1372 ταῦτα
592 1335 768 1379 συμβαίνει
794 1334 960 1380 πάσχειν,
990 1331 1063 1366 ἀλλ’
1093 1332 1166 1375 ἅμα
1191 1332 1260 1363 πᾶν
1287 1331 1451 1375 ἀκμάζειν

447 1384 507 1415 καὶ
524 1381 645 1426 φθίνειν
666 1381 870 1426 ἀναγκαῖον·
892 1379 937 1421 τῇ
955 1374 992 1410 δὲ
1009 1377 1055 1423 γῇ
1075 1377 1182 1409 τοῦτο
1200 1377 1335 1422 γίνεται
1355 1376 1453 1407 κατά

478 1427 547 1470 έρος
573 1423 633 1458 διὰ.
655 1423 749 1469 ψύξιν
774 1425 832 1455 καὶ
857 1422 1068 1467 θερμότητα.
1097 1421 1220 1453 Ταῦτα
1238 1421 1298 1464 μέν
1317 1418 1374 1454 οὖν
1393 1420 1453 1452 αὔ-

450 1440 548 1513 ξεται
579 1471 638 1502 καὶ
663 1468 766 1514 φθίνει
791 1463 851 1500 διά
874 1468 934 1500 τόν
961 1467 1055 1504 ’ἥλιον
1080 1468 1138 1498 καὶ
1165 1464 1229 1501 τήν
1255 1464 1451 1512 περιφοράν,

450 1513 510 1549 διαὶ
532 1511 570 1547 δὲ
594 1515 713 1548 ταῦτα
744 1514 802 1545 καὶ
835 1511 899 1549 τήν
933 1507 1076 1555 δύναμιν
1110 1509 1157 1543 τοὶ
1187 1508 1269 1553 μέρη
1301 1513 1363 1550 τῆς
1414 1511 1451 1548 ἧς

448 1560 621 1604 λαμβάνει
645 1554 884 1603 διαφέρουσαν,
903 1555 992 1589 ὥστε
1018 1555 1115 1601 μέχρι
1140 1552 1232 1591 τινός
1260 1521 1455 1602 ἔνυδραξύ-

449 1616 556 1638 ναται
581 1599 765 1648 διαμένειν,
793 1599 871 1634 εἶτα
897 1599 1095 1645 ξηραίνεται
1119 1600 1178 1632 καὶ
1226 1601 1367 1643 ηράσκει
1388 1600 1456 1635 πά-

449 1652 518 1681 λιν·
547 1648 657 1703 ἕτεροι
673 1643 711 1679 δέ
729 1646 831 1679 τόποι
848 1645 1056 1687 βιώσκονται
1075 1646 1134 1676 καὶ
1153 1644 1206 1676 ἐ’νυ
1231 1657 1281 1690 pov.
1298 1649 1454 1693 γίνονται

449 1693 547 1726 κατα
566 1704 680 1746 μέρος.
712 1690 864 1737 Ἀνάγκη
890 1685 928 1722 δὲ
954 1691 1020 1723 τῶν
1046 1690 1105 1734 μέν
1131 1688 1248 1723 τόπων
1268 1690 1453 1737 γινομένων

451 1740 652 1783 ξηροτερων,
675 1736 738 1773 τοὶς
764 1735 876 1782 πηγάς
905 1733 1138 1789 ἀφανίζεσθαι,
1158 1736 1294 1769 τούτων
1319 1730 1357 1768 δέ
1374 1748 1455 1779 συμ-

451 1782 654 1824 βαινόντων,
677 1780 757 1818 τούς
784 1790 962 1824 ποταμους
988 1780 1122 1824 πρῶτον
1148 1779 1207 1823 μὲν
1233 1781 1269 1813 ἑκ
1295 1779 1453 1826 μεγάλων

451 1826 599 1873 μικρούς,
626 1823 704 1858 εἶτα
730 1824 827 1862 τέλος
851 1823 1004 1870 γίνεσθαι
1029 1822 1162 1868 ξηρούς,
1189 1826 1256 1858 τῶν
1281 1820 1321 1857 δέ
1338 1837 1454 1858 ,ποτα-

451 1873 519 1918 μῶν
545 1869 799 1914 μεθισταμένων
830 1870 890 1900 καὶ
915 1867 1006 1900 ἔνθεν
1031 1868 1091 1910 μὲν
1119 1867 1392 1914 ἀφανιζομένων,
1419 1870 1453 1902 ἐν

454 1917 567 1954 ἄλλοις
592 1911 621 1947 δ’
646 1914 815 1960 ἀνάλογον
840 1912 1036 1959 γινομένων,
1054 1913 1287 1956 μεταβάλλειν
1309 1914 1374 1951 τήν
1395 1912 1454 1947 θοί-

450 1963 606 1994 λατταν·
634 1959 718 1991 ὅπου
744 1958 803 2003 μὲν
827 1957 892 2004 γοὶρ
922 1956 1131 2001 ἑξωθουμένη
1158 1959 1224 1991 ύπό
1250 1960 1317 1992 τῶν
1343 1971 1456 1992 ποτα-

453 2007 520 2050 μῶν
546 2003 748 2046 ὲπλεόναζεν
783 2000 935 2035 ἀπιοῦσα
968 2001 1070 2046 ξηράν
1102 2007 1208 2035 ποιεῖν
1243 2004 1451 2049 ἀναγκαῖον,

455 2050 538 2083 ὅπου
563 2045 601 2081 δὲ
625 2052 697 2086 τοῖς
721 2046 864 2092 ῥεύμασι
890 2046 1109 2083 πληθύνουσα
1132 2047 1327 2093 ἐξηραίνετο
1353 2060 1453 2093 προσ-

452 2093 620 2141 χουαένη,
647 2092 750 2125 πάλιν
777 2090 927 2123 ἐνταῦθα
950 2090 1136 2135 λιμνάζειν.

380 2139 489 2173 Ἀλλά
511 2124 571 2172 3202
596 2138 637 2170 τό
661 2135 813 2183 γίνεσθαι
836 2137 951 2168 πᾶσαν
970 2135 1035 2172 τὴν
1053 2135 1194 2179 φυσικήν
1213 2136 1277 2173 τήν
1296 2136 1371 2180 περὶ
1387 2136 1453 2182 γῆν

451 2183 580 2231 γένεσιν
614 2183 649 2214 ἐκ
681 2181 908 2227 προσαγωγῆς
940 2182 999 2212 καὶ
1030 2180 1063 2212 ἑν
1095 2179 1226 2226 χρόνοις
1255 2179 1455 2225 παμμήκεσι

452 2230 533 2273 πρὸς
552 2227 616 2264 τήν
637 2224 807 2270 ἡμετέραν
831 2224 934 2267 ζωήν,
951 2223 1113 2256 λανθάνει
1139 2225 1257 2258 ταῦτα
1277 2224 1454 2271 γινόμενα,

451 2275 510 2305 καὶ
535 2272 697 2317 πρότερον
721 2269 804 2302 ὅλων
823 2270 889 2302 τῶν
908 2267 1008 2301 ἐθνῶν
1031 2269 1199 2301 ἀπώλειαι
1215 2271 1372 2316 γίνονται
1395 2271 1455 2302 καὶ

452 2317 572 2361 φθοραὶ
597 2318 671 2361 πρὶν
697 2313 968 2359 μνημονευθῆναι
1000 2313 1065 2350 τήν
1098 2313 1231 2347 τούτων
1256 2313 1456 2359 μεταβολὴν

453 2362 488 2403 ἐξ
515 2362 618 2407 ἀρχῆς
644 2360 688 2397 εἰς
715 2358 824 2396 τέλος.
853 2358 1024 2405 Μέγισται
1042 2359 1100 2401 μὲν
1123 2357 1180 2390 οὗν
1205 2357 1324 2404 φθοραὶ
1348 2361 1458 2405 γίνον-

453 2418 514 2440 ται
537 2408 595 2438 καὶ
621 2403 790 2450 τάχισται
816 2403 848 2435 ἑν
869 2407 940 2441 τοῖς
959 2402 1135 2446 πολέμοις,
1156 2403 1258 2436 ἄλλαι
1278 2398 1316 2436 δὲ
1333 2403 1455 2443 νόσοις,

455 2454 490 2483 αἰ
515 2449 546 2483 δ’
568 2448 734 2494 ἀφορίαις,
759 2449 818 2479 καὶ
847 2447 995 2485 ταύταις
1022 2450 1057 2479 αἱ
1082 2447 1141 2492 μέν
1167 2447 1329 2494 μεγάλαι,
1358 2450 1393 2480 αἱ
1419 2443 1457 2480 δέ

452 2495 550 2528 κατοὶ
583 2493 718 2539 μικρὸν,
753 2491 842 2525 ὥστε
877 2491 1083 2525 λανθάνουσι
1117 2493 1182 2524 τῶν
1218 2505 1256 2538 γε
1288 2492 1456 2525 τοιούτων

456 2539 555 2572 ἐθνῶν
580 2540 638 2571 καὶ
665 2540 699 2570 αἱ
725 2536 1022 2580 μεταναστάσεις,
1048 2531 1108 2568 διαὶ
1133 2537 1174 2569 τὸ
1200 2536 1280 2574 τούς
1305 2537 1364 2581 μὲν
1389 2538 1459 2568 λεί-

455 2596 528 2617 πειν
555 2583 618 2621 τοίς
643 2581 776 2637 χώρας,
803 2581 882 2618 τούς
912 2576 940 2612 δ’
972 2580 1151 2624 ὑπομένειν
1183 2579 1281 2626 μέχρι
1315 2580 1456 2622 τούτου,

455 2628 496 2674 μέ
524 2639 616 2673 ριπερ
644 2629 682 2659 ἀν
708 2624 831 2670 μηκέτι
855 2620 1002 2663 δύνηται
1028 2625 1158 2669 τρέφειν
1177 2625 1198 2661 ἡ
1219 2625 1314 2670 χώρα
1331 2625 1460 2664 πλῆθος

456 2641 572 2717 μηθέν.
607 2670 695 2703 Ἀπὸ
725 2670 787 2707 τῆς
820 2668 954 2712 πρώτης
989 2667 1045 2702 οὖν
1080 2670 1286 2713 ἀπολείψεως
1316 2670 1360 2708 εἰς
1394 2669 1458 2706 τήν

457 2716 609 2762 ἐσχάτην
641 2714 728 2752 εἰκὸς
752 2712 905 2760 γίνεσθαι
930 2713 1068 2759 χρόνους
1093 2714 1263 2758 μακρούς,
1285 2713 1374 2747 ὥστε
1399 2726 1462 2758 μη-

456 2761 538 2794 θένα
562 2758 799 2805 μνημονεύειν,
828 2758 918 2791 ἀλλοί
942 2757 1138 2802 σωζομένων
1164 2758 1216 2792 ἐ’τι
1241 2759 1308 2791 τῶν
1334 2760 1459 2803 ύπομε-

456 2808 582 2839 νόντων
609 2801 830 2839 ἐπιλελῆσθαι
855 2798 915 2835 διά
938 2802 1059 2848 χρόνου
1086 2802 1227 2841 πλῆθος.
1259 2803 1324 2835 Τὸν
1350 2803 1458 2836 αὐτόν

456 2846 494 2883 δὲ
520 2849 647 2895 τρόπον
672 2847 738 2893 χρῆ
759 2847 904 2890 νομίζειν
928 2849 987 2880 καὶ
1013 2848 1093 2885 τούς
1116 2847 1360 2892 κατοικισμοιὶς
1379 2850 1462 2880 λαν-

457 2894 582 2936 θάνειν,
602 2893 688 2926 πότε
714 2892 848 2935 πρῶτον
874 2891 1033 2938 ἐγένοντο
1060 2896 1130 2930 τοῖς
1157 2891 1280 2924 ἔθνεσιν
1300 2892 1458 2931 ἑκάστοις

456 2941 502 2978 εἰς
527 2939 575 2973 τά
599 2936 870 2982 μεταβάλλοντα
893 2939 952 2969 καὶ
1002 2936 1140 2981 ινόμενα
1164 2937 1250 2982 ξηροὶ
1270 2934 1305 2977 ἐξ
1327 2932 1459 2969 ἑλωδῶν

455 2986 513 3017 καὶ
530 2978 688 3026 ἑνόδρωνῖ·
715 2982 774 3014 καὶ
791 2980 856 3025 γάρ
875 2948 1027 3015 ἐνταῦθα
1046 2981 1142 3015 κατα
1157 2981 1272 3025 μικρὸν
1291 2982 1324 3013 ἐν
1344 2983 1459 3024 πολλῷ

456 3032 590 3076 γίνεται
614 3026 720 3074 χρόνῳ
746 3027 767 3063 ’ἦ
794 3023 957 3068 ἐπίδοσις,
977 3027 1063 3059 ὥστε
1086 3026 1132 3070 μή
1159 3025 1391 3070 μνημονεύειν,
1411 3029 1462 3059 τί-

457 3086 507 3111 νες
533 3073 676 3117 πρῶτοι,
701 3073 759 3104 καὶ
785 3071 886 3113 πότε,
912 3073 969 3103 καὶ
995 3072 1063 3109 πῶς
1090 3070 1238 3116 ἐχόντων
1265 3067 1367 3108 ἦλθον
1394 3072 1460 3104 τῶν

459 3118 589 3158 τόπων,
609 3117 676 3149 οἷον
703 3117 893 3159 συμβέβηκε
917 3118 976 3148 καὶ
1002 3118 1075 3160 περὶ
1101 3115 1166 3152 τήν
1184 3117 1375 3162 Αἴγυπτον·
1401 3118 1460 3148 καὶ

457 3163 522 3209 γὰρ
549 3161 648 3199 οὗτος
671 3160 723 3193 ἀεὶ
744 3161 922 3207 ξηρότερος
940 3162 955 3193 ὀ
974 3160 1080 3199 τόπος
1107 3163 1266 3205 φαίνεται
1287 3159 1459 3207 γινόμενος

457 3209 514 3239 καὶ
534 3207 631 3239 πᾶσα
655 3206 676 3242 ἦ
727 3206 796 3251 ὥρα
822 3206 885 3239 τοῦ
903 3206 1066 3250 ποταμοῦ
1084 3204 1274 3251 πρόσχωσις
1294 3202 1381 3237 οὖσα
1398 3205 1461 3238 τοῦ

457 3252 597 3291 Νείλου,
623 3245 683 3282 διαὶ
730 3251 744 3283 ὲ
770 3251 811 3284 τὸ
841 3250 940 3283 κατοὶ
970 3250 1085 3294 μικρὸν
1115 3249 1363 3294 ξηραινομένων
1394 3250 1460 3282 τῶν

460 3296 541 3327 ἑλῶν
568 3294 646 3332 τούς
673 3297 813 3333 πλησίον
840 3294 1077 3338 εἷσοικίζεσθαι
1102 3294 1144 3327 τὰ
1169 3291 1232 3327 τοῦ
1256 3293 1377 3354 χρόνου
1399 3294 1462 3338 μῆ·

458 3351 515 3377 κος
542 3338 716 3383 ἀφῄρηται
741 3339 806 3377 την
833 3339 954 3395 ἀρχήν.
988 3340 1155 3372 Φαίνεται
1184 3333 1214 3371 δ’
1243 3351 1300 3372 ουν
1331 3340 1389 3370 καὶ
1415 3338 1463 3372 τοὶ

461 3382 626 3427 στόματα
651 3383 784 3425 πάντα,
812 3386 900 3420 πλην
927 3383 998 3421 ἐνὸς
1024 3384 1087 3416 τοῦ
1112 3383 1326 3424 Κανωβικοῦ,
1353 3395 1462 3427 χειρο-

461 3429 592 3463 ποίητα
615 3429 673 3460 καὶ
699 3429 737 3460 οὐ
762 3429 825 3461 τοῦ
851 3429 1012 3472 ποταμοῦ
1039 3427 1139 3468 ὄντα,
1164 3429 1223 3460 καὶ
1250 3428 1291 3461 τὸ
1318 3428 1459 3472 ἀρχαῖον

461 3473 482 3507 ἢ
508 3472 676 3517 Αἴγυπτος
699 3473 811 3512 Θῆβαι
840 3472 1061 3517 καλούμεναι.
1090 3473 1193 3510 Δηλοῖ
1215 3468 1252 3505 δὲ
1276 3474 1333 3505 καὶ
1357 3472 1463 3517 ’Όμη-

463 3526 530 3558 ρος,
558 3514 646 3548 οὕτω
672 3528 695 3548 π
719 3516 866 3560 όσφατος
891 3516 953 3558 ὤν,
981 3518 1022 3555 ὡς
1048 3517 1166 3558 εἰπεῖν,
1193 3518 1273 3560 πρὸς
1299 3516 1363 3555 τοὶς
1392 3528 1463 3550 τοι-

464 3558 574 3596 αύτας
599 3529 812 3604 μεταβολάς·
840 3561 965 3593 ἐκείνου
990 3561 1054 3607 γάρ
1080 3562 1143 3594 τοῦ
1169 3560 1278 3594 τόπου
1308 3565 1461 3594 ποιεῖται

463 3605 593 3648 μνείαν,
619 3604 660 3641 ὠς
687 3604 780 3637 οὔπω
804 3604 953 3649 Μέμφιος
981 3605 1094 3647 οὔσης,
1123 3604 1143 3642 ἦ
1170 3604 1266 3647 ὅλως,
1293 3604 1314 3642 ἦ
1340 3604 1378 3638 οὗ
1404 3618 1462 3643 τη-

1505 797 1523 816 *
1538 798 1613 828 Non
1637 806 1762 837 semper
1785 802 1893 827 autem
1911 795 2023 826 eadem
2045 794 2116 827 loca
2130 800 2229 825 terrae
2245 803 2350 834 neque
2365 803 2488 834 aquosa
2503 799 2579 824 sunt
2606 798 2615 807 ·

1574 851 1678 882 neque
1702 840 1798 879 arida,
1815 840 1870 870 sed
1893 845 2114 880 permutantur
2133 838 2311 869 secundum
2334 837 2509 868 fluviorum
2523 846 2578 878 ge-

1573 885 1752 915 nerationes
1776 891 1807 915 et
1830 883 1981 914 defectus.
2006 883 2138 924 Propter
2156 882 2246 924 quod
2262 889 2293 913 et
2309 891 2390 923 quae
2415 881 2496 912 circa
2519 881 2578 912 ari-

1574 930 1648 959 dam
1671 934 1893 969 permutantur
1909 934 1940 958 et
1955 934 2060 966 mare;
2082 934 2113 958 et
2126 937 2194 958 non
2213 936 2338 967 semper
2353 926 2430 957 haec
2447 923 2579 967 quidem

1573 980 1665 1012 terra,
1681 973 1758 1003 haec
1781 979 1888 1003 autem
1907 981 1993 1002 mare
2008 977 2207 1011 perseverant
2225 970 2315 1001 omni
2334 977 2497 1011 tempore;
2523 969 2579 1000 sed

1573 1017 1609 1048 fit
1631 1027 1718 1047 mare
1741 1016 1873 1058 quidem
1889 1016 1945 1047 ubi
1968 1022 2040 1046 ante
2059 1015 2155 1054 arida,
2171 1015 2227 1046 ubi
2243 1022 2351 1046 autem
2373 1025 2460 1045 nunc
2479 1024 2578 1052 mare,

1573 1062 1690 1092 iterum
1712 1061 1763 1091 hic
1787 1067 1878 1091 terra.
1903 1060 2089 1091 Secundum
2116 1066 2223 1090 tamen
2247 1059 2409 1100 quendam
2432 1058 2579 1089 ordinem

1573 1113 1684 1147 putare
1708 1111 1836 1146 oportet
1858 1104 1921 1135 hoc
1943 1103 2011 1135 fieri
2035 1110 2066 1135 et
2088 1103 2268 1144 periodum.

1506 1201 1705 1241 Principium
1737 1206 1845 1230 autem
1877 1199 1995 1229 horum
2025 1204 2055 1229 et
2079 1207 2191 1236 causa,
2215 1197 2291 1238 quia
2319 1203 2350 1228 et
2373 1203 2472 1228 terrae
2495 1206 2577 1238 quae

1573 1246 1676 1283 intus,
1705 1244 1786 1275 sicut
1813 1253 1947 1283 corpora
1974 1243 2156 1283 plantarum
2184 1248 2215 1272 et
2237 1241 2436 1281 animalium,
2460 1247 2580 1272 statum

1572 1290 1690 1320 habent
1713 1295 1744 1319 et
1766 1294 1980 1319 senectutem:
2004 1287 2059 1317 sed
2082 1286 2144 1317 illis
2167 1285 2299 1327 quidem
2315 1295 2382 1316 non
2401 1285 2580 1317 secundum

1573 1341 1696 1375 partem
1719 1333 1781 1364 hoc
1805 1332 1917 1363 accidit
1939 1331 2016 1372 pati,
2041 1331 2097 1361 sed
2120 1330 2217 1361 simul
2239 1336 2346 1362 totum
2361 1330 2395 1360 in
2409 1336 2492 1361 statu
2511 1339 2580 1361 esse

1573 1386 1604 1410 et
1628 1379 1865 1409 decrementum
1880 1376 1945 1417 pati
1968 1375 2199 1413 necessarium;
2221 1381 2321 1406 terrae
2343 1381 2452 1405 autem
2466 1374 2530 1406 hoc
2544 1373 2581 1406 fit

1573 1423 1751 1454 secundum
1775 1428 1909 1462 partem,
1936 1427 2067 1461 propter
2090 1419 2189 1460 frigus
2212 1425 2244 1450 et
2266 1419 2467 1450 caliditatem.
2491 1419 2581 1450 Haec

1574 1467 1706 1509 quidem
1728 1466 1825 1507 igitur
1847 1471 1991 1496 crescunt
2012 1471 2043 1495 et
2057 1464 2248 1495 minuuntur
2271 1470 2401 1504 propter
2423 1463 2527 1494 solem
2549 1469 2581 1495 et

1574 1511 1829 1543 circulationem:
1854 1517 1984 1551 propter
2011 1509 2089 1540 haec
2117 1515 2226 1539 autem
2249 1515 2279 1539 et
2300 1507 2452 1539 virtutem
2474 1514 2579 1549 partes

1574 1563 1673 1588 terrae
1688 1554 1849 1595 accipiunt
1863 1554 2069 1592 differentem,
2085 1560 2122 1584 ut
2140 1562 2244 1594 usque
2259 1553 2299 1583 ad
2315 1559 2443 1593 tempus
2458 1561 2581 1594 aquosa

1575 1600 1700 1642 possint
1722 1609 1918 1640 permanere,
1935 1598 2048 1629 deinde
2072 1597 2267 1628 exsiccantur
2287 1604 2318 1628 et
2333 1603 2504 1628 senescunt
2522 1596 2580 1628 ite·

1574 1652 1665 1683 rum;
1689 1644 1750 1675 alia
1773 1650 1881 1674 autem
1909 1643 1982 1673 loca
2003 1641 2202 1673 vivificantur
2225 1649 2255 1672 et
2279 1652 2401 1682 aquosa
2428 1640 2512 1673 fiunt
2533 1651 2581 1672 se-

1575 1690 1719 1721 cundum
1742 1694 1874 1728 partem.
1899 1688 2034 1718 Necesse
2051 1693 2169 1724 autem,
2185 1686 2264 1717 locis
2280 1686 2369 1717 factis
2385 1685 2580 1724 siccioribus,

1575 1734 1680 1765 fontes
1699 1731 1915 1770 exterminari;
1937 1731 1986 1762 his
2010 1738 2118 1762 autem
2137 1730 2362 1769 accidentibus,
2379 1730 2494 1761 fluvios
2509 1729 2580 1772 qui-

1576 1779 1651 1809 dem
1662 1788 1699 1808 ex
1714 1776 1837 1816 magnis
1852 1786 1967 1816 parvos
1979 1775 2096 1816 primo,
2109 1775 2223 1806 deinde
2239 1775 2369 1806 tandem
2382 1774 2450 1806 fieri
2462 1774 2579 1813 siccos;

1575 1822 1680 1854 fluviis
1705 1828 1812 1852 autern
1835 1820 2062 1857 transmutatis,
2079 1826 2111 1850 et
2125 1819 2176 1850 hic
2200 1819 2331 1860 quidem
2356 1819 2580 1859 exterminatis,

1575 1868 1608 1898 in
1624 1867 1692 1897 aliis
1716 1872 1823 1896 autem
1838 1864 2119 1906 proportionaliter
2142 1863 2242 1902 factis,
2264 1863 2468 1895 transmutari
2483 1873 2580 1895 mare.

1575 1911 1639 1943 Ubi
1658 1910 1790 1952 quidem
1806 1909 1892 1940 enim
1912 1919 2091 1940 excrescens
2111 1918 2129 1939 a
2144 1907 2248 1939 fluviis
2267 1908 2454 1947 abundavit,
2477 1908 2582 1940 absce-

1576 1956 1654 1986 dens
1687 1955 1808 1985 aridam
1839 1953 1941 1984 facere
1968 1952 2200 1991 necessarium3
2225 1952 2280 1983 ubi
2304 1959 2412 1984 autem
2443 1951 2582 1984 fluxibus

1576 2000 1741 2031 abundans
1765 1998 1977 2029 exsiccabatur
1999 2004 2194 2036 atterratum‚
2215 1996 2267 2028 hic
2289 1996 2406 2028 iterum
2425 2003 2580 2038 stagnare.

1508 2140 1571 2172 Sed
1594 2146 1762 2181 propterea
1791 2138 1881 2180 quod
1904 2137 1940 2168 fit
1962 2137 2067 2168 omnis
2098 2136 2249 2168 naturalis
2277 2136 2358 2168 circa
2384 2123 2501 2168 terram
2528 2145 2581 2187 ge-

1575 2184 1696 2216 neratio
1720 2193 1777 2225 per
1799 2182 2043 2221 successionem,
2060 2187 2091 2212 et
2113 2181 2147 2212 in
2169 2181 2368 2222 temporibus
2389 2180 2583 2222 longissimis

1576 2229 1617 2260 ad
1640 2235 1783 2260 nostram
1804 2227 1914 2266 vitam,
1937 2227 2037 2258 latent
2058 2226 2136 2257 haec
2159 2225 2256 2265 facta;
2280 2233 2311 2257 et
2329 2225 2418 2266 prius
2433 2224 2583 2257 omnium

1577 2273 1722 2314 gentium
1745 2272 1889 2303 interitus
1912 2270 1994 2302 fiunt
2017 2278 2048 2302 et
2072 2270 2307 2311 corruptiones,
2335 2280 2434 2312 quam
2457 2279 2583 2301 memo-

1577 2325 1663 2349 retur
1685 2318 1804 2348 horum
1819 2315 2012 2358 permutatio
2029 2326 2047 2346 a
2063 2315 2221 2356 principio
2244 2314 2276 2346 in
2293 2314 2401 2347 finem.
2425 2314 2582 2346 Maximae

1578 2363 1710 2404 quidem
1733 2361 1829 2402 igitur
1847 2360 2068 2401 corruptiones
2086 2359 2169 2391 fiunt
2191 2366 2223 2391 et
2245 2359 2413 2391 citissimae
2436 2359 2470 2390 in
2492 2368 2583 2400 prae-

1578 2407 1639 2445 liis,
1656 2406 1735 2437 aliae
1758 2413 1866 2437 autem
1880 2404 2127 2443 infirmitatibus,
2143 2404 2203 2435 hae
2222 2411 2331 2435 autem
2354 2402 2583 2442 sterilitatibus

1579 2458 1610 2482 et
1632 2451 1665 2481 in
1688 2450 1737 2481 his
1761 2451 1820 2481 hae
1843 2449 1975 2491 quidem
2005 2458 2156 2489 magnae,
2184 2448 2244 2479 hae
2273 2455 2381 2480 autem
2404 2447 2584 2480 secundum

1580 2495 1762 2533 modicum;
1786 2501 1822 2525 ut
1844 2494 1961 2524 lateant
1984 2493 2097 2524 talium
2115 2492 2260 2533 gentium
2283 2499 2314 2524 et
2337 2491 2584 2533 transmigratio-

1581 2550 1648 2578 nes,
1665 2545 1832 2579 propterea
1855 2537 1945 2579 quod
1968 2537 2001 2568 hi
2025 2537 2158 2578 quidem
2181 2536 2405 2578 derelinquunt
2427 2536 2584 2578 regiones,

1579 2584 1612 2615 hi
1636 2590 1744 2614 autem
1774 2588 2015 2623 permanserunt
2049 2591 2152 2622 usque
2180 2581 2220 2611 ad
2243 2581 2323 2620 hoc,
2348 2581 2450 2612 donec
2473 2580 2585 2623 utique

1580 2638 1647 2659 non
1671 2626 1808 2668 amplius
1832 2626 1934 2667 possit
1953 2626 2035 2656 alere
2054 2625 2141 2665 regio
2157 2625 2397 2656 multitudinem
2419 2625 2531 2657 ullam.
2554 2627 2586 2656 A

1579 2672 1683 2714 prima
1693 2671 1789 2712 igitur
1804 2670 1980 2702 desertione
1995 2671 2035 2701 ad
2049 2669 2207 2708 ultimam,
2221 2670 2390 2701 verisimile
2405 2669 2473 2701 fieri
2487 2670 2586 2711 longa

1580 2724 1736 2757 tempora,
1754 2722 1790 2746 ut
1805 2715 1913 2746 nullus
1929 2721 2140 2753 memoretur;
2159 2714 2225 2753 sed,
2245 2714 2370 2746 salvatis
2394 2714 2498 2746 adhuc
2513 2724 2584 2756 per-

1580 2760 1803 2798 manentibus,
1828 2759 2025 2790 oblivionem
2049 2759 2165 2790 factam
2188 2769 2255 2789 esse
2279 2765 2410 2800 propter
2432 2758 2585 2800 temporis

1581 2804 1831 2836 multitudinem.
1861 2804 1987 2835 Eodem
2014 2810 2123 2834 autem
2145 2803 2246 2834 modo
2269 2810 2397 2844 oportet
2419 2809 2532 2844 putare
2554 2809 2587 2835 et

1581 2849 1825 2881 inhabitationes
1849 2848 1955 2887 latere,
1973 2849 2104 2890 quando
2125 2847 2268 2889 primum
2292 2847 2390 2879 factae
2413 2854 2489 2879 sunt
2509 2857 2585 2888 gen-

1580 2895 1665 2926 tibus
1689 2893 1838 2934 singulis;
1866 2893 1980 2924 deinde
2003 2899 2182 2933 permutata
2204 2899 2235 2923 et
2262 2891 2343 2923 facta
2365 2892 2446 2924 sicca
2469 2901 2507 2923 ex
2529 2901 2586 2933 pa-

1580 2938 1703 2970 ludosis
1727 2945 1757 2969 et
1780 2938 1918 2979 aquosis.
1950 2937 2078 2968 Etenim
2102 2937 2153 2968 hic
2181 2936 2335 2977 paulatim
2363 2947 2400 2968 ex
2422 2935 2527 2968 multo
2550 2935 2587 2968 fit

1582 2991 1727 3024 tempore
1750 2982 1890 3020 additio,
1916 2989 1951 3013 ut
1978 2991 2045 3012 non
2075 2981 2115 3012 sit
2146 2980 2303 3012 memoria
2331 2981 2387 3022 qui
2419 2980 2531 3022 primi,
2554 2987 2586 3013 et

1581 3028 1731 3069 quando,
1756 3034 1786 3058 et
1809 3027 1944 3068 qualiter
1971 3026 2161 3057 habentibus
2191 3025 2271 3057 locis
2302 3032 2476 3064 venerunt;
2498 3025 2587 3056 velut

1581 3072 1694 3104 accidit
1717 3078 1748 3102 et
1771 3071 1851 3102 circa
1881 3073 2074 3113 Aegyptum.
2106 3069 2234 3101 Etenim
2261 3069 2312 3101 hic
2342 3070 2433 3101 locus
2461 3079 2588 3111 semper

1583 3117 1693 3148 siccior
1707 3116 1831 3147 videtur
1854 3115 1966 3154 factus,
1986 3122 2017 3146 et
2035 3121 2103 3146 tota
2125 3114 2212 3155 regio
2236 3114 2324 3146 fluvii
2347 3113 2506 3146 atteri-atio
2523 3113 2587 3145 exi·

1582 3168 1667 3192 stens
1682 3160 1760 3191 Nili:
1778 3167 1908 3201 propter
1923 3166 2032 3191 autem
2048 3159 2213 3200 paulatim,
2229 3158 2388 3190 exsiccatis
2404 3157 2587 3199 paludibus,

1582 3205 1764 3246 propinqua
1786 3204 1963 3244 inhabitari,
1985 3214 2022 3235 ex
2044 3203 2198 3244 temporis
2221 3203 2422 3244 longitudine
2444 3202 2587 3234 ablatum

1583 3256 1629 3281 est
1652 3249 1855 3291 principium.
1881 3248 2037 3280 Videntur
2059 3248 2156 3289 igitur
2178 3254 2209 3278 et
2232 3257 2288 3278 ora
2311 3247 2431 3286 omnia,
2455 3253 2587 3289 excepto

1582 3304 1650 3325 uno
1675 3293 1852 3332 Canobico,
1877 3292 2058 3324 manufacta
2085 3300 2117 3324 et
2144 3302 2211 3323 non
2239 3291 2327 3323 fluvii
2350 3291 2528 3330 existentia;
2556 3298 2588 3323 et

1583 3338 1758 3379 antiquitus
1780 3340 1946 3379 Aegyptus
1969 3337 2099 3368 Thebae
2122 3342 2262 3368 vocatae.
2283 3335 2457 3367 Insinuavit
2479 3342 2588 3367 autem

1584 3390 1614 3414 et
1637 3383 1811 3422 Homerus,
1830 3382 1874 3412 sic
1893 3392 2000 3413 recens
2024 3381 2169 3419 existens,
2189 3387 2225 3412 ut
2247 3387 2294 3412 est
2316 3380 2430 3419 dicere,
2448 3380 2489 3411 ad
2511 3379 2588 3412 tales

1583 3427 1848 3468 permutationes:
1872 3426 1957 3457 illius
1985 3425 2071 3457 enim
2098 3425 2161 3456 loci
2189 3424 2263 3456 facit
2286 3425 2496 3463 memoriam,
2520 3431 2588 3456 tan-

1583 3482 1682 3513 quam
1706 3481 1772 3502 non
1795 3471 1900 3502 adhuc
1926 3469 2070 3511 Memphi
2099 3469 2263 3508 existente,
2291 3476 2346 3500 aut
2374 3469 2511 3501 totaliter
2533 3475 2589 3500 aut

1582 3523 1678 3547 tanta.
1698 3516 1771 3547 Hoc
1787 3522 1895 3546 autem
1910 3514 2078 3545 verisimile
2097 3514 2141 3545 sic
2161 3513 2315 3544 accidere:
2336 3513 2484 3544 inferiora
2502 3512 2588 3544 enim

1583 3561 1654 3592 loca
1670 3559 1827 3600 posterius
1850 3559 1989 3590 habitata
2005 3565 2094 3596 sunt;
2114 3558 2270 3599 paludosa
2289 3557 2375 3588 enim
2390 3557 2430 3588 ad
2449 3556 2587 3598 amplius

1584 3611 1711 3644 tempus
1736 3603 1948 3635 necessarium
1965 3613 2031 3634 esse
2047 3602 2278 3643 propinquiora
2294 3601 2498 3639 atterrationi,
2514 3610 2587 3641 pro-
