2704 4108
1140 214 1252 252 CAP.
1284 216 1315 263 1,
1346 215 1498 253 LECT.
1529 217 1561 253 11
2433 235 2456 272 7

242 292 399 341 scilicet,
429 293 526 330 sicut
553 302 689 332 natura
715 293 865 343 perficit
892 294 1025 331 omnia
1053 294 1221 339 ternario
1251 306 1320 331 nu-

179 368 185 375 ·
242 358 375 395 mere,
404 346 455 384 ita
483 347 532 384 illi
562 347 627 397 qui
655 347 897 385 instituerunt
917 348 936 369 ’²‘
957 348 1101 384 cultum
1131 347 1318 395 divinum,

241 401 416 438 volentes
445 401 531 438 Deo
570 401 772 438 attribuere
810 413 928 438 omne
951 402 1072 449 *quod
1107 402 1320 451 perfectum

243 461 319 501 est,
350 454 558 492 attribuunt
587 454 621 492 ei
647 453 856 492 ternarium
885 467 1105 492 numerum.

297 509 333 545 6.
355 507 488 545 Tertio
517 508 591 545 ibi:
619 508 875 558 Assignamus
902 514 1030 545 autem
1059 516 1146 556 etc.,
1182 509 1321 557 probat

241 561 347 599 idem
383 574 455 611 per
492 573 743 605 communem
778 573 894 598 usum
928 562 1124 611 loquendi.
1155 562 1204 598 Et
1233 561 1322 599 dicit

243 615 350 664 quod
379 615 495 653 etiam
524 615 764 663 assignamus
805 616 998 652 vocabula
1035 616 1151 652 rebus
1184 627 1320 652 secun-

243 669 338 707 dum
366 669 530 706 modum
557 668 798 717 praedictum
817 670 849 716 ²⁸,
870 681 949 717 quo
970 669 1111 706 scilicet
1137 667 1320 718 perfectio

208 744 215 751 ·
243 722 427 772 competit
444 722 610 760 ternario
629 722 661 759 ³¹⁶.
680 722 720 759 Si
741 722 844 760 enim
864 722 991 772 aliqua
1010 730 1099 760 sunt
1118 722 1208 769 duo,
1231 721 1319 758 dici-

241 788 330 815 mus
358 776 465 826 quod
493 775 567 813 sint
594 777 725 822 ambo,
756 783 793 813 et
822 776 920 814 duos
949 776 1128 813 homines
1157 775 1320 813 dicimus

240 831 392 868 ambos.-
421 841 501 867 non
529 837 660 867 autem
690 830 737 867 de
775 829 835 867 his
865 829 1027 867 dicimus
1065 841 1216 875 omnes,
1253 829 1321 874 sed

239 884 368 934 primo
397 884 474 921 hoc
501 883 694 921 vocabulo
722 883 869 921 utimur
889 883 988 921 circa
1017 891 1104 921 tres.
1126 884 1176 920 Et
1203 883 1319 920 istum

181 962 188 969 ·
240 937 404 976 modum
432 936 616 986 loquendi
637 937 836 987 sequimur
852 938 871 959 ²²²
888 937 1146 975 communiter
1165 949 1319 984 omnes,

239 998 398 1042 propter
424 991 500 1029 hoc
533 990 640 1040 quod
678 998 813 1028 natura
841 991 891 1028 ad
928 992 1004 1028 hoc
1041 1003 1113 1028 nos
1152 990 1318 1028 inclinat.

239 1045 300 1083 Ea
327 1044 432 1082 enim
460 1056 560 1094 quae
581 1052 669 1082 sunt
694 1045 852 1094 propria
871 1045 1027 1093 singulis
1055 1044 1095 1082 in
1123 1043 1244 1082 modo
1264 1045 1319 1081 lo-

240 1098 397 1149 quendi,
417 1097 598 1136 videntur
615 1098 821 1148 provenire
851 1111 896 1136 ex
915 1098 1081 1148 propriis
1101 1097 1320 1146 conceptio-

240 1151 722 1201 nibusuniuscuiusque:
762 1152 830 1190 sed
867 1152 907 1190 id
948 1153 1055 1202 quod
1093 1152 1321 1188 observatur

241 1206 502 1244 communiter
530 1206 634 1256 apud
658 1218 808 1255 omnes,
828 1205 982 1244 videtur
1010 1218 1056 1243 ex
1077 1204 1237 1243 naturali
1264 1204 1320 1242 in-

240 1259 444 1298 clinatione
473 1259 692 1309 provenire.

295 1325 333 1363 7.
354 1314 424 1351 Est
443 1320 572 1350 autem
592 1313 868 1351 attendendum
897 1312 1004 1361 quod
1023 1324 1215 1361 nusquam
1231 1311 1319 1348 alibi

241 1367 466 1406 Aristoteles
485 1366 677 1404 invenitur
695 1365 958 1415 Pythagoricis
978 1365 1189 1403 rationibus
1207 1373 1319 1402 utens

241 1421 294 1460 ad
328 1420 571 1471 propositum
613 1420 924 1466 ostendendum;
963 1431 1090 1469 neque
1129 1419 1320 1457 invenitur

243 1474 333 1513 alibi
359 1486 430 1524 per
456 1485 711 1511 numerorum
739 1473 992 1524 proprietates
1012 1473 1154 1522 aliquid
1184 1473 1233 1511 de
1262 1485 1319 1510 re—

242 1529 316 1567 bus
353 1526 599 1565 concludere:
637 1535 674 1565 et
702 1527 798 1565 forte
835 1528 910 1565 hoc
947 1526 1010 1564 hic
1042 1526 1129 1564 facit
1163 1534 1322 1577 propter

242 1580 469 1620 affinitatem
488 1593 743 1619 numerorum
772 1581 822 1619 ad
841 1580 1138 1630 magnitudines,
1161 1581 1208 1618 de
1237 1581 1321 1630 qui-

242 1635 317 1674 bus
343 1634 407 1672 hic
434 1634 556 1683 agitur
573 1632 598 1673 ⁰.

296 1689 459 1728 Videtur
499 1696 631 1726 tamen
668 1689 775 1738 qu‘od
811 1689 908 1726 haec
944 1688 1122 1739 probatio
1159 1700 1239 1725 non
1276 1687 1323 1724 sit

244 1743 400 1782 efficax:
430 1755 511 1780 non
540 1742 645 1780 enim
674 1742 796 1791 magis
823 1743 977 1780 videtur
1005 1742 1114 1792 sequi
1142 1741 1248 1791 quod
1268 1741 1322 1779 di-

243 1797 466 1836 mensiones
495 1796 568 1834 sint
594 1804 686 1844 tres,
712 1803 870 1846 propter
897 1797 973 1833 hoc
1001 1797 1108 1846 quod
1136 1795 1322 1832 ternarius

244 1858 303 1889 est
319 1862 506 1889 numerus
534 1849 648 1888 totius
678 1857 714 1887 et
737 1850 882 1888 omnis:
911 1850 1080 1900 alioquin
1100 1857 1323 1899 sequeretur

242 1917 314 1955 per
357 1903 522 1942 eandem
555 1903 745 1941 rationem
783 1903 888 1954 quod
927 1911 1054 1941 essent
1090 1904 1216 1940 solum
1254 1903 1324 1940 tria

245 1959 456 2006 elementa,
489 1959 553 1996 vel
581 1965 657 1995 tres
682 1957 785 2006 digiti
809 1969 960 1996 manus.
976 1979 1001 1986 -
1023 1957 1101 1995 Sed
1121 1956 1322 1994 sciendum

244 2019 301 2050 est
333 2011 456 2063 quod,
491 2011 588 2050 sicut
621 2011 709 2049 dicit
743 2011 962 2060 Simplicius
995 2011 1034 2048 in
1068 2011 1321 2058 Commento,

243 2065 489 2104 Aristoteles¹
508 2077 588 2103 non
615 2064 790 2114 procedit
816 2065 879 2102 hic
907 2065 1224 2114 demonstrative,
1255 2064 1323 2102 sed

244 2119 460 2158 secundum
496 2118 830 2169 probabilitatem:
870 2126 907 2156 et
942 2118 1005 2156 hic
1041 2118 1182 2157 modus
1220 2119 1324 2156 suffi-

245 2172 350 2211 ciens
383 2180 440 2210 est
466 2180 555 2222 post
591 2171 938 2210 demonstrationes
975 2170 1222 2222 praemissas,
1260 2172 1339 2209 vel-

243 2226 557 2277 praesuppositas
596 2227 645 2263 ab
681 2225 754 2263 alia
782 2225 949 2264 scientia.
981 2226 1230 2263 Manifestum
1270 2233 1326 2262 est

245 2288 376 2318 autem
405 2280 512 2330 quod
540 2279 795 2317 determinare
825 2279 874 2317 de
908 2279 1213 2317 dimensionibus
1242 2292 1324 2316 cor-

243 2347 387 2385 porum
416 2334 646 2384 inquantum
674 2333 909 2380 huiusmodi,
935 2345 1005 2383 per
1033 2346 1073 2370 se
1093 2333 1258 2382 pertinet
1275 2333 1326 2370 ad

245 2388 563 2426 mathematicum
582 2393 613 2424 ¹:
643 2386 824 2424 naturalis
852 2394 982 2424 autem
1011 2387 1171 2424 assumit
1198 2399 1220 2424 a
1244 2399 1325 2424 ma·

245 2442 453 2480 thematico
474 2454 520 2479 ea
547 2453 647 2491 quae
677 2440 776 2478 circa
805 2440 1067 2478 dimensiones
1096 2440 1324 2478 considerat.

246 2496 297 2534 Et
323 2495 412 2534 ideo
439 2496 606 2545 probare
645 2494 946 2533 demonstrative
982 2507 1065 2532 esse
1094 2495 1222 2532 solum
1251 2502 1326 2532 tres

247 2549 526 2597 dimensiones,
564 2548 727 2599 pertinet
764 2548 814 2586 ad
852 2548 1192 2586 mathematicum:
1231 2548 1327 2586 sicut

247 2604 498 2641 Ptolomaeus
525 2603 665 2653 probat
682 2615 752 2652 per
780 2603 856 2639 hoc
879 2604 986 2651 quod
1014 2602 1251 2652 impossibile
1271 2610 1327 2640 est

249 2657 430 2706 coniungi
444 2656 559 2694 simul
578 2656 698 2694 lineas
711 2656 1049 2706 perpendiculares
1063 2657 1192 2706 plures
1207 2668 1325 2705 quam

247 2718 324 2748 tres
342 2722 459 2761 super
485 2710 590 2749 idem
608 2718 816 2760 punctum;
837 2710 965 2748 omnis
985 2718 1115 2748 autem
1135 2710 1326 2748 dimensio

248 2772 492 2803 mensuratur
519 2764 734 2802 secundum
763 2764 933 2814 aliquam
953 2764 1095 2801 lineam
1122 2764 1326 2814 perpendi-

250 2819 432 2856 cularem.
453 2817 579 2856 Huius
594 2817 704 2866 igitur
723 2817 1094 2856 demonstrationem
1104 2818 1327 2856 Aristoteles

251 2882 474 2920 supponens
502 2885 526 2910 a
553 2871 845 2919 mathematico,
874 2871 991 2909 utitur
1017 2871 1238 2909 testimonio
1257 2871 1270 2894 λ
1292 2879 1328 2909 et

253 2923 382 2972 signis,
412 2925 510 2965 sicut>
536 2925 737 2962 consuevit
764 2925 890 2963 facere
917 2933 1006 2976 post
1033 2926 1327 2964 demonstratio-

253 2987 322 3013 nes
349 2988 373 3013 a
400 2989 441 3014 se
468 2977 654 3016 inductas.

308 3029 344 3067 8.
361 3029 511 3067 Deinde
531 3043 620 3068 cum
640 3031 748 3070 dicit:
763 3034 899 3082 Itaque
912 3033 1094 3082 quoniam
1114 3045 1228 3071 omne
1243 3041 1326 3082 etc.,

253 3095 299 3119 ex
319 3095 367 3120 eo
387 3082 494 3132 quod
523 3091 720 3123 ostensum
745 3094 813 3134 est,
842 3086 1016 3136 procedit
1044 3086 1094 3124 ad
1120 3087 1328 3137 principale

304 3203 330 3241 θ)
350 3206 453 3240 agitur.
465 3219 484 3224 —
497 3209 595 3246 agetur
613 3206 645 3231 A.
657 3207 746 3233 -rLin.
761 3215 819 3241 seq.
831 3217 880 3242 pro
898 3210 1009 3236 Videtur
1023 3214 1122 3241 tamen,
1140 3211 1252 3237 Videtur
1265 3219 1326 3238 cum

250 3242 300 3267 hoc
318 3242 360 3302 ccli).
377 3241 406 3266 15
410 3240 459 3302 ἑὸ,
483 3241 596 3267 Videtur
613 3241 694 3267 etiam
713 3250 773 3268 cum
791 3243 841 3270 hoc
859 3244 889 3270 P.
901 3258 920 3265 -
932 3246 989 3272 Lin.
1003 3254 1062 3280 seq.
1075 3255 1124 3280 pro
1143 3248 1245 3281 magis,
1266 3255 1327 3274 uere

251 3278 301 3308 sE;
321 3285 336 3302 a
354 3285 376 3303 r.
391 3286 408 3310 p
434 3295 441 3302 .

305 3311 324 3348 ι)
345 3313 372 3338 ἰη
395 3313 562 3343 Commento,
587 3313 784 3339 Aristoteles.—
797 3314 824 3340 in
846 3315 1000 3342 Commenta
1022 3318 1189 3349 Aristotelis,
1210 3319 1245 3350 P;
1265 3327 1326 3352 pro-

250 3354 308 3381 pter
326 3349 511 3381 compendium
537 3356 590 3382 quo
609 3354 728 3381 utuntur,
747 3357 801 3374 non
819 3349 902 3383 liquet
919 3353 1054 3384 quomodo
1073 3354 1176 3379 codices
1199 3354 1312 3380 habeant
1318 3363 1325 3386 ;

250 3385 326 3410 lectio
344 3389 435 3410 nostra
453 3392 468 3410 a
487 3385 600 3410 decursu
619 3385 743 3410 orationis
767 3385 873 3411 indicari
891 3386 1002 3413 videtur.

304 3419 331 3454 κ)
351 3420 578 3446 mathematicum.
590 3434 610 3439 —
623 3421 840 3446 mathematicam
855 3421 884 3446 P.
894 3435 914 3440 -
926 3422 978 3447 Pro
990 3424 1111 3454 assumit,
1127 3425 1200 3457 quod
1214 3425 1326 3458 legimus

248 3463 311 3481 cum
330 3454 365 3487 A,
384 3461 506 3489 corrupte
524 3456 626 3491 diffinit
644 3461 708 3488 cet.;
727 3457 777 3482 hoc
794 3457 830 3482 sE
850 3457 954 3490 corrigit
971 3457 998 3482 in
1015 3459 1105 3489 sumit,
1121 3459 1140 3484 P
1155 3460 1181 3484 in
1193 3468 1327 3494 praesup-

245 3491 335 3524 ponit.
348 3505 367 3511 -
381 3491 439 3517 Lin.
453 3499 511 3525 seq.
527 3499 576 3524 pro
593 3492 761 3523 considerat,
781 3493 989 3518 considerantur
1006 3494 1039 3519 A.

303 3526 332 3562 λ)
352 3527 442 3552 Huius
467 3527 553 3561 igitur
577 3527 832 3554 demonstrationem
888 3529 974 3554 utitur
1000 3530 1160 3555 testimonio.
1173 3531 1226 3555 -P
1250 3532 1325 3564 legit:

250 3563 340 3588 Huius
358 3563 444 3597 igitur
461 3563 718 3589 demonstrationem
732 3572 883 3597 supponens
898 3565 1056 3590 Aristoteles
1072 3566 1260 3592 mathematico
1274 3567 1326 3592 uti-

247 3601 297 3624 tur
311 3599 500 3625 testimonia·
509 3599 608 3625 Eadem
618 3600 638 3624 P
654 3599 722 3626 linea
736 3601 857 3634 sequenti
869 3608 917 3634 pro
931 3601 1075 3630 consuevit,
1085 3602 1217 3627 convenit.
1232 3603 1326 3628 Exem-

1376 295 1619 350 propositum
1639 297 1936 335 ostendendum.
1958 299 2007 335 Et
2027 298 2115 336 dicit
2134 301 2238 349 quod
2258 302 2354 339 haec
2372 303 2454 352 tria,

1377 360 1490 386 omne
1509 357 1546 386 et
1563 355 1681 387 totum
1703 358 1739 387 et
1759 352 1985 400 perfectum,
2006 365 2086 390 non
2110 353 2291 392 differunt
2319 357 2367 393 ab
2396 357 2453 394 in-

1376 402 1504 440 vicem
1523 404 1730 441 secundum
1757 405 1931 453 speciem,
1956 405 2052 443 idest
2071 407 2283 444 secundum
2313 409 2453 447 forma-

1376 457 1453 494 lem
1482 457 1683 504 rationem,
1705 457 1795 507 quia
1815 458 1946 495 omnia
1974 459 2183 508 important
2202 461 2453 509 integritatem

1377 510 1595 558 quandam:
1625 511 1694 548 sed
1723 511 1753 548 si
1782 511 1821 549 in
1850 512 1977 561 aliquo
1999 513 2185 560 differant,
2209 514 2388 553 differunt
2414 516 2454 554 in

1377 564 1536 600 materia
1557 572 1593 601 et
1611 564 1794 612 subiecto,
1816 565 2044 615 inquantum
2065 567 2112 603 de
2132 567 2292 605 diversis
2321 569 2452 607 dicuni

1377 625 1448 654 tur.
1470 617 1574 654 Nam
1602 618 1678 655 hoc
1706 619 1812 667 quod
1842 619 1978 656 dicitur
2005 631 2128 666 omne,
2158 621 2303 658 utimur
2330 622 2368 659 in
2398 623 2452 660 di-

1377 670 1527 717 scretis,
1557 670 1653 708 sicut
1682 671 1845 709 dicimus
1883 685 2035 710 omnem
2072 674 2282 711 hominem.-
2310 675 2454 713 utimur

1379 723 1493 760 etiam
1515 736 1560 760 eo
1576 725 1596 745 *
1612 725 1650 761 in
1671 725 1859 762 continuis
1888 738 1986 775 quae
2012 734 2100 764 sunt
2118 728 2336 777 propinqua
2357 729 2451 766 divi·-

1377 777 1500 824 sioni,
1531 777 1628 814 sicut
1670 778 1832 816 dicimus
1870 791 2021 817 omnem
2054 792 2197 829 aquam
2229 789 2266 818 et
2299 794 2451 819 omnem

1376 842 1518 868 aerem.
1553 832 1688 868 Totum
1718 840 1847 869 autem
1877 833 2013 870 dicitur
2033 841 2070 870 et
2096 833 2136 870 in
2155 833 2214 871 his
2239 843 2276 872 et
2294 835 2333 872 in
2362 848 2452 873 con-

1376 884 1511 921 tinuis:
1551 884 1714 921 dicimus
1752 885 1855 922 enim
1893 892 2010 923 totum
2037 888 2224 935 populum
2264 895 2301 924 et
2334 894 2452 926 totum

1376 938 1537 988 lignum.
1557 939 1772 987 Perfectum
1801 947 1931 976 autem
1946 941 1966 961 ³*-
1980 940 2143 978 dicimus
2164 948 2201 977 et
2219 941 2257 978 in
2277 941 2336 978 his
2358 950 2395 979 et
2412 942 2452 979 in

1376 992 1524 1029 formis:
1546 991 1708 1029 dicimus
1729 992 1832 1029 enim
1847 994 2058 1042 perfectam
2082 994 2293 1032 albedinem
2314 1003 2349 1032 et
2364 1007 2452 1044 per-

1364 1046 1514 1094 fectam
1533 1046 1720 1083 virtutem.
1736 1066 1761 1073 -
1783 1046 1883 1093 Quia
1912 1047 2022 1094 igitur
2041 1060 2154 1085 omne
2182 1056 2219 1085 et
2239 1050 2452 1098 perfectum

1377 1107 1433 1136 est
1460 1098 1578 1146 idem,
1601 1111 1842 1148 consequens
1872 1108 1928 1136 est
1955 1102 2058 1149 quod
2090 1113 2230 1150 corpus
2254 1101 2301 1139 sit
2327 1103 2452 1151 perfe-

1377 1160 1482 1189 ctum
1510 1152 1608 1189 inter
1626 1153 1925 1201 magnitudines:
1955 1154 2045 1203 quia
2070 1155 2197 1192 solum
2226 1168 2366 1204 corpus
2396 1164 2453 1193 est

1376 1205 1673 1243 determinatum
1702 1206 1822 1244 tribus
1842 1207 2163 1255 dimensionibus,
2184 1215 2222 1245 et
2242 1209 2317 1246 hoc
2336 1209 2454 1246 habet

1376 1259 1564 1297 rationem
1593 1260 1728 1306 omnis,
1758 1267 1800 1297 ut
1828 1273 1943 1309 supra
1973 1261 1993 1282 *
2021 1269 2219 1299 ostensum
2249 1270 2325 1300 est:
2362 1275 2452 1300 cum

1377 1314 1480 1351 enim
1506 1313 1553 1350 sit
1572 1313 1692 1350 tribus
1721 1313 1847 1351 modis
1867 1313 2066 1362 divisibile,
2087 1315 2257 1363 sequitur
2280 1316 2387 1364 quod
2407 1316 2454 1353 sit

1376 1367 1562 1405 divisibile
1601 1367 1876 1416 omniquaque,
1911 1367 2008 1405 idest
2041 1368 2255 1406 secundum
2293 1382 2453 1407 omnem

1376 1420 1659 1459 dimensionem
1672 1427 1703 1458 μ.
1735 1421 1812 1458 Sed
1841 1421 1937 1458 inter
1965 1421 2056 1459 alias
2080 1422 2361 1470 magnitudines
2390 1423 2454 1460 ali-

1376 1475 1467 1525 quid
1497 1482 1554 1512 est
1582 1474 1769 1512 divisibile
1799 1475 2013 1512 secundum
2047 1475 2142 1512 duas
2171 1475 2452 1525 dimensiones,

1376 1528 1517 1566 scilicet
1536 1527 1779 1577 superficies;
1810 1527 1912 1565 aliud
1932 1536 2060 1565 autem
2082 1529 2296 1566 secundum
2315 1542 2452 1578 unam,

1377 1582 1518 1620 scilicet
1545 1581 1655 1619 linea.
1682 1583 1732 1619 Ut
1749 1582 1848 1619 enim
1865 1594 2067 1618 numerum
2087 1582 2221 1631 adepta
2240 1588 2336 1629 sunt,
2358 1583 2455 1620 idest

1377 1636 1475 1673 sicut
1506 1635 1787 1684 magnitudines
1819 1635 1963 1672 habent
1999 1647 2207 1672 numerum
2246 1636 2452 1674 dimensio-

1377 1702 1485 1738 num,
1506 1689 1556 1726 ita
1579 1689 1723 1726 habent
1752 1688 1982 1726 divisionem
2007 1697 2044 1726 et
2064 1689 2372 1728 continuitatem:
2402 1690 2454 1728 ita

1377 1743 1519 1781 scilicet
1547 1742 1652 1792 quod
1681 1742 1808 1791 aliqua
1836 1742 2060 1791 magnitudo
2097 1750 2152 1780 est
2187 1743 2367 1781 continua
2395 1757 2453 1781 se-

1378 1797 1548 1835 cundum
1585 1809 1708 1834 unum
1751 1796 1940 1843 modum,
1983 1796 2124 1834 scilicet
2160 1796 2283 1844 linea;
2327 1797 2400 1835 alia
2433 1799 2453 1820 ‘¹‘

1377 1859 1434 1889 est
1463 1850 1644 1888 continua
1673 1850 1826 1888 duobus
1855 1849 2003 1898 modis,
2033 1850 2173 1887 scilicet
2207 1851 2451 1900 superficies,

1378 1917 1519 1954 corpus
1548 1911 1677 1941 autern
1707 1911 1763 1941 est
1791 1903 2015 1940 continuum
2046 1903 2260 1941 secundum
2294 1917 2454 1943 ornnem

1378 1958 1553 1996 modum.
1590 1957 1703 1995 Unde
1731 1964 1835 2006 patet
1863 1956 1970 2005 quod
1999 1969 2140 2007 corpus
2170 1959 2190 1979 ³¹²
2220 1965 2278 1995 est
2309 1959 2454 2007 magni-

1377 2013 1471 2050 tudo
1491 2011 1670 2061 perfecta,
1692 2010 1801 2060 quasi
1825 2011 1972 2048 habens
2001 2023 2161 2048 ornnem
2181 2012 2344 2050 modum
2366 2025 2456 2050 con-

1378 2065 1571 2104 tinuitatis.

1434 2132 1470 2169 9.
1492 2118 1642 2157 Deinde
1664 2130 1754 2155 cum
1775 2117 1882 2155 dicit:
1908 2118 2177 2166 Quaecumque
2208 2118 2358 2167 quidem
2386 2119 2457 2170 igi-

1379 2179 1440 2211 tur
1460 2181 1544 2220 etc.,
1574 2171 1739 2209 ostendit
1762 2171 1855 2220 quid
1889 2183 1934 2208 ex
1962 2171 2181 2220 praemissis
2210 2172 2456 2210 manifestum

1385 2227 1432 2264 sit
1446 2227 1508 2264 vel
1528 2238 1625 2264 non:
1647 2233 1685 2262 et
1702 2225 1811 2275 ponit
1830 2225 1911 2262 tria.
1934 2225 2112 2272 Quorum
2129 2225 2300 2274 primum
2320 2239 2455 2264 secun-

1380 2281 1475 2318 dum
1492 2292 1533 2317 se
1549 2279 1794 2316 manifestum
1816 2286 1882 2325 est,
1904 2278 2044 2316 scilicet
2063 2279 2169 2328 quod
2189 2291 2456 2330 quaecumque

1380 2333 1605 2383 magnitudo
1636 2340 1692 2370 est
1720 2331 1929 2379 divisibilis,
1955 2332 2001 2369 sit
2034 2332 2216 2370 continua
2234 2338 2263 2369 ⁹:
2294 2333 2324 2370 si
2354 2334 2458 2371 enim

1380 2399 1461 2426 non
1489 2394 1588 2424 esset
1617 2386 1819 2432 continua,
1853 2398 1934 2422 non
1965 2386 2122 2423 haberet
2155 2386 2344 2424 rationem
2376 2400 2458 2425 ma—

1380 2440 1599 2490 gnitudinis,
1624 2441 1691 2478 sed
1710 2439 1838 2489 potius
1858 2439 2020 2476 numeri.
2036 2460 2061 2467 -
2083 2439 2308 2478 Secundum
2329 2449 2458 2478 autem

1381 2502 1438 2533 est
1466 2506 1700 2532 conversum
1729 2493 1862 2540 huius,
1892 2492 2032 2530 scilicet
2060 2493 2165 2542 quod
2195 2506 2312 2532 omne
2342 2495 2459 2532 conti-

1381 2561 1504 2587 nuum
1523 2548 1571 2585 sit
1590 2546 1789 2594 divisibile,
1820 2546 1915 2584 sicut
1941 2546 1982 2583 in
2011 2546 2233 2585 definitione
2262 2547 2331 2585 fuit
2358 2548 2460 2598 posi-

1369 2598 1464 2640 tum
1486 2603 1517 2639 *.
1539 2602 1588 2639 Et
1606 2602 1682 2638 hoc
1702 2600 1860 2650 quidem
1878 2600 2124 2637 manifestum
2146 2609 2202 2638 est
2222 2614 2267 2638 ex
2282 2601 2340 2639 his
2361 2615 2460 2652 quae

1380 2657 1544 2707 probata
1572 2662 1661 2693 sunt
1689 2654 1728 2692 in
1755 2655 1807 2692 VI
1836 2654 2005 2703 Pliysic„
2043 2661 2086 2691 ut
2118 2666 2235 2704 supra
2262 2656 2283 2677 '¹‘
2315 2655 2460 2693 dictum

1382 2718 1450 2748 est.
1479 2711 1574 2748 Non
1594 2716 1650 2746 est
1668 2716 1799 2746 autem
1818 2707 2066 2745 manifestum
2091 2720 2136 2745 ex
2160 2708 2218 2746 his
2239 2721 2460 2758 quaenunc

1383 2765 1484 2802 dicta
1502 2761 1517 2788 t
1531 2766 1634 2801 sunt:
1664 2761 1754 2812 quia
1786 2761 1894 2811 quod
1922 2761 2147 2799 continuum
2175 2763 2222 2799 sit
2250 2763 2457 2812 divisibile,

1381 2819 1444 2856 hic
1463 2816 1676 2868 supposuit,
1697 2828 1777 2853 non
1802 2815 1992 2865 probavit.
2018 2836 2042 2843 -
2067 2815 2241 2853 Tertium
2258 2817 2278 2837 ⁸⁸
2296 2824 2351 2854 est
2378 2829 2460 2854 ma-

1382 2872 1563 2910 nifestum
1583 2883 1630 2908 ex
1648 2868 1888 2920 praemissis,
1914 2869 2055 2906 scilicet
2074 2869 2180 2918 quod
2199 2882 2279 2907 non
2298 2871 2341 2908 fit
2359 2878 2459 2908 tran·

1383 2926 1475 2964 situs
1495 2938 1518 2963 a
1537 2936 1699 2974 corpore
1723 2924 1762 2961 in
1781 2922 1884 2960 aliud
1907 2935 2027 2971 genus
2051 2923 2334 2972 magnitudinis,
2364 2923 2460 2961 sicut

1382 2981 1427 3018 fit
1450 2979 1627 3017 transitus
1648 2990 1694 3015 ex
1719 2976 1953 3025 longitudine
1982 2976 2021 3013 in
2049 2976 2312 3025 superficiem,
2349 2985 2385 3014 et
2414 2990 2459 3015 ex

1384 3033 1585 3084 superficie
1614 3032 1653 3069 in
1669 3044 1820 3080 corpus.
1842 3031 1892 3067 Et
1906 3029 2021 3066 utitur
2040 3029 2160 3067 modo
2181 3030 2365 3079 loquendi
2381 3043 2458 3080 quo

1383 3095 1540 3125 utuntur
1559 3093 1790 3135 geometrae,
1807 3083 2058 3131 imaginantes
2074 3083 2180 3131 quod
2194 3092 2358 3133 punctus
2374 3097 2459 3122 mo-

1381 3212 1455 3245 plum
1480 3211 1557 3236 huius
1584 3209 1701 3235 methodi
1727 3209 1759 3234 ab
1778 3207 1917 3233 Aristotele
1940 3211 2058 3231 servatae
2076 3207 2136 3233 vide
2154 3207 2220 3233 infra
2239 3209 2298 3234 lect.
2317 3217 2367 3240 vu,
2387 3218 2413 3236 n.
2430 3209 2459 3242 5,

1382 3248 1441 3273 lect.
1454 3255 1505 3272 xvn
1539 3255 1566 3271 n.
1585 3253 1624 3271 ιο,

1437 3283 1465 3317 μ.)
1484 3266 1544 3308 ειιήι
1564 3282 1670 3307 enim...
1685 3280 1884 3305 dimensionem.
1896 3292 1916 3298 -
1928 3284 1988 3303 cum
2007 3278 2078 3303 enim
2102 3280 2138 3305 sit
2156 3280 2242 3306 tribus
2262 3281 2348 3307 modis
2367 3281 2459 3307 divisi-

1382 3319 1440 3347 bile,
1456 3318 1641 3350 omniquaque,
1658 3316 1727 3341 idest
1740 3315 1885 3341 secundum
1898 3320 2003 3339 omnem
2017 3313 2216 3346 dimensionem,
2229 3317 2360 3342 divisibile
2373 3321 2414 3342 est
2429 3318 2458 3349 P,

1382 3354 1536 3386 corrigendo
1556 3352 1694 3378 lectionem
1713 3352 1755 3376 ed.
1772 3350 1848 3383 1516,
1867 3358 1935 3384 quae
1953 3357 2008 3375 om.
2020 3349 2122 3377 homot.
2138 3352 2260 3385 sequitur
2273 3353 2346 3386 quod
2363 3353 2399 3378 sit
2418 3353 2459 3378 di-

1382 3389 1498 3420 nisibim,-
1517 3394 1578 3421 post
1605 3388 1676 3420 prius
1701 3387 1833 3412 divisibile
1851 3387 1928 3413 codd.
1943 3392 1997 3412 exc·
2011 3385 2034 3410 Α
2054 3388 2152 3412 addunt
2171 3395 2282 3421 corpus‚·
2305 3389 2384 3414 iidem
2409 3397 2458 3422 pro

1381 3425 1560 3458 omniquaque
1579 3425 1668 3456 legunt
1686 3423 1901 3456 circumquaque.

1435 3461 1459 3493 ν)
1479 3460 1552 3493 quod
1569 3466 1749 3492 quaecumque
1767 3459 1935 3493 magnitudo.
1947 3461 1988 3484 est
2003 3458 2151 3491 divisibilis,
2166 3460 2202 3485 sit
2220 3460 2357 3485 continua.
2370 3474 2389 3479 -
2401 3467 2458 3485 ma-

1380 3496 1496 3530 gnitudo
1514 3500 1638 3520 omittunt
1652 3495 1754 3520 codices
1767 3495 1880 3528 exceptis
1894 3495 1954 3527 AE3
1973 3495 2046 3528 quod
2065 3495 2196 3528 quaelibet
2210 3496 2370 3529 magnitudo
2390 3496 2458 3521 divi-

1381 3532 1464 3558 sibilis
1478 3531 1514 3556 sit
1525 3531 1655 3557 continua
1667 3531 1696 3556 P.
1704 3544 1724 3550 -
1733 3531 1784 3555 Pro
1797 3534 1866 3556 esset
1880 3536 1905 3556 et
1919 3531 2041 3558 haberet.
2055 3534 2143 3556 essent
2154 3537 2181 3556 et
2193 3531 2321 3556 haberent
2335 3531 2414 3556 habet
2425 3532 2457 3557 A.

1436 3566 1460 3599 ξ)
1476 3574 1547 3592 nunc
1560 3567 1642 3592 dicta.
1655 3581 1674 3585 -
1683 3567 1827 3599 praedicta
1840 3567 1874 3599 1>;
1894 3567 1926 3592 cf.
1940 3572 2002 3592 text.
2013 3582 2035 3586 -
2046 3567 2105 3592 Lin.
2117 3575 2175 3600 seq.
2189 3575 2237 3600 pro
2250 3567 2391 3599 supposuit
2405 3574 2457 3592 non

1375 3603 1512 3636 probavit,
1522 3603 1650 3635 supponit
1660 3610 1712 3628 non
1718 3602 1847 3636 probavit
1857 3603 1933 3629 codd.
1944 3611 1999 3628 exc.
2008 3603 2040 3635 A,
2050 3603 2213 3636 supponitur
2223 3610 2275 3628 non
2282 3603 2416 3635 probatur
2428 3602 2458 3627 Ρ.

2481 739 2489 747 ·
2505 740 2528 759 et
2541 739 2610 760 codd.

2481 952 2490 961 ·
2505 951 2576 973 etiam
2590 959 2612 974 Ρ.

2481 1275 2489 1285 ⁵
2504 1274 2576 1297 Num.
2586 1281 2598 1303 3
2612 1281 2666 1303 sqq.

2482 1809 2490 1817 ·
2499 1813 2556 1830 vero
2563 1807 2617 1830 add.
2624 1807 2693 1830 codd.

2483 1969 2492 1978 ·
2503 1973 2589 1995 corpus
2597 1973 2645 1989 om.
2654 1973 2695 1989 co-

2484 1994 2556 2016 dices.

2488 2614 2497 2623 ·
2512 2613 2583 2635 Num.
2598 2619 2620 2635 2.

2488 2672 2497 2682 '¹
2512 2671 2572 2693 lbid.

2586 2765 2599 2797 Ε

2487 2829 2497 2838 “
2512 2827 2583 2850 etiam
2596 2827 2649 2850 add.
2660 2834 2686 2850 Α.
