2782 4134
114 377 124 386 ·
131 375 166 403 fit
179 382 202 397 Β.

204 425 236 459 ββ

115 584 124 592 ·
136 588 229 610 ponere
241 589 264 604 B.

201 842 232 867 85

207 1066 231 1083 ΞΕ

112 1699 122 1710 “
137 1699 173 1720 his
188 1705 236 1721 om.
247 1704 285 1720 ca.

111 1753 122 1763 ⁴
137 1753 249 1780 quantum
263 1758 285 1773 Β.

204 1913 237 1936 ηη

111 2015 121 2027 “
132 2016 204 2042 parte
216 2020 254 2036 AB.

203 2067 231 2092 θθ

114 2555 123 2564 ·
139 2555 163 2574 et
172 2554 324 2582 pastionibus

113 2586 163 2602 om.
173 2587 196 2602 n.

355 296 431 332 270

355 364 458 400 idern
487 363 712 410 subiectum,
739 375 979 410 consequens
1001 369 1055 398 est
1074 361 1179 410 quod
1199 361 1300 397 nulla
1320 359 1388 396 erit
1401 359 1422 380 ‘¹‘

355 416 535 454 alteratio.
556 417 606 453 Et
624 416 674 453 ita
693 415 784 453 nihil
813 423 869 452 est
887 416 992 464 quod
1021 422 1169 463 ponunt
1187 412 1222 442 ββ
1246 412 1421 450 differen-

354 470 446 507 tiam
474 469 571 506 inter
598 469 883 517 generationem
913 476 949 505 et
977 467 1237 504 alterationem

412 524 445 560 5.
472 523 691 560 Secundam
720 522 906 559 rationem
934 521 1042 569 ponit
1064 520 1131 556 ibi:
1158 518 1331 566 Amplius
1354 531 1421 555 au-

355 582 427 613 tem
453 583 521 613 etc.
552 577 601 612 Et
629 575 716 612 dicit
749 574 854 623 quod
884 585 1038 610 necesse
1071 580 1128 609 est
1160 584 1378 620 supponere
1401 571 1421 593 ’¹‘

354 641 473 666 unam
501 636 676 666 naturam
702 627 906 672 contrariis,
936 638 1035 675 quae
1055 633 1143 662 sunt
1165 625 1316 662 termini
1335 636 1419 662 mo-

354 691 426 730 tus,
455 682 494 719 in
523 682 692 731 quolibet
719 687 826 717 motu
854 685 896 725 ⁷⁷,
918 679 1056 715 scilicet
1085 678 1166 716 sive
1195 686 1421 715 transmute-

355 743 414 772 tur
462 734 604 783 aliquid
640 733 852 771 secundum
889 733 1043 778 locum,
1084 732 1165 769 sive
1207 732 1420 769 secundum

354 796 602 836 augmentum
618 795 653 824 et
673 785 987 824 deminutionem.
1004 786 1054 822 Et
1077 785 1246 822 similiter
1264 797 1421 822 necesse

355 850 410 878 est
429 839 457 863 δᾶ
475 842 550 878 hoc
572 853 652 877 esse
671 839 710 876 in
729 839 962 885 alteratione,
983 846 1025 875 ut
1043 838 1074 875 si
1098 838 1266 876 alteratio
1287 846 1354 885 est,
1376 838 1421 876 sit

353 907 475 932 unum
504 894 716 930 subiectum
743 900 779 929 et
797 904 874 929 una
903 891 1062 929 materia
1082 892 1257 929 omniurn
1277 893 1420 929 haben-

354 948 449 985 tium
477 945 697 984 huiusmodi
725 945 1082 982 transmutationem
1117 945 1353 983 adinvicem:
1384 953 1420 982 et

355 1001 385 1038 si
415 1008 470 1037 est
496 1012 617 1037 unum
655 998 868 1036 subiectum
908 1010 1043 1035 eorum
1079 999 1292 1036 secundum
1321 1011 1420 1047 quae

354 1053 556 1091 attenditur
583 1051 764 1098 alteratio,
789 1051 959 1100 sequitur
978 1057 1001 1072 ‘⁸
1030 1052 1136 1101 quod
1163 1052 1210 1089 sit
1237 1052 1418 1089 alteratio.

355 1107 455 1154 Quia
474 1106 583 1154 igitur
601 1104 782 1154 praedicti
796 1105 1015 1154 philosophi
1031 1118 1110 1142 non
1130 1113 1280 1154 ponunt
1298 1118 1420 1143 unum

353 1160 565 1197 subiectum
603 1158 778 1196 omnium
817 1158 1039 1208 qualitatum
1078 1159 1290 1196 secundum
1326 1171 1421 1207 quas

352 1212 554 1250 attenditur
573 1211 752 1259 alteratio,
774 1213 841 1249 sed
860 1213 980 1261 plura',
1001 1224 1080 1249 non
1098 1220 1259 1261 possunt
1276 1225 1422 1261 ponere

353 1266 631 1303 alterationem:
654 1265 762 1302 etsie
789 1277 1029 1314 supervacue
1050 1265 1180 1303 dicunt
1207 1265 1310 1303 aliud
1338 1279 1421 1303 esse

352 1319 636 1367 generationem
648 1326 684 1355 et
693 1318 951 1355 alterationem
965 1318 1033 1355 ss=.-
1041 1319 1178 1356 Differt
1187 1327 1315 1357 autem
1326 1320 1422 1357 haec

353 1373 446 1409 ratio
467 1385 489 1409 a
507 1372 640 1421 priori:
661 1384 752 1409 nam
767 1372 863 1409 haee
878 1371 972 1408 ratio
988 1372 1152 1420 assignat
1165 1372 1421 1410 universalem

354 1438 507 1463 causam
524 1425 639 1462 medii
655 1425 761 1474 quod
780 1425 1047 1462 assumebatur
1061 1425 1098 1463 in
1117 1426 1242 1475 prima
1261 1426 1419 1464 ratione.

407 1480 442 1516 6.
464 1479 614 1516 Deinde
644 1491 732 1515 cum
762 1478 867 1516 dicit:
895 1479 1140 1526 Empedocles
1168 1480 1317 1528 quidem
1351 1480 1421 1530 igi-

353 1539 414 1569 tur
442 1540 524 1580 etc„
547 1532 712 1581 disputat
740 1539 871 1569 contra
891 1532 1172 1581 Empedoclem
1197 1533 1419 1582 specialiter,

354 1586 502 1624 duabus
531 1585 750 1623 rationibus.
782 1585 894 1622 Circa
931 1597 1095 1634 quarum
1132 1586 1298 1635 primam
1333 1586 1422 1624 dicit

354 1640 457 1688 quod
486 1638 743 1688 Empedocles
778 1638 930 1676 videtur
966 1639 1154 1676 contraria
1183 1639 1307 1676 dicere
1341 1652 1420 1677 non

353 1693 480 1730 solum
499 1692 586 1729 his*
607 1704 705 1741 quae
735 1699 920 1741 apparent
948 1693 1161 1730 secundum
1191 1705 1360 1740 sensum,
1380 1693 1420 1730 in

354 1746 491 1795 quibus
506 1745 526 1767 '³‘
553 1745 731 1783 videmus
752 1757 797 1782 ex
823 1758 922 1794 aqua
941 1746 1024 1783 fieri
1053 1758 1182 1783 aerem
1207 1754 1244 1783 et
1268 1759 1313 1783 ex
1332 1759 1420 1783 aere

352 1799 498 1847 ignem:
529 1799 596 1836 sed
631 1799 744 1836 etiam
781 1798 934 1836 videtur
962 1799 1148 1837 contraria
1186 1799 1312 1836 dicere
1349 1799 1421 1836 sibi

353 1853 435 1901 ipsi.
457 1853 515 1889 Ex
542 1865 620 1889 una
649 1852 752 1889 enim
780 1859 885 1901 parte
915 1852 1004 1890 dicit
1038 1852 1143 1901 quod
1171 1853 1317 1890 nullum
1348 1854 1420 1890 ele-

353 1913 573 1943 mentorum
601 1913 802 1954 generatur
820 1911 850 1928 nn
870 1918 916 1942 ex
945 1906 1074 1953 altero,
1095 1905 1164 1943 sed
1191 1906 1263 1943 alia
1291 1906 1422 1944 omnia

354 1960 582 1996 elementata
611 1971 773 2008 corpora
793 1967 1078 2008 componuntur
1107 1971 1150 1996 ex
1181 1959 1253 1996 eis:
1283 1971 1329 1996 ex
1348 1960 1422 1997 alia

353 2025 447 2050 vero
462 2012 482 2034 '¹‘
497 2012 585 2049 dicit
604 2012 719 2059 quod,
741 2020 948 2061 antequam
963 2012 1132 2050 mundus
1146 2012 1208 2049 hic
1222 2025 1420 2061 generare-

353 2073 423 2113 tur,
437 2065 590 2114 contigit
599 2064 625 2087 ⁰⁰
641 2077 798 2102 omnem
817 2073 993 2103 naturam
1010 2078 1137 2103 rerum
1153 2073 1420 2115 congregatam

355 2131 437 2156 esse
465 2119 504 2156 in
541 2131 663 2156 unum
695 2131 765 2168 per
792 2119 1013 2167 amicitiam,
1046 2126 1198 2169 praeter
1228 2120 1351 2166 litem;
1386 2128 1422 2157 et

352 2172 459 2222 quod
474 2182 603 2209 rursus
622 2172 928 2221 unumquodque
945 2173 1237 2220 elementorum,
1255 2180 1291 2210 et
1306 2173 1420 2210 etiam

351 2225 659 2275 unumquodque
688 2225 849 2262 aliorum
878 2238 1098 2275 corporum,
1119 2226 1262 2263 factum
1292 2234 1347 2264 est
1375 2239 1421 2264 ex

352 2279 414 2316 illo
433 2291 512 2316 uno
531 2291 601 2328 per
628 2278 732 2316 litem
752 2287 1016 2327 segregantem
1037 2292 1108 2317 res.
1130 2279 1242 2317 Unde
1262 2279 1421 2317 manife-

352 2340 452 2370 stum
481 2340 537 2370 est
564 2332 670 2382 quod
696 2344 766 2381 per
792 2333 980 2381 quasdam
1010 2332 1239 2370 differentias
1273 2341 1309 2370 et
1334 2346 1422 2383 pas-

352 2386 478 2423 siones
511 2385 751 2423 diversorum
781 2386 1071 2433 elementorum,
1098 2386 1239 2423 facturn
1269 2394 1326 2424 est
1351 2399 1422 2436 per

351 2439 453 2476 litem
483 2439 589 2487 quod
618 2452 663 2476 ex
691 2438 753 2476 illo
773 2451 852 2476 uno
881 2439 1007 2488 primo
1036 2440 1111 2476 hoc
1141 2446 1239 2476 esset
1258 2451 1358 2488 aqua
1386 2448 1422 2477 et

351 2492 452 2530 aliud
473 2500 572 2529 esset
590 2492 696 2540 ignis.
718 2493 767 2529 Et
787 2492 1041 2542 exemplificat
1070 2492 1117 2530 de
1138 2492 1357 2530 differentiis
1387 2501 1422 2530 et

350 2545 591 2595 passionibus
608 2546 645 2582 *ε
666 2545 855 2594 sicutipse
881 2545 969 2582 dicit
983 2546 1088 2595 quod
1111 2546 1178 2592 sol,
1200 2545 1296 2583 idest
1311 2546 1418 2594 ignis,

353 2606 408 2636 est
435 2599 542 2636 albus
572 2606 608 2636 et
636 2598 779 2636 calidus
808 2606 844 2635 et
871 2598 981 2646 levis,
1011 2606 1111 2636 terra
1139 2605 1267 2636 autern
1294 2599 1419 2647 gravis

353 2659 388 2688 et
417 2652 520 2689 dura.
551 2653 600 2689 Et
627 2651 680 2688 sic
713 2659 816 2701 patet
844 2652 948 2701 quod
983 2651 1076 2688 istae
1110 2651 1343 2688 differentiae
1372 2653 1420 2690 de

405 2789 446 2824 ββ)
465 2791 537 2824 quod
550 2794 664 2823 ponunt.
676 2798 804 2823 -ponere
818 2791 848 2816 B.
857 2804 876 2810 -
885 2791 937 2816 Pro
950 2791 1021 2816 inter
1033 2791 1232 2825 generationem
1243 2795 1270 2817 et
1281 2791 1420 2817 alteratio-

352 2834 419 2856 nem,
439 2826 510 2852 inter
528 2826 714 2851 alterationem
733 2829 760 2851 et
777 2826 975 2859 generationem
995 2827 1079 2852 PCab.

403 2861 446 2897 γγ)
468 2862 494 2887 in
509 2862 624 2895 quolibet
637 2865 719 2887 motu.
732 2876 750 2880 —
762 2865 835 2887 motu
849 2870 903 2886 om.
917 2862 993 2887 PCab
1006 2876 1026 2881 -
1037 2863 1137 2888 seilicet
1150 2870 1204 2888 om.
1216 2863 1251 2893 B;
1267 2870 1315 2896 pro
1329 2865 1418 2888 trans-

351 2901 476 2927 mutetur,
497 2900 676 2923 transmutent
694 2898 725 2928 A,
745 2900 945 2922 transmutatur
962 2898 1049 2923 BCab.

403 2932 444 2967 δδ)
464 2933 588 2959 similiter
602 2940 705 2958 necesse
718 2936 767 2958 est.
779 2947 798 2952 -
811 2933 967 2965 simpliciter
981 2940 1083 2959 necesse
1101 2937 1142 2958 est
1160 2933 1227 2964 Cab‚·
1247 2933 1309 2959 item
1327 2941 1375 2967 pro
1389 2937 1419 2959 ut

350 2969 374 2994 si
391 2969 517 2995 alteratio
531 2972 570 2994 est
587 2969 623 2994 sit
642 2976 732 2998 unum,
753 2972 783 2994 ut
800 2968 899 2994 scilicet
910 2969 935 2994 si
946 2969 1073 2994 alteratio
1091 2972 1131 2994 est
1149 2969 1173 2994 si
1192 2977 1281 2994 unum.
1296 2970 1319 2994 A
1333 2975 1418 2994 trans-

351 3005 487 3038 ponendo:
506 3004 542 3030 sit
561 3011 614 3029 una
634 3004 749 3029 materia
766 3011 826 3030 cum
845 3005 920 3035 (tum
929 3004 957 3036 9)
977 3012 1059 3029 unum
1077 3005 1230 3030 subiectum.

403 3039 438 3075 εε)
458 3043 484 3065 et
502 3040 526 3065 si
538 3042 613 3065 est...
625 3040 754 3072 sequitur.
765 3054 786 3059 -
798 3043 824 3065 et
837 3040 876 3065 sic
890 3043 965 3065 est..
987 3043 1013 3065 et
1032 3040 1152 3072 sequitur
1167 3040 1236 3069 Cain
1254 3043 1281 3066 et
1299 3041 1324 3066 si
1342 3044 1382 3066 est
1392 3058 1418 3067 ...

350 3076 470 3108 sequitur
488 3075 568 3100 etiam
587 3075 607 3100 P
614 3084 621 3107 ;
641 3083 688 3107 pro
706 3076 849 3100 secundum
869 3083 943 3108 quae,
963 3076 1107 3101 secundum
1126 3075 1198 3108 quod
1216 3077 1246 3100 B.

404 3111 444 3145 ζζ)
461 3118 597 3144 ponere...
611 3113 637 3136 et
651 3110 846 3136 alterationem.
859 3125 879 3130 -
888 3118 995 3143 ponere
1008 3111 1181 3137 alterationes
1193 3114 1220 3137 et
1233 3112 1419 3144 generationes

352 3147 437 3172 PCab.
449 3160 468 3167 --
481 3147 531 3172 Pro
550 3154 612 3171 nam
632 3146 697 3171 haec
716 3146 795 3176 ratio,
818 3154 879 3172 nam
891 3147 985 3179 prima
998 3146 1061 3176 Cab,
1076 3154 1138 3172 nam
1154 3147 1207 3172 ista
1226 3147 1258 3178 P;
1278 3155 1325 3180 pro
1343 3155 1418 3173 assu-

352 3182 479 3212 mebatur,
499 3182 646 3207 assumitur
664 3182 693 3212 Β,
713 3182 870 3215 assignatur
884 3182 922 3207 Ca
927 3190 936 3212 ,·
955 3182 1043 3215 proin
1058 3183 1160 3214 prima,
1175 3183 1201 3208 in
1212 3183 1365 3215 praemissa
1382 3184 1414 3208 A.

350 3231 369 3236 —-
382 3218 402 3242 Β
421 3225 475 3243 om.
489 3225 603 3250 sequens
619 3217 723 3242 Deinde
736 3225 796 3243 cum
811 3218 891 3247 dicit,
913 3223 939 3243 et
953 3222 1050 3243 textum
1069 3217 1158 3251 incipit
1177 3218 1328 3250 maiuscula,
1342 3219 1417 3252 quasi

352 3253 399 3278 alia
418 3253 539 3286 inciperet
558 3252 641 3278 lectio.

404 3287 448 3322 ηη)
468 3292 622 3321 generatur.
635 3302 654 3307 -
667 3289 781 3314 alterum
800 3289 836 3314 sit
854 3289 892 3320 A,
904 3289 942 3322 sit
960 3290 990 3314 B.
1009 3303 1028 3308 -
1045 3289 1097 3314 Pro
1115 3290 1274 3315 elementata
1292 3297 1417 3322 corpora,

352 3330 465 3356 corpora
483 3325 512 3354 B,
532 3324 660 3349 elementa
677 3331 819 3356 corporum
839 3325 886 3350 Ca.

405 3356 444 3392 00)
483 3362 646 3387 eneraretur.
664 3360 787 3393 contigit.
800 3373 819 3379 -—
832 3363 982 3393 generetur,
998 3360 1131 3394 contingit
1145 3361 1253 3386 PACab.
1266 3374 1286 3380 -
1299 3360 1351 3386 Pro
1369 3368 1417 3386 na-

353 3396 442 3418 turam
469 3393 569 3429 φύσιν),
584 3395 725 3420 materiam
739 3396 772 3425 B;
792 3403 840 3428 pro
858 3399 1051 3429 congregatam
1066 3403 1129 3426 esse,
1143 3396 1307 3430 congregari
1325 3397 1417 3426 peut,-

352 3433 412 3461 post
431 3436 523 3454 rursus
543 3430 587 3454 AB
603 3430 660 3455 add.
678 3437 728 3462 per
745 3430 832 3459 litem,-
851 3439 898 3464 pro
912 3431 1019 3465 sactum
1042 3435 1082 3457 est
1095 3439 1133 3457 ex
1147 3432 1192 3457 illo
1212 3439 1278 3460 uno,
1298 3431 1343 3457 ubi
1364 3440 1417 3458 uno

351 3471 404 3488 om.
424 3465 459 3494 A,
477 3465 664 3498 segregabitur
683 3466 767 3491 PCab.
780 3479 799 3485 ·-
818 3466 854 3491 Ibi
873 3467 948 3492 Unde
969 3472 1033 3499 etc„
1053 3467 1092 3492 Ca
1111 3468 1212 3500 legunt:
1236 3467 1311 3493 Unde
1330 3468 1416 3493 mani-

346 3499 447 3533 festum
462 3502 502 3524 est
515 3507 580 3532 quas
595 3499 734 3533 (quasdam
749 3499 780 3535 C)
795 3501 960 3534 differentias
972 3506 998 3527 et
1007 3503 1148 3535 passiones
1167 3501 1369 3536 (passionesque
1383 3503 1415 3538 C)

353 3534 517 3560 diversorum
536 3536 724 3561 elementorum
737 3536 843 3570 factum
861 3540 901 3562 est
920 3536 986 3571 (esse
1005 3537 1046 3571 C).

407 3568 435 3603 ιι)
454 3570 606 3595 huiusmodi
620 3571 797 3607 differentiae,
806 3586 825 3591 -
839 3572 1004 3606 differentiae
1017 3574 1083 3603 edd„
1099 3574 1166 3599 istae
1180 3573 1347 3608 differentiae
1360 3574 1389 3600 C.
1399 3588 1418 3595 -

353 3605 415 3630 Post
429 3605 596 3639 manifestum
610 3613 663 3630 om.
677 3609 716 3631 est
730 3607 788 3632 edd.
801 3621 820 3626 -
833 3608 883 3632 Pro
897 3608 1084 3634 elementorum
1103 3616 1140 3634 ex
1152 3610 1214 3639 alio,
1228 3611 1416 3637 elementorum

351 3640 467 3666 aliorum
487 3648 524 3666 ex
542 3641 644 3673 reliquo
662 3642 721 3673 AB;
741 3642 855 3668 aliorum
874 3643 933 3669 add.
948 3644 1025 3668 etiam
1043 3644 1095 3669 ab.

861 284 932 320 DE
962 281 1351 320 GENERATIONE
1381 281 1452 317 ET
1482 278 1865 316 CORRUPTIONE
1895 279 1989 315 LIB.
2020 279 2035 315 Ι

1477 371 1581 395 novo
1611 358 1886 407 superveniunt
1905 357 2112 395 elementis.
2142 358 2272 395 Omne
2291 365 2421 396 autern
2441 359 2547 407 quod

1477 411 1525 448 de
1554 423 1658 448 novo
1688 411 1854 458 advenit,
1871 419 1996 460 potest
2010 411 2160 448 auferri.
2178 410 2280 458 Quia
2294 411 2404 459 igitur
2417 412 2547 449 huius-

1476 464 1583 501 modi
1621 464 1855 502 differentiae
1887 472 1903 485 ‘¹
1937 473 2025 502 sunt
2061 464 2297 512 auferibiles,
2330 471 2462 513 utpote
2497 465 2546 503 de

1476 530 1581 555 novo
1616 518 1781 565 genitae,
1811 518 2057 555 manifestum
2087 525 2142 555 est
2170 517 2287 567 quod,
2314 517 2447 555 ablatis
2475 518 2546 555 hu-

1475 571 1643 608 iusmodi
1679 570 1920 618 differentiis,
1950 584 2107 609 necesse
2144 579 2200 608 est
2227 570 2310 608 fieri
2341 578 2376 608 et
2403 583 2546 620 aquam

1476 637 1522 661 ex
1541 631 1641 661 terra
1662 632 1697 661 et
1711 632 1851 662 terram
1867 637 1911 661 ex
1932 637 2043 674 aqua,
2062 633 2098 662 et
2117 625 2286 662 similiter
2300 624 2545 673 unumquod-

1476 690 1550 727 que
1580 678 1859 715 elementorum
1889 691 1935 715 ex
1963 678 2058 715 alio:
2090 686 2125 715 et
2152 679 2227 715 hoc
2256 690 2335 715 non
2369 683 2457 715 tunc
2484 690 2545 715 so-

1475 731 1576 778 lum,
1611 731 1751 768 scilicet
1778 737 1805 752 '²¹‘
1834 731 1873 768 in
1908 731 2094 780 principio
2133 731 2294 778 mundi,
2326 732 2395 769 sed
2431 731 2545 768 etiam

1476 796 1599 821 nunc:
1627 792 1663 821 et
1682 785 1757 822 hoc
1784 797 1854 833 per
1872 785 2226 822 transmutationem
2255 785 2491 835 passionum.
2520 806 2545 813 -

1475 838 1525 874 Et
1544 838 1651 885 quod
1670 837 1752 874 talis
1771 838 2035 875 transmutatio
2054 838 2279 887 passionum
2298 838 2382 876 fieri
2404 838 2546 888 possit,

1475 891 1614 940 probat
1633 891 1842 940 dupliciter.
1864 891 1995 928 Primo
2016 891 2172 941 quidem
2188 891 2208 914 ²¹⁶
2228 904 2274 929 ex
2292 899 2428 929 natura
2446 891 2546 941 ipsa—

1476 956 1562 980 rum
1590 944 1833 993 passionum:
1863 944 1953 994 quia
1991 957 2035 982 ex
2063 945 2123 983 his
2160 957 2260 994 quae
2290 945 2378 983 dicit
2406 946 2547 995 Empe-

1476 997 1617 1044 docles,
1638 997 1808 1046 sequitur
1827 997 1932 1046 quod
1952 998 2100 1047 possint
2117 998 2138 1020 '¹‘
2156 998 2205 1036 de
2224 1011 2330 1036 novo
2349 999 2545 1046 advenire,

1474 1058 1567 1100 puta
1595 1063 1664 1099 per
1682 1051 1785 1087 litem
1805 1058 2086 1099 segregantem,
2108 1059 2144 1088 et
2163 1064 2290 1089 rursus
2310 1052 2478 1102 separari
2497 1053 2545 1090 ab

1477 1104 1686 1151 elementis,
1706 1112 1799 1153 puta
1825 1116 1894 1153 per
1922 1104 2128 1141 amicitiam
2146 1104 2167 1126 ’Β
2190 1105 2399 1143 unientem.
2428 1106 2548 1143 Aliter

1477 1170 1522 1194 ex
1538 1170 1652 1195 causa
1670 1157 1819 1194 illarum
1839 1157 2080 1207 passionum:
2096 1157 2186 1206 quia
2202 1158 2315 1195 etiarn
2335 1171 2438 1196 nunc
2457 1171 2548 1197 con-

1476 1211 1678 1248 trariantur
1692 1210 1908 1248 adinvicem
1924 1210 1968 1248 lis
1984 1218 2020 1248 et
2038 1211 2205 1248 amicitia
2217 1209 2254 1249 ²².
2272 1212 2321 1248 Et
2339 1211 2427 1249 ideo
2447 1218 2547 1258 tunc,

1477 1264 1617 1302 scilicet
1634 1265 1672 1302 in
1700 1264 1886 1314 principio
1906 1264 2054 1312 mundi,
2075 1276 2121 1301 ex
2149 1277 2229 1302 uno
2254 1272 2434 1313 generata
2461 1272 2550 1303 sunt

1478 1319 1686 1366 elementa,
1717 1317 2074 1367 supervenientibus
2101 1317 2160 1355 his
2199 1318 2436 1356 differentiis:
2466 1331 2547 1357 non

1477 1371 1579 1408 enim
1608 1379 1734 1420 potest
1763 1371 1836 1409 dici
1864 1371 1969 1419 quod
1999 1371 2117 1419 ignis,
2146 1379 2246 1409 terra
2275 1379 2312 1409 et
2339 1384 2440 1421 aqua
2472 1372 2547 1410 exi-

1476 1425 1611 1462 stentia
1639 1432 1736 1472 actu,
1759 1432 1883 1462 essent
1909 1437 2031 1462 unum
2059 1432 2196 1462 totum.

1530 1491 1566 1527 7.
1598 1479 1816 1516 Secundam
1846 1478 2033 1515 rationem
2059 1478 2169 1527 ponit
2195 1477 2248 1516 ibi
2270 1485 2325 1516 “l‘:
2354 1480 2548 1517 Incertum

1475 1538 1601 1569 autem
1635 1539 1704 1569 etc.
1743 1532 1793 1568 Et
1829 1531 1917 1569 dicit
1953 1531 2059 1580 quod
2101 1532 2288 1569 incertum
2327 1539 2382 1569 est
2417 1539 2548 1571 utrum

1476 1585 1732 1634 Empedocles
1770 1584 1944 1622 debuerit
1978 1597 2100 1622 unum
2135 1585 2365 1634 principium
2401 1597 2548 1635 ponere

1476 1646 1540 1676 aut
1568 1639 1703 1685 multa,
1733 1638 1911 1688 quamvis
1938 1638 2020 1687 ipse
2048 1639 2169 1676 multa
2196 1639 2377 1688 posuerit,
2406 1639 2550 1677 scilicet

1475 1692 1602 1740 ignem
1633 1699 1669 1729 et
1695 1699 1836 1729 terram
1866 1699 1902 1729 et
1930 1691 2002 1729 alia
2030 1704 2129 1741 quae
2159 1691 2370 1730 coexistunt
2398 1692 2464 1730 eis.
2498 1693 2549 1730 Et

1475 1745 1563 1782 ideo
1591 1751 1616 1765 ’¹'
1645 1745 1733 1782 dicit
1761 1757 1843 1781 esse
1873 1745 2072 1793 incertum,
2094 1745 2183 1794 quia
2201 1745 2430 1794 inquantum
2458 1757 2548 1796 sup-

1474 1798 1629 1847 ponitur
1646 1811 1769 1835 unum
1799 1798 2009 1846 quoddam,
2031 1810 2077 1835 ex
2097 1810 2175 1847 quo
2204 1798 2301 1836 sicut
2325 1811 2370 1836 ex
2389 1799 2548 1837 materia

1474 1852 1572 1889 fiunt
1590 1851 1696 1900 ignis,
1717 1859 1817 1888 terra
1837 1859 1873 1888 et
1900 1863 2001 1901 aqua
2027 1864 2098 1900 per
2126 1851 2293 1900 aliquam
2321 1859 2548 1890 transmuta-

1474 1905 1618 1942 tionem
1647 1917 1669 1942 a
1697 1905 1757 1942 lite
1786 1912 2018 1953 segregante,
2044 1905 2197 1942 videtur
2223 1905 2330 1954 quod
2357 1905 2403 1942 sit
2424 1917 2549 1944 unum

1476 1959 1728 1996 elementum:
1762 1958 1989 2008 inquantum
2019 1966 2148 1995 autem
2176 1955 2204 1982 tt
2231 1958 2322 1996 illud
2353 1970 2477 1996 unum
2503 1959 2550 1997 fit

1476 2024 1521 2049 ex
1551 2011 1827 2061 compositione
1862 2012 2140 2049 elementorum
2167 2012 2207 2049 in
2244 2024 2368 2050 unum
2405 2024 2549 2051 conve-

1475 2065 1656 2103 nientium
1693 2078 1762 2114 per
1789 2065 2011 2113 amicitiam,
2041 2065 2100 2102 illa
2128 2073 2279 2113 autem,
2310 2065 2447 2103 scilicet
2474 2066 2549 2104 ele-

1475 2126 1615 2166 menta,
1636 2119 1734 2156 fiunt
1763 2131 1807 2155 cx
1826 2119 1888 2156 illo
1915 2131 1996 2156 uno
2016 2131 2086 2168 per
2104 2118 2301 2168 quandam
2335 2119 2549 2158 dissolutio-

1474 2185 1565 2210 nem
1593 2185 1663 2221 per
1687 2172 1950 2221 operationem
1963 2172 2044 2220 litis,
2059 2172 2211 2210 videtur
2228 2172 2350 2221 magis
2368 2173 2475 2222 quod
2487 2172 2550 2211 illa

1475 2233 1639 2275 quatuor
1658 2226 1730 2263 sint
1758 2226 1948 2263 elementa
1976 2234 2013 2263 et
2039 2226 2143 2275 prius
2170 2234 2306 2264 natura
2328 2231 2366 2264 ⁶⁰.
2388 2227 2438 2264 Et
2463 2226 2551 2265 licet

1474 2280 1550 2317 hoc
1582 2279 1701 2327 magis
1739 2279 1958 2318 attendebat
1995 2280 2275 2329 Empedocles,
2305 2292 2455 2330 ponens
2487 2292 2549 2319 res

1474 2332 1557 2370 fieri
1574 2345 1645 2382 per
1660 2333 1993 2381 congregationem
2013 2341 2050 2370 et
2068 2333 2384 2382 segregationem,
2403 2333 2548 2372 Aristo·

1474 2387 1566 2423 teles
1594 2393 1725 2424 tamen
1748 2386 1787 2424 in
1805 2387 2048 2435 praecedenti
2077 2387 2221 2424 ratione
2249 2387 2423 2436 probat*
2441 2387 2549 2437 quod

1475 2452 1630 2476 necesse
1661 2447 1716 2476 est
1744 2440 1933 2477 elementa
1959 2440 2042 2477 fieri
2070 2452 2150 2477 non
2177 2453 2247 2490 per
2275 2441 2396 2478 solam
2425 2452 2548 2489 segre-

1475 2492 1666 2540 gationem
1687 2498 1736 2539 ⁷³⁸,
1763 2492 1831 2530 sed
1859 2505 1929 2541 per
1952 2493 2148 2541 quandam
2177 2493 2546 2542 transmutationem,

1476 2545 1830 2594 supervenientibus
1852 2546 2068 2583 differentiis
2084 2546 2382 2584 elementorum:
2403 2558 2449 2584 ex
2468 2559 2547 2598 quo

1475 2599 1643 2648 sequitur
1654 2599 1883 2636 contrarium
1900 2599 1980 2637 eius
1994 2599 2100 2649 quod
2114 2599 2336 2638 intendebat
2350 2600 2548 2650 Empedo-

1476 2653 1563 2699 cles,
1586 2652 1723 2689 scilicet
1741 2652 1847 2702 quod
1866 2652 1955 2690 illud
1970 2665 2092 2690 unum
2109 2653 2153 2691 sit
2167 2653 2287 2702 magis
2306 2653 2546 2704 principium.

1526 2792 1568 2827 κκ)
1588 2800 1640 2818 non
1656 2797 1719 2818 tunc
1732 2794 1827 2823 solum,
1846 2794 1953 2820 scilicet.
1971 2807 1991 2813 -
2009 2801 2061 2819 non
2074 2794 2134 2828 suit
2150 2795 2238 2820 solum
2256 2795 2288 2824 Α,
2307 2801 2360 2820 non
2379 2797 2444 2821 tune
2461 2794 2547 2821 solnm

1473 2831 1512 2853 est
1530 2829 1560 2854 B.
1578 2843 1598 2848 —
1617 2829 1711 2854 mundi
1728 2837 1783 2854 om.
1797 2829 1888 2860 Peab5
1907 2837 1956 2862 pro
1970 2836 2031 2862 per,
2046 2833 2163 2862 propter
2180 2830 2210 2855 B.

1525 2863 1573 2899 λλ)
1592 2864 1679 2889 Aliter
1730 2865 1859 2890 amicitia.
1874 2879 1892 2884 -
1905 2865 1993 2890 Aliter
2011 2871 2049 2890 ex
2066 2872 2150 2891 causa
2168 2865 2277 2891 illarum
2285 2866 2444 2898 passionum
2449 2873 2460 2895 ,-
2473 2871 2546 2897 m,

1472 2900 1535 2932 quia
1553 2900 1633 2925 etiam
1654 2904 1723 2926 nunc
1736 2901 1942 2926 contrariantur
1959 2901 1992 2926 lis
2010 2903 2037 2926 et
2054 2901 2174 2927 amicitia
2192 2901 2263 2927 sicut
2281 2902 2308 2927 in
2322 2901 2468 2934 principio,
2478 2908 2547 2936 ergo

1471 2935 1552 2960 etiam
1572 2932 1643 2961 nunc
1666 2936 1796 2961 elementa
1816 2939 1932 2968 possunt
1955 2936 2138 2962 transmutari
2158 2937 2303 2963 seeundum
2329 2937 2496 2971 differentias
2519 2940 2547 2963 et

1467 2971 1607 3003 passiones
1627 2971 1671 2997 Pb.
1691 2972 1768 2996 Forte
1787 2972 1851 2997 ratio
1869 2972 1904 2997 ob
1923 2979 2004 3005 quam
2023 2972 2060 2997 Pb
2079 2973 2170 3005 legunt
2194 2979 2257 2998 nam
2277 2972 2354 3005 quia,
2381 2978 2407 2998 et
2424 2977 2547 3006 repetunt

1471 3007 1667 3032 conclusionem
1686 3007 1820 3039 intentam,
1838 3008 1890 3041 peti
1909 3012 1996 3041 potest
2015 3015 2047 3033 ex
2063 3007 2114 3033 hoc
2127 3008 2201 3042 quod
2212 3015 2230 3038 a
2245 3006 2283 3042 (et
2296 3008 2328 3043 C)
2342 3007 2422 3034 habet
2433 3011 2461 3034 et
2472 3008 2546 3042 qnia.

1472 3042 1556 3067 Etiam
1575 3043 1614 3067 Ca
1632 3050 1686 3068 om.
1700 3043 1858 3069 adinvicem.

1525 3077 2376 3148 asumma..
2386 3082 2489 3141 aa

1716 3133 1724 3145 J
2083 3132 2090 3143 2
2535 3133 2544 3146 1

1470 3148 1559 3181 ignem
1579 3153 1679 3174 terram
1703 3154 1730 3175 et
1752 3157 1851 3183 aquam
1870 3150 1964 3179 PCab5
1982 3158 2031 3184 pro
2055 3150 2212 3176 coexistunt
2233 3150 2283 3181 eis,
2307 3150 2432 3176 existunt
2448 3150 2488 3177 eis
2504 3151 2544 3183 Α,

1469 3185 1618 3210 consistunt
1636 3192 1673 3210 ex
1691 3186 1729 3210 eis
1748 3186 1778 3210 Β.

1523 3219 1561 3254 νν)
1583 3221 1619 3246 Et
1633 3220 1701 3246 ideo.
1714 3234 1733 3240 ·-
1746 3221 1779 3246 Id
1796 3224 1886 3247 autem
1906 3221 1968 3251 Pab,
1984 3221 2047 3247 Ideo
2065 3224 2155 3247 autem
2168 3221 2199 3247 C.
2211 3235 2231 3241 -—
2243 3221 2294 3247 Pro
2308 3221 2467 3255 inquantum
2480 3228 2544 3255 tup-

1466 3256 1581 3288 ponitur
1600 3264 1681 3282 unum
1700 3257 1845 3289 quoddam,
1865 3264 1904 3282 ex
1922 3264 1974 3289 quo
1993 3265 2075 3283 unum
2089 3257 2244 3290 ponebatur
2255 3257 2347 3287 mab,-
2366 3265 2414 3290 pro
2427 3257 2544 3290 peruli-

1469 3299 1548 3324 quam
1568 3297 1625 3321 erc„
1640 3299 1692 3324 per
1710 3292 1856 3318 amicitiam
1876 3295 2102 3318 transmutantem
2121 3295 2148 3318 et
2164 3293 2238 3319 litem
2256 3296 2445 3327 segregantem
2463 3293 2495 3319 Β.

1524 3325 1563 3361 Εξ)
1583 3327 1740 3360 inquantum
1759 3331 1859 3354 autem.
1872 3342 1892 3347 -
1908 3332 1998 3354 autem
2017 3335 2072 3354 om.
2087 3328 2171 3359 Pcab,
2186 3333 2212 3354 et
2226 3333 2286 3361 post
2303 3328 2452 3354 amicitiam
2464 3328 2542 3362 plun-

1470 3362 1519 3387 sirn
1533 3363 1680 3388 absolvunt.
1694 3364 1780 3396 Pergit
1793 3371 1824 3389 a:
1836 3364 1887 3389 Illa
1896 3364 1996 3390 scilicet
2011 3364 2082 3397 quod
2095 3364 2225 3390 elementa
2236 3363 2319 3397 flunt,
2333 3364 2370 3389 C:
2385 3363 2429 3389 Ita
2440 3363 2544 3392 scilieet

1469 3398 1542 3431 quod
1560 3398 1606 3424 illa
1624 3399 1754 3424 elementa
1765 3399 1854 3433 fiunt,
1874 3400 1925 3424 Pb.-
1945 3399 1996 3425 Illa
2021 3403 2111 3425 autem
2135 3399 2236 3426 scilicet
2257 3402 2375 3432 quatuor
2397 3399 2543 3431 elementa,

1470 3433 1627 3466 inquantum
1639 3435 1724 3468 fiunt.

1524 3468 1567 3503 oo)
1582 3473 1608 3495 et
1616 3470 1697 3502 prius
1711 3474 1820 3496 natura.
1828 3483 1848 3490 -
1856 3473 1883 3496 et
1892 3471 2031 3503 principia
2043 3470 2112 3500 ΒΓΔ,
2126 3474 2153 3496 et
2162 3470 2300 3504 principia
2313 3474 2341 3497 et
2348 3470 2428 3504 prius
2442 3473 2543 3497 mm

1470 3505 1515 3535 Pb,
1529 3505 1576 3530 sed
1586 3505 1619 3530 cf.
1631 3510 1765 3531 textum.—
1774 3506 1875 3547 ⁹¹93
1883 3506 1944 3532 licet
1958 3507 2014 3536 hoc,
2027 3507 2075 3531 Ex
2087 3506 2137 3532 hoc
2145 3507 2176 3536 Α,
2188 3507 2225 3532 Et
2237 3506 2298 3532 licet
2310 3507 2339 3537 Β,
2351 3507 2388 3532 Β
2396 3506 2447 3548 ΙΙ-οο
2455 3505 2542 3531 Ρῦαὸ.

1469 3540 2496 3610 ..101’210032252'233552‘52'22212§.3535225225222.:f,233z¹s‘13z:
2510 3541 2547 3606 ¹133

1470 3611 1531 3644 quia
1541 3611 1555 3636 b
1565 3611 1643 3637 habet
1651 3612 1866 3644 superveniente,-
1880 3620 1927 3645 pro
1937 3613 2114 3641 eontrarium.
2124 3613 2275 3645 oppositum
2285 3613 2315 3637 B.
2322 3625 2342 3632 —
2350 3612 2371 3638 P
2380 3612 2406 3638 in
2415 3610 2468 3637 fine
2482 3611 2540 3637 lect.

1471 3647 1527 3672 sine
1540 3654 1619 3672 sensu
1634 3647 1704 3672 addit
1718 3647 1822 3673 Deinde
1835 3655 1896 3673 cum
1912 3648 1986 3678 dicit,
1999 3648 2069 3681 quod
2082 3648 2134 3673 inm
2147 3647 2174 3673 in
2188 3648 2229 3673 ed.
2239 3648 2339 3673 Venem
2353 3646 2414 3674 1551
2433 3646 2542 3672 obtinet.

2670 472 2687 487 ῑι

2662 738 2693 755 Χκ

2572 897 2584 908 ’
2634 896 2690 919 'dem
2709 898 2782 922 omitt.

2572 923 2639 946 reah.

2573 1003 2682 1052 eoggfm
2698 1003 2751 1027 edd.
2764 1009 2782 1027 ei

2573 1110 2583 1119 '
2598 1109 2703 1132 animan
2716 1110 2782 1133 aaa,

2662 1208 2699 1235 λλ

2665 1960 2694 1993 ἒξ

2664 2236 2696 2255 00

2573 2389 2745 2418 ’mmmm
