2782 4134
125 2917 135 2926 '
143 2915 180 2937 Cf.
189 2916 240 2938 lect.
247 2922 278 2942 nt,
287 2922 336 2944 n-3.

378 274 453 310 302

886 279 958 315 DE
988 278 1375 315 GENERATIONE
1405 278 1475 314 ET
1505 277 1888 315 CORRUPTIONE
1919 278 2013 315 LIB.
2043 278 2057 314 I

1093 501 1391 558 LECTIO
1428 502 1858 559 UNDECIMA

808 654 1128 686 AUGMENTATIO
1152 654 1339 685 DIFFERT
1362 657 1391 685 A
1415 655 1726 688 GENERATIONE
1745 644 1808 687 'ET
1830 657 2142 688 ALTERATIONE

562 714 654 746 NON
679 713 825 745 SOLUM
848 712 905 742 EX
927 712 1070 742 PARTE
1094 711 1190 743 EIUS
1213 712 1257 742 IN
1281 711 1374 750 QUO
1398 712 1512 744 SUNT
1536 713 1660 744 ISTAE
1684 714 2130 753 TRANSMUTATIONES,
2154 714 2233 745 SED
2258 714 2396 745 ETIAM

943 769 1002 800 EX
1025 769 1168 800 PARTE
1191 769 1302 801 MODI
1323 769 1415 807 QUO
1439 770 1510 800 FIT
1534 770 1626 801 IPSA
1648 771 1996 803 TRANSMUTATIO

377 903 453 947 Περὶ
477 896 515 932 δὲ
540 898 711 940 αὐξήσεως
743 896 863 929 λοιπὸν
895 897 1024 938 εἰπεῖν,
1051 899 1085 930 τί
1109 909 1148 929 τε
1173 892 1323 950 διαφέρει
1351 898 1444 944 γενέ-
1497 900 1514 919 *
1536 901 1584 931 De
1604 901 1861 941 augmentatione
1884 908 1992 933 autem
2015 902 2175 943 reliquum
2198 910 2245 934 est
2267 903 2381 942 dicere,
2404 904 2484 945 quid
2507 904 2567 936 dif—
2596 908 2782 943 ·cnp.v.·rext.1'

444 957 524 982 σεως
548 945 606 975 καὶ
633 941 856 982 ἀλλοιώσεως,
874 943 933 973 καὶ
955 942 1023 979 πῶς
1043 939 1233 982 αὐξάνεται
1252 953 1319 974 των
1339 942 1444 983 αὐξα-

444 988 588 1032 νομένων
615 986 760 1018 ’έκαστον
785 988 842 1017 καὶ
868 984 984 1030 φθίνει,
1013 987 1126 1019 ὁτιοῦν
1153 987 1218 1018 τῶν
1245 986 1439 1030 φθινόντων.

375 1076 544 1109 Σκεπτέον
570 1071 613 1111 δή
639 1074 770 1119 πρῶτον
799 1073 943 1118 πότερον
964 1073 1086 1118 μόνως,
1105 1075 1137 1106 ἐν
1155 1075 1203 1116 τῷ
1222 1076 1295 1119 περὶ
1315 1074 1330 1106 ‘0'
1349 1073 1440 1107 ἐστιν

442 1121 555 1153 αὐτῶν
581 1121 600 1156 ἦ
627 1118 707 1163 πρὸς
736 1118 870 1155 ἄλληλα
903 1114 1069 1162 διαφορά,
1097 1119 1165 1150 οἷον
1192 1117 1245 1151 ὅτι
1271 1120 1291 1156 ἢ
1318 1119 1378 1163 μὲν
1406 1119 1441 1151 ἐκ

441 1160 542 1197 τοῦδε
567 1165 612 1201 εἰς
644 1162 726 1196 τόδε
760 1162 962 1205 μεταβολή,
995 1165 1063 1195 οἷον
1091 1163 1126 1195 ἐκ
1151 1159 1291 1207 δυνάμει
1324 1164 1439 1201 οὐσίας

440 1210 485 1247 εἰς
510 1209 704 1253 ἐντελεχείᾳ
730 1207 863 1248 οὐσίαν,
890 1206 1018 1253 γένεσίς
1042 1208 1146 1249 ἐστιν,
1174 1209 1194 1245 ἡ
1220 1203 1258 1240 δέ
1284 1209 1358 1252 περὶ
1383 1207 1440 1251 μέ-

439 1252 534 1300 γεθος
561 1252 697 1293 αὔξησις
722 1253 781 1282 καὶ
806 1251 928 1294 φθίσις,
956 1252 976 1289 ἡ
1001 1248 1040 1284 δὲ
1066 1254 1139 1296 περὶ
1166 1251 1273 1291 πάθος
1301 1253 1442 1285 ἀλλοίω-

439 1309 504 1335 σις·
534 1297 709 1342 ἀμφότερα
733 1291 771 1327 δὲ
797 1296 833 1327 ἐκ
858 1291 998 1339 δυνάμει
1025 1296 1131 1329 ὄντων
1158 1297 1201 1335 εἰς
1225 1297 1438 1343 ἐντελέχειαν

437 1342 616 1387 μεταβολή
644 1342 709 1372 τῶν
736 1340 915 1384 εἰρημένων
942 1341 1055 1381 ἐστίν,

372 1386 392 1425 ἦ
417 1388 475 1419 καὶ
501 1387 517 1418 ὀ
542 1385 667 1431 τρόπος
693 1381 841 1432 διαφέρει
867 1385 930 1423 τῆς
955 1384 1170 1428 μεταβολῆς·
1197 1388 1356 1429 φαίνεται
1373 1385 1438 1431 γάρ

440 1431 479 1464 τό
505 1432 564 1475 μὲν
597 1428 836 1471 ἀλλοιούμενον
871 1430 930 1462 οὐκ
965 1428 999 1470 ἐξ
1033 1428 1182 1475 ἀνάγκης
1217 1429 1437 1472 μεταβάλλον

436 1475 532 1508 κατὰ
557 1474 664 1508 τόπον
691 1472 770 1508 οὐδὲ
795 1475 835 1507 τὸ
860 1474 1053 1520 γινόμενον,
1081 1475 1122 1507 τό
1147 1470 1177 1507 δ’
1207 1473 1438 1518 αὐξανόμενον

436 1522 495 1552 καὶ
522 1519 562 1551 τό
588 1518 721 1564 φθῖνον,

372 1565 473 1597 ἄλλον
499 1560 536 1595 δὲ
562 1563 687 1605 τρόπον
714 1564 777 1596 τοῦ
803 1563 995 1608 φερομένου.
1023 1562 1068 1594 Τό
1091 1563 1149 1607 μὲν
1167 1563 1232 1609 γάρ
1258 1562 1435 1607 φερόμενον

438 1608 515 1640 ὅλον
543 1607 712 1640 ἀλλάττει
738 1607 862 1649 τόπον,
886 1608 928 1640 τό
954 1603 982 1639 δ’
1004 1606 1235 1652 αὐξανόμενον
1261 1606 1370 1651 ὥσπερ
1397 1608 1438 1640 τό

437 1652 678 1698 ἐλαυνόμενον·
705 1651 835 1684 τούτου
859 1652 924 1699 γάρ
950 1651 1110 1696 μένοντος
1137 1652 1186 1685 τοὶ
1209 1651 1311 1696 μόρια
1333 1664 1437 1696 μετα-

436 1697 556 1738 βάλλει
580 1697 677 1729 κατά
700 1697 806 1729 τόπον
822 1721 831 1738 ,

370 1742 434 1787 οὐχ
458 1741 567 1786 ὥσπερ
593 1741 641 1774 τοὶ
657 1742 721 1779 τῆς
738 1743 900 1785 σφαίρας·
923 1741 971 1773 τά
987 1740 1045 1784 μὲν
1063 1740 1127 1786 γάρ
1147 1740 1179 1772 ἐν
1198 1741 1247 1781 τῷ
1263 1742 1322 1782 ἴσῳ
1341 1740 1436 1782 τόπῳ

437 1785 650 1830 μεταβάλλει
676 1787 738 1818 τοῦ
765 1785 844 1817 ὅλου
869 1785 1043 1829 μένοντος,
1067 1785 1115 1817 τά
1138 1780 1176 1816 δὲ
1201 1786 1264 1816 τοῦ
1291 1784 1436 1826 αὐξανο-

435 1830 534 1875 μένου
561 1828 612 1862 οἰεὶ
639 1831 693 1862 ἐπὶ
721 1832 824 1863 πλείω
851 1829 972 1869 τόπον,
1001 1829 1053 1861 ἐπ’
1076 1828 1212 1862 ἐλάττω
1238 1824 1276 1861 δὲ
1301 1829 1348 1861 τά
1371 1831 1435 1861 τοῦ

435 1874 619 1920 φθίνοντος.

376 1921 437 1952 Οτι
462 1919 521 1963 μὲν
547 1917 603 1951 οὖν
626 1920 646 1955 ν’)
667 1918 847 1962 μεταβολή
869 1914 1018 1962 διαφέρει
1038 1917 1075 1949 οὐ
1093 1916 1193 1961 μόνον
1212 1919 1284 1962 περὶ
1308 1917 1323 1949 ὃ
1346 1917 1436 1950 ἀλλά

434 1966 492 1996 καὶ
517 1964 558 2001 ὣς
576 1964 639 1996 τοῦ
658 1975 695 1994 τε
714 1962 888 2009 γινομένου
913 1964 970 1994 καὶ
991 1960 1229 2006 ἀλλοιουμένου
1253 1963 1312 1993 καὶ
1331 1959 1434 2002 αὐξα-

434 2007 586 2052 νομένου,
612 2003 728 2044 δῆλον.

426 2106 576 2133 SYNOP81s.
600 2121 634 2125 —
660 2114 684 2132 1.
707 2106 917 2141 Argumentum
939 2110 1042 2132 textus.
1065 2105 1134 2132 Post
1155 2103 1314 2140 praemissa
1335 2103 1432 2132 dicen-

365 2145 435 2173 dum
451 2151 494 2173 est
508 2146 544 2173 de
559 2144 800 2182 augmentatione.
816 2145 852 2172 Et
866 2144 961 2181 primo
983 2143 1012 2171 in
1028 2153 1087 2181 quo
1108 2143 1171 2180 ipsa
1185 2143 1297 2171 differat
1315 2153 1333 2171 a
1346 2152 1432 2180 gene-

364 2184 476 2213 ratione
495 2191 523 2213 et
544 2184 721 2212 alteratione.
737 2201 756 2205 —
770 2183 879 2212 Divisio
900 2190 1002 2212 textus.
1019 2200 1038 2205 -
1053 2191 1080 2211 2.
1096 2183 1193 2212 Prima
1214 2183 1383 2219 differentia,
1405 2190 1433 2211 et

364 2224 483 2262 quidem
504 2225 664 2252 secundum
686 2233 715 2252 se
740 2223 905 2259 manifesta,
929 2223 1084 2251 attenditur
1108 2232 1142 2251 ex
1166 2230 1246 2260 parte
1270 2223 1331 2251 eius
1358 2223 1432 2252 cirea

365 2265 445 2301 quod
466 2270 509 2292 est
530 2264 673 2301 quaelibet
693 2264 812 2292 istarum
841 2263 1044 2292 mutationum.
1072 2264 1123 2291 Est
1143 2263 1220 2291 enim
1246 2263 1431 2291 manifestum

365 2305 445 2341 quod
466 2304 668 2332 transmutatio
690 2313 764 2341 quae
786 2310 828 2332 est
850 2303 924 2332 circa
945 2303 1144 2338 substantiam,
1160 2309 1203 2331 est
1216 2302 1364 2340 generatio
1386 2303 1430 2332 vel

363 2343 524 2380 corruptio;
548 2353 622 2381 quae
643 2350 686 2372 est
706 2343 781 2372 circa
803 2343 1040 2380 magnitudinem,
1060 2349 1103 2371 est
1117 2349 1305 2380 augmentum
1323 2343 1367 2371 vel
1382 2344 1431 2371 de-

362 2383 502 2419 minutio;
518 2393 592 2420 quae
606 2393 674 2412 vero
696 2390 738 2412 est
759 2383 833 2412 circa
855 2383 1003 2420 passibiles
1025 2382 1185 2420 qualitates,
1201 2389 1244 2411 est
1257 2383 1397 2411 alteratio.
1412 2400 1431 2403 —

363 2423 467 2452 Omnis
488 2430 584 2452 autem
606 2423 752 2460 praedicta
773 2423 976 2452 transmutatio
998 2429 1041 2451 est
1062 2432 1095 2451 ex
1116 2422 1246 2460 potentia
1267 2422 1297 2451 in
1318 2429 1430 2451 actum:

362 2473 431 2492 narn
452 2470 549 2492 motus
571 2470 613 2492 est
634 2470 713 2492 actus
735 2463 879 2491 existentis
900 2462 930 2491 in
945 2462 1083 2500 potentia.
1099 2479 1118 2483 —
1141 2463 1167 2490 3.
1191 2462 1316 2490 Ulterius
1337 2462 1432 2491 differt

362 2503 392 2531 in
413 2503 565 2540 praedictis
594 2503 681 2531 etiam
709 2504 815 2531 modus
843 2502 1101 2531 transmutationis.
1131 2503 1205 2530 Nam
1234 2511 1329 2539 neque
1350 2502 1432 2540 quod

362 2543 506 2578 alteratur,
528 2552 623 2580 neque
645 2544 725 2580 quod
745 2549 913 2580 generatur,
936 2551 969 2570 ex
990 2541 1159 2570 necessitate
1180 2548 1309 2570 mutatur
1328 2550 1430 2570 secun-

361 2583 432 2610 dum
459 2583 573 2611 locum:
602 2583 653 2611 sed
680 2583 760 2620 quod
781 2589 917 2619 augetur,
939 2591 1056 2611 necesse
1083 2588 1126 2610 est
1151 2582 1312 2610 secundum
1332 2582 1431 2610 locum

362 2622 477 2651 mutari.
500 2623 595 2651 Locus
617 2622 694 2650 enim
716 2628 967 2651 commensuratur
987 2622 1093 2657 locato,
1108 2630 1169 2650 non
1183 2621 1344 2650 secundum
1363 2622 1431 2650 sub-

363 2661 497 2691 stantiam
517 2663 562 2691 vel
577 2662 753 2700 qualitatem,
776 2662 826 2690 sed
841 2662 1000 2690 secundum
1022 2661 1221 2698 quantitatem.
1236 2678 1255 2683 —
1269 2661 1375 2699 Aliqua
1388 2668 1431 2690 ta-

567 2774 573 2784 ›
602 2763 611 2777 ⁸
629 2763 806 2805 ostquam
826 2755 1083 2804 Philosophus
1099 2755 1366 2792 determinavit
1381 2755 1428 2792 de

627 2809 870 2857 generatione
900 2816 935 2845 et
963 2808 1193 2854 alteratione,
1218 2808 1279 2845 hic
1309 2809 1428 2846 deter-

572 2862 747 2899 minat
777 2861 823 2899 de
853 2861 1160 2909 augmentatione
1189 2869 1226 2898 et
1254 2861 1428 2899 deminu-

427 2941 450 2947 »ν
510 2958 511 2961 ¹
570 2907 607 2944 ''st''
627 2915 728 2953 tione
744 2915 774 2952 ²¹⁸.
792 2916 841 2952 Et
859 2915 984 2964 primo
1001 2914 1156 2963 exponit
1175 2927 1285 2952 suam
1306 2915 1425 2952 inten-

363 2968 525 3015 tionem,
556 2968 683 3006 dicens
712 2968 817 3018 quod
844 2976 932 3017 post
962 2967 1246 3016 generationem
1277 2976 1312 3004 et
1340 2969 1428 3005 alte-

364 3022 561 3068 rationem,
585 3022 770 3071 reliquum
797 3029 851 3058 est
879 3021 1003 3059 dicere
1032 3021 1079 3058 de
1106 3021 1426 3069 augmentatione.

596 2815 612 2839 ἰ

125 3081 135 3090 “
151 3079 197 3101 ‘¹¹1⁰
211 3086 257 3103 0¹¹¹-
270 3081 334 3102 1’0‘2‘2·
364 3075 422 3112 De
451 3087 527 3124 qua
547 3075 622 3112 duo
638 3075 658 3097 '¹‘
678 3075 917 3112 considerare
938 3082 1103 3123 oportet:
1129 3074 1268 3123 primo,
1290 3074 1328 3111 in
1347 3087 1426 3124 quo

365 3127 511 3165 differat
530 3140 551 3165 a
571 3129 812 3176 generatione
833 3135 868 3165 et
892 3128 1127 3174 alteratione;
1158 3128 1339 3175 secundo,
1359 3141 1429 3177 per

364 3193 480 3228 quem
495 3181 658 3219 modum
674 3188 964 3230 augumentatur
987 3188 1023 3218 et
1039 3180 1271 3218 deminuitur
1289 3193 1426 3218 unum-

364 3233 544 3283 quodque
574 3235 677 3284 quod
707 3242 972 3283 augmentatur
997 3242 1033 3271 et
1061 3233 1304 3271 deminuitur.

417 3287 595 3325 Secundo
624 3287 692 3324 ibi:
722 3288 974 3325 Scrutandum
995 3287 1119 3336 itaque
1140 3288 1311 3336 primum
1342 3295 1424 3334 etc.,

362 3340 603 3389 prosequitur
631 3353 739 3378 suam
760 3341 1019 3384 intentionem.
1042 3341 1090 3377 Et
1109 3340 1234 3390 primo
1264 3340 1427 3378 ostendit

363 3391 613 3430 differentiam
642 3394 957 3442 augmentationis
988 3407 1010 3431 a
1038 3394 1283 3442 generatione
1313 3401 1348 3431 et
1376 3394 1426 3430 al-

362 3445 562 3492 teratione;
591 3447 760 3484 secundo
798 3447 950 3495 inquirit
982 3447 1028 3484 de
1058 3447 1176 3484 modo
1205 3454 1425 3495 augmenta—

1565 945 1642 976 ferat
1665 956 1683 975 a
1705 946 1907 985 generatione
1927 953 1958 977 et
1970 946 2166 984 alteratione,
2181 954 2212 978 et
2228 948 2397 988 quomodo
2413 959 2567 989 augmen-

1563 996 1647 1020 tatur
1670 989 1928 1031 unumquodque
1951 991 2040 1032 quod
2063 998 2296 1031 augmentatur,
2317 999 2349 1023 et
2371 993 2567 1025 deminuitur-

1563 1033 1792 1074 quodcumque
1817 1033 2021 1065 deminuitur.
2534 1035 2543 1041 '

1496 1076 1710 1108 Scrutandum
1741 1078 1848 1118 itaque
1870 1077 2012 1118 primum
2045 1085 2156 1109 utrum
2178 1079 2285 1111 solum
2318 1080 2352 1110 in
2384 1081 2464 1112 circa
2487 1081 2566 1123 quid

1563 1128 1609 1152 est
1632 1131 1746 1152 eorum
1770 1121 1942 1152 differentia
1965 1121 2159 1153 adinvicem:
2183 1123 2270 1154 verbi
2293 1124 2402 1164 gratia,
2421 1126 2511 1166 quod
2527 1136 2564 1157 ea

1562 1176 1645 1207 quae
1660 1173 1707 1196 est
1721 1175 1758 1196 ex
1772 1165 1835 1196 hoc
1849 1165 1883 1196 in
1899 1165 1962 1197 hoc
1977 1167 2210 1206 transmutatio,
2227 1174 2263 1198 ut
2279 1177 2316 1198 ex
2331 1169 2474 1208 potentia
2488 1171 2563 1201 sub-

1561 1210 1674 1241 stantia
1689 1210 1723 1240 in
1738 1216 1810 1241 actu
1834 1210 2054 1249 substantiam,
2073 1211 2234 1251 generatio
2258 1218 2324 1251 est;
2347 1221 2432 1253 quae
2454 1219 2564 1246 autem

1561 1254 1641 1286 circa
1664 1254 1935 1294 magnitudinem,
1960 1255 2177 1295 augmentatio
2202 1262 2233 1286 et
2261 1256 2456 1297 deminutio;
2480 1267 2564 1300 quae

1561 1305 1668 1329 autem
1691 1298 1771 1329 circa
1787 1297 1980 1339 passionem,
1996 1298 2148 1330 alteratio.
2165 1300 2384 1342 Utrorumque
2399 1309 2508 1333 autem
2525 1312 2564 1335 ex

1560 1343 1703 1384 potentia
1727 1342 1848 1373 entium
1871 1342 1904 1373 in
1928 1349 2035 1374 actum
2057 1344 2280 1375 transmutatio
2301 1345 2460 1377 dictorum
2483 1352 2539 1378 est.

1493 1389 1559 1418 Aut
1588 1387 1683 1418 etiarn
1718 1387 1835 1417 modus
1865 1386 1967 1418 differt
2001 1388 2283 1420 transmutationis.
2310 1388 2443 1421 Videtur
2476 1389 2564 1423 enim

1558 1432 1648 1472 quod
1670 1432 1818 1462 alteratur
1844 1441 1911 1462 non
1933 1441 1971 1462 ex
1993 1432 2176 1463 necessitate
2206 1439 2420 1465 transmutans
2450 1442 2562 1466 secun·

1559 1477 1639 1507 dum
1661 1476 1781 1514 locum,
1798 1485 1902 1516 neque
1924 1476 2014 1517 quod
2029 1483 2210 1516 generatur:
2235 1478 2325 1519 quod
2340 1485 2563 1519 augmentatur

1559 1527 1666 1551 autern
1690 1528 1720 1551 et
1744 1520 1948 1551 deminuitur.

1491 1564 1566 1595 Alio
1590 1571 1697 1595 autem
1720 1565 1820 1595 modo
1853 1565 1891 1595 ab
1923 1574 1962 1595 eo
1988 1565 2078 1605 quod
2108 1564 2215 1596 fertur.
2243 1565 2328 1596 Nam
2351 1566 2441 1608 quod
2463 1564 2563 1599 fertur

1558 1609 1743 1639 universum
1775 1615 1879 1639 mutat
1908 1608 2037 1640 locum:
2066 1610 2155 1650 quod
2180 1617 2289 1640 autem
2318 1617 2561 1651 augmentatur,

1557 1653 1834 1694 quemadmodum
1866 1653 1955 1694 quod
1979 1653 2161 1684 deducitur:
2192 1653 2255 1685 hoc
2279 1654 2365 1686 enim
2388 1662 2564 1699 manente,

1557 1697 1727 1738 particulae
1750 1703 2002 1728 transmutantur
2022 1698 2201 1729 secundum
2222 1698 2343 1730 locum.

1490 1741 1564 1772 Non
1587 1741 1864 1782 quemadmodum
1897 1751 1980 1782 quae
2003 1741 2163 1781 sphaerae.
2192 1743 2261 1774 Hae
2285 1743 2372 1774 enim
2397 1743 2432 1774 in
2463 1743 2560 1775 simili

1555 1786 1629 1816 loco
1662 1792 1934 1824 transmutantur,
1961 1792 2109 1816 manente
2132 1793 2222 1818 toto:
2246 1797 2328 1828 quae
2360 1794 2469 1819 autem
2491 1787 2560 1820 eius

1556 1830 1645 1871 quod
1669 1836 1812 1870 augetur,
1829 1839 1955 1870 semper
1977 1829 2010 1860 in
2034 1829 2223 1870 ampliorem
2245 1831 2376 1870 locum,
2399 1831 2433 1862 in
2455 1831 2560 1864 mino-

1556 1884 1622 1904 rem
1647 1881 1754 1904 autem
1778 1884 1859 1914 quae
1884 1873 1951 1904 eius
1975 1874 2064 1915 quod
2088 1874 2293 1906 deminuitur.

1487 1917 1506 1935 θ’
1527 1917 1691 1955 Quoniam
1714 1917 1810 1958 igitur
1832 1918 2053 1949 transmutatio
2077 1917 2179 1949 differt
2201 1929 2268 1950 non
2292 1918 2400 1950 solum
2422 1919 2457 1950 in
2479 1919 2560 1952 circa

1555 1963 1644 2003 quid,
1658 1963 1713 1993 sed
1727 1963 1782 2000 sic,
1795 1962 1863 1992 eius
1876 1962 1966 2003 quod
1979 1969 2146 2003 generatur
2157 1969 2188 1994 et
2203 1963 2352 1995 alteratur
2364 1970 2395 1995 et
2406 1973 2559 2005 augmen—

1556 2013 1650 2046 tatur,
1674 2006 1880 2037 manifestum
1903 2013 1959 2037 est.

1486 2112 1553 2132 men
1581 2102 1727 2140 generatio
1757 2109 1785 2131 et
1815 2102 1947 2132 alteratio
1975 2109 2018 2132 est
2045 2113 2132 2132 causa
2160 2104 2240 2141 quod
2268 2103 2378 2142 aliquid
2406 2112 2559 2136 moveatur

1485 2143 1653 2171 naturaliter
1678 2143 1839 2171 secundum
1869 2143 1976 2172 locum.
2003 2160 2023 2164 —
2049 2144 2209 2179 Quomodo
2237 2153 2269 2173 se
2294 2145 2399 2174 habeat
2426 2146 2464 2174 ad
2489 2144 2560 2175 alias

1484 2182 1741 2211 transmutationes
1762 2182 1924 2211 differentia
1945 2192 2019 2220 quae
2041 2189 2084 2211 est
2104 2193 2156 2220 per
2177 2184 2426 2221 comparationem
2440 2185 2479 2215 ad
2492 2194 2558 2214 mo-

1484 2229 1547 2251 tum
1572 2223 1703 2251 localem.
1725 2239 1745 2243 —-
1764 2232 1793 2258 4.
1822 2222 2023 2252 Manifestatur
2050 2223 2231 2260 quodrillud
2258 2225 2339 2261 quod
2367 2231 2489 2262 augetur
2511 2225 2558 2255 vel

1485 2262 1670 2298 deminuitur,
1684 2269 1812 2291 mutatur
1831 2263 1992 2291 secundum
2007 2263 2114 2292 locum.
2129 2264 2166 2292 Et
2181 2263 2282 2302 primo
2294 2273 2347 2301 per
2367 2264 2560 2295 differentiam

1484 2303 1521 2331 ad
1543 2309 1656 2331 motum
1679 2302 1800 2331 localem
1822 2309 1942 2331 rectum.
1966 2303 2055 2338 Quod
2069 2303 2127 2332 hoc
2144 2309 2228 2332 motu
2242 2303 2339 2339 fertur,
2354 2310 2450 2334 totum
2465 2310 2559 2335 mutat

1484 2343 1594 2371 locum:
1618 2343 1669 2371 sed
1690 2343 1810 2379 quando
1825 2342 1935 2380 aliquid
1948 2349 2077 2380 augetur,
2093 2349 2187 2372 totum
2203 2350 2301 2372 manet
2320 2343 2350 2372 in
2364 2344 2431 2373 loco
2453 2344 2484 2374 in
2497 2353 2558 2383 quo

1484 2389 1545 2411 erat
1566 2382 1655 2419 prius,
1677 2389 1773 2419 partes
1787 2389 1885 2411 autem
1900 2383 2094 2411 extenduntur
2107 2389 2136 2412 et
2149 2389 2379 2413 transmutantur
2397 2385 2558 2414 secundum

1483 2423 1590 2451 locum.
1606 2438 1626 2443 —
1643 2423 1669 2450 5,
1686 2423 1820 2450 Secundo
1834 2432 1886 2459 per
1900 2422 2093 2451 differentiam
2114 2423 2152 2451 ad
2173 2430 2288 2452 motum
2309 2424 2432 2453 localem
2454 2425 2558 2462 sphae-

1484 2462 1585 2490 ricum.
1607 2463 1706 2490 Partes
1727 2462 1879 2498 sphaerae,
1902 2462 2034 2499 quamvis
2055 2471 2117 2490 non
2139 2463 2234 2491 solum
2262 2463 2375 2492 ratione
2396 2464 2448 2492 sed
2469 2462 2557 2493 etiam

1484 2501 1615 2530 subiecto
1630 2508 1743 2530 mutent
1757 2501 1864 2536 locum,
1881 2511 2003 2538 semper,
2019 2502 2089 2530 dum
2111 2508 2349 2538 transmutantur,
2365 2509 2432 2532 sunt
2445 2503 2476 2532 in
2489 2503 2557 2533 loco

1484 2541 1586 2577 simili,
1607 2550 1703 2578 neque
1724 2541 1828 2570 maiori
1849 2541 1956 2570 scilicet
1976 2551 2071 2579 neque
2092 2542 2208 2571 minori.
2237 2543 2295 2570 Sed
2323 2543 2454 2580 corporis
2475 2545 2558 2581 quod

1484 2587 1614 2619 augetur,
1632 2590 1747 2617 semper
1761 2588 1855 2618 partes
1870 2581 2063 2610 extenduntur
2077 2581 2107 2610 in
2128 2582 2270 2611 maiorem
2292 2582 2404 2619 locum3
2425 2583 2558 2620 corporis

1485 2630 1554 2650 vero
1576 2621 1657 2658 quod
1671 2620 1859 2656 deminuitur,
1881 2630 1996 2658 semper
2017 2621 2046 2649 in
2068 2621 2211 2651 minorem
2234 2623 2426 2651 retrahuntur.
2442 2639 2460 2644 -
2476 2624 2556 2653 Con-

1485 2661 1587 2690 clusio.

1483 2754 1608 2802 tionis,
1625 2754 1692 2791 ibi:
1719 2755 1830 2792 Circa
1850 2755 1942 2803 quid
1958 2760 2083 2791 autem
2099 2761 2154 2792 est
2171 2756 2435 2794 transmutatio
2449 2756 2470 2779 '¹'
2485 2764 2553 2796 etc.
2582 2771 2593 2782 ·

1484 2808 1595 2844 Circa
1622 2807 1791 2857 primum
1830 2807 1908 2845 duo
1938 2807 2040 2844 facit:
2070 2808 2196 2857 primo
2226 2809 2407 2858 supponit
2433 2821 2554 2849 unam

1484 2861 1753 2907 differentiam;
1784 2861 1954 2898 secundo
1992 2860 2144 2909 inquirit
2172 2861 2220 2899 de
2249 2861 2348 2910 alia,
2378 2861 2448 2900 ibi:
2476 2864 2558 2901 Aut

1483 2915 1594 2952 etiam
1624 2915 1757 2951 modus
1784 2914 1804 2936 '¹‘
1833 2922 1902 2952 etc.

1538 2980 1572 3005 2.
1595 2967 1694 3004 Dicit
1722 2979 1812 3015 ergo
1832 2967 1958 3017 primo
1978 2967 2085 3017 quod
2103 2967 2272 3016 primum
2293 2980 2429 3006 eorum
2449 2981 2549 3019 quae

1483 3020 1760 3058 consideranda
1775 3029 1863 3058 sunt
1882 3021 1980 3058 circa
1995 3020 2359 3070 augmentationem,
2377 3028 2432 3059 est
2446 3022 2554 3072 quod

1483 3082 1633 3123 oportet
1648 3074 1838 3123 inquirere
1857 3081 1986 3111 utrum
2007 3074 2218 3112 differentia
2234 3075 2552 3123 augmentationis

1482 3140 1504 3164 a
1532 3127 1775 3175 generatione
1805 3135 1840 3164 et
1868 3127 2088 3164 alteratione
2109 3133 2126 3149 ‘²‘
2154 3127 2200 3164 sit
2227 3128 2354 3165 solum
2382 3128 2419 3166 in
2444 3129 2548 3166 circa

1481 3181 1590 3228 quid,
1624 3181 1720 3218 idest
1747 3180 1786 3218 in
1814 3192 1952 3228 genere
1992 3180 2091 3218 circa
2119 3180 2225 3230 quod
2263 3188 2319 3218 est
2356 3181 2550 3230 quaelibet

1481 3233 1637 3271 istarum
1666 3233 2039 3271 transmutationum.
2070 3234 2178 3271 Haec
2205 3233 2309 3271 enim
2339 3233 2551 3272 differentia

1482 3295 1536 3324 est
1565 3286 1786 3324 manifesta:
1819 3286 1997 3324 videlicet
2026 3287 2131 3336 quod
2159 3286 2421 3324 transmutatio
2450 3299 2550 3337 quae

1482 3347 1538 3377 est
1556 3352 1606 3376 ex
1623 3341 1694 3377 hoc
1713 3340 1750 3377 in
1770 3341 1841 3377 hoc
1855 3338 1884 3386 Ρ,
1901 3340 1997 3378 idest
2017 3353 2062 3378 ex
2082 3339 2292 3378 substantia
2313 3347 2398 3378 ente
2422 3339 2462 3378 in
2476 3352 2546 3390 po—

1481 3393 1595 3430 tentia
1614 3393 1652 3430 in
1672 3393 1922 3431 substantiam
1944 3401 2071 3431 entem
2091 3393 2129 3430 in
2145 3400 2243 3442 actu,
2260 3400 2316 3430 est
2334 3393 2549 3442 generatio;

1481 3446 1743 3484 transmutatio
1764 3454 1892 3483 autern
1911 3459 2009 3496 quae
2039 3454 2095 3484 est
2114 3446 2212 3484 circa
2235 3446 2548 3495 magnitudinem,

416 3586 479 3645 α)Αα
499 3586 671 3618 generatione
689 3589 714 3611 et
733 3587 897 3612 alteratione.
917 3601 936 3606 —
954 3587 991 3612 ad
1012 3587 1209 3620 generationem
1235 3590 1260 3612 et
1285 3587 1422 3612 alteratio-

362 3630 421 3649 nem
465 3638 472 3646 ·

1532 3586 1556 3620 β)
1577 3587 1697 3612 videlicet
1709 3588 1781 3620 quod
1795 3587 1987 3612 transmutatio
2036 3586 2062 3613 ιἰι
2076 3587 2134 3613 hoc.
2146 3601 2166 3607 -
2179 3588 2236 3613 Hoc
2250 3595 2305 3613 om.
2319 3587 2350 3613 Α.
2364 3600 2383 3607 -
2394 3586 2484 3612 Statim
2499 3593 2549 3620 pro

1477 3622 1559 3652 idest,
1579 3622 1677 3648 scilicet
1695 3623 1726 3647 Α.

2587 1927 2597 1936 ·
2611 1925 2680 1950 Text.
2689 1927 2728 1950 26.

2582 2927 2592 2937 '
2606 2925 2678 2949 Num.
2692 2933 2714 2956 3.
2767 2913 2772 2919 ⁶
