2592 4108
0 2452 66 2489 unse}

353 342 973 407 EXPOSITIONIS
1022 347 1100 409 D.
1135 346 1520 411 THOMAE
1571 347 2072 434 AQUINATIS

783 499 854 550 IN
896 499 1146 552 LIBROS
1186 501 1646 555 ARISTOTELIS
1670 539 1690 558 .

159 643 302 726 DE
363 641 1179 726 GENERATIONE
1237 644 1374 726 ET
1436 646 2269 732 CORRUPTIONE

1003 811 1424 853 CONTINUATIO

899 940 985 973 PER
1008 939 1236 974 IGNOTUM
1261 940 1527 975 AUCTOREM

618 1059 687 1102 EX
718 1059 876 1102 BEATI
906 1060 1134 1102 ALBERTI
1163 1060 1351 1102 MAGNI
1383 1061 1809 1104 COMMENTARIO

972 1188 1213 1216 PRAESERTIM
1235 1188 1461 1216 COMPILATA

720 1427 1018 1496 LECTIO
1055 1429 1705 1485 DECIMAOCTAVA

153 1565 304 1603 QUARE
327 1564 385 1595 ET
410 1563 503 1602 QUO
528 1563 692 1594 ORDINE
716 1562 783 1594 SIT
807 1562 1116 1594 TRACTANDUM
1139 1563 1196 1593 DE
1220 1563 1432 1601 MIXTURA,
1457 1564 1514 1594 DE
1537 1563 1682 1595 AGERE
1707 1565 1765 1595 ET
1789 1565 1900 1605 PATI,
1924 1566 1981 1597 ET
2005 1567 2062 1597 DE
2086 1567 2236 1600 TACTU
2253 1587 2271 1592 -

820 1620 1171 1651 DETERMINATUR
1194 1620 1415 1652 DEFINITIO
1439 1620 1614 1652 TACTUS

111 1733 210 1769 Ἐπεὶ
233 1730 272 1768 δὲ
295 1734 431 1778 πρῶτον
448 1728 502 1766 δεῖ·
517 1733 675 1777 περὶτῆς
693 1732 773 1772 ὕλης
798 1735 855 1765 καὶ
881 1734 948 1766 τῶν
973 1732 1187 1787 καλουμένων

184 1781 364 1825 στοιχείων
398 1779 525 1819 εἰπεῖν,
553 1776 614 1810 εἴτ’
643 1777 737 1810 ἔστιν
763 1779 834 1810 εἴτε
859 1777 928 1821 μή,
957 1780 1016 1809 καὶ
1042 1789 1186 1823 πότερον

187 1819 297 1864 ἀίδιον
323 1822 470 1855 ἕκαστον
497 1821 518 1858 ἦ
542 1824 701 1868 γίγνεταί
725 1834 809 1864 πως,
835 1825 892 1854 καὶ
913 1822 942 1854 εἱ
958 1823 1107 1878 γίνεται,
1127 1821 1188 1854 πό-

186 1879 284 1913 τερον
309 1865 346 1908 ἐξ
372 1864 528 1903 ἀλλήλων
554 1869 690 1912 γίνεται
715 1865 834 1899 πάντα
856 1866 916 1899 τόν
935 1867 1043 1899 αυτόν
1061 1865 1187 1921 τρόπον

185 1911 209 1950 ἦ
233 1923 268 1945 τι
293 1911 428 1955 πρῶτον
452 1911 491 1943 ἓν
513 1911 628 1944 αὐτῶν
655 1911 770 1953 ἐστίν,
798 1910 930 1957 ἀνάγκη
956 1907 1000 1948 δὴ
1025 1922 1188 1955 προτερον

186 1956 295 1990 εἰπεῖν
321 1958 395 1999 περὶ
420 1954 464 1988 ὢν
491 1951 692 2000 ἀδιορίστως
715 1956 858 2002 λέγεται
882 1955 950 1988 νῦν.

119 2045 250 2083 Πάντες
274 2044 339 2091 γάρ
366 2044 395 2077 οἵ
421 2056 460 2075 τε
486 2043 534 2075 τοὶ
557 2046 717 2088 στοιχεῖα
741 2044 924 2090 γεννῶντες
947 2045 1005 2076 καὶ
1032 2045 1061 2075 οἰ
1087 2043 1134 2075 τά
1151 2043 1188 2074 ἐκ

188 2090 255 2122 τῶν
281 2090 459 2134 στοιχείων
484 2083 648 2132 διακρίσει
697 2099 824 2130 ρωνται
854 2090 911 2119 καὶ
937 2090 1107 2134 συγκρίσει
1130 2088 1188 2119 καὶ

169 2135 236 2176 -τῷ
261 2137 370 2166 ποιεῖν
394 2134 452 2165 καὶ
478 2131 637 2178 πάσχειν.
678 2134 763 2165 Εστι
788 2127 818 2164 δ’
842 2132 863 2169 ἦ
888 2130 1057 2178 σύγκρισις
1082 2132 1187 2176 μίξις·

167 2178 258 2216 ,πῶς
289 2174 326 2210 δὲ
361 2175 540 2223 μίγνυσθαι
570 2176 739 2223 λέγομεν,
776 2176 813 2209 οὗ
850 2172 1028 2220 διώρισται
1059 2177 1186 2219 σαφῶς.

181 2222 294 2256 Ἀλλά
314 2221 381 2267 μήν
407 2217 477 2255 οὐδ’
507 2218 729 2254 ἀλλοιοῦσθαι
760 2217 930 2261 δυνατόν,
957 2215 1035 2253 οὐδὲ
1060 2216 1190 2263 διακρί-

187 2265 304 2300 νεσθαι
334 2268 393 2299 καὶ
421 2265 679 2312 συγκρίνεσθαι,
713 2260 855 2310 μηδενός
888 2265 1070 2303 ποιοῦντος
1102 2260 1188 2308 μηδὲ

189 2310 406 2364 πάσχοντος·
430 2314 489 2343 καὶ
514 2310 578 2357 γάρ
596 2312 626 2343 οἱ
647 2311 751 2343 πλείω
770 2309 818 2342 τά
833 2313 991 2354 στοιχεῖα
1010 2310 1188 2346 ποιοῦντες

187 2367 330 2403 γεννωσι
353 2354 402 2396 τῷ
427 2359 536 2388 ποιεῖν
561 2357 619 2386 καὶ
646 2354 791 2399 πάσχειν
818 2353 874 2386 ὑπ’
902 2352 1071 2390 ἀλλήλων.
1107 2355 1190 2385 Καί-

171 2411 244 2433 ·τοι
268 2398 304 2441 ἐξ
329 2398 402 2437 ἑνός
431 2399 564 2446 ἀνάγκη
597 2398 707 2445 λέγειν
734 2397 797 2435 τήν
823 2400 977 2440 ποίησιν,
1003 2399 1061 2429 καὶ
1087 2396 1187 2430 τοῦτ’

187 2443 293 2489 ὀρθῶς
313 2442 407 2489 λέγει
431 2442 602 2491 Διογένης,
621 2441 677 2476 ὅτι
701 2443 731 2475 εἱ
755 2441 802 2487 μή
827 2441 863 2483 ἐξ
880 2443 952 2480 ε’νός
970 2440 1010 2480 ἥν
1030 2441 1186 2484 ἅπαντα,

187 2488 249 2523 οὐκ
274 2487 314 2522 ἂν
339 2488 380 2526 ἣν
405 2489 445 2522 τό
472 2491 582 2521 ποιεῖν
606 2489 664 2519 καὶ
690 2487 730 2520 τό
757 2485 902 2532 πάσχειν
930 2486 986 2520 ὑπ’
1015 2486 1186 2529 ἀλλήλων,

187 2533 256 2567 οἷον
274 2532 315 2565 τό
334 2532 452 2578 θερμόν
477 2530 645 2609 ῒύχεσθαι
668 2534 726 2564 καὶ
745 2531 852 2564 τοῦτο
870 2529 1106 2576 θερμαίνεσθαι
1125 2531 1189 2564 πά-

185 2579 257 2610 λιν·
284 2576 322 2610 οὖ
346 2578 410 2623 γάρ
436 2579 457 2614 ἦ
503 2575 647 2621 ερμότης
663 2575 878 2619 μεταβάλλει
902 2578 961 2608 καὶ
979 2576 1000 2613 ’ἦ
1018 2574 1188 2621 ψυχρότης

186 2623 233 2661 εἰς
259 2621 407 2663 ἄλληλα,
435 2621 527 2654 ἀλλά
549 2617 654 2657 δῆλον
681 2618 736 2653 ὅτι
762 2620 802 2652 τό
829 2620 1064 2665 ὑποκείμενον.
1083 2620 1186 2653 ’Ὠστε

188 2664 222 2699 ἑν
249 2666 296 2703 οἷς
322 2667 363 2700 τό
389 2670 497 2699 ποιεῖν
522 2663 598 2697 ἐστὶ
621 2665 680 2696 καὶ
705 2665 745 2697 τό
773 2662 932 2709 πάσχειν,
953 2664 1085 2711 ἀνάγκη
1110 2664 1189 2699 τού-

190 2722 257 2743 των
283 2711 363 2753 μίαν
389 2707 476 2742 εἶναι
501 2708 565 2745 τήν
591 2708 814 2753 ύποκειμένην
839 2707 950 2752 φύσιν.
976 2709 1020 2743 Τό
1046 2709 1104 2754 μὲν
1131 2709 1187 2743 οὖν

158 2783 160 2786 ,
189 2754 292 2787 πάντ’
322 2752 410 2787 εἶναι
441 2753 593 2787 τοιαῦτα
623 2752 761 2797 φάσκειν
792 2752 853 2786 οὐκ
883 2753 1023 2796 ἀληθές,
1051 2751 1125 2786 ἀλλ’
1153 2754 1187 2786 ἐν

189 2797 279 2836 ὅσοις
314 2799 355 2832 τό
389 2798 444 2831 ὑπ’
480 2795 637 2834 ἀλλήλων
673 2795 776 2830 ἐστίν.
812 2794 920 2828 'Auel
953 2799 1020 2842 μην
1053 2799 1082 2830 εἰ
1114 2799 1188 2842 περὶ

189 2843 253 2876 τοῦ
279 2847 387 2876 ποιεῖν
410 2844 470 2875 καὶ
495 2841 639 2886 πάσχειν
664 2843 723 2874 καὶ
749 2844 822 2884 περὶ
849 2839 967 2886 μίξεως
985 2842 1185 2886 θεωρητέον,

190 2885 322 2933 ἀνάγκη
348 2889 406 2920 καὶ
432 2889 507 2932 περὶ
532 2886 636 2931 άφῆς·
664 2886 743 2919 οὔτε
769 2886 832 2932 γάρ
855 2890 962 2918 ποιεῖν
985 2888 1104 2920 ταῦτα
1129 2889 1187 2919 καὶ

190 2930 337 2976 πάσχειν
363 2927 514 2964 δύναται
543 2933 662 2974 κυρίως
687 2931 710 2963 οἳ
733 2933 780 2977 μή
807 2929 919 2963 οἷόντε
953 2930 1103 2976 ἅψασθαι
1129 2929 1188 2964 ἀλ-

187 2974 319 3018 λήλων,
347 2975 427 3009 οὔτε
453 2975 500 3020 μτ)
533 2974 693 3020 ἀψάμενά
725 2989 794 3015 πως
819 2971 999 3054 ἐνδέχςται
1023 2975 1187 3021 μιχθῆναι

190 3020 339 3063 πρῶτον.
372 3018 475 3052 Ὥστε
505 3023 580 3065 περὶ
613 3021 711 3062 τριῶν
744 3018 878 3054 τούτων
933 3020 1118 3064 ιοριστέον,
1153 3022 1187 3052 τί

191 3064 260 3108 tiqui
283 3065 343 3096 καὶ
361 3066 394 3109 τί
411 3063 499 3109 μίξις
522 3066 580 3097 καὶ
606 3066 640 3096 τί
661 3067 808 3104 ποίησις.
834 3065 960 3112 Ἀρχὴν
977 3061 1014 3097 δὲ
1030 3064 1188 3108 λάβωμεν

154 3136 156 3138 ,
190 3103 309 3145 τήνδε.
342 3108 494 3155 Ἀνάγκη
523 3108 587 3154 γάρ
614 3110 682 3141 τῶν
715 3110 823 3142 ὄντων
855 3108 945 3149 ὅσοις
978 3107 1052 3142 ἐστὶ
1079 3107 1187 3152 μίξις,

190 3149 278 3185 εἶναι
301 3152 406 3185 ταῦτ’
436 3152 594 3193 ἀλλήλων
629 3154 782 3186 ἀπτικά·
807 3152 871 3185 κάν
895 3157 926 3187 εἶ
949 3165 984 3187 τι
1009 3158 1120 3194 ποιεῖ’,
1148 3152 1187 3185 τό

190 3191 228 3228 δὲ
253 3196 382 3241 πάσχει
404 3199 537 3241 κυρίως,
562 3200 621 3230 καὶ
647 3197 785 3236 τούτοις
808 3198 986 3237 ὡσαύτως.
1021 3198 1075 3230 Διό
1103 3197 1190 3242 πρῶ-

190 3252 251 3273 τον
274 3239 416 3273 λεκτέον
441 3244 514 3284 περὶ
540 3242 639 3287 ἀφῆς.

123 3279 249 3330 Σχεδὸν
273 3284 333 3326 μὲν
359 3283 432 3326 οὖν,
458 3284 570 3331 ὥσπερ
593 3288 652 3318 καὶ
677 3286 745 3317 τῶν
771 3285 880 3318 ἄλλων
907 3286 1084 3330 ὀνομάτων
1110 3284 1188 3317 ἕκα-

190 3339 272 3361 στον
296 3328 440 3375 λέγεται
465 3330 670 3376 πολλαχῶς,
695 3332 754 3361 καὶ
779 3329 826 3362 τά
850 3329 909 3373 μέν
935 3330 1116 3374 ὁμωνύμως
1142 3329 1190 3361 τοὶ

191 3367 228 3404 δὲ
252 3371 383 3417 θάτερα
409 3373 478 3406 ἀπὸ
505 3375 572 3406 τῶν
597 3373 719 3415 ἑτέρων
737 3375 794 3404 καὶ
820 3375 887 3405 τῶν
917 3373 1107 3417 προτέρων,
1136 3371 1189 3405 ού-

192 3428 258 3454 τως
283 3416 356 3462 ἔχει
379 3419 438 3449 καὶ
462 3421 536 3462 περὶ
563 3418 664 3462 οἱφῆς.

190 3503 286 3542 Θέσις
311 3500 340 3536 δ’
362 3506 478 3549 οἷσπερ
503 3509 561 3538 καὶ
587 3516 712 3542 τοπος·
737 3507 795 3536 καὶ
819 3504 882 3549 γάρ
901 3509 971 3543 τοῖς
996 3504 1189 3549 μαθηματι-

191 3552 261 3587 κοῖς
285 3549 406 3593 ὁμοίως
437 3544 629 3582 ἀποδοτέον
661 3548 748 3592 ἀφήν
778 3552 835 3581 καὶ
869 3548 996 3590 τόπον,
1024 3549 1085 3580 εἴτ’
1115 3548 1188 3581 ἐστὶ

191 3591 434 3638 κεχωρισμένον
460 3590 606 3626 ἕκαστον
633 3592 747 3626 αὐτῶν
772 3593 832 3625 εἴτ’
856 3593 957 3625 ἄλλον
983 3592 1123 3637 τρόπον.

267 3655 336 3687 Opp.
357 3655 386 3679 D.
401 3654 516 3679 Tnomn
535 3655 567 3678 T.
587 3655 626 3679 111.
645 3656 789 3679 APPEme.

1311 1780 1475 1811 elementis
1498 1781 1612 1819 dicere,
1636 1781 1700 1812 sive
1724 1782 1796 1821 sint,
1820 1782 1884 1813 sive
1908 1791 1989 1822 non;
2012 1792 2043 1815 et
2065 1792 2172 1816 utrum
2196 1788 2310 1828 sempi-

1310 1831 1437 1855 ternum
1454 1826 1721 1866 unumquodque,
1743 1836 1783 1856 an
1798 1836 1873 1857 vero
1890 1827 1997 1868 aliquo
2019 1830 2119 1860 modo
2135 1838 2310 1870 generetur;

1311 1875 1342 1899 et
1364 1879 1390 1898 ει
1413 1876 1596 1908 generatur,
1620 1877 1728 1900 utrum
1761 1880 1797 1901 ex
1824 1871 1960 1902 invicem
1989 1881 2177 1913 generentur
2203 1876 2311 1907 omnia

1311 1913 1426 1942 eodem
1446 1913 1557 1952 modo,
1582 1923 1622 1944 an
1637 1924 1749 1945 eorum
1764 1925 1867 1946 unum
1890 1916 2031 1956 primum
2053 1917 2104 1956 sit,
2120 1928 2245 1950 necesse
2265 1927 2311 1951 est

1310 1956 1417 2007 itaque
1440 1957 1528 1997 prius
1551 1958 1590 1988 de
1610 1958 1659 1988 his
1682 1959 1795 1998 dicere,
1819 1960 1858 1990 de
1874 1960 1990 2001 quibus
2013 1961 2250 1995 indeterminate
2266 1965 2311 1995 di-

1311 2008 1392 2032 c1tur
1415 2011 1511 2032 nunc.

1245 2044 1367 2075 Omnes
1391 2046 1477 2076 enirn
1501 2046 1556 2086 qui
1573 2052 1604 2077 et
1619 2046 1774 2078 elementa
1796 2056 1946 2088 generant
1975 2055 2005 2080 et
2024 2059 2105 2090 quae
2121 2061 2158 2081 ex
2173 2052 2309 2082 elemen-

1312 2089 1362 2128 tis,
1382 2090 1597 2130 segregatione
1626 2098 1759 2122 utuntur
1782 2099 1812 2123 et
1836 2093 2077 2133 congregatione
2101 2102 2131 2125 et
2154 2095 2253 2126 facere
2281 2103 2311 2127 et

1310 2133 1386 2174 pati.
1411 2134 1467 2164 Est
1490 2141 1597 2165 autem
1612 2135 1814 2176 congregatio
1837 2137 1982 2168 mixtura.
2007 2138 2183 2175 Quomodo
2202 2147 2310 2171 autem

1310 2178 1435 2208 misceri
1461 2177 1607 2216 dicimus,
1631 2180 1777 2209 nondum
1800 2180 2043 2212 determinatum
2066 2189 2113 2214 est
2134 2183 2309 2215 manifeste.

1310 2222 1372 2253 Sed
1395 2232 1453 2252 nec
1476 2222 1598 2253 alterari
1620 2223 1782 2263 possibile,
1808 2234 1866 2255 nec
1889 2226 2041 2265 segregari
2063 2233 2095 2258 et
2117 2229 2309 2268 congregari,

1311 2266 1402 2296 nullo
1425 2266 1558 2297 faciente
1581 2274 1636 2298 aut
1657 2268 1805 2308 patiente.
1830 2269 1957 2299 Etenim
1980 2270 2072 2310 plura
2094 2271 2250 2302 elementa
2265 2272 2309 2303 fa-

1311 2310 1427 2341 cientes
1450 2317 1600 2350 generant
1621 2311 1655 2341 in
1684 2311 1828 2342 faciendo
1859 2319 1891 2343 et
1912 2313 2071 2354 patiendo.
2095 2315 2249 2352 Quamvis
2273 2326 2310 2347 ex

1312 2365 1379 2385 uno
1408 2364 1534 2385 necesse
1568 2362 1614 2385 est
1637 2355 1738 2386 dicere
1762 2356 1951 2396 factionem,
1976 2365 2007 2389 et
2028 2358 2090 2389 hoc
2122 2367 2204 2390 recte
2234 2360 2309 2392 dicit

1310 2399 1485 2439 Diogenes:
1510 2399 1665 2440 quoniam
1689 2400 1714 2430 si
1737 2410 1804 2430 non
1828 2408 1929 2432 essent
1952 2411 1989 2432 ex
2011 2412 2078 2433 uno
2102 2404 2227 2442 omnia,
2251 2414 2310 2435 nec

1312 2450 1392 2474 esset
1415 2442 1516 2474 facere
1534 2450 1565 2474 et
1582 2443 1646 2484 pati
1662 2444 1856 2484 adinvicem3
1878 2445 1965 2476 verbi
1988 2446 2085 2486 gratia
2101 2447 2239 2478 calidum
2261 2448 2308 2479 in-

1311 2487 1449 2527 frigidari
1472 2494 1503 2518 et
1525 2487 1586 2518 hoc
1610 2487 1742 2518 calefieri
1765 2496 1889 2520 rursus:
1913 2500 1979 2520 non
2008 2490 2093 2521 enim
2117 2491 2255 2523 caliditas
2279 2499 2310 2523 et

1311 2531 1463 2572 frigiditas
1478 2538 1727 2562 transmutantur
1742 2533 1929 2572 adinvicem,
1942 2534 1996 2564 sed
2011 2535 2215 2566 manifestum
2229 2547 2309 2577 quo—

1311 2575 1398 2606 niam
1414 2576 1602 2606 subiectum.
1618 2576 1821 2617 Quapropter
1834 2577 1867 2608 in
1879 2578 1996 2618 quibus
2012 2578 2112 2610 facere
2129 2587 2175 2611 est
2188 2587 2218 2611 et
2233 2581 2309 2621 pati,

1311 2630 1438 2651 necesse
1455 2626 1501 2651 est
1515 2620 1633 2651 horum
1649 2631 1746 2651 unam
1760 2621 1934 2653 subiectam
1943 2632 2010 2653 esse
2024 2631 2179 2655 naturam.
2191 2624 2310 2656 Omnia

1311 2664 1406 2705 igitur
1429 2664 1502 2695 talia
1525 2674 1591 2695 esse
1611 2665 1712 2695 dicere
1735 2675 1801 2696 non
1825 2674 1953 2697 verum:
1974 2668 2029 2697 sed
2051 2667 2084 2698 in
2102 2668 2218 2709 quibus
2242 2676 2288 2700 est
2300 2677 2317 2708 ‚2

1311 2708 1401 2750 quod
1415 2708 1593 2739 adinvicem
1608 2716 1691 2740 sunt.
1708 2709 1770 2740 Sed
1785 2710 1811 2740 si
1830 2711 1868 2741 de
1883 2710 1984 2742 facere
2003 2718 2034 2742 et
2051 2712 2116 2752 pati
2130 2719 2160 2743 et
2175 2713 2310 2744 mixtura

1310 2753 1497 2792 videndum,
1513 2763 1639 2784 necesse
1656 2761 1702 2785 est
1717 2761 1748 2785 et
1763 2755 1801 2784 de
1817 2761 1917 2793 tactu;
1932 2765 1998 2785 non
2013 2756 2098 2786 enim
2114 2756 2213 2787 facere
2232 2757 2309 2788 haec

1312 2804 1342 2828 et
1361 2797 1426 2838 pati
1448 2804 1584 2838 possunt
1606 2798 1744 2838 proprie,
1768 2809 1850 2839 quae
1873 2809 1939 2829 non
1961 2800 2110 2839 possibile
2133 2801 2309 2831 adinvicem

1311 2848 1457 2881 tangere,
1481 2851 1539 2872 nec
1568 2851 1634 2872 non
1657 2842 1815 2882 tangentia
1837 2843 2014 2874 adinvicem
2037 2844 2308 2885 qualitercumque

1312 2885 1467 2926 contingit
1489 2885 1612 2916 misceri
1632 2886 1783 2926 primum.
1809 2887 2010 2928 Quapropter
2026 2888 2064 2918 de
2082 2888 2180 2918 tribus
2196 2888 2244 2918 his
2259 2895 2306 2919 est

1313 2929 1600 2968 determinandum,
1616 2930 1694 2971 quid
1717 2937 1832 2969 tactus,
1857 2931 1933 2971 quid
1954 2931 2089 2962 mixtura
2112 2939 2142 2963 et
2161 2932 2238 2973 quid
2261 2932 2308 2963 fa-

1311 2974 1385 3005 ctio.
1409 2974 1604 3013 Principium
1622 2981 1729 3005 autem
1752 2974 1942 3014 accipiamus
1965 2975 2037 3006 hoc.
2065 2976 2198 3006 Necesse
2222 2976 2307 3006 enirn

1310 3025 1358 3048 est
1380 3025 1416 3048 ut
1439 3018 1695 3059 quibuscumque
1724 3019 1818 3048 rebus
1846 3018 1928 3049 inest
1950 3019 2076 3058 mixtio,
2100 3030 2167 3050 sese
2189 3027 2305 3051 mutuo

1310 3068 1436 3102 tangere
1460 3061 1599 3102 possint;
1624 3069 1654 3092 et
1677 3062 1702 3092 si
1725 3062 1844 3103 aliquid
1867 3063 1951 3102 facit,
1974 3063 2036 3094 hoc
2059 3071 2164 3094 autem
2189 3064 2306 3104 patitur

1309 3106 1531 3146 principaliter,
1549 3113 1580 3136 et
1602 3106 1650 3136 his
1673 3106 1824 3137 similiter.
1848 3107 1923 3137 Ideo
1947 3107 2051 3147 primo
2072 3108 2242 3139 dicendum
2261 3115 2307 3139 est

1309 3150 1349 3179 de
1371 3157 1466 3181 tactu.

1242 3288 1259 3307 *
1275 3288 1353 3318 Fere
1376 3286 1506 3327 quidem
1520 3286 1625 3327 igitur,
1642 3293 1677 3317 ut
1699 3294 1730 3318 et
1745 3286 1880 3317 aliorum
1900 3288 2070 3319 nominum
2098 3291 2304 3330 unumquod-

1309 3341 1372 3371 que
1386 3330 1500 3360 dicitur
1513 3330 1728 3369 multifariam,
1746 3337 1776 3361 et
1789 3331 1866 3362 haec
1881 3331 2011 3372 quidem
2027 3333 2208 3373 aequivoce,
2227 3334 2305 3365 haec

1309 3382 1416 3405 autem
1445 3373 1541 3405 altera
1564 3375 1602 3405 ab
1630 3374 1732 3405 alteris
1764 3381 1794 3405 et
1816 3375 1993 3415 prioribus,
2017 3376 2061 3407 sic
2091 3377 2185 3408 habet
2213 3384 2243 3409 et
2266 3379 2305 3409 de

1309 3425 1404 3449 tactu.

117 3457 228 3504 Ὅμως
243 3456 281 3493 δὲ
298 3461 339 3494 τό
362 3463 479 3505 κυρίως
494 3461 678 3515 λεγόμενον
698 3459 844 3505 ὑπάρχει
862 3465 934 3499 τοῖς
951 3462 1066 3506 ἔχουσι
1082 3459 1187 3492 θέσιν.
1244 3462 1305 3493 Sed
1328 3469 1434 3493 tamen
1457 3462 1668 3503 principaliter
1691 3462 1812 3493 dictum
1834 3463 1935 3494 existit
1956 3464 1990 3494 in
2013 3464 2200 3496 habentibus
2219 3466 2304 3506 posi-

1309 3507 1441 3537 tionem.
1465 3506 1584 3540 Positio
1608 3512 1715 3537 autem
1737 3506 1852 3547 quibus
1876 3514 1907 3538 et
1930 3508 2037 3539 locus:
2063 3509 2179 3540 ctenim
2192 3509 2225 3540 in
2241 3520 2304 3540 ma-

1310 3550 1486 3581 thematicis
1510 3550 1651 3581 similiter
1673 3550 1878 3591 assignandus
1895 3558 1940 3582 est
1960 3559 2061 3584 tactus
2077 3559 2108 3584 et
2122 3553 2223 3592 locus,
2240 3554 2303 3584 sive

1311 3601 1357 3625 est
1379 3602 1559 3635 separatum
1582 3595 1838 3636 unumquodque
1861 3605 1992 3636 eorum,
2019 3596 2084 3628 sive
2106 3597 2168 3628 allo
2192 3598 2302 3628 modo.

2088 3658 2125 3682 Ι*

1243 1735 1260 1755 *
1276 1735 1441 1773 Quoniam
1455 1743 1563 1767 autem
1579 1744 1706 1777 oportet
1728 1738 1870 1777 primum
1893 1739 1932 1769 de
1947 1740 2077 1771 materia
2093 1748 2123 1772 et
2139 1742 2177 1772 de
2192 1744 2310 1774 vocatis
2337 1747 2347 1758 ⁸
2362 1747 2439 1768 Dum·
2454 1753 2504 1775 εειΡ·
2519 1754 2550 1769 v¹=

2337 1773 2425 1804 Textus
2443 1780 2548 1796 commu-

2338 1806 2374 1822 nis
2388 1806 2424 1829 43.

2333 3299 2342 3310 ⁸
2356 3299 2423 3321 Text.
2437 3306 2477 3326 44.
