2782 4134
345 258 399 293 44

304 311 306 314 Ι
348 322 534 362 circularis
554 319 729 358 infinitus.
760 317 863 355 Sicut
882 316 983 353 enim
1006 315 1035 351 si
1055 324 1132 351 non
1153 321 1207 349 est
1226 312 1396 355 circulus,

348 390 426 415 non
454 381 576 425 potest
605 385 686 410 esse
714 379 839 409 motus
869 367 1074 414 circularis,
1103 367 1152 402 ita
1185 365 1215 401 si
1248 376 1326 401 non
1354 362 1398 398 sit

348 429 513 467 infinitus
542 427 719 473 circulus,
749 436 826 461 non
844 429 968 472 potest
987 432 1068 457 esse
1087 418 1252 455 infinitus
1270 423 1396 474 motus

348 482 546 519 circularis.
570 479 646 516 Sed
661 478 690 515 si
705 489 840 525 corpus
858 475 1045 512 infinitum
1059 478 1260 508 moveatur
1281 480 1396 527 circu-

348 535 490 582 lariter,
519 540 672 570 necesse
701 537 755 567 est
781 536 928 566 motum
958 525 1175 563 circularem
1205 534 1285 581 esse
1313 521 1395 579 mfi-

348 588 487 625 nitum:
517 598 594 623 non
614 592 669 621 est
689 595 777 631 ergo
795 580 972 630 possibile
997 578 1099 627 quod
1120 588 1255 625 corpus
1274 575 1394 611 infini-

297 664 303 675 ι
348 649 429 678 tum
458 637 679 676 circulariter
707 641 914 673 moveatur.

111 756 122 766 ⁶
136 760 196 783 quae
213 753 268 775 talis
286 755 322 774 est

110 787 158 804 om.
173 787 195 803 r.

111 1019 121 1029 ⁸
136 1018 178 1039 ΑΒ
191 1023 228 1039 se.

110 1229 120 1238 ·
135 1227 185 1249 alia
197 1233 218 1249 P.

112 1763 174 1785 “AB
186 1770 207 1785 z.

402 705 436 730 2.
462 691 642 739 Quintam
669 689 852 726 rationem
885 684 991 734 ponit
1018 683 1084 720 ibi:
1112 683 1246 719 Adhuc
1271 686 1395 718 autem

346 747 380 783 si
400 746 434 782 G
453 753 539 792 etc.,
568 755 664 792 quae
688 741 766 778 talis
787 748 840 776 est
861 740 890 776 ὴ.
922 739 1165 786 Supponatur
1192 734 1296 784 quod
1316 736 1396 770 cor-

346 799 450 849 poris
477 796 610 834 infiniti
638 793 858 831 circulariter
881 791 974 828 moti
994 798 1163 827 centrum
1184 789 1228 825 sit
1248 788 1298 833 G;
1329 787 1395 824 du-

349 859 452 889 catur
470 857 595 887 autem
623 860 691 897 per
717 847 790 883 hoc
819 852 987 882 centrum
1011 843 1108 880 linea
1127 843 1175 879 ad
1195 849 1394 888 utramque

347 911 492 954 partem
520 902 681 947 infinita,
711 911 807 948 quae
835 898 880 935 sit
907 897 1004 934 linea
1031 897 1115 942 AB;
1146 895 1303 932 ducatur
1330 905 1394 929 au-

348 965 425 994 tem
449 956 519 993 alia
542 955 638 992 linea
655 959 802 1002 praeter
830 958 1010 997 centrum,
1032 949 1169 986 cadens
1197 948 1246 984 ad
1273 954 1394 983 rectos

348 1010 503 1058 angulos
530 1019 641 1057 super
664 1006 802 1042 lineam
830 1005 897 1041 BA
915 1005 944 1051 ²²,
965 1003 1004 1040 in
1025 1010 1166 1051 puncto
1192 1000 1329 1037 scilicet
1348 1000 1392 1045 E,

349 1071 384 1100 et
403 1063 448 1099 sit
467 1062 578 1098 etiam
603 1061 697 1097 haec
721 1058 818 1095 linea
845 1057 988 1094 infinita
1003 1062 1013 1076 ‘
1033 1067 1077 1092 ex
1095 1062 1250 1102 utraque
1269 1060 1392 1102 parte3

347 1123 384 1152 et
410 1117 481 1152 hae
510 1115 604 1151 duae
632 1112 751 1148 lineae
780 1110 852 1147 sint
870 1118 1019 1157 stantes,
1039 1108 1145 1157 quasi
1171 1106 1393 1155 imaginatae

346 1169 385 1205 in
412 1167 530 1217 spatio
558 1167 596 1203 in
623 1177 699 1213 quo
733 1176 869 1213 corpus
903 1162 1089 1200 infinitum
1123 1160 1299 1198 movetur
1328 1159 1394 1195 cir-

347 1221 526 1258 culariter.
553 1219 607 1257 Sit
626 1218 736 1255 etiam
756 1217 860 1254 tertia
883 1218 903 1238 *
924 1216 1021 1253 linea
1054 1214 1247 1263 egrediens
1267 1226 1289 1250 a
1309 1225 1393 1249 cen-

345 1282 414 1322 tro,
436 1285 530 1322 quae
559 1272 604 1309 sit
630 1272 727 1308 linea
751 1271 834 1317 DG,
855 1270 999 1307 infinita
1028 1280 1072 1305 ex
1099 1276 1204 1317 parte
1233 1268 1266 1304 D
1288 1269 1393 1314 (nam

346 1339 390 1364 ex
408 1334 512 1375 parte
533 1326 567 1363 G
586 1332 731 1374 oportet
750 1335 834 1360 eam
855 1335 935 1359 esse
954 1322 1132 1368 finitam):
1152 1322 1246 1358 haec
1266 1327 1392 1356 autem

343 1380 441 1416 linea
460 1386 659 1416 moveatur
683 1389 752 1426 per
774 1384 920 1413 motum
941 1375 1119 1425 corporis,
1139 1381 1268 1423 utpote
1288 1373 1326 1409 in
1346 1385 1391 1409 eo

345 1432 538 1481 descripta.
574 1431 673 1478 Quia
698 1429 806 1478 igitur
832 1429 929 1466 linea
957 1429 989 1465 E
1019 1436 1074 1465 est
1100 1427 1264 1475 infinita,
1298 1438 1393 1463 nun—

344 1497 459 1534 quam
486 1485 706 1530 ahsolvetur,
738 1482 832 1520 idest
859 1482 1106 1532 separabitur,
1136 1482 1183 1518 ab
1214 1493 1274 1517 ea:
1304 1479 1392 1529 quia

344 1550 421 1575 non
448 1545 571 1586 potest
589 1549 673 1574 eam
695 1536 928 1585 pertransire,
952 1547 1038 1572 cum
1063 1535 1108 1572 sit
1135 1534 1295 1581 infinita,
1325 1533 1392 1570 sed

344 1603 494 1639 semper
513 1604 552 1627 se
571 1590 722 1628 habebit
740 1589 1050 1638 quemadmodum
1074 1589 1159 1635 GE,
1179 1587 1274 1625 idest
1293 1599 1391 1624 sern-

342 1656 412 1693 per
430 1644 616 1692 continget
641 1644 703 1680 vel
723 1643 863 1681 secabit
888 1642 1026 1679 lineam
1051 1643 1099 1689 E,
1121 1642 1214 1679 sicut
1242 1641 1393 1678 secabat

344 1709 428 1733 eam
461 1696 498 1733 in
529 1696 710 1746 principio
748 1711 770 1734 a
798 1709 874 1745 quo
908 1694 1071 1745 incoepit
1102 1694 1269 1742 moveri,
1302 1702 1393 1743 puta

344 1749 494 1799 quando
514 1750 611 1787 linea
634 1751 704 1787 GD
734 1749 1058 1799 superponebatur
1081 1749 1200 1786 lineae
1229 1749 1296 1785 BA
1315 1748 1335 1769 *
1359 1756 1394 1784 et

343 1803 491 1840 secabat
509 1803 522 1829 ζ
540 1802 676 1840 lineam
696 1804 728 1841 E
747 1802 1100 1852 perpendiculariter
1118 1802 1155 1839 in
1174 1808 1317 1850 puncto
1346 1801 1392 1838 E.

344 1855 538 1893 Recedens
571 1856 670 1893 enim
694 1858 740 1893 ab
764 1858 838 1894 hoc
865 1857 935 1893 situ
967 1856 1104 1893 incidet
1135 1855 1273 1892 lineam
1293 1856 1326 1892 E
1355 1854 1393 1891 in

343 1916 481 1958 puncto
509 1910 555 1956 Z,
585 1917 620 1946 et
647 1909 699 1946 sic
730 1922 880 1959 semper
913 1909 950 1947 in
979 1910 1051 1947 alio
1086 1917 1122 1946 et
1149 1908 1221 1946 alio
1249 1916 1391 1958 puncto

344 1962 482 1999 secabit
499 1962 616 1999 illam:
645 1975 838 2012 nunquam
857 1971 985 2000 tamen
1012 1962 1171 2000 totaliter
1188 1961 1325 2012 poterit
1343 1962 1391 1999 ab

345 2028 389 2052 ea
416 2016 588 2065 separari.
618 2017 852 2066 Impossibile
889 2025 944 2054 est
971 2024 1098 2054 autem
1127 2015 1230 2065 quod
1263 2023 1391 2052 motus

318 2081 320 2084 ⁴
345 2069 528 2106 circularis
557 2071 804 2119 compleatur,
838 2070 907 2107 nisi
941 2070 1037 2107 linea
1065 2070 1135 2107 GD
1165 2069 1323 2106 dimittat
1350 2069 1390 2106 li-

112 2238 122 2247 *
136 2236 217 2259 Eom.
230 2244 252 2259 ι».

344 2135 455 2160 neam
482 2123 532 2159 E:
561 2123 648 2171 quia
684 2123 890 2172 oportebit,
925 2130 1126 2172 antequam
1156 2123 1391 2172 compleatur

344 2184 468 2214 motus
497 2175 691 2224 circularis,
711 2176 814 2225 quod
834 2176 931 2214 linea
950 2177 1020 2214 GD
1048 2184 1278 2225 pertranseat
1305 2188 1390 2225 par-

344 2237 421 2267 tem
457 2229 580 2266 circuli
616 2242 711 2278 quae
748 2237 803 2267 est
838 2230 877 2267 in
913 2229 1087 2279 opposito
1131 2229 1250 2267 lineae
1288 2230 1321 2267 E
1356 2230 1388 2267 *.

345 2281 404 2320 Sic
436 2290 537 2332 patet
569 2295 656 2331 ergo
689 2283 790 2332 quod
822 2283 920 2320 linea
953 2282 1097 2320 infinita
1130 2284 1233 2320 nullo
1270 2283 1390 2321 modo

343 2343 466 2386 potest
501 2335 653 2373 circuire
690 2336 894 2384 circulum,
934 2336 982 2373 ita
1019 2336 1157 2374 scilicet
1197 2337 1302 2386 quod
1335 2344 1390 2374 to-

343 2397 402 2427 tus
429 2396 554 2427 motus
583 2389 768 2434 circularis
797 2390 1039 2439 compleatur.
1073 2390 1122 2427 Et
1147 2389 1198 2427 ita
1225 2390 1393 2439 sequitur

398 2530 420 2563 ε)
439 2533 464 2555 et
475 2530 511 2555 sit
523 2529 602 2555 etiam
615 2530 678 2559 haec
690 2530 759 2555 linea
772 2529 883 2563 infinita.
897 2543 916 2548 -
927 2532 953 2555 et
967 2535 992 2555 et
1004 2530 1069 2556 haec
1082 2538 1136 2556 om.
1150 2531 1178 2562 P,
1192 2531 1256 2557 haec
1270 2539 1322 2557 om.
1337 2533 1366 2557 B.
1375 2547 1395 2552 -

347 2565 403 2590 Lin.
417 2572 471 2598 seq.
489 2573 536 2598 pro
553 2568 666 2594 stantes,
686 2564 759 2590 bases
777 2565 798 2589 C
816 2565 871 2589 sine
889 2573 976 2590 sensu.

399 2599 423 2632 ζ)
442 2600 553 2625 secabat.
570 2613 589 2619 -
609 2600 644 2624 lta
662 2600 698 2631 Ας
717 2600 736 2624 Ρ
756 2605 781 2625 et
804 2605 850 2625 cet.
870 2601 973 2626 secabit.
993 2601 1116 2634 Legimus
1133 2602 1251 2628 secabat:
1270 2611 1330 2628 nam
1355 2603 1395 2628 hic

349 2635 472 2660 indicatur
490 2635 620 2668 quomodo
639 2635 694 2666 GD‚
713 2635 815 2668 quando
834 2636 1055 2668 superponebatur
1073 2637 1154 2662 lineae
1167 2638 1219 2669 BA,
1241 2646 1268 2663 se
1287 2638 1396 2664 habebat

350 2671 382 2695 ad
400 2670 491 2695 lineam
509 2670 539 2699 E,
553 2670 672 2695 nimirum
690 2670 791 2695 secabat
809 2678 866 2695 eam
885 2672 1132 2704 perpendiculariter,
1150 2681 1181 2698 eo
1200 2674 1270 2706 quod
1290 2674 1355 2699 linea
1374 2675 1395 2699 E

350 2705 423 2737 cadit,
436 2710 465 2730 ut
482 2713 558 2738 supra
576 2705 669 2730 dictum
688 2710 734 2735 est,
749 2706 780 2730 ad
798 2711 880 2731 rectos
904 2707 1011 2739 angulos
1035 2715 1113 2740 super
1131 2708 1223 2734 lineam
1243 2710 1295 2735 ΒΑ.
1306 2723 1326 2729 -
1338 2710 1396 2735 Lin.

351 2748 407 2773 seq.
420 2741 492 2766 codd.
502 2740 548 2765 AG
566 2748 617 2765 om.
630 2741 706 2771 enim,
721 2741 791 2774 quod
805 2746 889 2766 tamen
908 2742 1069 2768 retinendum
1082 2749 1128 2774 est,
1144 2745 1203 2777 quia
1218 2745 1267 2770 hoc
1282 2746 1339 2770 loco
1353 2746 1397 2771 de-

351 2776 458 2801 claratur
476 2776 545 2808 quod
564 2776 628 2801 linea
646 2776 700 2806 GD‚
715 2776 833 2809 quamvis
846 2781 926 2802 mutet
945 2777 1031 2808 situm,
1044 2785 1147 2811 semper
1160 2784 1245 2805 tamen
1260 2781 1398 2814 continget

350 2811 391 2836 vel
407 2811 503 2837 secabit
521 2811 615 2836 lineam
634 2812 665 2836 E.
680 2811 718 2836 Cf.
731 2817 835 2837 textum.

403 2847 428 2879 η)
443 2846 647 2878 pertransiverit
669 2847 807 2880 infinitum.
820 2861 839 2866 -
849 2849 1055 2879 per-transiverit
1079 2850 1193 2882 spatium
1214 2851 1343 2884 infinitum
1363 2852 1397 2884 P,

352 2886 377 2906 et
394 2882 475 2915 pergit
497 2885 612 2914 tempore
626 2882 720 2915 finito,
739 2882 809 2915 quod
828 2882 1002 2915 improbatum
1021 2888 1061 2910 est
1079 2885 1104 2910 in
1130 2886 1167 2910 VI
1182 2886 1300 2920 Phssic.;
1323 2888 1398 2912 omit-

1045 236 1117 272 DE·
1146 232 1319 270 CAELo
1349 231 1419 268 ET
1448 206 1766 266 MUNDo'LIB.
1798 225 1811 260 1

1454 305 1558 354 quod
1602 315 1738 353 corpus
1779 301 1969 339 infinitum
2013 312 2093 336 non
2133 298 2256 347 possit
2298 298 2527 337 circulariter

1521 369 1612 394 ver1.

1453 371 1543 447 mqss.
1570 410 1725 446 Sextam
1760 407 1947 444 rationem
1985 405 2095 454 ponit
2122 405 2192 442 ibi:
2221 405 2358 442 Adhuc
2383 406 2419 443 si
2444 407 2524 455 qui—

1451 464 1535 501 dem
1565 470 1632 498 etc.
1659 462 1709 498 Et
1735 461 1835 497 hanc
1862 459 2020 508 quidem
2042 460 2062 480 ³²
2083 459 2269 496 rationem
2298 459 2437 496 format
2457 459 2526 497 du-

1450 515 1611 565 pliciter:
1630 514 1756 563 primo
1773 512 1950 550 ducendo
1971 512 2021 549 ad
2039 512 2278 561 impossibile
2296 513 2373 549 hoc
2388 513 2533 551 modo,¹

1453 569 1507 606 Sit
1536 569 1682 605 caelum
1711 567 1914 613 infinitum,
1936 566 2032 603 sicut
2059 573 2100 603 tu
2120 566 2245 615 ponis.
2275 565 2525 604 Manifestum

1452 630 1507 659 est
1534 628 1662 659 autern
1691 619 1740 657 ad
1761 631 1918 656 sensum
1947 620 2054 669 quod
2077 627 2259 657 movetur
2287 619 2525 669 circumqua-

1452 688 1527 724 que
1555 683 1729 723 tempore
1757 673 1882 710 finito:
1911 672 2091 710 videmus
2129 674 2233 711 enim
2263 672 2344 710 eius
2372 673 2525 711 revolu-

1451 730 1594 766 tionem
1627 726 1760 776 perfici
1788 727 1826 763 in
1853 726 1986 775 viginti
2014 734 2180 775 quatuor
2206 726 2322 764 horis.
2362 727 2422 764 Ex
2449 727 2525 764 hoc

1452 794 1540 830 ergo
1579 788 1758 829 sequetur
1794 781 1900 829 quod
1941 779 2134 818 infinitum
2171 780 2218 818 sit
2254 780 2524 830 pertransitum

1450 843 1622 884 tempore
1650 833 1776 870 finito:
1798 841 1835 870 et
1853 834 1929 870 hoc
1947 833 2048 882 ideo,
2069 834 2160 883 quia
2177 846 2336 872 necesse
2356 841 2412 871 est
2429 834 2525 872 ima-

1450 888 1567 937 ginari
1595 887 1749 936 aliquod
1769 887 1936 936 spatium
1956 888 2116 937 aequale
2140 888 2260 937 caelo,
2282 887 2321 925 in
2341 899 2420 938 quo
2440 900 2525 925 cae-

1450 944 1529 979 lum
1558 947 1746 978 movetur.
1784 941 1871 978 Hoc
1904 949 2035 979 autem
2072 941 2239 991 spatium
2266 941 2526 990 imaginamur

1449 1003 1490 1032 ut
1518 995 1734 1044 quiescens:
1763 994 1818 1031 sic
1845 994 1957 1043 igitur
1985 995 2178 1045 oportebit
2205 995 2313 1044 quod
2336 995 2384 1033 sit
2401 994 2525 1044 quod-

1451 1050 1538 1086 dam
1560 1049 1710 1085 caelum
1733 1059 1896 1085 manens
1912 1049 1933 1070 ¹⁸¹
1950 1048 2155 1098 infinitum,
2176 1048 2273 1086 idest
2291 1049 2420 1099 ipsum
2439 1060 2525 1098 spa·
2550 1058 2562 1068 ·

1448 1101 1543 1139 tium
1571 1101 1610 1138 in
1638 1113 1716 1150 quo
1747 1102 1897 1139 caelum
1934 1110 2134 1149 movetur3
2165 1109 2201 1140 et
2228 1102 2335 1151 quod
2368 1101 2414 1139 sit
2442 1113 2524 1140 cor-

1447 1167 1520 1204 pus
1550 1155 1642 1192 caeli
1671 1154 1776 1204 quod
1805 1162 1987 1194 movetur
2020 1156 2059 1193 in
2086 1157 2164 1194 hoc
2191 1155 2333 1206 spatio,
2363 1155 2525 1205 aequale

1449 1209 1549 1246 dicto
1578 1208 1712 1258 spatio,
1740 1208 1831 1257 quia
1858 1217 2011 1259 oportet
2048 1221 2188 1259 corpus
2216 1208 2373 1259 aequari
2400 1208 2523 1258 spatio

1448 1263 1486 1299 in
1514 1274 1591 1311 quo
1630 1270 1696 1299 est.
1728 1262 1768 1299 Si
1806 1262 1918 1311 igitur
1955 1263 2106 1300 caelum
2140 1262 2333 1300 infinitum
2363 1262 2525 1300 existens

1449 1315 1678 1353 circulariter
1692 1323 1844 1354 motum
1865 1324 1922 1354 est
1940 1324 2117 1366 tempore
2136 1316 2259 1365 finito,
2281 1319 2529 1365 consequens

1449 1376 1504 1407 est
1522 1369 1629 1418 quod
1647 1369 1934 1419 pertransiverit
1951 1370 2144 1408 infinitum
2163 1375 2179 1394 ¹⁸
2197 1377 2374 1420 tempore
2400 1369 2522 1407 finito.

1449 1423 1535 1459 Hoc
1563 1430 1692 1460 autem
1722 1431 1778 1461 est
1801 1423 2050 1474 impossibile,
2070 1423 2211 1461 scilicet
2228 1423 2422 1462 infinitum
2439 1434 2525 1474 per-

1447 1475 1604 1513 transire
1638 1484 1814 1526 tempore
1847 1477 1978 1526 finit0,
2007 1485 2050 1515 ut
2081 1478 2291 1527 probatum
2320 1484 2378 1515 est
2404 1475 2445 1516 in
2469 1476 2523 1514 VI

1446 1530 1596 1579 Physic.
1627 1532 1646 1549 ⁶*
1673 1530 1914 1580 Impossibile
1943 1538 1999 1569 est
2026 1531 2138 1580 igitur
2164 1530 2272 1582 quod
2301 1542 2442 1580 corpus
2468 1529 2526 1568 in-
2550 1538 2561 1549 ·

1447 1583 1598 1621 finitum
1627 1583 1858 1622 circulariter
1883 1592 2100 1623 moveatur.

1500 1648 1538 1684 4.
1561 1637 1740 1675 Secundo
1759 1637 1830 1676 ibi:
1848 1639 1918 1676 Est
1934 1644 2061 1676 autem
2076 1643 2114 1676 et
2129 1637 2421 1676 convertibiliter
2438 1643 2523 1686 etc„

1448 1690 1587 1728 format
1606 1691 1795 1729 rationem
1815 1703 1836 1730 e
1856 1704 2059 1740 converSO,
2074 1699 2118 1730 ut
2135 1691 2183 1729 sit
2199 1690 2376 1742 probatio
2397 1696 2525 1728 osten-

1448 1743 1541 1782 siva.
1562 1745 1612 1781 Et
1640 1745 1729 1782 dicit
1756 1745 1863 1795 quod
1890 1758 2100 1796 possumus
2127 1757 2148 1783 e
2177 1757 2368 1784 converso
2396 1743 2525 1782 dicere

1449 1798 1566 1847 quod,
1596 1811 1644 1836 ex
1671 1811 1749 1848 quo
1773 1807 1928 1850 tempus
1948 1807 2004 1837 est
2026 1799 2180 1837 finitum
2209 1798 2250 1836 in
2273 1810 2352 1847 quo
2372 1797 2529 1842 caelum

1449 1852 1668 1890 revolutum
1689 1859 1757 1900 est,
1778 1852 1875 1890 sicut
1897 1853 1947 1892 ad
1966 1865 2125 1891 sensum
2144 1859 2260 1902 patet,
2282 1861 2526 1902 consequens

1449 1913 1506 1943 est
1523 1903 1536 1926 ⁰
1555 1906 1661 1956 quod
1680 1906 1906 1956 magnitudo
1933 1919 2034 1956 quae
2063 1913 2121 1944 est
2137 1905 2377 1956 pertransita,
2406 1903 2454 1943 sit
2479 1903 2524 1942 fi-

1448 1959 1536 1996 nita.
1567 1959 1815 1998 Manifestum
1848 1967 1906 1998 est
1937 1967 2067 1998 autem
2100 1960 2209 2009 quod
2241 1958 2407 2009 spatium
2439 1969 2525 2008 per-

1447 2013 1646 2050 transitum
1676 2020 1731 2051 est
1759 2014 1920 2062 aequale
1948 2013 2021 2064 ipsi
2049 2012 2202 2063 corpori
2229 2010 2525 2062 pertranseunti.

1448 2067 1628 2117 Sequitur
1656 2079 1746 2116 ergo
1777 2079 1917 2117 corpus
1946 2067 2052 2116 quod
2082 2066 2312 2105 circulariter
2330 2071 2525 2114 movetur,

1447 2132 1530 2158 esse
1558 2120 1722 2158 finitum.

1501 2174 1564 2212 Sic
1584 2186 1673 2223 ergo
1690 2174 1920 2224 epilogando
1936 2173 2129 2212 concludit
2142 2173 2391 2212 manifestum
2410 2171 2527 2224 esse·
2550 2177 2564 2190 ·

1447 2229 1553 2279 quod
1581 2240 1722 2278 corpus
1749 2227 1855 2278 quod
1885 2227 2117 2266 circulariter
2143 2234 2337 2274 movetur,
2359 2237 2442 2264 non
2468 2231 2527 2264 est

1445 2283 1744 2328 interminatum,
1773 2281 1871 2320 idest
1899 2293 2034 2319 carens
2062 2280 2226 2319 termino
2255 2279 2364 2330 quasi
2387 2278 2525 2328 infigu-

1445 2344 1570 2374 ratum
1589 2342 1618 2372 ⁸:
1648 2343 1686 2373 et
1716 2347 1787 2385 per
1821 2347 2066 2385 consequens
2100 2346 2181 2372 non
2216 2341 2272 2372 est
2306 2332 2523 2382 infinitum,

1447 2390 1517 2428 sed
1544 2389 1662 2427 habet
1688 2388 1822 2427 finem.

1449 2532 1478 2558 tit
1497 2539 1607 2565 nempe,
1627 2539 1687 2557 cum
1707 2531 1784 2556 codd.
1807 2538 1861 2556 exc.
1884 2531 1922 2562 Α,
1940 2529 2140 2556 homoteleuton
2158 2528 2219 2555 Hoc
2240 2531 2382 2555 autem...

1443 2567 1540 2601 finiem-
1560 2575 1613 2601 quo
1638 2567 1739 2593 omisso
1763 2567 1854 2600 nequit
1873 2566 1924 2599 legi
1949 2569 1979 2592 ue
1997 2565 2145 2599 probatum
2164 2567 2219 2595 est,
2240 2564 2312 2598 quod
2336 2570 2430 2590 omnes
2449 2563 2528 2590 codd.

1450 2603 1554 2634 habent,
1574 2603 1686 2636 ideoque
1704 2602 1755 2628 hoc
1774 2602 1898 2630 infima
1917 2601 2055 2635 corrigitur
2079 2601 2106 2627 in
2129 2600 2203 2635 quod
2225 2599 2405 2634 Imm-ebatum
2424 2601 2480 2630 est:
2493 2598 2527 2626 cf.

1450 2644 1628 2707 ἵωτὸςῃοφιοει,
1641 2681 1679 2700 ex
1696 2681 1782 2707 quo...
1794 2679 1956 2706 consequens
1975 2675 2024 2699 est.
2037 2687 2057 2692 -
2070 2672 2090 2698 P
2109 2671 2172 2706 legit
2189 2671 2263 2705 quod
2282 2674 2386 2705 tempus
2404 2674 2446 2697 ese
2455 2669 2525 2709 fini-

1452 2714 1507 2735 tum
1527 2717 1564 2736 ex
1581 2717 1634 2743 quo
1652 2710 1755 2736 caelum
1774 2709 1925 2735 revolutum
1944 2711 1985 2735 est
1997 2709 2068 2735 sicut
2085 2708 2123 2734 ad
2139 2714 2247 2734 sensnm
2260 2709 2348 2741 pam.
2363 2711 2526 2741 mquam

1450 2749 1497 2776 est,
1518 2746 1709 2771 constructione
1728 2746 1864 2771 mendosa.
1882 2744 1934 2770 Pro
1953 2744 1979 2770 in
1999 2751 2060 2778 quo,
2079 2751 2118 2770 ex
2135 2751 2188 2778 quo
2206 2741 2338 2775 neum
2356 2740 2385 2769 ln
2399 2748 2453 2776 qm
2465 2748 2526 2768 ouo-

1450 2782 1504 2806 Ium
1524 2782 1672 2823 revolutum
1691 2784 1731 2807 est
1749 2788 1804 2806 om.
1817 2781 1849 2806 G.
2047 2814 2055 2820 ·
2458 2812 2464 2820 .

1451 2814 1906 2883 ...sslssssltflfinztxaeaassss
1921 2813 2268 2886 ,ἳζῗῇςῑὶαἳῑΐωοῴῖ
2282 2813 2370 2884 ῗωῗῑ
2387 2813 2526 2883 3¹23?ss

1451 2889 1545 2920 vac.1;
1566 2888 1629 2921 quia
1640 2888 1795 2922 figuratum
1815 2888 1845 2914 P.

2552 470 2747 499 'siqua-'demvm

2772 799 2782 817 Δ,
2775 771 2782 789 μ
2775 686 2782 763 »κα-...π

2778 907 2782 931 .-
2770 828 2782 881 -ι-ἑ
