2782 4134
91 3487 101 3496 ·
112 3484 146 3508 Cf.
158 3485 239 3512 lect.x‚
251 3491 300 3507 n.1.

339 279 409 326 178

1029 277 1100 313 DE
1130 253 1306 312 CAELo
1336 275 1406 311 ET
1435 274 1630 311 MUNDo
1660 274 1754 311 ΜΒ.
1787 275 1818 311 11

939 522 1237 578 LECTIO
1275 523 1843 601 DECIMAQUINT
1845 526 1905 580 A

509 686 749 718 VELOCITAS
772 686 829 715 ET
853 684 1070 715 TARDITAS
1094 684 1138 714 IN
1161 684 1288 716 MOTU
1312 685 1609 716 PLANETARUM
1632 686 1713 716 EST
1733 686 1970 719 SECUNDUM
1993 687 2339 720 PROPORTIONEM

397 744 654 775 DISTANTIAE
679 743 832 774 EORUM
855 745 884 772 A
909 742 1042 772 PRIMA
1065 741 1264 772 SPHAERA
1286 743 1345 773 ET
1368 745 1398 773 A
1421 743 1568 773 TERRA
1592 761 1610 766 —
1635 743 1858 781 QUOMODO
1882 745 1948 776 SIT
1972 745 2065 777 HOC
2090 746 2451 778 INTELLIGENDUM

329 887 403 930 Περὶ
428 879 464 916 δὲ
489 882 551 920 τῆς
576 881 702 922 τάξεως
725 880 851 918 αὐτῶν,
871 880 905 933 ὃν
924 880 983 923 μέν
1009 879 1136 923 τρόπον
1155 879 1301 912 ἕκαστον
1325 884 1393 911 κεῖ·
1447 883 1464 902 *
1486 884 1534 913 De
1558 883 1669 914 ordine
1692 890 1801 915 autem
1823 885 1986 925 ipsorum,
2015 896 2082 927 quo
2105 887 2238 927 quidem
2265 888 2365 918 modo
2394 888 2519 929 singula
2546 894 2762 925 ‘etp-armfiy.

397 941 455 961 ται
481 927 527 967 τῷ
553 926 599 958 τά
623 925 682 970 μὲν
715 922 801 956 εἶναι
836 935 987 969 προτερα
1022 924 1069 957 τοὶ
1093 920 1121 956 δ’
1152 923 1299 969 ὕστερα,
1332 927 1391 957 καὶ

396 975 462 1010 πῶς
488 971 555 1015 ἔχει
586 970 664 1012 πρός
698 969 831 1006 ἄλληλα
866 972 936 1006 τοῖς
971 968 1235 1013 ἀποστήμασιν,
1263 970 1299 1001 ἐκ
1323 970 1390 1001 τῶν

395 1019 467 1061 περὶ
494 1016 717 1060 ἀστρολογίαν
747 1012 947 1055 θεωρείσθω·
973 1013 1117 1060 λέγεται
1141 1014 1206 1059 γάρ
1232 1015 1365 1051 ἱκανῶς.

327 1106 506 1150 Συμβαίνει
531 1099 567 1135 δέ
592 1102 687 1135 κατά
709 1101 811 1148 λόγον
836 1101 1010 1148 γίγνεσθαι
1037 1102 1100 1140 τάς
1126 1102 1274 1136 ἑκάστου
1298 1102 1389 1140 κινή-

391 1162 456 1187 σεις
490 1152 559 1186 τοῖς
593 1146 819 1191 ἀποστήμασι
852 1149 900 1188 τῷ
935 1146 998 1184 τὰς
1032 1147 1090 1190 μὲν
1122 1144 1207 1179 εἶναι
1240 1146 1389 1186 θάττους

391 1194 453 1231 τοὶς
487 1188 524 1224 δὲ
558 1187 786 1235 βραδυτέρας·
814 1191 888 1224 ἐπεὶ
920 1191 986 1237 γάρ
1019 1192 1201 1224 ὑπόκειται
1234 1192 1297 1229 τήν
1330 1193 1388 1237 μὲν

391 1237 540 1282 ἐσχάτην
565 1237 628 1268 τοῦ
655 1233 798 1279 οὐρανοῦ
825 1235 1004 1280 περιφοράν
1029 1237 1142 1274 οἱπλῆν
1169 1237 1199 1267 τ’
1221 1234 1306 1269 εἶναι
1331 1239 1389 1269 καὶ

392 1284 582 1327 ταχίστην,
611 1280 673 1318 τοὶς
703 1277 740 1312 δὲ
773 1282 839 1314 τῶν
875 1293 896 1312 α
918 1282 985 1311 λων
1017 1281 1230 1325 βραδυτέρας
1261 1293 1299 1313 τε
1330 1283 1389 1314 καὶ

389 1329 521 1364 πλείους
547 1325 712 1369 (ἕκαστον
737 1326 803 1371 γάρ
830 1324 1049 1369 ἀντιφέρεται
1071 1327 1119 1367 τῷ
1138 1325 1268 1370 οὐρανῷ
1294 1327 1390 1358 κατά

388 1372 448 1404 τόν
475 1371 582 1403 αὐτοῦ
607 1369 765 1412 κύκλον),
793 1369 931 1416 εὔλογον
957 1363 1023 1407 ’ἤδη
1051 1370 1092 1402 τὰ
1117 1371 1177 1414 μέν
1203 1370 1387 1416 ἐγγυτάτω

386 1418 451 1453 τῆς
479 1416 589 1452 ἀπλῆς
613 1416 671 1446 καὶ
697 1414 832 1458 πρώτης
858 1416 1037 1459 περιφορᾶς
1055 1415 1088 1446 ἐν
1107 1416 1254 1455 πλείστῳ
1280 1414 1386 1459 χρόνῳ

387 1456 508 1492 διιέναι
534 1458 591 1492 τόν
619 1460 729 1491 αὑτοῦ
753 1458 889 1500 κύκλον,
909 1460 950 1492 τὸ
970 1455 1008 1491 δὲ
1027 1459 1239 1504 πορρωτάτω
1258 1457 1290 1491 ἑν
1310 1460 1389 1492 ἐλα-

386 1507 509 1550 χίστῳ,
537 1505 602 1536 τῶν
628 1499 655 1535 δ’
688 1503 797 1535 ἄλλων
829 1504 879 1536 ἀεὶ
905 1504 946 1536 τὸ
973 1503 1154 1551 ἐγγύτερον
1181 1501 1213 1536 ἐν
1241 1505 1383 1544 πλείονι,

388 1549 428 1582 τὸ
453 1545 490 1581 δὲ
515 1547 723 1593 πορρώτερον
754 1549 786 1579 ὲν
820 1548 994 1581 ἐλάττονι.
1035 1548 1079 1580 Tc}
1105 1549 1164 1592 μὲν
1189 1548 1254 1594 γάρ
1288 1549 1385 1595 ἐγγυ-

386 1594 483 1626 τάτω
509 1592 662 1637 μάλιστα
690 1596 896 1634 κρατεῖται,
924 1593 966 1625 τὸ
991 1588 1028 1625 δὲ
1054 1592 1266 1638 πορρωτάτω
1300 1593 1387 1625 ποίν-

387 1651 453 1670 των
472 1637 598 1675 ἥκιστα
615 1633 674 1670 διά
691 1636 755 1674 τήν
779 1636 991 1670 ἀπόστασιν·
1014 1637 1062 1670 τά
1077 1633 1115 1670 δὲ
1132 1637 1265 1681 μεταξύ
1289 1638 1386 1670 κατά

385 1682 485 1729 λόγον
512 1677 575 1719 ἤδη
603 1683 664 1720 τῆς
692 1681 933 1724 ἀποστάσεως,
959 1681 1069 1727 ὥσπερ
1094 1684 1152 1714 καὶ
1177 1676 1383 1714 διεκνύουσιν

385 1730 415 1758 οἱ
440 1726 684 1771 μαθηματικοί.

372 1824 519 1852 SYNoPsts.
544 1840 578 1844 —-
599 1833 622 1851 1.
644 1824 856 1860 Argumentum
872 1830 900 1851 et
921 1823 1024 1851 divisio
1039 1829 1140 1851 textus.
1163 1840 1182 1843 -
1196 1824 1237 1851 Ex
1259 1823 1293 1851 iis
1309 1833 1383 1860 quae

318 1864 348 1892 in
369 1863 523 1900 astrologia
542 1863 777 1898 determinantur,
799 1863 1000 1900 accipiendum
1015 1870 1058 1891 est
1071 1872 1090 1891 a
1103 1863 1225 1891 naturali
1241 1863 1311 1900 quid
1332 1863 1383 1892 ha-

318 1904 446 1932 bendum
460 1904 495 1931 de
509 1903 611 1932 ordine
626 1903 781 1938 stellarum,
797 1909 824 1931 et
839 1904 874 1931 de
896 1902 1036 1931 distantiis
1052 1912 1151 1931 earum
1166 1903 1202 1931 ab
1218 1903 1351 1931 invicem.
1364 1919 1384 1925 -

320 1951 346 1972 2.
366 1944 412 1971 Ad
432 1943 590 1971 naturalem
616 1943 739 1980 pertinet
764 1943 948 1971 considerare
969 1944 1006 1971 de
1027 1942 1177 1971 velocitate
1203 1949 1231 1971 et
1251 1942 1383 1972 tarditate

319 1983 349 2011 in
370 1983 495 2011 motibus
517 1984 706 2020 planetarum.
721 1999 741 2004 -
755 1983 854 2011 Motus
871 1983 990 2021 proprii
1006 1983 1194 2020 planetarum
1216 1988 1282 2011 sunt
1304 1983 1383 2011 velo-

318 2023 413 2052 ciores
425 2023 470 2051 vel
484 2023 629 2051 tardiores
642 2023 800 2051 secundum
816 2023 958 2051 rationem
974 2023 1126 2050 distantiae
1137 2032 1154 2050 a
1165 2023 1266 2060 prima
1279 2024 1383 2061 sphae—

319 2073 354 2091 ra
368 2069 395 2091 et
415 2072 432 2090 a
447 2068 536 2091 terra.
560 2062 715 2091 Circulatio
737 2062 822 2099 primi
845 2063 915 2091 caeli
936 2069 979 2091 est
999 2062 1181 2091 velocissima
1203 2069 1231 2091 et
1252 2062 1381 2100 simplex,

318 2104 398 2140 quod
419 2103 504 2131 sensu
529 2109 662 2140 apparet;
690 2102 891 2131 circulationes
912 2109 1009 2131 autem
1031 2103 1211 2139 planetarum
1238 2109 1305 2131 sunt
1325 2109 1383 2131 tar-

319 2143 414 2171 diores
428 2149 455 2171 et
469 2143 572 2179 plures,
595 2143 663 2180 quia
676 2149 704 2171 et
718 2142 899 2171 diversorum
920 2143 1101 2179 planetarum
1116 2142 1220 2170 diversi
1237 2149 1305 2171 sunt
1319 2152 1383 2171 mo-

318 2190 379 2218 tus,
402 2189 429 2210 et
457 2190 551 2211 motus
578 2182 804 2219 uniuscuiusque
832 2183 963 2219 planetae
992 2182 1176 2210 constituitur
1203 2192 1237 2211 ex
1264 2182 1383 2211 diversis

319 2222 454 2251 motibus.
477 2223 553 2258 Quia
573 2232 642 2260 ergo
663 2223 795 2259 planetae
817 2222 909 2259 magis
934 2222 1101 2259 propinquo
1127 2222 1238 2259 primae
1263 2222 1383 2252 circula-

318 2262 405 2298 tioni,
428 2262 518 2299 magis
538 2262 681 2299 praevalet
707 2271 843 2299 suprema
869 2263 1005 2299 sphaera,
1034 2269 1063 2290 et
1083 2271 1099 2290 e
1121 2271 1262 2290 converso
1291 2263 1382 2300 magis

319 2302 433 2330 distanti
459 2302 553 2330 minus
574 2302 732 2339 praevalet,
755 2302 821 2330 ideo
842 2302 978 2331 velocitas
1005 2308 1032 2331 et
1057 2302 1177 2330 tarditas
1203 2302 1233 2330 in
1259 2303 1383 2340 propriis

319 2342 445 2370 motibus
466 2343 644 2379 planetarum
666 2343 787 2370 habetur
808 2343 968 2370 secundum
989 2342 1210 2379 proportionem
1232 2342 1383 2371 distantiae

319 2391 336 2410 a
356 2382 448 2418 prima
469 2383 590 2419 sphaera
611 2389 639 2410 et
655 2391 672 2410 a
686 2389 769 2410 terra.
783 2399 804 2403 —
819 2383 968 2417 Quantum
990 2383 1027 2410 ad
1042 2389 1155 2410 motum
1177 2391 1236 2419 quo
1251 2383 1383 2419 planetae

319 2428 470 2450 moventur
491 2428 573 2450 motu
594 2422 679 2458 primi
701 2422 825 2457 mobilis,
847 2422 905 2450 iam
926 2423 1083 2459 probatum
1098 2428 1140 2450 est
1160 2422 1239 2458 (lect.
1253 2430 1292 2458 xl,
1308 2432 1336 2451 n.
1355 2423 1383 2458 3)

320 2471 378 2497 θος,
394 2468 502 2498 quanto
518 2468 583 2490 sunt
597 2462 768 2498 superiores,
788 2461 862 2490 idest
875 2461 1099 2499 propinquiores
1113 2471 1265 2498 supremae
1280 2463 1382 2499 sphae-

319 2511 383 2536 rae,
412 2508 491 2530 tanto
519 2501 675 2530 velociores
696 2511 768 2530 esse.
788 2517 808 2522 —‹
832 2502 857 2529 3.
873 2501 1023 2530 Obiicitur.
1045 2503 1087 2529 Ex
1108 2502 1162 2530 hac
1190 2502 1384 2538 praevalentia

320 2541 446 2578 sequitur
467 2541 496 2569 in
517 2542 685 2570 caelestibus
706 2541 877 2578 corporibus
898 2551 960 2570 esse
981 2540 1091 2578 aliquid
1118 2541 1294 2574 violentum:
1321 2541 1383 2570 vio-

320 2581 428 2609 lentum
450 2588 544 2609 autem
560 2581 589 2609 in
604 2588 686 2609 motu
707 2581 831 2610 excludit
853 2581 1058 2618 sempiternam
1073 2581 1256 2609 durationem
1277 2581 1382 2618 ipsius;

320 2621 371 2648 sed
391 2620 557 2649 Aristoteles
579 2622 662 2650 docet
683 2628 780 2649 motus
802 2621 982 2658 planetarum
998 2630 1060 2649 esse
1079 2621 1280 2657 sempiternos.
1295 2637 1315 2642 —
1328 2623 1383 2650 Re-

321 2661 443 2697 spondet
470 2661 630 2689 Alexander
657 2661 763 2690 dictam
789 2661 1014 2697 praevalentiam
1042 2658 1156 2689 efficere
1182 2660 1382 2689 necessitatem

320 2700 467 2735 tarditatis,
489 2710 549 2729 non
570 2707 666 2729 tamen
687 2700 864 2729 violentiam.
886 2700 970 2729 Ratio
993 2707 1048 2728 est:
1071 2707 1169 2729 motus
1189 2700 1229 2728 illi
1251 2707 1318 2729 sunt
1338 2710 1382 2729 se-

322 2741 448 2767 cundum
469 2740 644 2769 intellectum
665 2747 693 2769 et
713 2740 900 2769 voluntatem.
915 2757 935 2760 —
948 2749 976 2775 4.
999 2741 1063 2768 Hoc
1082 2749 1254 2776 responsum
1275 2747 1318 2769 est
1339 2741 1384 2769 in·-

322 2777 475 2808 sufficiens.
496 2780 571 2815 Quia
585 2782 612 2816 a)
627 2780 788 2808 Aristotelis
810 2779 984 2817 principium
999 2786 1050 2816 est,
1066 2781 1146 2817 quod
1168 2790 1273 2817 corpus
1289 2781 1382 2809 maius

321 2819 445 2847 velocius
460 2827 590 2848 movetur
604 2820 723 2857 proprio
745 2827 772 2848 et
793 2820 915 2848 naturali
937 2826 1035 2855 motu3
1058 2829 1136 2857 ergo,
1159 2820 1182 2848 si
1204 2827 1301 2849 motus
1322 2821 1382 2858 pla-

322 2865 451 2887 netarum
474 2869 532 2896 quo
554 2867 706 2888 moventur
719 2860 749 2888 in
765 2859 884 2897 proprio
907 2859 1023 2894 circulo,
1045 2867 1087 2888 est
1107 2860 1245 2888 naturalis
1266 2867 1294 2888 et
1314 2870 1382 2897 pro-

322 2898 409 2934 prius,
431 2900 514 2927 debet
536 2901 656 2936 sphaera
670 2899 826 2936 superioris
841 2900 981 2936 planetae,
1000 2899 1068 2936 quia
1083 2900 1176 2928 maior
1190 2907 1240 2935 est,
1255 2901 1381 2929 velocius

323 2938 439 2966 moveri.
462 2940 488 2974 b)
503 2939 621 2967 Videtur
642 2949 703 2968 esse
722 2946 823 2968 contra
837 2939 1068 2968 convenientiam
1084 2940 1202 2975 ordinis,
1219 2941 1299 2977 quod
1318 2950 1382 2969 cor-

322 2987 375 3013 pus
403 2978 492 3015 magis
514 2986 656 3007 remotum
678 2989 695 3007 a
719 2986 794 3008 terra
820 2979 981 3015 immobili,
1010 2986 1038 3007 et
1066 2979 1156 3016 magis
1185 2980 1381 3017 propinquum

323 3018 414 3045 motui
434 3018 613 3047 velocissimo
628 3019 712 3055 primi
728 3019 852 3054 mobilis,
868 3019 977 3047 tardius
991 3019 1021 3047 in
1035 3020 1154 3056 proprio
1169 3026 1251 3048 motu
1266 3030 1382 3049 movea-

323 3063 377 3084 tur.
389 3073 408 3078 -
421 3058 446 3085 5.
458 3059 641 3094 Respondent
653 3059 770 3096 quidam
783 3060 863 3096 quod
878 3059 907 3087 in
922 3060 1002 3087 caelo
1013 3065 1054 3087 est
1064 3066 1175 3087 tantum
1186 3069 1261 3087 unus
1276 3067 1382 3095 motus,

324 3105 382 3132 quo
404 3097 507 3125 scilicet
530 3104 624 3126 totum
649 3099 758 3127 caelum
780 3099 934 3127 revolvitur
954 3108 1006 3136 per
1026 3106 1139 3128 motum
1160 3099 1245 3136 primi
1268 3100 1383 3128 mobilis

324 3136 360 3163 ab
382 3136 489 3164 oriente
510 3136 539 3164 in
561 3138 753 3174 occidentem;
775 3146 803 3167 et
823 3140 982 3167 secundum
1005 3140 1082 3167 hunc
1103 3145 1230 3174 motum,
1252 3139 1382 3176 superius

326 3184 428 3211 corpus
449 3176 573 3205 velocius
595 3185 732 3213 movetur,
755 3188 815 3206 non
837 3179 931 3206 solum
947 3185 1087 3215 quantum
1103 3180 1139 3207 ad
1154 3178 1382 3216 magnitudinem

326 3214 429 3250 circuli,
445 3216 495 3243 sed
516 3216 600 3244 etiam
622 3224 761 3253 quantum
783 3219 819 3246 ad
840 3218 978 3255 temporis
999 3219 1176 3254 brevitatem,
1199 3219 1267 3256 quia
1285 3219 1314 3247 in
1330 3219 1383 3247 mi-

326 3253 389 3281 nori
403 3260 532 3291 ternpore
546 3256 653 3293 peragit
668 3257 806 3285 maiorem
822 3258 969 3286 circulum.
985 3260 1020 3286 Et
1036 3258 1102 3287 inde
1118 3265 1159 3286 est
1177 3260 1255 3295 quod
1267 3258 1384 3288 inferior

327 3293 440 3328 planeta
454 3294 547 3322 deficit
561 3297 717 3324 secundum
732 3303 844 3333 tempus
858 3307 875 3326 a
886 3298 1075 3335 regrediendo
1086 3299 1123 3326 ad
1134 3298 1211 3327 idem
1226 3306 1382 3336 punctum;

545 3408 560 3429 ,ι
588 3395 759 3436 ostquam
774 3390 1028 3439 Philosophus
1048 3391 1314 3429 determinavit
1334 3392 1382 3430 de

555 3447 719 3484 natura
749 3449 783 3477 et
810 3451 917 3480 motu
938 3445 1141 3491 stellarum,
1171 3444 1232 3481 hic
1261 3445 1381 3484 deter-

460 3531 481 3547 l,
530 3492 543 3535 J*
589 3492 706 3529 minat
733 3493 778 3529 de
808 3495 939 3532 ordine
969 3504 1003 3532 et
1031 3497 1102 3534 situ
1133 3510 1262 3535 earum
1284 3500 1314 3546 ³⁸,
1345 3507 1381 3537 et

478 3568 482 3575 t
535 3545 752 3581 maxime
787 3556 970 3593 quantum
999 3550 1047 3586 ad
1075 3551 1260 3598 planetas:
1290 3565 1381 3590 nam

330 3595 377 3631 de
397 3594 508 3631 stellis
528 3595 609 3632 fixis
629 3597 868 3635 manifestum
889 3608 943 3637 est
962 3603 1065 3649 quod
1086 3615 1218 3640 omnes
1237 3613 1324 3642 sunt
1344 3606 1381 3643 in

1514 935 1681 968 ponuntur
1703 928 1736 958 in
1760 929 1836 959 haec
1855 929 1987 970 quidem
2003 940 2071 961 esse
2094 931 2210 972 priora,
2234 932 2311 963 haec
2334 939 2443 963 autem
2458 943 2517 973 po-

1514 972 1658 1011 steriora;
1683 979 1714 1003 et
1737 974 1905 1014 quomodo
1931 984 1964 1004 se
1986 974 2104 1006 habent
2126 976 2167 1006 ad
2184 975 2322 1007 invicem
2345 977 2518 1018 elongatio-

1513 1016 1625 1054 nibus;
1649 1027 1686 1047 ex
1709 1017 1757 1047 his
1781 1027 1863 1058 quae
1883 1018 1962 1048 circa
1981 1019 2186 1059 astrologiam
2210 1020 2434 1052 consideretur.
2459 1021 2517 1052 Di-

1513 1061 1593 1091 citur
1617 1061 1701 1091 enim
1725 1061 1769 1092 ibi
1792 1061 1992 1094 sufficienter.

1445 1105 1462 1124 *
1490 1105 1612 1136 Accidit
1639 1113 1747 1136 autem
1777 1107 1956 1137 secundum
1982 1107 2140 1138 rationem
2167 1105 2234 1139 fieri
2265 1109 2517 1151 uniuscuiusque

1513 1156 1621 1180 motus
1645 1151 1912 1191 elongationibus,
1944 1159 2074 1192 propter
2096 1152 2157 1183 hos
2180 1153 2323 1194 quidem»
2340 1163 2408 1184 esse
2430 1155 2517 1185 velo-

1512 1194 1623 1232 ciores,
1643 1194 1703 1225 hos
1717 1201 1826 1226 autem
1849 1195 2011 1227 tardiores.
2029 1197 2195 1234 Quoniam
2217 1197 2304 1228 enim
2323 1198 2518 1238 supponitur

1512 1246 1684 1270 extremam
1707 1239 1784 1270 caeli
1808 1239 2047 1271 circulationem
2075 1240 2254 1281 simplicem
2278 1251 2345 1272 esse
2377 1249 2408 1273 et
2430 1242 2516 1274 velo-

1513 1283 1690 1322 cissimam,
1714 1283 1852 1315 aliorum
1879 1291 1987 1315 autem
2015 1285 2167 1316 tardiores
2196 1292 2227 1316 et
2249 1286 2356 1326 plures
2380 1284 2516 1329 (unum—

1511 1328 1664 1369 quodque
1688 1328 1774 1358 enim
1798 1335 1908 1359 contra
1931 1328 2030 1360 fertur
2045 1330 2133 1360 caelo
2153 1330 2331 1361 secundum
2350 1330 2517 1372 suiipsius

2544 1116 2639 1139 'Text-
2652 1116 2690 1146 58.

1512 1370 1698 1415 circulum),
1714 1372 1899 1403 rationabile
1915 1373 1979 1404 iarn
1995 1373 2271 1415 propinquissimo
2287 1374 2420 1416 quidem
2439 1374 2517 1406 sim-
2547 1409 2549 1412 y

1510 1417 1585 1457 plici
1613 1424 1644 1448 et
1671 1417 1791 1457 primae
1820 1417 2018 1449 circulationi
2044 1418 2078 1448 in
2107 1418 2248 1459 plurimo
2271 1425 2417 1460 tempore
2444 1429 2516 1460 pet-

1509 1461 1640 1492 transire
1663 1461 1712 1492 sui
1731 1461 1831 1502 ipsius
1855 1462 2020 1500 circulum,
2045 1462 2183 1494 maxime
2206 1470 2315 1494 autem
2338 1463 2466 1506 distanti
2480 1463 2516 1496 in

1509 1505 1657 1544 minimo,
1683 1506 1821 1536 aliorum
1844 1513 1952 1537 autem
1974 1507 2188 1548 propinquius
2212 1518 2337 1548 semper
2360 1508 2394 1538 in
2417 1508 2513 1549 pluri,

1509 1550 1677 1581 distantius
1701 1557 1809 1581 autem
1827 1550 1861 1581 in
1882 1551 2014 1582 minori:
2039 1551 2314 1593 propinquissimo
2338 1552 2424 1583 enim
2447 1562 2515 1584 ma-

1507 1594 1590 1625 xime
1619 1595 1793 1635 praevalet,
1823 1595 1949 1626 distanti
1979 1602 2087 1626 autem
2115 1596 2253 1627 maxime
2281 1597 2431 1628 omnium
2453 1596 2514 1629 mi-

1508 1639 1594 1670 nime
1623 1645 1753 1679 propter
1776 1639 1965 1671 distantiam.
1991 1640 2179 1671 Intermedia
2202 1646 2310 1672 autem
2332 1641 2512 1673 secundum

1506 1683 1664 1714 rationem
1686 1683 1751 1714 iam
1775 1683 1950 1724 distantiae,
1974 1685 2055 1716 sicut
2077 1684 2172 1716 etiam
2195 1685 2369 1717 ostendunt
2391 1685 2514 1718 mathe-

1505 1735 1621 1759 manci.

1439 1823 1508 1860 quia
1529 1823 1636 1852 scilicet
1657 1823 1749 1861 magis
1770 1823 1866 1852 deficit
1887 1825 1924 1852 ab
1939 1824 2109 1861 attingendo
2123 1825 2220 1862 primo
2242 1831 2334 1861 motu,
2355 1835 2418 1855 non
2431 1826 2513 1864 quod

1438 1863 1468 1891 in
1490 1863 1668 1892 contrarium
1689 1863 1775 1900 primi
1796 1870 1894 1892 motus
1915 1870 2075 1893 moveatur.
2097 1865 2139 1893 lta
2160 1864 2248 1893 etiam
2274 1865 2400 1894 salvatur
2426 1874 2512 1904 supe-

1438 1903 1546 1931 riorem
1567 1903 1714 1940 planetam
1735 1912 1798 1932 esse
1816 1903 2002 1940 velociorem,
2023 1903 2190 1932 inferiorem
2204 1911 2302 1933 autem
2316 1905 2513 1934 tardiorem.-

1439 1944 1466 1971 6.
1490 1942 1587 1978 Quam
1609 1944 1772 1972 doctrinam
1787 1943 1975 1972 Ptolomaeus
1996 1943 2064 1972 dicit
2083 1953 2181 1973 veram
2202 1944 2274 1980 fore,
2293 1945 2318 1973 si
2332 1951 2430 1974 motus
2449 1945 2512 1983 pln-

1437 1989 1570 2011 netarum
1592 1983 1673 2012 fieret
1694 1993 1780 2020 super
1801 1983 1924 2012 circulos
1945 1993 2038 2021 aeque
2066 1983 2205 2013 distantes
2232 1986 2269 2014 ab
2290 1984 2512 2022 aequinoctiali,

1438 2029 1466 2051 et
1487 2032 1574 2060 super
1587 2024 1707 2052 eosdem
1721 2023 1815 2060 polos.
1836 2024 1894 2052 Sed
1908 2023 2084 2052 contrarium
2105 2030 2234 2061 apparet,
2249 2024 2318 2062 quia
2333 2025 2512 2063 quandoque

1439 2062 1584 2091 declinant
1611 2064 1649 2091 ad
1674 2063 1917 2100 septentrionem,
1944 2065 2122 2101 quandoque
2145 2065 2183 2093 ad
2207 2064 2368 2093 meridiem.
2389 2064 2513 2094 Videtur

1437 2102 1524 2139 igitur
1544 2103 1617 2131 alius
1639 2110 1736 2132 motus
1757 2113 1820 2132 esse
1841 2103 2039 2140 planetarum,
2061 2105 2222 2133 secundum
2244 2114 2333 2142 quem
2357 2111 2513 2134 moventur

1437 2143 1474 2171 ab
1497 2142 1646 2172 occidente
1667 2144 1706 2172 ad
1727 2143 1878 2178 orientem,
1900 2149 1928 2171 et
1949 2145 2110 2172 secundum
2133 2153 2221 2182 quern
2243 2144 2376 2182 superior
2395 2145 2512 2182 planeta

1437 2182 1550 2211 videtur
1563 2182 1672 2211 tardius
1687 2183 1806 2212 moveri.
1818 2200 1838 2204 —
1853 2193 1880 2220 7.
1897 2184 2022 2212 Causam
2037 2190 2134 2212 autem
2149 2193 2239 2222 quare
2253 2185 2415 2213 secundum
2433 2185 2512 2214 hunc

1438 2229 1552 2250 motum
1574 2223 1706 2260 superior
1726 2223 1842 2260 planeta
1865 2223 1975 2252 tardius
1995 2223 2108 2252 videtur
2129 2224 2240 2253 moveri
2271 2233 2361 2262 quam
2382 2224 2510 2261 inferior,

1438 2262 1603 2291 Alexander
1621 2263 1748 2300 assignat
1768 2263 1864 2299 aliam,
1879 2270 1993 2300 praeter
2007 2273 2072 2292 eam
2087 2273 2177 2302 quam
2191 2263 2319 2303 assignat
2331 2264 2510 2295 Aristoteles.

1438 2301 1514 2330 Dicit
1533 2302 1611 2331 enim
1629 2304 1686 2332 hoc
1703 2302 1832 2332 accidere
1847 2310 1967 2340 propter
1980 2304 2211 2342 magnitudinem
2225 2304 2323 2333 circuli
2337 2304 2509 2342 peragendi:

1438 2348 1533 2378 potest
1547 2342 1625 2371 enim
1641 2342 1670 2371 id
1685 2343 1766 2380 quod
1781 2343 1811 2371 in
1826 2342 1930 2372 maiori
1943 2349 2076 2381 tempore
2091 2351 2232 2380 movetur,
2247 2353 2310 2373 esse
2323 2344 2451 2374 velocius
2464 2344 2511 2374 vel

1437 2391 1530 2419 aeque
1551 2383 1649 2419 velox3
1672 2382 1695 2411 si
1710 2392 1816 2420 nempe
1838 2383 1967 2420 aequalis
1981 2384 2026 2412 vel
2048 2383 2142 2412 maior
2155 2390 2198 2413 est
2211 2393 2344 2413 excessus
2365 2384 2511 2423 magnitu-

1438 2421 1513 2450 dinis
1534 2423 1745 2459 percurrendae
1773 2431 1862 2460 quam
1884 2432 2017 2451 excessus
2037 2423 2188 2460 temporis.
2210 2440 2230 2445 —-
2249 2425 2317 2452 Non
2337 2424 2413 2453 valet
2438 2424 2510 2454 haec

1438 2461 1604 2498 explicatio:
1627 2462 1696 2500 quia
1710 2462 1739 2490 in
1754 2462 1875 2499 planetis
1889 2463 2095 2500 proportiones
2110 2463 2317 2501 magnitudinis
2331 2463 2510 2493 diversarum

1438 2502 1626 2537 sphaerarum
1647 2511 1709 2530 non
1730 2511 1761 2530 se
1782 2502 1890 2530 habent
1903 2502 1976 2531 sicut
1990 2503 2195 2540 proportiones
2215 2509 2382 2540 temporum
2398 2503 2429 2532 in
2444 2503 2510 2541 qui-

1438 2540 1492 2569 bus
1511 2542 1615 2570 diversi
1636 2543 1768 2579 planetae
1788 2548 1960 2579 percurrunt
1981 2552 2050 2571 suos
2066 2542 2198 2572 circulos.
2210 2554 2229 2564 -··
2243 2543 2271 2571 8.
2287 2542 2452 2572 Dicendum
2466 2549 2511 2572 est

1438 2590 1508 2619 ergo
1530 2583 1611 2619 quod
1632 2581 1764 2619 superior
1790 2582 1907 2618 planeta
1927 2582 1957 2610 in
1978 2582 2098 2619 proprio
2120 2589 2203 2611 motu
2224 2589 2267 2612 est
2287 2583 2412 2619 tardior,
2441 2583 2511 2621 quia

1437 2631 1544 2659 corpus
1565 2622 1702 2658 caeleste,
1731 2628 1842 2659 quanto
1864 2628 1906 2650 est
1927 2622 2059 2659 superius
2080 2629 2108 2651 et
2128 2622 2272 2658 nobilius,
2300 2629 2383 2652 tanto
2411 2622 2509 2652 minus

1438 2661 1589 2700 participat
1610 2663 1646 2690 de
1667 2662 1796 2690 secundo
1818 2668 1910 2697 motu,
1933 2661 1991 2699 qui,
2013 2671 2080 2691 cum
2102 2662 2138 2691 sit
2158 2671 2246 2691 causa
2265 2662 2460 2700 generationis
2481 2669 2510 2692 et

1437 2701 1631 2739 corruptionis
1652 2708 1680 2730 et
1700 2701 1821 2730 aliarum
1849 2702 2140 2738 transmutationum,
2167 2702 2292 2739 pertinet
2315 2703 2354 2732 ad
2373 2709 2510 2732 naturam

1436 2742 1630 2771 difformitatis
1644 2751 1695 2770 seu
1710 2741 2011 2778 non-permanentiae.
2027 2758 2046 2763 —
2061 2752 2088 2779 9.
2104 2743 2171 2771 Non
2184 2749 2282 2771 tamen
2296 2749 2414 2780 oportet
2427 2743 2510 2781 quod

1436 2783 1472 2811 sit
1493 2781 1644 2819 proportio
1671 2781 1829 2810 velocitatis
1857 2782 2017 2810 secundum
2045 2782 2265 2819 proportionem
2294 2782 2506 2812 distantiarum.

1436 2823 1534 2851 Motus
1562 2822 1639 2850 enim
1666 2822 1801 2850 caelestes
1826 2827 1893 2850 sunt
1921 2821 2065 2851 naturales
2091 2829 2120 2850 et
2147 2822 2317 2851 voluntarii:
2346 2823 2507 2852 secundum

1436 2863 1516 2900 quod
1544 2862 1702 2897 naturales,
1730 2861 1863 2898 superior
1890 2862 2005 2898 planeta
2031 2862 2142 2890 tardius
2167 2869 2316 2898 movetur3
2345 2863 2506 2891 secundum

1436 2903 1517 2940 quod
1538 2901 1707 2937 voluntarii,
1729 2901 1866 2930 velocitas
1894 2908 1922 2930 et
1942 2901 2061 2931 tarditas
2082 2901 2207 2931 variatur
2234 2903 2395 2931 secundum
2417 2902 2507 2936 finem

1436 2943 1588 2971 intentum.
1604 2958 1623 2962 -
1642 2951 1685 2970 10.
1709 2942 1797 2976 Quod
1819 2951 1888 2979 ergo
1909 2941 2103 2978 Philosophus
2124 2941 2193 2970 dicit
2213 2951 2379 2979 supremam
2402 2943 2506 2980 sphae-

1436 2992 1498 3010 ram
1520 2982 1584 3019 plus
1605 2982 1768 3018 praevalere
1783 2981 1813 3010 in
1828 2991 1997 3018 supremum
2018 2982 2174 3018 planetam,
2197 2988 2224 3010 et
2245 2982 2342 3011 minus
2361 2982 2391 3011 in
2409 2991 2506 3012 remo—

1435 3022 1549 3057 tiorem,
1571 3031 1632 3050 non
1654 3028 1696 3050 est
1717 3021 1934 3059 intelligendum
1956 3022 2116 3050 secundum
2131 3022 2323 3058 coactionem,
2338 3023 2390 3051 sed
2404 3031 2506 3052 secun-

1437 3063 1507 3090 dum
1533 3062 1694 3090 naturalem
1722 3061 1961 3098 impressionem3
1987 3061 2160 3098 inquantum
2189 3069 2323 3091 naturam
2349 3062 2507 3100 superioris

1438 3101 1528 3139 magis
1556 3101 1707 3138 participat
1735 3102 1816 3138 quod
1844 3107 1886 3129 est
1907 3101 1933 3129 ei
1954 3101 2162 3139 propinquius,
2190 3111 2279 3139 quam
2307 3103 2388 3140 quod
2413 3109 2457 3131 est
2479 3101 2507 3132 ei

1437 3141 1584 3170 remotius.
1600 3159 1619 3163 -
1634 3141 1713 3170 Licet
1726 3148 1823 3170 autem
1838 3141 1970 3178 planetae
1985 3147 2106 3178 uterque
2122 3148 2218 3170 motus
2233 3142 2269 3170 sit
2290 3141 2436 3178 naturalis,
2451 3141 2507 3171 sci-

1436 3181 1501 3209 licet
1522 3188 1550 3209 et
1571 3181 1691 3209 diurnus
1705 3187 1733 3209 et
1748 3181 1798 3218 qui
1819 3187 1862 3210 est
1879 3181 1909 3209 in
1924 3181 2043 3218 proprio
2064 3181 2182 3217 circulo,
2197 3188 2295 3210 tamen
2316 3189 2414 3211 motus
2427 3181 2507 3210 diur-

1437 3230 1491 3249 nus
1514 3227 1556 3249 est
1582 3221 1607 3249 ei
1636 3221 1772 3249 naturalis
1800 3222 1959 3250 secundum
1990 3221 2019 3249 id
2041 3222 2122 3258 quod
2147 3228 2190 3250 est
2217 3221 2331 3259 dignius
2352 3221 2382 3250 in
2403 3228 2507 3251 natura

1437 3270 1503 3295 sua3
1525 3267 1552 3289 et
1567 3262 1726 3289 secundum
1741 3261 1818 3289 hunc
1832 3267 1945 3290 motum
1965 3262 2089 3290 salvatur
2102 3261 2277 3299 principium
2298 3262 2379 3299 quod
2400 3270 2506 3299 corpus

1437 3301 1530 3329 maius
1550 3301 1678 3330 velocius
1699 3308 1840 3330 movetur.

1436 3406 1616 3442 suprema
1635 3395 1797 3443 sphaera
1817 3394 1985 3432 situatae.
2007 3396 2056 3432 Et
2079 3395 2176 3433 circa
2195 3396 2270 3432 hoc
2299 3396 2376 3433 duo
2401 3395 2503 3434 facit:

1436 3447 1560 3495 primo
1600 3447 1763 3485 ostendit
1800 3447 1891 3496 quid
1925 3449 2023 3486 circa
2054 3449 2130 3490 hoc
2165 3449 2345 3486 naturalis
2373 3461 2395 3486 a
2423 3461 2504 3487 ma-

1436 3500 1640 3537 thematico
1662 3502 1682 3522 ²*
1710 3514 1927 3551 supponere
1957 3502 2112 3548 debeat;
2142 3501 2312 3539 secundo
2341 3502 2505 3540 ostendit
2531 3509 2542 3520 ⁸

1437 3553 1528 3601 quid
1557 3553 1655 3591 circa
1673 3555 1748 3591 hoc
1776 3555 1928 3604 proprie
1957 3555 2007 3592 ad
2031 3554 2375 3593 considerationem
2396 3562 2503 3593 natu-

1435 3606 1520 3643 ralis
1548 3607 1742 3656 pertineat,
1764 3607 1831 3644 ibi:
1861 3608 2008 3646 Accidit
2033 3613 2158 3645 autem
2187 3610 2206 3628 ¹*
2237 3615 2305 3646 etc.

2531 3615 2541 3624 ·
2555 3614 2628 3637 Num.
2641 3621 2691 3644 neq.
