2782 4134
136 576 147 586 '¹
164 575 188 597 in
202 575 239 597 hie
252 581 299 597 om.
308 581 331 597 A.

135 780 145 789 '¹
151 779 255 807 suerunt
265 786 288 802 P.

375 225 424 261 30
1065 223 1135 260 DE
1165 221 1339 259 CAELO
1367 223 1439 260 ET
1466 222 1660 260 MUNDO
1690 222 1784 258 LIB.
1816 222 1829 257 1

1472 301 1576 349 quod
1602 300 1769 349 primum
1798 312 1947 350 corpus,
1968 300 2110 337 scilicet
2133 300 2238 348 caeli,
2262 309 2362 339 esset
2389 303 2542 343 alterius

1469 360 1624 390 naturae
1651 361 1802 402 praeter
1825 361 1988 402 quatuor
2017 354 2217 401 elementa,
2242 355 2542 396 nominaverunt

374 408 538 446 cundum
567 407 714 445 diversa
731 415 902 456 tempora
928 420 1006 445 non
1024 408 1140 444 semel
1168 415 1232 444 aut
1259 407 1326 454 bis,
1347 406 1414 443 sed
1468 418 1692 454 supremum
1719 406 1848 443 locum
1873 407 2007 444 mundi
2035 407 2201 453 aethera,
2225 416 2416 457 ponentes
2443 411 2540 449 scili-

371 458 556 508 infinities‚
576 460 768 510 supposita
790 460 969 498 infinitate
997 460 1184 508 temporis.
1206 461 1413 497 Destruun-
1468 466 1526 495 cet
1551 458 1584 495 ei
1603 471 1749 495 nomen
1775 460 1824 496 ab
1853 472 1900 496 eo
1929 460 2032 508 quod
2056 472 2206 509 semper
2232 462 2355 500 currit
2370 460 2386 487 ε
2401 466 2539 514 sempi-

369 519 430 550 tur
460 513 560 550 enim
592 513 713 551 studia
742 512 904 550 veritatis
936 525 1005 562 per
1041 512 1205 550 diversas
1238 512 1412 549 mutatio·
1466 517 1570 548 terno
1603 517 1791 561 tempore:
1828 513 1926 550 thein
1965 513 2067 550 enirn
2099 513 2140 551 in
2173 526 2312 562 graeco
2346 516 2453 555 idem
2481 526 2538 557 est

369 578 436 602 nes
454 565 493 603 in
510 566 567 602 his
584 565 849 603 *inferioribus
868 565 1091 602 accidentes:
1109 566 1176 603 sed
1198 565 1287 614 quia
1305 578 1411 602 men·
1465 564 1570 613 quod
1598 576 1762 603 currere.
1785 565 1862 602 Sed
1881 567 2128 614 Anaxagoras
2147 569 2248 606 male
2267 568 2536 620 interpretatus

368 625 423 655 tes
441 618 637 656 hominurn
655 618 867 656 naturaliter
884 618 1102 655 inclinantur
1128 618 1176 656 ad
1198 618 1408 666 veritatem,
1466 625 1520 655 est
1546 618 1621 655 hoc
1640 630 1795 665 nomen,
1817 618 2024 657 attribuens
2052 619 2181 669 ipsum
2201 621 2290 671 igni,
2311 624 2422 673 quasi
2450 638 2536 664 cae-

369 671 595 708 cessantibus
622 670 915 721 impedimentiS‚
946 672 1175 709 renovantur
1201 671 1342 719 studia,
1373 679 1410 709 et
1462 671 1554 708 leste
1583 684 1720 720 corpus
1748 671 1794 709 sit
1826 672 2002 720 igneum:
2030 675 2176 712 aethein
2207 676 2311 715 enim
2334 678 2376 716 in
2394 691 2534 727 graeco

365 723 539 760 homines
566 724 716 761 tandem
742 723 965 772 perveniunt
991 724 1039 761 ad
1071 724 1269 773 opiniones
1297 737 1408 762 veras
1460 725 1563 762 idem
1593 732 1648 761 est
1670 726 1775 773 quod
1802 726 1949 772 ardere,
1979 727 2085 775 quod
2113 736 2171 766 est
2197 731 2396 781 proprium
2423 733 2533 782 ignis.

366 788 462 824 quae
480 776 582 825 prius
600 777 744 813 fuerant
763 777 799 813 *z
829 776 1025 825 opiniones
1054 785 1180 815 autem
1199 779 1309 815 falsas
1323 790 1406 815 non
1462 777 1538 815 Sed
1557 778 1660 827 quod
1690 779 1849 816 caeleste
1879 792 2019 829 corpus
2046 794 2128 820 non
2156 783 2204 821 sit
2230 783 2409 836 igneum,
2428 794 2535 838 patet

364 840 517 866 necesse
545 837 599 866 est
626 828 806 867 renovari.
828 829 876 866 Et
901 829 989 867 ideo
1018 830 1179 880 antiqui,
1207 831 1405 880 opinantes
1461 843 1505 868 ex
1533 843 1648 880 supra
1675 832 1695 852 *
1723 831 1840 869 dictis.

375 302 520 340 caelum
537 301 746 350 generabile
776 309 811 339 et
834 301 1067 352 corruptibile
1092 310 1310 351 posuerunt,
1331 302 1417 339 sub-

373 355 490 403 iungit
516 354 620 403 quod
648 354 843 404 opiniones
870 367 983 392 verae
1017 362 1219 392 renovatae
1247 362 1334 392 sunt
1360 367 1416 391 se-

360 983 438 1053 quo?
447 985 652 1046 ⁴:222ssan
659 985 754 1011 currit.
766 999 784 1005 -
798 986 833 1011 Ita
851 986 895 1019 1³13
913 987 984 1019 quod
999 994 1102 1020 semper
1119 988 1171 1013 erit
1184 988 1271 1014 CDEF
1273 989 1337 1019 GH,
1356 989 1428 1022 quod
1444 996 1548 1022 semper
1565 990 1601 1021 135
1620 990 1692 1023 quod
1703 997 1808 1024 semper
1826 998 1936 1018 currere
1948 993 1981 1025 A,
1999 992 2067 1020 forte
2079 1002 2130 1029 pro
2143 997 2217 1030 quod
2229 1001 2270 1024 est
2287 1005 2394 1033 semper
2411 1008 2531 1036 mro-e,
