2782 4134
49 380 58 389 ’
75 384 103 399 nt:
120 382 256 399 inscensu-1-

24 411 27 413 ·
47 411 91 427 nus
106 410 179 425 umus
194 402 258 428 (Did.

48 432 95 452 vol.
103 438 125 462 4.
135 437 158 457 p.
166 432 209 457 47.)

47 458 59 468 ⁸
74 457 164 485 quidem
179 463 200 477 P.

50 853 58 861 ·
74 850 144 872 Num.
155 855 204 877 seq.

49 904 60 914 ‘⁸
75 902 145 924 Num.
160 908 235 930 praec.

52 1062 63 1072 ·
77 1060 223 1088 componitur
238 1071 248 1075 -

51 1093 115 1109 misr.

58 2181 70 2191 '³
84 2181 155 2202 Num.
169 2186 217 2208 seq.

59 2236 68 2244 ·
81 2233 157 2262 primo
173 2239 220 2255 om.
236 2239 256 2255 P.

64 2449 72 2456 ·
88 2446 197 2468 dicantur
211 2452 232 2467 P.

62 2556 70 2563 ·
86 2555 158 2577 Num.
167 2561 242 2583 praec.

288 285 362 321 236
977 277 1047 313 DE
1078 273 1253 311 CAELO
1284 273 1354 309 ET

288 362 442 413 quidam
463 361 556 398 alius
577 359 723 396 libellus
741 360 771 405 ³²⁶,
789 358 827 394 in
851 369 927 405 quo
947 355 1131 404 probatur
1150 353 1254 401 quod
1275 364 1353 388 non

288 423 374 454 sunt
402 415 522 452 lineae
551 411 816 450 indivisibiles:
848 421 963 458 quem
993 407 1149 456 quidam
1178 407 1198 427 '³‘
1226 405 1354 442 dicunt

290 482 370 507 esse
400 466 667 515 Theophrasti.

341 533 378 569 4.
409 520 558 557 Deinde
588 531 674 555 cum
710 517 815 554 dicit:
1225 563 1232 569 ·

289 574 521 612 naturalibus
542 580 624 618 etc.,
654 570 845 618 improbat
868 566 1102 616 praedictam
1122 563 1353 622 positionem

288 640 357 677 per
390 626 552 664 rationes
585 624 783 661 naturales,
819 622 866 657 Et
898 620 1021 668 primo
1052 617 1215 665 assignat
1244 624 1354 653 ratio-

290 694 379 718 nem
408 691 525 728 quare
554 689 708 714 necesse
738 675 782 711 sit
809 672 1028 711 huiusmodi
1058 671 1221 708 rationes
1246 670 1354 707 indu-

291 747 386 780 cere,
403 745 481 770 non
510 732 632 769 solum
659 727 957 774 mathematicas,
974 725 1040 762 sed
1067 725 1181 762 etiam
1206 731 1355 760 natura-

290 788 364 833 les;
399 785 566 822 secundo
597 782 792 831 exequitur
827 779 1091 829 propositum,
1125 778 1193 814 ibi:
1228 777 1355 814 Multa

290 846 414 877 autem
441 844 527 875 sunt
546 839 565 858 ²³²
586 844 652 872 etc.

343 892 442 930 Dicit
462 903 550 938 ergo
569 889 694 938 primo
716 887 831 936 quod,
863 885 952 935 quia
972 884 1114 922 dictum
1136 891 1192 920 est
1210 883 1230 903 *
1251 883 1356 931 quod

290 944 522 994 impossibile
565 949 743 990 sequatur
788 939 1001 977 secundum
1044 936 1355 974 mathematicam

291 997 645 1042 considerationem,
676 994 723 1031 ad
752 994 791 1031 id
820 992 926 1042 quod
955 991 1068 1040 aliqui
1096 997 1245 1040 ponunt
1273 1001 1355 1025 esse

289 1053 406 1089 lineas
421 1048 676 1094 indivisibiles,
688 1060 733 1084 ex
748 1046 887 1095 quibus
899 1052 1183 1093 componuntur
1195 1044 1214 1064 ἦ*
1226 1055 1355 1091 super-

289 1106 405 1151 ficies,
436 1111 472 1140 et
498 1115 567 1151 per
596 1112 834 1149 consequens
864 1110 1042 1147 corpora;
1073 1104 1223 1146 oportet
1251 1095 1357 1145 quod

291 1159 403 1195 etiam
442 1169 542 1193 nunc
580 1154 865 1192 consideremus
902 1151 1068 1188 breviter
1109 1149 1358 1199 impossibilia

290 1223 388 1261 quae
416 1216 625 1258 sequuntur
653 1207 701 1244 ad
729 1208 827 1244 hanc
857 1205 1092 1254 opinionem,
1124 1204 1221 1240 circa
1250 1210 1357 1240 natu-

290 1265 380 1302 ralia
401 1275 572 1311 corpora.
594 1263 643 1298 Et
661 1262 736 1297 hoc
756 1258 1014 1297 necessarium
1036 1265 1107 1294 est:
1133 1256 1222 1305 quia
1242 1268 1358 1304 quae-

292 1322 454 1365 cumque
484 1314 733 1365 impossibilia
761 1313 936 1350 accidunt
965 1311 1062 1348 circa
1091 1309 1359 1347 mathematica

292 1383 453 1419 corpora
471 1375 498 1416 ²,
520 1380 676 1405 necesse
702 1375 756 1403 est
776 1366 880 1415 quod
910 1371 1193 1413 consequantur
1212 1363 1261 1400 ad
1278 1375 1358 1399 cor-

291 1436 386 1474 pora
415 1422 608 1460 naturalia.
640 1422 689 1458 Et
720 1421 795 1457 hoc
825 1419 933 1466 ideo,
969 1417 1057 1466 quia
1090 1415 1360 1454 mathematica

293 1477 465 1515 dicuntur
492 1488 561 1525 per
589 1473 882 1511 abstractionem
911 1485 933 1509 a
962 1470 1216 1516 naturalibus3
1252 1476 1359 1506 natu-

293 1531 383 1568 ralia
412 1537 540 1567 autem
570 1541 610 1566 se
638 1529 781 1564 habent
807 1539 876 1575 per
905 1524 1186 1574 appositionem
1211 1523 1260 1560 ad
1281 1535 1360 1560 ma-

292 1583 496 1621 thematica
533 1581 815 1630 (superaddunt
849 1579 950 1616 enim
986 1576 1263 1615 mathematicis
1296 1589 1361 1613 na-

293 1645 418 1674 turam
447 1635 664 1673 sensibilem
680 1634 694 1660 ζ
710 1642 745 1670 et
764 1641 926 1679 motum,
950 1644 972 1669 a
991 1631 1129 1680 quibus
1150 1631 1361 1667 mathema-

293 1691 366 1727 tica
386 1690 638 1734 abstrahunt);
660 1695 696 1724 et
715 1687 768 1724 sic
787 1694 890 1735 patet
910 1685 1013 1734 quod
1029 1697 1075 1721 ea
1090 1696 1187 1733 quae
1208 1691 1294 1720 sunt
1314 1683 1360 1720 de

296 1744 441 1781 ratione
475 1741 854 1786 mathematicorum,
890 1740 1084 1776 salvantur
1116 1737 1154 1774 in
1188 1736 1362 1774 naturali-

296 1799 384 1844 bus,
415 1804 450 1832 et
469 1808 549 1832 non
568 1808 589 1831 e
610 1806 809 1831 converso.
833 1794 880 1830 Et
904 1792 989 1829 ideo
1015 1802 1281 1840 quaecumque
1307 1790 1362 1826 in-

296 1849 561 1887 convenientia
581 1855 667 1885 sunt
687 1855 818 1884 contra
838 1844 1118 1891 mathematica,
1141 1851 1227 1881 sunt
1248 1843 1361 1880 etiam

297 1911 427 1940 contra
447 1901 645 1939 naturalia:
667 1900 735 1938 sed
755 1912 832 1937 non
853 1898 1096 1936 convertitur.

354 1958 385 1993 5.
417 1955 565 1993 Deinde
596 1967 684 1991 curn
714 1953 821 1991 dicit:
851 1952 977 1989 Multa
1006 1957 1132 1988 autem
1159 1956 1248 1986 sunt
1274 1957 1361 1997 etc.,

298 2009 461 2046 ostendit
482 2021 580 2058 quae
609 2006 857 2056 impossibilia
886 2018 930 2042 ex
959 2004 1151 2054 praedicta
1174 2003 1364 2052 positione

298 2070 505 2112 sequantur
525 2061 623 2098 circa
643 2072 804 2109 corpora
823 2058 1018 2096 naturalia.
1045 2058 1095 2094 Et
1113 2057 1238 2106 primo
1258 2056 1366 2106 ponit

298 2116 493 2165 quandam
523 2114 709 2151 rationem
738 2114 976 2162 generalem3
1008 2111 1177 2148 secundo
1208 2110 1367 2159 explicat

299 2182 386 2206 eam
406 2181 475 2218 per
493 2176 630 2217 partes,
652 2167 723 2204 ibi:
754 2167 796 2203 Si
813 2167 937 2214 itaque
962 2164 1243 2214 impossibilium
1259 2165 1278 2184 ’¹‘
1295 2171 1364 2200 etc.

353 2222 452 2259 Dicit
476 2234 565 2269 ergo
586 2221 710 2270 primo
732 2221 751 2241 *
773 2220 878 2268 quod
907 2219 1026 2256 multa
1054 2225 1141 2254 sunt
1170 2229 1266 2266 quae
1288 2229 1365 2254 non

298 2282 458 2325 possunt
477 2275 599 2311 inesse
620 2273 919 2318 indivisibilibus,
941 2284 1039 2321 quae
1061 2279 1190 2308 tamen
1211 2283 1367 2308 necesse

301 2337 356 2366 est
369 2329 493 2377 inesse
509 2328 739 2365 naturalibus
756 2326 991 2375 corporibus.
1010 2326 1221 2362 Possumus
1238 2332 1366 2361 autem

301 2382 536 2420 indivisibilia
555 2381 616 2418 hic
631 2381 802 2430 accipere
819 2379 1094 2424 mathematica,
1116 2390 1162 2414 eo
1179 2378 1283 2426 quod
1299 2390 1368 2426 per

301 2435 593 2473 abstractionem
615 2435 790 2472 dicuntur
807 2434 843 2469 *t
875 2441 910 2469 et
939 2433 990 2468 sic
1015 2432 1090 2468 hoc
1109 2431 1215 2479 quod
1234 2431 1295 2467 hic
1315 2430 1368 2468 di-

303 2489 412 2536 citur,
443 2489 640 2525 inducetur
668 2488 716 2524 ad
744 2485 1066 2523 manifestandum
1101 2483 1205 2533 quod
1234 2483 1368 2520 imme-

304 2542 403 2580 diate
423 2542 566 2579 dictum
588 2550 643 2578 est
652 2541 681 2587 ³⁸,
700 2540 838 2577 scilicet
854 2539 957 2587 quod
974 2537 1157 2575 naturalia
1173 2549 1213 2573 se
1228 2537 1369 2573 habent

302 2608 371 2644 per
399 2595 633 2632 additionem
663 2594 710 2631 ad
732 2591 1020 2637 mathematica;
1050 2590 1138 2638 quia
1167 2590 1285 2626 multa
1305 2601 1370 2626 ne-

305 2660 409 2685 cesse
439 2655 493 2684 est
521 2647 643 2684 inesse
673 2646 924 2691 naturalibus,
964 2655 1062 2693 quae
1100 2655 1178 2680 non
1212 2650 1372 2692 possunt

305 2701 429 2738 inesse
449 2700 738 2746 mathematicis,
770 2699 865 2735 sicut
893 2709 1028 2734 ornnes
1056 2696 1253 2746 passiones
1273 2708 1371 2744 quae

306 2762 392 2791 sunt
421 2753 636 2792 divisibiles.
677 2753 754 2790 Sed
789 2751 923 2788 melius
963 2758 1017 2787 est
1053 2758 1094 2787 ut
1130 2749 1371 2787 indivisibilia

852 516 1117 561 Quaecumque
1150 516 1276 547 autem
1309 510 1355 546 de

361 2956 382 2991 ε)
398 2955 585 2981 mathematica
599 2961 722 2987 corpora.
732 2968 750 2972 —-
764 2953 990 2978 mathematicalia
1004 2960 1119 2985 corpora
1133 2952 1152 2976 P
1160 2960 1167 2983 ;
1181 2952 1212 2977 cf.
1225 2958 1277 2977 not.
1292 2959 1374 2985 seq.-

308 2993 381 3023 Quae
400 2996 544 3024 sequuntur
562 2997 663 3015 necesse
679 2993 751 3014 est...
765 2989 902 3013 naturalia
915 2996 968 3013 om.
982 2988 1023 3012 BF
1039 2993 1064 3013 et
1079 2989 1171 3017 Oxon.y
1187 2987 1306 3020 quamvis
1322 2995 1372 3011 non

307 3028 358 3052 sint
368 3027 572 3052 homoteleuton.
583 3026 606 3051 G
617 3025 728 3057 incoepit
738 3030 764 3049 ut
773 3025 793 3049 F
805 3025 850 3049 sed
861 3032 890 3048 se
901 3024 1020 3048 correxit:
1031 3023 1108 3048 habet
1118 3031 1212 3056 nempe
1219 3026 1246 3048 et
1256 3023 1304 3048 hoc
1315 3022 1374 3048 ideo

308 3070 410 3088 necesse
422 3065 461 3087 est
474 3067 531 3093 etc.,
541 3067 567 3086 et
576 3062 699 3094 expungit
709 3063 735 3085 et
745 3060 793 3085 hoc
804 3060 871 3085 ideo.
882 3059 945 3084 Post
956 3060 1092 3084 »naturalia
1104 3059 1200 3084 addunt
1210 3059 1257 3083 AG
1268 3064 1293 3084 et
1304 3058 1373 3083 Par-z

308 3098 433 3124 accidunt
454 3098 526 3123 circa
544 3104 659 3129 corpora
685 3095 887 3126 mathematica‚·
907 3095 1001 3120 additio
1021 3100 1097 3127 prout
1115 3096 1179 3119 iacet
1199 3102 1250 3119 non
1270 3094 1375 3127 praebet

309 3140 430 3163 sensum3
451 3133 497 3158 sed
516 3133 537 3157 si
557 3132 605 3157 hoc
626 3132 704 3156 modo
723 3132 892 3164 supplemus:
914 3138 964 3156 non
985 3134 1073 3156 autem
1094 3130 1183 3155 omnia
1203 3129 1374 3162 impossibilia

308 3176 375 3202 quae
393 3169 518 3194 accidunt
530 3168 602 3193 circa
618 3174 731 3199 corpora
747 3166 891 3195 naturalia,
906 3167 1031 3192 accidunt
1050 3166 1122 3191 circa
1140 3173 1255 3198 corpora
1274 3165 1374 3190 mathe-

310 3205 407 3229 matica
426 3204 501 3229 lectio
521 3204 638 3228 codicum
657 3202 774 3227 omnium
790 3201 907 3234 explicari
923 3207 1009 3235 potest
1022 3207 1144 3234 tanquam
1160 3201 1268 3226 omissio
1282 3200 1375 3225 homo-

310 3240 479 3269 teleutorum3
503 3239 550 3263 AG
570 3238 638 3263 enim
664 3239 811 3263 omitterent
835 3245 886 3262 non
912 3241 1001 3262 autem
1026 3237 1148 3262 omnia...
1163 3235 1313 3265 naturalia.
1333 3235 1374 3260 BF

310 3283 372 3299 vero
393 3282 495 3300 necesse
513 3277 552 3299 est
570 3274 673 3307 quod...
688 3280 802 3305 corpora
822 3273 1018 3298 mathematica.
1038 3273 1233 3297 Advertendum
1247 3272 1323 3296 etiam
1340 3272 1375 3296 le-

312 3311 421 3334 ctionem
436 3310 491 3339 AG.
505 3310 702 3340 redintegratam
723 3309 788 3333 sicut
808 3309 987 3341 supplevimus
1002 3309 1043 3334 vel
1058 3309 1135 3333 simili
1155 3309 1241 3336 modo.
1262 3308 1327 3332 bene
1344 3307 1376 3332 ad

312 3350 451 3377 utrumque
470 3350 567 3369 textum
587 3345 728 3376 quadrare3
748 3344 826 3369 verba
843 3344 909 3368 enim
927 3351 993 3376 quae
1006 3347 1094 3369 autem
1110 3344 1135 3368 in
1151 3344 1199 3373 lu‘s,
1215 3344 1240 3368 in
1257 3343 1309 3368 illis
1324 3350 1375 3367 non

313 3381 402 3404 omnia
414 3380 491 3412 (quae
504 3381 529 3404 in
542 3386 610 3404 textu
621 3385 752 3412 ponuntur
762 3385 819 3404 ante
831 3380 1008 3412 probationem
1020 3383 1134 3412 propter
1144 3379 1192 3404 hoc
1203 3379 1307 3411 quidem
1319 3384 1376 3408 etc..

314 3420 340 3440 et
354 3421 488 3447 propterea
507 3423 527 3439 s.
542 3415 659 3440 Thomae
673 3415 821 3447 explicanda
840 3421 899 3439 sunt
913 3421 971 3440 ante
988 3415 1023 3440 Et
1041 3415 1090 3440 hoc
1109 3415 1178 3445 ideo)
1195 3422 1254 3439 eum
1270 3421 1375 3439 sensum

314 3450 408 3475 habent
427 3458 506 3482 quem
525 3455 612 3474 trunca
632 3451 706 3475 lectio
725 3451 772 3475 AG
792 3451 903 3475 insinuat
921 3456 945 3475 et
964 3456 1105 3475 restaurata
1125 3450 1253 3483 exprimit.
1271 3449 1378 3474 Accedit

315 3486 416 3510 citatam
432 3491 529 3517 partem
543 3491 626 3509 textus
642 3486 666 3509 in
682 3486 788 3510 lectione
804 3486 879 3510 Plana
895 3486 965 3510 nullo
980 3487 1036 3510 loco
1052 3486 1173 3510 declarari
1188 3493 1318 3518 expresse.
1330 3485 1376 3509 sed

315 3525 414 3545 tantum
438 3520 558 3545 indirecte
581 3521 685 3545 inferius
705 3522 728 3545 in
749 3522 912 3545 conclusione
936 3521 1077 3553 argumenti
1104 3529 1149 3553 per
1167 3524 1194 3546 et
1213 3528 1263 3546 ncn
1284 3528 1298 3545 e
1315 3528 1377 3545 con-

316 3563 400 3585 verso,
416 3563 445 3580 ac
460 3564 505 3588 per
523 3556 568 3580 sed
588 3563 638 3580 non
657 3557 830 3581 convertitur.
850 3556 957 3581 Videtur
975 3564 1037 3588 ergo
1051 3557 1151 3581 lectioni
1167 3556 1195 3585 Ρ,
1215 3561 1377 3588 comparatae

316 3591 349 3616 ad
367 3596 465 3615 textum
485 3591 628 3615 Aristotelis
649 3596 674 3615 et
688 3592 718 3615 ad
737 3591 908 3622 fragmentum
924 3592 948 3615 in
962 3592 1016 3620 AG.
1032 3593 1117 3624 aliqua
1131 3593 1257 3616 sententia
1276 3592 1378 3616 deesse.

370 3625 396 3658 ζ)
411 3630 536 3651 naturam
551 3626 706 3651 sensibilem.
719 3640 738 3645 —
752 3627 891 3651 materiam
906 3627 1052 3652 sensibilem
1065 3627 1095 3658 E,
1110 3627 1252 3652 humanam
1269 3633 1377 3652 sensua-

1384 271 1579 309 MUNDO
1609 271 1704 307 LIB.
1735 271 1784 307 ΙΙΙ

1410 350 1643 398 accipiamus
1672 349 1767 386 sicut
1795 348 2017 398 superficies
2050 354 2226 396 respectu
2255 359 2480 396 corporum,

1410 411 1446 440 et
1474 403 1592 440 lineas
1611 404 1631 424 ’ἵε
1650 410 1824 451 respectu
1853 401 2160 451 superficierum,
2193 407 2228 437 et
2255 408 2397 449 puncta
2425 414 2482 438 re-

1410 464 1542 505 spectu
1580 457 1785 502 linearum;
1825 453 1923 504 quae
1963 455 2075 492 etiarn
2114 461 2202 490 sunt
2239 453 2483 491 indivisibilia

1409 509 1639 558 simpliciter.
1661 530 1685 537 -
1711 509 1811 546 Dicit
1841 521 1930 556 ergo
1960 509 2065 556 quod
2094 508 2213 544 multa
2241 519 2397 544 necesse
2427 516 2483 545 est

1409 563 1532 600 inesse
1558 563 1782 612 corporibus
1811 562 2056 609 naturalibus,
2087 572 2185 610 quae
2214 573 2293 597 non
2321 568 2483 609 possunt

1409 616 1532 653 inesse
1567 617 1680 653 rebus
1713 615 2030 661 indivisibilibus;
2061 620 2156 663 puta
2188 614 2223 651 si
2256 614 2401 662 aliquid
2431 620 2484 651 est

1411 670 1648 716 indivisibile,
1678 677 1720 706 ut
1746 677 1932 718 punctum
1951 670 2014 705 vel
2038 668 2137 705 linea
2154 668 2218 704 vel
2247 667 2480 716 superficies.

1410 724 1498 760 Vel:
1527 729 1622 771 puta
1654 723 1689 759 si
1715 723 1805 771 quid
1837 728 1891 759 est
1914 722 2101 771 {divisibile
2127 727 2161 767 ’¹;
2192 720 2282 770 quia
2309 720 2348 758 id
2376 721 2483 770 quod

1412 784 1467 813 est
1487 776 1685 822 divisibile,
1708 788 1754 812 ex
1774 774 1997 812 necessitate
2016 775 2113 812 inest
2137 774 2289 823 corpori
2309 774 2481 822 naturali,

1411 842 1489 866 non
1518 837 1647 866 autern
1677 830 1790 866 rebus
1818 828 2120 865 indivisibilibus,
2150 827 2349 865 Divisibile
2379 827 2482 865 enirn

1411 895 1490 919 non
1507 890 1634 931 potest
1661 882 1786 918 inesse
1806 881 1859 918 rei
1881 881 2099 918 indivisibili
2128 881 2304 919 omnino:
2334 881 2425 930 quia
2443 880 2484 918 id

1411 936 1516 984 quod
1543 935 1640 972 inest
1667 934 1793 982 alicui,
1823 934 2117 983 quodammodo
2147 934 2484 984 comprehenditur

1411 990 1459 1025 ab
1480 989 1582 1037 ipso;
1609 987 1794 1025 divisibile
1815 995 1943 1024 autem
1964 1000 2043 1024 non
2063 995 2188 1036 potest
2207 988 2483 1037 comprehendi

1411 1042 1459 1078 ab
1480 1041 1697 1079 indivisibili
1722 1040 1935 1078 secundum
1960 1041 2221 1089 quantitatem.
2248 1042 2397 1078 Omnes
2417 1054 2483 1078 au-

1411 1103 1487 1131 tem
1503 1095 1701 1143 passiones
1721 1094 1918 1143 dupliciter
1938 1093 2175 1131 dividuntur:
2197 1095 2260 1131 vel
2277 1095 2482 1132 secundum

1410 1149 1591 1197 speciem,
1621 1148 1683 1184 vel
1714 1147 1920 1184 secundum
1949 1147 2133 1184 accidens.
2171 1147 2289 1195 Quod
2316 1160 2396 1185 non
2429 1156 2485 1186 est

1412 1202 1465 1239 sic
1485 1201 1783 1249 intelligendum,
1810 1199 1919 1248 quasi
1947 1200 2137 1249 quaelibet
2164 1200 2292 1250 passio
2320 1208 2484 1251 utroque

1413 1255 1532 1292 modo
1563 1254 1770 1292 dividatur:
1801 1253 1867 1291 sed
1897 1253 1985 1303 quia
2014 1253 2206 1302 quaelibet
2232 1254 2360 1303 passio
2382 1255 2402 1276 *
2421 1255 2484 1292 vel

1413 1321 1491 1345 uno
1519 1309 1581 1345 vel
1611 1309 1728 1344 altero
1758 1307 1878 1344 modo
1908 1306 2100 1344 dividitur.

1467 1361 1636 1410 Exponit
1669 1368 1799 1398 autem
1833 1367 2040 1409 utrumque
2078 1359 2241 1397 modum
2275 1359 2484 1399 divisionis.

1414 1416 1464 1452 Et
1483 1415 1571 1452 dicit
1590 1415 1696 1463 quod
1723 1415 1928 1451 secundum
1955 1414 2115 1462 speciem
2145 1413 2325 1451 dividitur
2344 1413 2485 1463 passio,

1414 1468 1510 1505 sicut
1529 1468 1674 1517 species
1695 1467 1832 1504 coloris
1861 1475 1949 1504 sunt
1976 1468 2107 1504 album
2128 1474 2163 1503 et
2186 1467 2350 1515 nigrum.
2368 1465 2488 1514 Quod

1415 1521 1573 1570 quidem
1588 1528 1713 1571 potest
1732 1520 1884 1569 intelligi
1905 1520 2114 1569 dupliciter.
2135 1521 2224 1558 Uno
2244 1521 2364 1558 modo
2380 1520 2488 1570 quod

1414 1576 1489 1612 hoc
1528 1587 1735 1612 commune
1774 1575 1880 1624 quod
1917 1582 1973 1611 est
2001 1575 2107 1611 color
2133 1571 2167 1620 ⁰,
2202 1573 2392 1611 dividatur
2418 1586 2489 1624 per

1416 1629 1546 1665 album
1569 1636 1604 1665 et
1623 1628 1773 1676 nigrum
1802 1628 1897 1664 sicut
1924 1640 1993 1677 per
2013 1639 2102 1664 suas
2131 1627 2294 1676 species:
2325 1627 2394 1664 sed
2413 1629 2489 1665 hoc

1416 1695 1495 1719 non
1523 1681 1609 1718 facit
1637 1682 1685 1718 ad
1714 1681 1968 1730 propositum,
2000 1681 2089 1730 quia
2117 1680 2206 1717 nihil
2235 1681 2412 1730 prohibet
2440 1680 2488 1718 de

1417 1735 1544 1784 aliquo
1564 1734 1780 1772 indivisibili
1800 1733 2010 1783 praedicari
2029 1734 2171 1783 aliquid
2191 1734 2298 1783 quod
2313 1742 2368 1771 est
2383 1746 2488 1772 com—

1417 1801 1535 1825 mune
1568 1788 1618 1825 ad
1650 1789 1782 1825 multa.
1821 1787 1933 1825 Unde
1966 1794 2118 1836 oportet
2149 1787 2355 1835 intelligere
2383 1787 2490 1837 quod

1417 1842 1544 1891 passio
1574 1841 1770 1879 divisibilis
1809 1840 2022 1878 secundum
2060 1840 2229 1890 speciem
2266 1839 2491 1893 intelligatur

1418 1896 1514 1932 sicut
1543 1895 1648 1931 color
1676 1893 1848 1942 medius,
1887 1893 1952 1943 qui
1982 1894 2226 1943 componitur
2263 1905 2309 1932 ex
2339 1893 2490 1938 duabus

1418 1948 1618 1998 speciebus
1649 1947 1807 1995 coloris,
1847 1959 1945 1997 quae
1975 1954 2062 1984 sunt
2090 1948 2220 1985 album
2255 1954 2292 1984 et
2320 1947 2489 1996 nigrum:

1417 2003 1533 2039 talem
1576 2009 1705 2038 autem
1742 2001 1961 2050 passionem
2001 2013 2079 2038 non
2120 2000 2274 2038 videtur
2308 2000 2491 2050 possibile

1418 2056 1542 2093 inesse
1564 2055 1616 2092 rei
1637 2054 1796 2092 omnino
1826 2053 1987 2103 simplici
2005 2061 2026 2101 ⁴,
2056 2054 2157 2103 quia,
2180 2066 2268 2091 cum
2292 2054 2491 2103 passiones

1419 2109 1596 2159 propriae
1622 2116 1824 2145 causentur
1852 2120 1874 2145 a
1902 2107 2084 2155 subiecto,
2115 2119 2271 2145 necesse
2301 2115 2358 2145 est
2385 2107 2492 2158 quod

1419 2162 1605 2212 passionis
1628 2162 1863 2210 compositae
1884 2161 1957 2199 sint
1977 2161 2128 2199 diversa
2155 2160 2356 2211 principia;
2386 2159 2493 2211 quod

1421 2223 1606 2266 repugnat
1643 2214 1869 2264 simplicitati
1908 2214 2077 2252 subiecti.
2107 2235 2131 2242 -
2162 2214 2328 2264 Exponit
2361 2222 2491 2253 autem

1422 2276 1700 2319 consequenter
1724 2268 1771 2306 de
1792 2267 1968 2306 divisibili
1995 2269 2201 2306 secundum
2229 2267 2414 2306 accidens.
2443 2268 2494 2306 Et

1421 2323 1509 2361 dicit
1537 2322 1643 2371 quod
1671 2322 1798 2371 passio
1829 2321 1964 2359 dicitur
1991 2321 2205 2359 secundum
2231 2321 2409 2359 accidens
2438 2321 2493 2359 di·

1420 2376 1598 2423 visibilis,
1629 2375 1659 2412 si
1688 2375 1902 2412 subiectum
1933 2375 1991 2412 cui
2021 2371 2198 2412 accidit*
2217 2374 2264 2412 sit
2284 2373 2492 2422 divisibile3

1422 2430 1517 2466 sicut
1551 2429 1731 2466 dividitur
1755 2430 1775 2450 ¹³
1795 2428 1934 2465 albedo
1962 2440 2032 2477 per
2061 2427 2292 2465 divisionem
2320 2427 2492 2466 subiecti.

1422 2482 1535 2520 Unde
1555 2495 1691 2519 omnes
1709 2481 1907 2531 passiones
1927 2493 2025 2530 quae
2045 2488 2133 2518 sunt
2151 2480 2340 2531 simplices
2359 2493 2493 2519 secun-

1424 2536 1517 2572 dum
1542 2535 1722 2584 speciem,
1749 2534 1994 2572 inveniuntur
2017 2533 2223 2571 divisibiles
2251 2534 2326 2571 hoc
2350 2534 2493 2583 modo,

1425 2588 1564 2625 scilicet
1592 2588 1803 2625 secundum
1834 2587 2070 2635 subiectum,
2099 2587 2326 2636 inquantum
2355 2587 2496 2626 scilicet

1425 2642 1552 2678 insunt
1581 2641 1731 2690 corpori
1760 2641 1931 2678 naturali.

1480 2696 1529 2732 Et
1544 2695 1631 2733 ideo
1649 2695 1746 2732 circa
1761 2695 1853 2732 tales
1868 2694 2079 2743 passiones,
2091 2705 2190 2743 quae
2203 2706 2283 2730 uno
2298 2694 2361 2730 vel
2376 2693 2494 2731 altero

1427 2749 1546 2786 modo
1576 2756 1663 2785 sunt
1692 2747 1913 2795 divisibiles,
1950 2755 2006 2784 est
2035 2746 2357 2784 considerandum
2391 2744 2497 2797 quod

1427 2951 1528 2976 litatem
1544 2952 1573 2982 Β,
1586 2951 1730 2976 humanam
1745 2951 1861 2976 sensitem
1879 2951 1898 2976 F
1913 2956 1939 2976 et
1951 2951 2036 2976 Oxon.
2049 2964 2068 2970 —
2082 2951 2132 2976 Pro
2145 2950 2334 2976 mathematica
2352 2955 2378 2976 et
2395 2950 2498 2977 matha·

1429 2987 1600 3016 maticorum,
1622 2987 1847 3012 mathematicalia
1869 2992 1895 3012 et
1914 2986 2167 3012 mathematicalium
2187 2986 2218 3012 Ρ.
2242 2986 2270 3012 ln
2289 2985 2340 3012 fine
2358 2993 2434 3012 num.
2449 2993 2498 3020 pro

1427 3022 1600 3051 convertitur,
1621 3025 1814 3047 conuertuntur
1833 3022 1862 3047 P.

1481 3058 1508 3090 η)
1534 3058 1593 3083 Vel:
1609 3061 1679 3090 puta
1698 3058 1722 3083 si
1741 3058 1806 3090 quid
1828 3061 1868 3083 est
1889 3057 2026 3083 divisibile.
2040 3071 2059 3077 —
2072 3058 2144 3083 Haec
2157 3057 2233 3083 lectio
2253 3058 2288 3083 ita
2307 3057 2499 3090 interpretenda

1429 3099 1481 3118 est:
1503 3101 1524 3118 s.
1535 3093 1651 3118 Thomas
1670 3098 1810 3126 postquam
1829 3093 1967 3118 introduxit
1987 3093 2124 3118 lectionem
2139 3098 2224 3118 textus
2244 3100 2422 3124 communem,
2429 3095 2500 3125 puta

1428 3129 1452 3154 si
1465 3129 1569 3161 aliquid
1587 3132 1626 3154 est
1645 3129 1810 3158 indivisibile,
1830 3129 1870 3153 hic
1890 3128 1949 3154 citat
1966 3129 2108 3154 variantem
2132 3128 2192 3154 Vel.-
2208 3131 2278 3161 puta
2291 3128 2316 3153 si
2344 3128 2393 3153 uid
2405 3131 2445 3154 est
2459 3127 2500 3153 di·

1430 3165 1544 3194 visibile,·
1569 3172 1658 3189 revera
1677 3165 1764 3189 Prantl
1785 3164 1877 3199 (1881)
1897 3172 1957 3190 cum
1977 3165 2066 3190 codice
2085 3164 2130 3189 Bk.
2150 3164 2176 3189 M
2195 3171 2245 3197 pro
2270 3158 2329 3188 ἆδια
2341 3171 2414 3197 ρετον
2438 3163 2501 3196 legit

1429 3198 1564 3234 διαιρετὸν,
1579 3208 1658 3225 sensu
1673 3199 1796 3234 perfecto.
1815 3200 1964 3224 Notandum
1984 3206 2071 3225 tamen
2091 3199 2218 3231 integram
2233 3205 2348 3224 nostram
2362 3199 2500 3225 lectionem

1430 3236 1516 3260 solum
1530 3236 1587 3260 Par.
1602 3235 1734 3260 exhibere:
1755 3243 1814 3260 nam
1834 3236 1855 3260 Α
1869 3243 1923 3260 om.
1943 3235 1987 3260 Vel
2002 3239 2071 3268 puta
2090 3235 2133 3268 (nn
2148 3235 2209 3268 quia
2223 3234 2345 3268 expunxit
2357 3234 2499 3267 corruptio-

1430 3279 1489 3296 nem
1508 3272 1548 3296 vel
1562 3267 1692 3303 punctd?)
1713 3276 1738 3296 et
1757 3279 1804 3304 pro
1824 3271 1888 3303 quid
1908 3271 1969 3303 legit
1987 3271 2139 3304 aliquid513
2153 3270 2258 3295 omissis
2274 3273 2343 3302 puta
2361 3269 2386 3294 si
2396 3269 2501 3301 aliquid

1430 3310 1469 3332 est
1488 3307 1646 3332 indivisibile
1660 3310 1688 3332 ut
1704 3310 1835 3338 punctum
1846 3307 1886 3332 ve!
1900 3307 1970 3332 linea
1990 3307 2030 3332 vel
2049 3306 2208 3340 superficies.
2229 3306 2273 3331 Vel
2290 3305 2375 3338 pergit
2388 3308 2459 3337 puta
2477 3304 2502 3329 si

1430 3342 1495 3375 quid
1513 3345 1552 3367 cst
1571 3342 1700 3367 divisibile
1719 3350 1756 3367 ex
1775 3342 1928 3367 necessitate
1948 3342 2015 3367 inest
2033 3342 2142 3374 corpori
2161 3341 2288 3366 natur-an.
2309 3341 2372 3365 Post
2389 3339 2500 3373 superfi-

1430 3378 1482 3403 cies
1497 3378 1538 3402 EF
1559 3384 1583 3402 et
1603 3378 1687 3402 Oxon.
1702 3383 1813 3410 pergunt
1833 3378 1873 3403 vel
1887 3381 1956 3410 pura
1976 3379 2090 3410 (puncta
2104 3377 2139 3409 F)
2159 3377 2183 3402 si
2201 3376 2266 3410 quid
2284 3379 2323 3401 est
2342 3375 2501 3401 indivisibile

1430 3420 1467 3438 ex
1481 3414 1636 3438 necessitate
1650 3413 1718 3438 inest
1727 3413 1834 3445 corpori
1848 3413 1975 3442 naturali,
1987 3413 2062 3438 lectio
2074 3412 2200 3441 absurdiu
2215 3412 2235 3436 P
2250 3411 2311 3444 legit
2319 3415 2349 3436 ut
2361 3411 2390 3442 E,
2401 3411 2502 3436 omisso

1431 3454 1530 3474 tantum
1550 3450 1597 3474 vel.
1611 3449 1635 3473 G
1654 3456 1709 3473 om.
1729 3452 1757 3474 ut
1772 3452 1935 3480 punctum...
1949 3449 1973 3474 si
1991 3448 2055 3481 quid
2073 3451 2114 3474 est
2132 3447 2270 3473 divisibile.

1485 3483 1509 3518 0)
1525 3485 1597 3516 quod
1611 3485 1659 3510 hoc
1677 3491 1816 3509 commune
1829 3484 1900 3516 quod
1914 3487 1953 3509 est
1967 3485 2048 3509 coIor.
2063 3497 2083 3504 -
2097 3483 2168 3516 quod
2181 3486 2221 3508 est
2233 3489 2372 3508 commune
2385 3482 2460 3507 color
2473 3481 2501 3510 Ρ,

1432 3519 1497 3544 sorte
1517 3520 1576 3552 quia
1592 3520 1638 3544 EG
1659 3525 1684 3544 et
1702 3520 1759 3545 Par.
1780 3520 1869 3552 legunt
1888 3527 1940 3544 non
1959 3520 2026 3545 bene
2039 3519 2103 3552 quia
2122 3518 2164 3544 hic
2177 3525 2316 3544 commune
2334 3521 2375 3543 ese
2391 3517 2502 3542 color.—

1431 3555 1488 3580 Lin.
1509 3563 1564 3588 seq.
1585 3563 1632 3587 pro
1650 3555 1698 3580 sed
1716 3555 1772 3584 hoc,
1792 3558 1818 3580 et
1837 3555 1886 3580 hoc
1905 3555 1933 3580 Ρ.

1487 3590 1505 3624 ι)
1524 3591 1564 3616 rei
1577 3591 1685 3615 omnino
1697 3590 1821 3622 simplici.
1833 3604 1852 3609 -
1865 3591 1901 3615 lta
1915 3590 1956 3615 BF
1976 3594 2002 3614 et
2019 3589 2120 3620 Oxon.;
2140 3589 2181 3614 rei
2197 3587 2313 3621 simplici
2331 3587 2401 3617 sEG,
2419 3586 2460 3612 rei
2473 3589 2503 3611 ut

1432 3626 1546 3658 simplici
1560 3626 1592 3657 Ρ,
1612 3626 1672 3659 quia
1691 3626 1779 3659 ApEG
1799 3630 1824 3650 et
1843 3626 1900 3650 Par.
1919 3625 2027 3650 omnino
2046 3629 2216 3656 corrumpunt
2234 3624 2260 3648 ln
2279 3630 2341 3648 non.

2509 411 2520 422 ⁸
2535 411 2622 432 lineam
2637 417 2660 433 ν.

2511 1259 2614 1287 ·primo
2628 1265 2650 1281 ν.

2520 2384 2530 2393 '
2540 2382 2637 2405 aecta-e
2649 2382 2720 2405 codd.

2521 2444 2531 2453 ·
2545 2439 2634 2462 dicitnr
2645 2445 2684 2461 Λα.
