2782 4134
127 749 137 758 ⁶
153 753 232 768 eorum
243 753 290 768 orn.
301 753 337 768 ΑΒ.

126 906 137 916 ⁸
149 906 226 933 magis
236 905 290 927 add.
300 911 338 927 ΑΒ.

128 959 139 969 ·“
154 960 178 979 et
192 964 238 980 om.
254 964 292 979 Pa.

130 1327 137 1336 ”
153 1332 223 1354 quam
238 1326 336 1348 add.n³.

223 1434 235 1450 V

225 1528 237 1558 Ε

128 1754 137 1762 “
152 1752 222 1773 Num.
238 1758 269 1779 ¹4·

125 1917 134 1925 ²
150 1915 220 1936 Num.
236 1921 284 1942 seq.

124 2022 133 2031 ·
147 2021 181 2042 sit
193 2027 216 2042 Β.

123 2396 135 2406 ⁸
150 2401 266 2423 aquarum
283 2403 320 2418 pa.

123 2496 218 2518 'Num.
234 2503 257 2518 ιο

123 2523 228 2571 “qm—puori
249 2530 333 2551 suppo-

122 2602 174 2623 '80
189 2608 226 2623 An.

120 3027 131 3038 ⁸
141 3028 221 3054 potest
234 3033 271 3048 ΑΒ.

366 290 440 327 366

364 369 426 405 vel
454 368 611 417 pruina:
631 375 673 404 ut
699 367 750 404 ita
768 379 808 404 se
836 364 975 404 habeat
999 377 1174 403 accessus
1194 364 1282 401 solis
1311 371 1347 400 et
1370 375 1426 399 re-

367 434 494 458 cessus
523 420 735 458 secundum
763 427 914 457 motum
943 419 1119 456 diurnum
1149 417 1199 454 ad
1217 416 1426 464 generatio-

366 486 456 511 nem
475 473 569 511 roris
598 481 635 510 et
651 473 822 522 pruinae,
843 472 1055 510 secundum
1083 470 1188 519 quod
1206 476 1225 496 Ἀ*
1244 481 1285 505 30
1313 469 1428 505 habet

366 527 415 564 ad
433 526 716 574 generationem
744 526 896 575 pluviae
921 524 1133 561 secundum
1162 530 1312 559 motum
1339 533 1426 570 pro-

365 580 504 628 prium,
529 579 741 616 secundum
771 579 875 627 quod
903 576 1048 614 accedit
1067 584 1103 613 et
1129 575 1272 612 recedit
1298 574 1336 611 in
1365 587 1426 611 ae-

366 640 458 669 state
488 640 524 669 et
549 631 688 669 hieme.

425 698 481 722 11.
513 686 690 722 Secundo
719 683 786 720 ibi:
820 683 965 719 Pruina
1002 682 1149 729 quidem
1179 688 1270 728 etc.‚
1301 688 1426 717 osten-

367 738 421 775 dit
448 737 699 775 differentiam
719 747 854 772 eorum
878 735 912 771 *ε
935 734 1064 772 (1100113
1092 734 1199 782 quod
1216 734 1353 783 pruina
1371 735 1425 781 fit,

367 791 519 839 quando
537 802 661 839 vapor
677 788 780 837 prius
801 788 1019 836 congelatur
1033 799 1152 836 quam
1171 787 1427 824 condensetur

366 844 404 880 in
423 855 580 892 aquam;
598 850 633 879 et
646 848 801 890 propter
815 842 890 878 hoc
904 841 947 878 fit
961 841 1000 878 in
1013 841 1141 878 hieme
1157 848 1192 877 et
1206 841 1245 877 in
1258 840 1426 877 hiemali-

366 898 434 933 bus
447 896 547 941 locis,
560 895 655 932 idest
673 894 711 930 in
732 894 872 942 frigidis
888 893 981 931 locis
990 893 1021 931 ²¹⁸.
1035 893 1113 931 Sed
1127 906 1190 931 ros
1199 894 1253 940 fit,
1270 894 1425 942 quando

365 961 488 998 vapor
514 948 735 996 inspissatur
761 947 800 984 in
829 959 982 996 aquam,
1003 954 1041 984 et
1062 947 1082 969 '¹‘
1110 959 1235 994 neque
1263 953 1319 983 est
1346 954 1426 983 tan-

365 1010 425 1038 tus
444 1008 568 1038 aestus
596 1000 701 1048 quod
720 1011 844 1048 vapor
862 1000 1031 1038 elevatus
1060 1000 1278 1045 desiccetur,
1299 1011 1425 1046 neque

367 1062 421 1091 est
440 1061 586 1090 tantum
614 1053 729 1101 frigus
748 1052 854 1102 quod
876 1065 1002 1102 vapor
1020 1054 1248 1101 congeletur.
1271 1053 1319 1088 Et
1338 1051 1425 1089 ideo

366 1114 513 1156 oportet
541 1106 646 1155 quod
674 1107 720 1144 sit
739 1113 804 1143 aut
830 1106 869 1143 in
896 1114 1070 1156 tempore
1099 1113 1163 1142 aut
1184 1105 1223 1142 in
1250 1105 1336 1142 loco
1366 1117 1426 1142 ca—

365 1159 458 1197 lido:
488 1159 576 1208 quia
603 1171 666 1196 ros
694 1171 848 1208 semper
871 1160 914 1198 fit
942 1159 980 1196 in
1011 1167 1186 1207 ternpore
1213 1166 1425 1207 temperato

365 1221 400 1249 et
427 1212 465 1249 in
493 1212 586 1249 locis
614 1212 852 1262 temperatis,
883 1213 951 1250 sed
979 1212 1127 1261 pruina,
1157 1212 1250 1248 sicut
1283 1211 1426 1249 dictum

365 1273 439 1312 est,
467 1266 510 1303 fit
536 1265 574 1302 in
602 1273 776 1314 tempore
805 1273 842 1302 et
868 1267 954 1303 loco
988 1265 1108 1313 magis
1140 1264 1292 1312 frigidis.
1325 1265 1426 1302 Cum

365 1319 465 1356 enim
492 1331 615 1367 vapor
635 1318 680 1355 sit
707 1318 862 1356 calidior
879 1319 899 1341 '¹‘
918 1331 1030 1368 aqua,
1053 1318 1142 1367 quia
1160 1318 1286 1355 adhuc
1314 1325 1371 1354 est
1387 1318 1427 1355 in

365 1384 410 1408 eo
440 1371 580 1420 aliquid
601 1371 648 1409 de
678 1372 802 1408 calore
822 1372 1006 1419 elevante,
1027 1371 1151 1408 maior
1173 1371 1350 1419 frigiditas
1370 1383 1426 1407 re-

364 1424 521 1473 quiritur
539 1431 550 1445 *
569 1425 619 1462 ad
638 1425 940 1473 congelationem
958 1423 1114 1473 vaporis
1142 1436 1260 1472 quam
1286 1437 1426 1472 aquae;

365 1486 400 1515 et
426 1478 479 1515 sic
507 1478 643 1527 pruina
661 1490 858 1527 nunquam
877 1479 920 1515 fit
947 1478 1020 1515 nisi
1043 1478 1083 1515 in
1108 1490 1248 1526 magno
1277 1478 1425 1525 frigore.

424 1543 480 1568 12.
501 1531 651 1568 Deinde
671 1543 759 1568 cum
781 1531 868 1568 dicit
886 1529 916 1568 ⁶:
936 1532 1052 1568 Fiunt
1068 1537 1192 1568 autem
1212 1531 1324 1568 ambo
1342 1538 1425 1578 etc.‚

365 1584 527 1623 ostendit
553 1584 713 1633 qualiter
741 1584 920 1621 existente
948 1596 1034 1621 aere
1063 1584 1264 1633 disposito,
1294 1584 1337 1621 fit
1364 1596 1426 1620 ros

366 1646 401 1674 et
428 1637 575 1686 pruina.
609 1638 659 1674 Et
693 1637 819 1686 primo
857 1637 1022 1675 ostendit
1057 1638 1132 1675 hoc
1170 1637 1426 1674 communiter

365 1698 550 1739 quantum
591 1690 641 1727 ad
677 1698 897 1740 utrumque;
927 1691 1096 1728 secundo
1133 1690 1343 1739 specialiter
1378 1691 1426 1727 de

365 1756 462 1790 rore,
482 1743 550 1780 ibi:
579 1744 641 1780 Fit
667 1749 792 1780 autem
821 1756 884 1781 ros
912 1744 1047 1792 ubique
1073 1743 1093 1765 ’¹⁶
1121 1751 1191 1781 etc.
1213 1743 1324 1780 Circa
1351 1744 1424 1792 pri-

364 1809 472 1834 mum
502 1796 578 1834 duo
607 1796 710 1833 facit:
739 1796 864 1846 primo
893 1797 1059 1834 ostendit
1087 1797 1191 1846 quod
1218 1796 1424 1845 proponit3

364 1849 533 1888 secundo
570 1850 678 1899 ponit
705 1850 902 1898 quoddam
939 1850 1089 1898 signum
1117 1849 1424 1899 praedictorum,

364 1904 434 1941 ibi:
464 1903 624 1953 Signum
653 1908 778 1940 autem
797 1902 817 1924 '¹‘
841 1910 909 1940 etc.

416 1956 515 1993 Dicit
544 1968 632 2004 ergo
661 1956 785 2005 primo
815 1957 919 2005 quod
946 1964 1024 1993 tam
1054 1968 1116 1993 ros
1144 1967 1261 2004 quam
1289 1956 1427 2004 pruina

364 2011 459 2047 fiunt
487 2021 574 2046 cum
594 2021 659 2046 aer
678 2009 787 2046 fuerit
805 2009 825 2031 ’¹‘
843 2021 1000 2046 serenus
1028 2010 1172 2058 absque
1197 2008 1362 2046 nubibus
1392 2016 1427 2045 et

363 2063 504 2112 pluvia,
525 2070 562 2100 et
583 2062 804 2111 tranquillus
828 2063 972 2111 absque
999 2069 1129 2100 vent0.
1160 2062 1261 2109 Quia
1289 2062 1319 2099 si
1347 2074 1426 2100 non

363 2117 408 2154 sit
436 2127 602 2163 serenus,
623 2128 702 2154 non
729 2123 890 2164 possunt
918 2116 1058 2153 elevari
1084 2127 1248 2164 vapores
1277 2115 1325 2152 de
1346 2115 1424 2162 die,

362 2169 741 2219 propterdefectum
779 2169 934 2206 caloris:
969 2168 1000 2206 si
1035 2177 1164 2206 autem
1202 2181 1282 2205 non
1314 2168 1424 2206 fuerit

362 2222 619 2271 tranquillitas,
648 2229 765 2259 vento
794 2222 921 2268 fiante,
952 2234 1030 2259 non
1057 2229 1236 2271 poterunt
1261 2233 1426 2270 vapores

363 2276 600 2323 condensari,
620 2283 662 2313 ut
685 2283 884 2324 generetur
911 2287 991 2321 r0s;
1021 2287 1112 2312 nam
1139 2281 1288 2321 ventus,
1320 2286 1424 2312 com-

363 2329 557 2366 movendo
595 2341 743 2376 aerem,
787 2328 946 2378 impedit
989 2328 1321 2376 congregationem
1358 2340 1424 2365 va-

361 2394 501 2431 porum
527 2382 559 2419 *.
1345 2400 1350 2406 ,

421 2437 477 2472 13.
498 2435 647 2472 Deinde
673 2446 761 2472 cum
786 2434 890 2471 dicit:
916 2434 1077 2483 Signum
1097 2439 1222 2471 autem
1243 2441 1325 2480 etc.‚
1345 2445 1425 2471 ma-

361 2488 508 2525 nifestat
534 2500 603 2537 per
627 2487 776 2535 signum
806 2487 910 2536 quod
939 2499 1053 2535 supra
1081 2487 1100 2508 *
1119 2494 1299 2535 posuerat
1316 2486 1357 2509 *¹¹⁶
1377 2487 1424 2524 de

360 2541 602 2589 generatione
622 2540 715 2578 roris
739 2547 776 2577 et
794 2540 962 2589 pruinae.
980 2541 1029 2577 Et
1048 2539 1136 2576 dicit
1155 2539 1258 2587 quod
1274 2539 1424 2587 signum

361 2594 473 2631 huius
489 2594 592 2643 quod
613 2605 676 2630 ros
695 2600 731 2630 et
749 2594 886 2641 pruina
906 2601 1108 2630 causentur
1127 2604 1172 2629 ex
1186 2593 1262 2629 hoc
1279 2592 1300 2614 '¹‘
1318 2593 1422 2641 quod

360 2659 484 2695 vapor
502 2659 582 2684 non
600 2647 711 2693 longe
731 2647 902 2683 elevatur
920 2659 942 2683 a
961 2654 1071 2692 terra,
1092 2653 1147 2682 est
1165 2646 1241 2682 hoc
1259 2646 1366 2693 quod
1385 2645 1423 2682 in

362 2699 555 2736 montibus
575 2711 655 2736 non
672 2699 715 2736 fit
734 2699 881 2747 pruina,
902 2711 990 2736 cum
1009 2706 1138 2736 tamen
1158 2698 1208 2735 ibi
1228 2698 1348 2746 magis
1366 2698 1422 2735 vi-

362 2753 493 2790 deatur
511 2758 524 2773 ⁰
542 2751 624 2789 fieri
653 2759 807 2801 propter
830 2753 902 2789 loci
921 2752 1171 2800 frigiditatem.
1189 2751 1312 2788 Huius
1333 2763 1422 2799 ergo

361 2813 446 2842 sunt
466 2805 563 2842 duae
584 2817 732 2842 CaUSae‘.
749 2805 834 2843 Una
849 2805 1016 2854 quidem,
1034 2803 1123 2854 quia
1140 2816 1264 2853 vapor
1279 2817 1324 2841 ex
1343 2817 1422 2854 quo

360 2866 558 2906 generatur
577 2870 640 2895 ros
669 2866 705 2895 et
722 2859 870 2907 pruina,
891 2859 1061 2896 elevatur
1089 2870 1134 2895 ex
1160 2858 1252 2894 locis
1280 2857 1422 2895 infimis

361 2919 396 2948 et
404 2911 630 2949 humefactis
641 2917 670 2957 π,
683 2923 728 2948 ex
744 2911 881 2960 quibus
896 2911 1005 2949 multi
1019 2923 1184 2960 vapores
1194 2918 1422 2959 generantur

360 2972 394 3001 et
423 2965 636 3002 elevantur:
665 2965 767 3002 unde
805 2965 972 3002 caliditas
1006 2977 1103 3014 quae
1140 2976 1207 3001 eos
1239 2963 1419 3010 elevavit,

359 3030 436 3055 non
455 3017 576 3066 potuit
593 3018 613 3040 ’¹‘
642 3018 790 3055 elevare
819 3030 886 3055 eos
914 3019 962 3056 ad
982 3019 1142 3055 multam
1172 3016 1418 3063 altitudinem,

358 3071 466 3118 quasi
489 3078 644 3120 portans
663 3083 761 3108 onus
789 3072 894 3118 quod
918 3071 1064 3108 excedit
1088 3082 1198 3108 suam
1221 3070 1418 3115 virtutem;

411 3210 438 3244 μ)
458 3210 601 3235 secundum
621 3211 700 3243 quod.
715 3224 733 3229 -
751 3210 819 3235 sicut
836 3210 889 3235 AB.
904 3224 921 3228 -
938 3210 1017 3235 lidem
1038 3210 1081 3235 lin.
1101 3218 1157 3242 seq.
1172 3209 1282 3242 pluviae
1301 3216 1418 3233 corrum-

358 3251 421 3277 punt
439 3246 464 3270 in
481 3245 608 3277 pruinae,
629 3250 654 3270 et
671 3253 725 3270 om.
749 3246 893 3271 secundum
920 3249 1019 3270 motum
1035 3245 1176 3278 proprium
1183 3252 1192 3275 ,-
1211 3245 1307 3269 addunt
1332 3249 1418 3269 tamen

359 3284 430 3305 motu
445 3281 559 3312 proprio
578 3287 637 3313 post
656 3281 765 3306 recedit.

411 3316 433 3347 ν)
454 3316 540 3340 maior
556 3316 700 3349 frigiditas
725 3317 880 3348 requiritur.
899 3329 917 3334 ·-
937 3317 1023 3349 magis
1048 3316 1194 3348 requiritur
1212 3315 1266 3340 ΑΒ.
1283 3329 1302 3334 -
1321 3315 1418 3340 Eadem

358 3350 423 3374 linea
442 3358 489 3383 pro
503 3358 582 3383 quam
595 3358 687 3383 aquae,
703 3359 782 3384 quam
798 3352 823 3376 in
842 3351 1025 3385 congelatione
1043 3351 1120 3376 habet
1133 3352 1165 3381 Α,
1179 3358 1258 3383 quam
1277 3350 1304 3375 in
1323 3357 1419 3383 conge-

359 3385 457 3410 latione
474 3393 559 3418 aquae
578 3387 606 3411 Β.

412 3418 435 3451 ξ)
456 3420 558 3446 Deinde
577 3429 634 3447 cum
655 3422 728 3447 dicit.
746 3435 764 3440 —
783 3422 855 3447 Hanc
874 3421 1012 3448 formulam
1031 3430 1085 3447 om.
1103 3422 1158 3447 ΑΒ.
1170 3435 1188 3441 -
1206 3422 1264 3447 Lin.
1283 3429 1339 3454 seq.
1359 3421 1418 3446 exi-

358 3458 442 3479 stente
460 3463 512 3480 om.
531 3457 561 3480 Α.
576 3469 595 3476 -
606 3457 664 3481 Mox
682 3458 726 3481 AB
746 3465 798 3482 om.
817 3457 932 3483 ostendit
951 3458 1012 3487 hoc,-
1031 3463 1058 3482 et
1072 3465 1119 3490 pro
1137 3457 1287 3489 specialiter
1305 3457 1338 3482 cle
1357 3464 1419 3482 rore

360 3490 448 3521 legunt
466 3490 529 3522 quia
547 3491 696 3522 specialiter
715 3496 842 3524 quantum
862 3493 898 3518 ad
917 3500 1014 3518 rorem.

412 3525 438 3556 ο)
458 3525 619 3550 videatur-.—
638 3526 792 3552 viderentur·
805 3528 887 3552 AB.·-
900 3528 950 3552 Pro
967 3528 1024 3553 Una
1038 3527 1142 3560 quidem
1157 3527 1219 3560 quia
1238 3534 1331 3559 vapor,
1348 3527 1418 3557 Quia

358 3567 442 3591 vapor
461 3567 513 3584 una
531 3561 635 3592 quidem
654 3562 707 3586 AB

411 3594 438 3628 π)
459 3595 624 3628 humefactis.
641 3609 660 3615 -—
678 3596 804 3622 humectis
822 3598 880 3628 ΑΒ;
901 3597 931 3622 cf.
947 3597 1010 3623 infra
1030 3605 1100 3623 num.
1118 3598 1197 3623 ult.-
1210 3598 1269 3623 Mox
1286 3606 1319 3631 g
1314 3605 1417 3623 neran-

358 3633 404 3654 tur
422 3633 448 3655 et
466 3638 519 3655 om.
539 3630 623 3655 iidem.

1079 284 1666 324 METEOROLOGICORUM
1693 284 1788 321 LIB.
1819 285 1833 320 1

1481 362 1548 399 sed
1575 374 1697 412 prope
1725 364 1810 400 loca
1829 363 1963 401 infima
1992 363 2141 401 dimittit
2158 370 2174 395 Ρ
2193 364 2296 401 03101
2312 377 2490 414 vapores,
2511 373 2547 403 et

1481 415 1580 452 cadit
1598 428 1662 453 ros
1681 423 1718 453 et
1740 416 1887 466 pruina.
1908 417 2019 454 Unde
2039 416 2078 454 in
2097 417 2292 454 montibus
2311 418 2394 456 altis
2411 419 2547 467 pruina

1482 480 1564 504 esse
1579 481 1657 506 non
1671 477 1841 518 potest.-
1853 471 2031 507 Secunda
2045 477 2172 507 31110111
2188 482 2302 508 031133
2317 478 2384 518 031,
2396 471 2486 521 quia
2500 472 2547 509 si,-

1482 529 1544 557 cut
1562 534 1676 570 supra
1690 521 1710 543 ‘¹‘
1725 522 1869 560 dictum
1885 530 1951 570 est,
1968 535 2034 560 aer
2048 523 2219 571 superior
2234 523 2422 561 excedens
2435 537 2547 562 mon·
2574 538 2583 547 ·

1481 581 1548 621 tes,
1568 574 1652 612 fluit
1670 575 1777 624 quasi
1796 583 1936 613 tractus
1957 588 2001 612 ex
2019 583 2128 613 motu
2148 577 2259 623 caeli;
2281 584 2317 614 et
2334 576 2422 614 ideo
2441 590 2512 615 suo
2527 578 2547 600 ²¹⁶
2573 589 2584 601 ⁴

1481 627 1587 664 fluxu
1606 627 1778 666 dissolvit
1804 628 2026 666 huiusmodi
2046 629 2318 667 adunationem
2340 642 2546 679 vaporum,

1481 692 1578 729 quae
1609 689 1664 718 est
1692 694 1806 719 causa
1834 682 1929 719 roris
1958 689 1995 719 et
2022 682 2192 731 pruinae.
2220 683 2311 730 Plus
2338 691 2468 721 autem
2497 684 2545 722 de

1481 741 1590 770 motu
1617 734 1818 783 requiritur
1836 735 1886 773 ad
1914 736 2075 774 multam
2093 735 2292 773 materiam
2311 748 2546 785 vaporosam

1481 786 1784 835 disgregandam,
1800 800 1917 838 quam
1939 788 2228 838 disgregandam
2244 794 2258 809 ⁶
2273 801 2451 838 parvam:
2467 802 2547 827 ma-

1480 839 1573 876 teria
1601 847 1729 877 autern
1757 841 1910 890 pluviae
1940 849 1976 879 et
2002 842 2101 880 nivis
2135 849 2191 879 est
2218 842 2359 890 multa,
2387 843 2547 880 materia

1480 900 1610 929 31110111
1638 893 1732 930 10113
1762 901 1797 930 01
1814 894 1974 942 pruinae
1994 903 2050 932 est
2067 907 2191 944 pauca
2210 894 2440 944 simpliciter,
2460 896 2547 933 licet

1479 945 1525 981 sit
1553 946 1672 982 multa
1698 946 1737 983 in
1776 948 2062 996 comparatione
2090 948 2139 985 ad
2178 949 2347 986 calorem
2378 961 2544 998 parvum

1480 998 1694 1035 elevantem
1721 999 1863 1047 ipsam:
1892 1000 1995 1038 unde
2024 1001 2063 1038 in
2088 1001 2282 1038 montibus
2310 1002 2500 1039 altissimis
2517 1008 2545 1050 ‘,

1478 1059 1636 1099 propter
1663 1051 1852 1089 maiorem
1875 1053 2022 1090 fluxum
2050 1054 2158 1101 aeris,
2179 1066 2305 1103 neque
2332 1055 2462 1104 pluvia
2481 1068 2546 1093 110-

1479 1116 1555 1152 que
1584 1116 1647 1141 ros
1674 1117 1802 1153 neque
1824 1105 1962 1154 pruina
1990 1107 2106 1152 cadit;
2127 1107 2166 1144 in
2193 1107 2390 1145 montibus
2416 1115 2547 1146 autem

1480 1169 1558 1194 non
1576 1157 1628 1194 ita
1656 1157 1737 1198 altis
1757 1158 1856 1195 cadit
1879 1159 2010 1207 pluvia
2029 1168 2066 1197 et
2084 1160 2159 1208 nix,
2179 1167 2336 1209 propter
2353 1161 2547 1199 minorem

1479 1211 1645 1255 fluxum,
1675 1223 1754 1248 non
1781 1219 1911 1249 autem
1940 1224 2002 1249 ros
2031 1221 2067 1250 et
2093 1213 2241 1262 pruina.

1540 1276 1596 1310 14.
1618 1264 1768 1302 Deinde
1788 1277 1876 1302 cum
1892 1265 1999 1302 dicit:
2014 1267 2078 1303 Fit
2089 1272 2215 1304 autem
2234 1278 2297 1303 ros
2311 1267 2448 1315 ubique
2461 1274 2546 1315 etc.‚

1481 1317 1645 1355 ostendit
1663 1317 1874 1366 specialiter
1901 1318 1949 1355 de
1969 1331 2055 1356 rore
2074 1319 2176 1368 quali
2199 1319 2449 1369 dispositione
2467 1320 2546 1361 fiat.

1481 1370 1530 1406 Et
1549 1370 1648 1408 circa
1667 1371 1742 1408 hoc
1760 1370 1830 1408 tria
1848 1371 1946 1409 facit.
1967 1372 2098 1410 Primo
2117 1372 2299 1422 proponit
2324 1373 2546 1411 veritatem:

1482 1422 1612 1460 dicens
1640 1424 1747 1471 quod
1783 1436 1846 1461 ros
1883 1425 1926 1462 fit
1953 1425 1992 1462 in
2020 1426 2201 1463 omnibus
2228 1426 2339 1473 locis,
2367 1426 2548 1467 flantibus

1482 1476 1705 1514 australibus
1731 1477 1880 1525 ventis,
1914 1490 1993 1515 non
2025 1486 2154 1516 tamen
2187 1479 2239 1516 ita
2269 1455 2406 1517 vat’idis
2440 1478 2547 1530 quod

1482 1529 1692 1578 impediant
1720 1531 2052 1579 congregationem
2071 1544 2275 1592 vaporum.
2296 1533 2389 1570 Non
2415 1540 2546 1571 autem

1480 1583 1524 1620 fit
1550 1583 1570 1605 ’¹‘
1597 1583 1776 1626 flantibus
1805 1585 2022 1622 borealibus
2049 1586 2201 1632 ventis,
2219 1586 2291 1623 11131
2325 1586 2364 1623 111
2391 1585 2546 1634 regione
2573 1598 2585 1610 ⁸

1480 1636 1604 1683 Ponti,
1634 1649 1732 1685 quae
1762 1644 1818 1674 est
1845 1637 2103 1685 frigidissima:
2132 1638 2184 1675 ibi
2214 1639 2316 1676 enim
2358 1639 2547 1678 contrarie

1481 1689 1627 1737 accidit,
1647 1702 1739 1727 nam
1766 1697 1941 1739 tempore
1970 1691 2114 1729 boreali
2141 1692 2185 1729 fit
2212 1704 2286 1740 ros,
2309 1705 2389 1730 non
2416 1699 2547 1731 autem

1480 1751 1654 1792 tempore
1681 1742 1846 1780 australi.

1539 1797 1597 1834 15.
1628 1796 1806 1833 Secundo
1835 1796 1905 1833 ibi:
1940 1798 2065 1834 Causa
2092 1803 2218 1834 autem
2255 1797 2425 1835 similiter
2452 1805 2545 1846 etc.‚

1481 1849 1644 1897 assignat
1662 1861 1816 1886 causam
1837 1849 1918 1887 eius
1937 1850 2042 1899 quod
2062 1851 2316 1888 communiter
2334 1850 2482 1889 accidit.
2497 1851 2548 1889 Et

1481 1901 1568 1940 dicit
1587 1902 1694 1950 quod
1722 1915 1837 1940 causa
1855 1903 1967 1940 huius
1980 1911 2044 1950 *est
2063 1903 2192 1941 similis
2222 1903 2256 1940 ei
2275 1903 2382 1952 quod
2401 1903 2545 1943 dictum

1481 1963 1537 1992 est
1554 1956 1591 1992 *τ
1611 1955 1700 2005 quia
1727 1955 1868 1993 scilicet
1895 1968 1959 1994 ros
1977 1957 2021 1993 fit
2049 1956 2088 1994 in
2115 1964 2290 2006 ternpore
2318 1964 2546 2007 temperato,
2573 1973 2584 1982 ·

1480 2008 1548 2046 sed
1581 2021 1660 2046 non
1697 2009 1740 2046 fit
1775 2009 1814 2046 in
1841 2010 1983 2055 hieme,
2012 2009 2108 2048 idest
2134 2009 2175 2048 in
2219 2017 2395 2059 tempore
2429 2009 2546 2057 valde

1481 2062 1627 2110 frigido.
1658 2063 1706 2099 Et
1735 2062 1922 2100 rationem
1950 2063 2203 2101 similitudinis
2237 2062 2427 2101 ostendit:
2455 2063 2547 2113 quia

1481 2123 1607 2152 auster
1634 2115 1722 2152 facit
1748 2116 1986 2165 temperiem,
2007 2117 2075 2154 sed
2100 2117 2238 2155 boreas
2262 2117 2351 2154 facit
2375 2116 2547 2160 hiemem

1481 2176 1518 2206 et
1542 2169 1675 2217 frigus,
1706 2177 1760 2206 est
1788 2169 1891 2206 enim
1919 2169 2074 2218 frigidus
2102 2174 2135 2216 ⁰;
2165 2177 2202 2207 et
2228 2169 2316 2208 ideo
2346 2181 2392 2207 ex
2409 2170 2546 2218 hieme,

1480 2222 1578 2259 idest
1606 2234 1651 2259 ex
1678 2221 1887 2270 frigiditate,
1918 2222 2100 2271 extinguit
2132 2222 2359 2261 caliditatem
2394 2223 2545 2261 exhala-

1480 2275 1603 2323 tionis,
1623 2283 1665 2312 ut
1692 2275 1832 2312 30111001
1858 2288 1938 2313 11011
1961 2276 2108 2325 possint
2133 2288 2299 2326 vapores
2328 2275 2470 2314 elevari
2497 2275 2547 2314 ad

1480 2328 1764 2376 generationem
1794 2329 1899 2366 roris.

1541 2382 1598 2418 16.
1629 2381 1760 2419 Tertio
1787 2381 1856 2419 ibi:
1885 2383 1932 2419 In
1960 2383 2080 2419 Ponto
2108 2387 2233 2420 autem
2263 2389 2354 2430 etc.‚
2383 2381 2548 2431 assignat

1481 2446 1636 2471 causam
1651 2435 1732 2472 eius
1746 2435 1853 2483 quod
1872 2434 2030 2472 accidit
2020 2447 2060 2472 111
2075 2435 2212 2472 Ponto.
2223 2435 2274 2472 Et
2289 2443 2345 2472 est
2359 2434 2470 2485 quod
2478 2434 2545 2484 ibi,

1478 2494 1635 2535 propter
1663 2499 1843 2536 magnam
1869 2487 2126 2535 frigiditatem,
2154 2495 2283 2525 auster
2305 2500 2385 2525 non
2407 2487 2547 2526 sufficit

1479 2540 1529 2577 ad
1557 2540 1680 2576 facere
1712 2547 1856 2577 tantam
1883 2540 2109 2589 temperiem
2137 2551 2237 2589 quae
2257 2539 2421 2578 sufficiat
2446 2539 2545 2578 *ad
2572 2553 2583 2564 ·

1481 2592 1734 2631 elevationem
1757 2593 1930 2642 vaporis;
1952 2601 1989 2630 et
2011 2593 2099 2631 ideo
2118 2601 2292 2642 tempore
2312 2593 2465 2631 australi
2492 2593 2544 2631 ibi

1479 2657 1557 2682 non
1572 2646 1615 2682 fit
1629 2658 1704 2683 ros.
1723 2646 1800 2683 Sed
1821 2647 1968 2694 boreas,
1983 2654 2141 2696 propter
2159 2659 2269 2684 suam
2289 2646 2543 2695 frigiditatem,

1479 2706 1682 2746 congregat
1717 2698 1881 2736 calidum
1917 2700 2023 2748 quod
2061 2707 2118 2737 est
2145 2699 2185 2737 in
2212 2699 2306 2737 locis
2334 2699 2545 2748 humectis,

1477 2751 1763 2800 antiperistasim
1790 2753 1963 2801 faciens,
1998 2752 2095 2790 idest
2128 2765 2218 2790 curn
2256 2753 2439 2802 quadam.
2453 2763 2544 2791 com

1477 2805 1663 2842 trarietate
1692 2805 1939 2843 circumstans
1967 2805 1987 2827 *
2015 2806 2203 2844 calidum:
2232 2818 2321 2843 011111
2349 2806 2454 2844 0111111
2472 2805 2546 2854 ῑὶζίε
2570 2819 2580 2828 ”

1477 2857 1608 2905 gidum
1637 2858 1853 2896 circumstat
1877 2859 2056 2906 calidum,
2078 2859 2108 2896 si
2135 2871 2216 2896 non
2235 2859 2395 2897 omnino
2421 2858 2543 2909 possit

1477 2911 1693 2958 extinguere
1712 2911 1850 2961 ipsum,
1873 2919 2076 2961 congregat
2093 2912 2184 2950 illud
2206 2917 2234 2949 P.
2256 2913 2305 2949 Et
2319 2912 2372 2949 sic
2387 2924 2434 2950 ex
2453 2923 2542 2950 con-

1475 2964 1691 3012 gregatione
1721 2965 1829 3002 calidi
1857 2965 2050 3014 vigoratur
2077 2965 2236 3003 effectus
2265 2965 2363 3013 01113,
2389 2973 2427 3003 et
2452 2965 2541 3004 ideo

1476 3017 1596 3065 magis
1638 3018 1839 3056 resolvitur
1864 3031 2000 3068 vapor.
2030 3019 2080 3056 Et
2106 3019 2182 3055 hoc
2215 3030 2295 3056 non
2321 3026 2471 3056 tantum
2501 3018 2543 3056 in

1475 3071 1598 3107 Ponto
1628 3070 1773 3118 accidit,
1803 3071 1872 3109 sed
1893 3071 2006 3109 etiam
2033 3071 2071 3108 in
2095 3071 2176 3109 aliis
2203 3071 2298 3109 locis
2326 3072 2543 3122 frequenter

1528 3210 1551 3243 ρ)
1572 3210 1692 3235 dimittit.
1706 3225 1724 3229 -
1738 3211 1836 3236 emittit
1854 3210 1885 3242 A,
1905 3211 2022 3236 demittit
2040 3210 2164 3236 B.—Lin.
2180 3218 2237 3244 seq.
2250 3218 2298 3243 pro
2314 3210 2396 3242 cadit,
2410 3209 2483 3237 cedit
2494 3211 2541 3237 Pa.

1527 3245 1553 3276 σ)
1574 3245 1791 3278 disgregandam,
1807 3253 1887 3279 quam
1900 3245 2123 3279 disgregandam.
2139 3259 2159 3266 -
2177 3245 2388 3279 disgregandam
2404 3253 2485 3280 quam
2503 3245 2543 3272 ad

1474 3280 1684 3314 disgregundum
1704 3282 1757 3306 ΑΒ.
1775 3295 1794 3300 -
1813 3282 1891 3306 lidem
1911 3287 1971 3314 post
1990 3289 2068 3306 unam
2088 3281 2131 3306 lin.
2150 3288 2310 3314 pro,pauca‚
2325 3288 2424 3313 parva.

1527 3316 1551 3348 τ)
1572 3317 1641 3341 unde
1661 3317 1686 3341 in
1703 3317 1834 3342 montibus
1853 3317 1998 3342 altissimis.
2011 3331 2031 3336 -
2045 3320 2072 3342 et
2090 3317 2149 3342 ideo
2168 3316 2194 3341 in
2214 3316 2347 3342 montibus
2366 3317 2444 3342 valde
2461 3316 2539 3342 altis-

1471 3351 1545 3376 simis
1565 3352 1617 3376 AB.
1626 3365 1645 3370 -
1655 3352 1734 3377 Iidem
1749 3360 1796 3384 pro
1809 3352 1836 3377 in
1852 3352 1984 3378 montibus
1997 3355 2118 3378 autem...
2126 3352 2248 3387 fluxum,
2261 3352 2288 3377 in
2302 3351 2436 3378 montibus
2447 3355 2539 3378 autern

1473 3394 1525 3411 non
1545 3387 1583 3411 ita
1602 3387 1740 3412 altissimis
1754 3390 1870 3419 propter·
1889 3387 2017 3412 minorem
2030 3388 2142 3422 fluxum
2155 3387 2226 3412 aeris
2240 3387 2315 3412 cadit
2328 3387 2424 3419 pluvia
2434 3390 2463 3412 et
2475 3387 2545 3413 nix-2.

1527 3422 1552 3454 υ)
1572 3426 1610 3447 est
1629 3422 1700 3448 enim
1711 3423 1876 3456 frigidita-
1893 3426 1934 3448 est
1951 3423 2020 3448 enim
2041 3426 2103 3448 tunc
2115 3422 2210 3456 frigus
2224 3422 2270 3452 Pa,
2285 3425 2326 3447 est
2342 3422 2540 3456 0111111]νίςίάί-

1473 3461 1515 3483 tas
1534 3459 1564 3487 Α,
1584 3458 1629 3482 sed
1650 3458 1748 3483 videtur
1766 3458 1857 3490 corrigi
1877 3463 1905 3483 ut
1924 3459 1952 3489 B,
1972 3466 2033 3483 cum
2051 3466 2105 3491 quo
2122 3458 2242 3490 tegimus.

1526 3494 1553 3527 φ)
1573 3497 1721 3526 congregat
1740 3493 1814 3518 illud.
1832 3507 1851 3512 -
1869 3497 2017 3526 congregat
2036 3493 2110 3518 illum
2130 3493 2182 3522 Pa‚·
2200 3495 2350 3526 congregat
2373 3493 2460 3525 ipsum
2477 3492 2542 3526 «15-

1471 3532 1530 3554 ctus
1548 3529 1604 3554 eius
1623 3532 1649 3554 et
1669 3528 1726 3554 ideo
1746 3529 1833 3562 magis
1846 3528 1990 3554 resoluitur
2006 3529 2060 3559 AB,
2075 3528 2157 3554 idest.
2177 3528 2246 3560 prior
2265 3527 2439 3559 amanuensis,
2457 3527 2537 3552 ornis-

1473 3565 1508 3589 sis
1527 3564 1613 3589 verbis
1633 3564 1669 3589 Et
1686 3564 1724 3589 sic
1743 3571 1780 3588 ex
1797 3563 2006 3597 congregatione
2024 3563 2107 3589 calidi
2125 3563 2275 3596 vigor-atur,
2293 3567 2321 3588 et
2337 3562 2439 3596 seriptis
2452 3562 2538 3588 verbi-

1471 3599 1578 3632 effcctus
1597 3599 1652 3624 eius
1671 3602 1697 3624 et
1716 3599 1775 3624 ideo
1794 3599 1881 3632 magis
1901 3598 2050 3628 resolvitur,
2067 3606 2182 3623 errorem
2202 3597 2317 3629 advertit,
2332 3602 2358 3623 et
2375 3597 2462 3623 debiw
2479 3597 2541 3622 loco

1472 3634 1625 3667 reincoepit,
1645 3635 1707 3667 quin
1725 3634 1777 3660 iam
1796 3634 1889 3666 scripta
1908 3639 2075 3667 expungeret.
