2782 4134
15 550 29 563 ⁴*
41 549 88 572 duo
97 554 146 571 om.
157 548 228 570 codd.

0 754 30 823 f?
41 757 180 782 mutuantis
193 763 216 779 Α.

36 1302 230 1368 mx:

1060 301 1172 339 CAP.
1202 301 1308 349 XIV,
1339 301 1492 338 LECT.
1521 301 1647 338 XXVI

311 377 351 414 Si
378 390 474 415 vero
507 385 606 415 terra
634 385 735 415 esset
767 378 948 427 disposita
980 380 1150 416 secundo
1184 381 1325 427 modo,

257 430 398 468 scilicet
429 431 537 479 quod
569 439 668 468 terra
703 438 800 468 esset
832 431 871 467 in
905 444 994 478 axe,
1026 434 1093 469 sed
1122 433 1326 482 appropin-

257 492 390 533 quaret
417 484 538 531 magis
558 484 608 520 ad
626 496 748 520 unum
767 485 948 532 polorum
973 497 1090 533 quam
1115 487 1163 523 ad
1192 486 1326 533 alium,

256 544 507 587 sequerentur
535 537 612 574 duo
632 537 653 558 ³¹³
671 536 992 574 inconvenientia.
1013 538 1144 575 Primo
1170 539 1326 586 quidem

257 590 347 640 quia
365 590 404 628 in
423 589 506 628 sola
525 597 626 627 recta
654 591 817 639 sphaera
841 588 1000 627 horizon
1030 590 1215 628 divideret
1244 604 1327 628 cae-

256 645 338 681 lum
366 644 405 681 in
434 644 511 681 duo
532 643 679 681 media:
700 643 739 680 in
759 644 921 692 sphaera
940 656 1034 680 vero
1056 644 1210 692 obliqua
1229 657 1328 681 sem-

257 709 328 746 per
347 705 446 734 esset
468 697 595 734 minor
621 709 710 746 pars
731 696 824 733 caeli
851 709 896 732 ex
915 704 1021 745 parte
1041 697 1119 745 poli
1144 709 1329 745 apparen-

256 751 314 798 tis,
345 750 469 788 maior
496 757 624 788 autem
652 762 698 786 ex
725 757 831 798 parte
860 749 937 798 poli
958 750 1133 786 occultati
1153 750 1185 786 ³²³.
1212 750 1261 786 Et
1279 750 1330 786 ita

257 812 480 853 sequeretur
507 803 614 853 quod
641 803 802 840 horizon
831 803 1008 852 obliquae
1038 803 1223 852 sphaerae
1250 815 1330 839 non

258 857 445 896 divideret
471 857 675 894 zodiacum
700 856 739 893 in
763 856 840 894 duo
861 856 1011 893 media:
1042 856 1148 893 cuius
1182 863 1330 893 contra-

257 910 358 948 rium
387 918 545 959 apparet
564 922 608 946 ex
628 911 704 947 hoc
732 910 838 959 quod
865 922 1019 959 semper
1046 922 1112 947 sex
1140 909 1247 957 signa
1274 909 1329 946 vi-

258 963 395 1003 demus
411 964 432 986 *
452 976 567 1013 super
585 970 738 1001 terram.
761 963 941 1000 Secundo
961 963 1061 1012 quia,
1082 963 1112 1000 si
1131 971 1232 1000 terra
1250 975 1330 999 non

258 1024 358 1054 esset
385 1017 526 1055 directe
553 1017 678 1066 posita
707 1017 777 1054 sub
807 1016 1084 1066 aequinoctiali,
1109 1023 1332 1065 sequeretur

258 1070 364 1120 quod
383 1071 543 1108 umbrae
569 1083 776 1120 corporum
799 1078 1014 1107 erectorum
1028 1070 1066 1107 in
1082 1069 1330 1119 aequinoctiis

257 1123 472 1172 orientales,
502 1137 582 1162 non
608 1124 745 1161 fierent
772 1124 811 1161 in
840 1124 981 1161 directo
1010 1123 1329 1161 occidentalibus:

258 1177 365 1215 cuius
393 1178 626 1215 contrarium
653 1178 795 1227 ubique
815 1185 984 1227 apparet.

256 1231 438 1273 sEt‘ex
459 1232 543 1268 hoc
577 1238 682 1280 patet
718 1231 824 1281 quod
861 1243 987 1280 neque
1025 1230 1153 1267 tertius
1190 1230 1331 1267 modus

258 1297 342 1322 esse
360 1289 497 1335 potest,
518 1292 560 1322 ut
578 1285 720 1322 scilicet
746 1292 845 1322 terra
872 1296 997 1343 neque
1031 1283 1078 1321 sit
1101 1283 1140 1320 in
1163 1295 1245 1331 axe,
1266 1295 1331 1320 ne-

259 1350 333 1388 que
356 1338 468 1376 distet
495 1338 702 1388 aequaliter
721 1338 741 1359 *
761 1338 810 1375 ab
837 1346 1000 1395 utroque
1019 1337 1216 1387 polorum:
1243 1336 1332 1385 quia

312 1509 340 1545 υ)
359 1510 463 1536 dierum
488 1513 516 1536 et
533 1511 659 1536 noctium.
673 1524 694 1530 -
708 1514 735 1535 et
754 1509 871 1535 noctium
895 1517 950 1534 om.
969 1509 1076 1539 PEG813
1101 1514 1185 1534 totum
1209 1516 1263 1534 om.
1282 1513 1331 1534 cet.

259 1553 314 1572 exc.
332 1546 393 1572 A.-
405 1546 497 1572 statim
516 1554 564 1580 pro
577 1546 812 1579 perturbarentur,
833 1545 1051 1578 improbarentur
1069 1545 1099 1570 P.

2374 312 2445 338 221

1382 380 1431 417 ad
1458 381 1558 417 hanc
1588 379 1820 429 positionem
1854 386 2064 429 sequuntur
2096 380 2227 417 omnia
2258 381 2452 429 praedicta

1381 433 1699 471 inconvenientia.
1731 433 2069 482 Qualitercumque
2103 433 2216 470 etiam
2247 442 2346 471 terra
2373 447 2452 472 non

1383 494 1482 524 esset
1510 487 1547 524 in
1577 486 1706 524 medio
1726 486 1872 534 mundi,
1895 486 2190 524 confunderetur
2209 487 2334 524 omnis
2354 488 2451 525 ordo

1383 540 1448 587 qui
1478 540 1739 577 consideratur
1767 540 1866 577 circa
1894 547 2142 587 augmentum
2169 547 2206 576 et
2225 540 2452 577 deminutio-

1383 605 1473 629 nem
1495 593 1644 630 dierum
1665 601 1701 630 et
1719 593 1890 630 noctium
1909 598 1934 629 ⁰.
1957 593 2137 630 Similiter
2165 592 2279 630 etiam
2307 600 2452 642 pertur-

1383 646 1563 683 barentur
1600 647 1751 694 regulae
1793 646 2008 696 eclipsium:
2046 658 2126 683 non
2163 646 2265 683 enim
2299 659 2453 695 semper

1384 698 1542 746 eclipses
1571 700 1681 736 lunae
1710 700 1845 736 fierent
1864 699 1902 736 in
1922 699 2063 736 directa
2091 699 2333 748 oppositione
2362 700 2452 736 solis

1386 758 1422 787 et
1449 752 1578 798 lunae,
1608 752 1638 788 si
1666 760 1765 789 terra
1793 765 1872 789 non
1901 760 2000 789 esset
2026 753 2066 790 in
2093 752 2236 790 medio.

1445 815 1501 839 11.
1533 805 1650 850 Quod
1675 813 1803 842 autem
1822 814 1921 842 terra
1940 818 2019 843 non
2035 813 2239 843 moveatur
2266 804 2452 842 transiens

1385 857 1433 893 de
1461 857 1547 892 loco
1577 858 1626 894 ad
1646 858 1786 904 locum,
1817 859 2036 906 contingit*
2057 871 2103 896 ex
2120 860 2197 896 hoc
2221 858 2328 908 quod
2353 866 2453 896 terra

1385 921 1539 957 semper
1559 917 1615 946 est
1633 909 1671 946 in
1691 911 1832 948 medio.
1859 912 1908 948 Et
1927 912 2064 949 iterum
2093 919 2325 962 sequeretur,
2355 924 2452 961 quo-

1385 975 1548 1012 cumque
1577 970 1687 999 motu
1715 972 1956 1012 moveretur,
1990 965 2096 1014 quod
2128 973 2284 1015 propter
2310 964 2452 1003 veloci-

1384 1024 1501 1053 tatem
1521 1016 1579 1053 sui
1602 1023 1730 1053 motus
1758 1018 2036 1055 occultarentur
2055 1031 2077 1055 a
2096 1019 2208 1056 nobis
2237 1031 2372 1056 omnes
2391 1018 2452 1055 alii

1386 1077 1526 1116 motus,
1545 1069 1607 1106 vel
1636 1070 1798 1106 nubium
1817 1071 1879 1107 vel
1900 1071 2141 1109 animalium:
2170 1085 2249 1109 non
2274 1071 2377 1108 enirn
2395 1071 2452 1108 vi-

1386 1123 1496 1160 detur
1514 1123 1664 1159 moveri
1686 1123 1791 1171 quod
1810 1124 1951 1161 tardius
1971 1133 2148 1162 movetur
2162 1130 2177 1155 P
2192 1125 2294 1162 iuxta
2313 1137 2452 1174 corpus

1385 1176 1557 1214 velocius
1585 1184 1747 1213 motum.

1449 1229 1513 1266 Sic
1549 1229 1659 1277 igitur
1701 1228 1928 1278 epilogando
1967 1231 2158 1268 concludit
2193 1231 2451 1279 Philosophus

1387 1282 1492 1332 quod
1513 1283 1561 1319 de
1580 1283 1666 1319 loco
1692 1290 1729 1319 et
1747 1290 1856 1319 motu
1877 1291 1913 1320 et
1937 1283 2062 1332 quiete
2090 1291 2222 1332 terrae,
2252 1284 2450 1332 quomodo

1386 1349 1428 1374 se
1456 1336 1625 1373 habeant
1641 1337 1681 1383 ²⁵,
1706 1343 1811 1373 tanta
1840 1336 1939 1373 dicta
1966 1337 2040 1374 sint
2057 1338 2112 1374 *ἦ
2305 1349 2309 1351 ·

1441 1508 1469 1542 φ)
1489 1516 1542 1534 non
1565 1508 1636 1533 enim
1661 1508 1768 1533 videtur
1792 1509 1894 1533 moveri
1911 1508 1983 1541 quod
2005 1509 2111 1534 tardius
2130 1512 2259 1534 movetur.
2273 1523 2294 1529 -
2311 1517 2363 1534 non
2382 1509 2453 1535 em'm

1387 1544 1494 1569 videtur
1511 1544 1584 1577 quod
1602 1544 1709 1569 tardius
1727 1547 1868 1569 moveatur
1886 1544 1905 1568 P
1925 1544 2011 1569 minus
2030 1545 2107 1570 clare.

2478 868 2488 877 '¹
2503 867 2621 889 concludit
2632 874 2655 889 Α.

2478 1324 2487 1334 ⁸
2504 1323 2592 1345 habeat
2603 1330 2626 1345 Α.

2478 1351 2499 1361 ’·
2514 1352 2570 1372 sunt
2580 1350 2651 1372 codd.
