2782 4134
39 381 48 390 '
63 379 145 401 ’nodus
165 384 213 400 om.

33 406 102 428 raab.

14 1503 15 1506 ’
34 1490 249 1547 mma&

6 1631 16 1639 .
37 1595 125 1652 :qg'gss
138 1601 178 1624 π,
198 1601 222 1618 n.
237 1602 250 1624 7

35 1652 101 1673 m.

137 1622 183 1646 Th.
197 1623 250 1645 leet.

8 1806 249 1836 ⁷⁸Q.n,n.lo.

36 2016 50 2030 ⁸
62 2015 88 2039 S.
97 2015 143 2039 Th.
157 2015 209 2038 leet.
219 2021 250 2042 ιι;

37 2041 250 2071 Did-lib.V11,enp.

37 2075 181 2098 mir-rm.

11 2126 180 2157 ‘water-*m
197 2132 252 2155 aas.

37 2819 42 2827 ‘
66 2815 91 2840 S.
98 2815 145 2838 Th.
154 2816 208 2838 lect.
217 2821 253 2842 ιιις

37 2842 254 2898 fissum-

67 2922 138 2944 vele.

1110 290 1222 327 CAP.
1252 290 1320 338 III,
1349 290 1500 326 LECT.
1530 289 1618 326 VIII

274 368 375 415 citer,
396 367 458 404 hic
486 374 613 404 autem
633 366 774 404 modus
792 366 812 388 *
831 367 1014 415 accipitur
1037 370 1250 406 secundum
1271 369 1339 407 dif-

273 420 470 458 ferentiam
499 419 593 456 entis
620 418 775 468 perfecti
804 426 841 456 et
867 419 1088 468 imperfecti.

326 472 508 510 Secundo
536 479 686 521 oportet
709 471 948 509 considerare
978 474 1176 521 quomodo
1205 475 1266 511 hic
1287 475 1339 512 di-

274 534 380 564 catur
398 525 503 575 quod
530 533 630 563 terra
650 532 686 562 et
712 524 807 572 ignis
827 524 1002 562 differant
1029 526 1087 563 his
1108 527 1338 574 differentiis,

275 580 414 617 scilicet
440 579 574 627 frigido
604 586 641 615 et
660 577 794 615 calido.
821 578 983 626 Oportet
1003 579 1104 615 enim
1131 580 1207 616 hoc
1234 580 1339 617 intel-

253 633 336 681 ‘ligi
373 633 422 670 de
449 631 668 673 differentiis
705 630 1029 668 substantialibus:
1059 632 1227 680 alioquin
1262 645 1341 669 non

273 686 507 736 pertinerent
544 685 593 722 ad
635 684 920 733 generationem
959 691 996 720 et
1030 685 1339 733 corruptionem,

275 739 343 776 sed
371 738 492 787 magis
520 738 570 775 ad
597 738 871 780 alterationem.
898 737 1088 786 Principia
1116 745 1244 774 autern
1274 738 1340 776 dif-

274 791 519 829 ferentiarum
533 790 846 837 substantialium,
859 802 958 839 quae
973 798 1060 828 sunt
1079 791 1340 828 constitutivae

275 845 502 894 specierum,
520 851 671 894 oportet
689 856 773 882 esse
792 844 934 881 formas
950 843 1225 891 substantiales,
1242 857 1340 893 quae

275 906 364 936 sunt
378 898 591 947 specificae.
610 898 833 935 Secundum
851 898 927 934 hoc
947 909 1036 945 ergo
1054 898 1222 947 sequitur
1235 898 1341 946 quod

276 952 380 989 calor
407 958 444 988 et
470 951 585 999 frigus
614 951 688 988 sint
714 951 862 988 formae
890 950 1154 988 substantiales
1182 951 1278 999 ignis
1307 958 1342 988 et

274 1012 407 1042 terrae.
429 1004 546 1052 Quod
566 1011 622 1041 est
649 1004 809 1042 omnino
829 1004 1076 1054 impossibile.
1101 1004 1232 1041 Primo
1261 1004 1341 1053 qui-

276 1058 367 1096 dem
387 1057 475 1107 quia
503 1070 583 1095 non
602 1065 658 1095 est
683 1057 864 1106 possibile
884 1057 991 1106 quod
1008 1058 1112 1095 idem
1130 1057 1170 1094 in
1187 1070 1267 1094 uno
1296 1058 1343 1094 sit

276 1111 453 1153 accidens
474 1118 510 1148 et
537 1110 575 1148 in
595 1111 668 1148 alio
689 1111 812 1148 forma
830 1111 1094 1158 substantialis,
1115 1110 1187 1148 nisi
1214 1111 1342 1160 aequi-

273 1176 372 1202 voce
394 1164 599 1202 diceretur:
624 1164 788 1202 calidum
808 1172 936 1202 autem
956 1172 992 1202 et
1011 1164 1187 1212 frigidum
1205 1164 1244 1201 in
1264 1164 1343 1201 aliis

277 1217 503 1267 corporibus
527 1216 615 1255 sunt
633 1217 855 1265 accidentia,
877 1218 924 1255 de
953 1218 1093 1267 quibus
1113 1225 1243 1254 tamen
1261 1218 1344 1254 uni-

237 1272 240 1273 ’
270 1272 373 1308 ‘voce
401 1271 578 1308 dicuntur
607 1283 695 1308 curn
725 1271 938 1319 elementis,
968 1283 1014 1308 ex
1042 1282 1208 1320 quorum
1239 1283 1344 1308 com-

241 1351 248 1358 .
275 1323 459 1361 mixtione
473 1324 494 1346 '¹‘
508 1324 547 1361 in
563 1324 615 1361 eis
630 1324 852 1362 huiusmodi
867 1324 1063 1373 qualitates
1082 1324 1339 1362 inveniuntur.

276 1377 368 1414 Non
388 1389 478 1425 ergo
497 1385 623 1426 potest
642 1390 725 1414 esse
745 1378 851 1427 quod
870 1378 1035 1415 calidum
1056 1385 1092 1414 et
1110 1377 1286 1425 frigidum
1306 1378 1345 1414 in

277 1430 475 1467 elementis
495 1430 568 1467 sint
586 1431 733 1468 formae
754 1431 1028 1468 substantiales.
1051 1431 1231 1468 Secundo
1256 1430 1346 1479 quia

277 1484 380 1521 nulla
397 1483 524 1521 forma
542 1483 795 1521 substantialis
823 1491 879 1521 est
895 1496 966 1534 per
984 1496 1024 1521 se
1043 1484 1064 1507 *
1083 1496 1197 1521 sensu
1215 1496 1345 1533 perce-

276 1536 427 1586 ptibilis,
452 1537 520 1574 sed
548 1537 673 1574 solum
700 1537 902 1584 intellectu,
932 1537 1039 1574 cuius
1067 1537 1262 1574 obiectum
1291 1545 1347 1574 est

278 1591 380 1639 quod
405 1590 496 1639 quid
521 1596 590 1636 est,
619 1597 662 1627 ut
689 1590 825 1628 dicitur
851 1590 890 1628 in
919 1591 968 1627 III
989 1591 1036 1628 de
1051 1591 1194 1628 Anima
1213 1591 1345 1628 *τίοι-

278 1655 366 1680 mae
394 1650 522 1680 autem
541 1655 641 1692 quae
660 1650 748 1681 sunt
773 1656 844 1692 per
871 1656 912 1681 se
932 1656 1047 1681 sensu
1065 1644 1345 1694 perceptibiles,

278 1703 365 1734 sunt
392 1696 588 1745 qualitates
625 1696 755 1733 tertiae
784 1697 924 1746 speciei
944 1703 979 1744 ‘,
1014 1710 1113 1746 quae
1142 1698 1192 1734 ob
1222 1697 1260 1734 id
1293 1697 1345 1735 di-

278 1756 414 1787 cuntur
426 1749 632 1798 passibiles,
649 1750 740 1798 quia
759 1750 933 1788 sensibus
947 1750 1120 1798 ingerunt
1137 1751 1346 1799 passiones,

276 1810 319 1840 ut
338 1802 472 1840 dicitur
492 1802 531 1840 in
545 1803 865 1841 Praedicamentis
878 1803 909 1840 *.
932 1804 1033 1841 Cum
1054 1804 1165 1852 igitur
1180 1804 1345 1841 calidum

277 1855 372 1904 ignis
393 1863 430 1893 et
447 1856 624 1904 frigidum
654 1863 774 1893 terrae
793 1858 856 1894 vel
875 1869 998 1905 aquae
1028 1857 1100 1895 sint
1128 1870 1243 1894 sensu
1261 1869 1346 1906 per-

278 1909 477 1959 ceptibilia,
507 1922 587 1947 non
605 1917 767 1959 possunt
787 1922 869 1947 esse
894 1910 1041 1948 formae
1070 1910 1344 1948 substantiales.

331 1962 550 2000 Dicendum
579 1970 635 2000 est
654 1975 744 2012 ergo
764 1963 881 2012 quod,
902 1963 997 2001 sicut
1015 1964 1176 2001 habetur
1197 1975 1241 2000 ex
1259 1964 1346 2000 VIII

277 2017 495 2065 Metaphys.
516 2015 556 2064 ²⁸,
582 2016 816 2054 differentiae
845 2017 1119 2061 substantiales,
1151 2018 1238 2066 quia
1259 2025 1347 2054 sunt

277 2069 446 2118 ignotae,
470 2082 540 2118 per
568 2069 798 2107 differentias
827 2070 1077 2108 accidentales
1106 2071 1347 2108 manifestan-

278 2130 356 2160 tur:
386 2130 422 2160 et
449 2122 536 2160 ideo
566 2123 758 2160 multoties
786 2123 928 2161 utimur
954 2123 975 2146 ’¹‘
1003 2124 1222 2162 differentiis
1251 2123 1347 2160 acci-

280 2176 493 2213 dentalibus
534 2177 620 2213 loco
663 2176 977 2214 substantialium.
1021 2178 1071 2215 Et
1110 2178 1186 2214 hoc
1226 2177 1346 2214 modo

278 2229 536 2278 Philosophus
573 2229 635 2266 hic
667 2229 756 2266 dicit
788 2230 952 2268 calidum
986 2237 1022 2267 et
1054 2230 1231 2279 frigidum
1264 2242 1347 2267 esse

280 2282 511 2319 differentias
538 2289 554 2303 f
587 2282 682 2330 ignis
721 2290 757 2319 et
788 2290 922 2320 terrae.
958 2283 1134 2321 Calidum
1174 2284 1277 2321 enim
1313 2291 1348 2320 et

278 2335 468 2384 frigidum,
491 2348 580 2373 cum
599 2335 672 2373 sint
689 2336 867 2386 propriae
890 2337 1088 2386 passiones
1107 2338 1247 2374 horum
1266 2349 1349 2374 cor-

277 2401 431 2438 porum,
461 2396 549 2426 sunt
574 2386 719 2438 proprii
748 2390 906 2427 effectus
933 2390 1145 2428 formarum
1175 2391 1347 2428 substan-

278 2441 424 2479 tialium
463 2444 695 2480 eorundem:
735 2450 771 2480 et
806 2442 916 2491 ideo,
954 2443 1049 2480 sieut
1081 2444 1176 2481 aliae
1211 2455 1348 2481 causae

279 2487 525 2543 intelligibiles
550 2495 790 2534 innotescunt
808 2509 877 2545 per
895 2496 1051 2534 effectus
1071 2497 1277 2544 sensibiles,
1297 2496 1349 2534 ita

280 2556 317 2585 et
342 2549 574 2597 perfectione
603 2549 713 2586 calidi
737 2557 774 2586 et
800 2550 1087 2598 imperfectione
1114 2550 1236 2600 frigidi
1262 2562 1348 2600 per-

278 2601 484 2651 pendimus
513 2603 618 2651 quod
645 2603 770 2640 forma
789 2603 1040 2640 substantialis
1059 2603 1155 2652 ignis
1180 2611 1236 2642 est
1262 2615 1348 2653 per-

279 2655 412 2692 fecti0r
444 2668 561 2705 quam
595 2656 721 2693 forma
752 2656 1006 2694 substantialis
1038 2664 1170 2694 terrae.
1202 2657 1349 2694 Omnes

281 2708 383 2744 enim
426 2709 572 2746 formae
615 2709 878 2746 substantiales
920 2709 1099 2747 differunt
1135 2710 1348 2747 secundum

281 2761 401 2808 magis
429 2769 466 2798 et
494 2762 620 2799 minus
647 2763 876 2811 perfectum:
906 2763 1007 2800 unde
1041 2763 1080 2800 in
1107 2764 1194 2800 VIII
1223 2764 1348 2800 Meta-

274 2815 388 2862 phys.
408 2814 429 2836 '¹‘
449 2814 583 2852 dicitur
611 2815 715 2864 quod
744 2816 889 2864 species
909 2828 1036 2853 rerum
1057 2824 1144 2853 sunt
1167 2816 1262 2854 sicut
1280 2830 1349 2854 nu-

282 2867 389 2916 meri,
414 2880 580 2917 quorum
609 2869 755 2917 species
782 2868 976 2906 variantur
1003 2869 1214 2907 secundum
1243 2870 1348 2907 addi-

281 2920 426 2958 tionem
454 2929 491 2958 et
518 2921 539 2943 ’¹‘
567 2922 877 2959 subtractionem.

336 3114 362 3150 σ)
378 3115 519 3147 qualitates
533 3114 629 3140 tertiae
639 3115 744 3147 speciei.
756 3129 775 3134 -
789 3116 884 3141 tertiae
902 3123 955 3141 om.
974 3116 1057 3145 PCab,
1077 3116 1124 3141 sed
1139 3116 1195 3140 sine
1208 3124 1240 3141 eo
1254 3116 1349 3148 speciei

283 3150 346 3183 quid
359 3149 486 3182 significet
499 3158 552 3174 non
566 3150 657 3182 liquet.
665 3164 685 3169 —
696 3150 747 3175 Pro
756 3151 788 3175 ob
798 3151 835 3181 id,
850 3151 882 3176 ob
892 3151 941 3176 hoc
950 3152 1009 3176 A.-
1018 3151 1076 3176 Lin.
1089 3159 1145 3184 seq.
1155 3159 1203 3184 pro
1214 3152 1348 3184 ingerunt,

283 3186 403 3220 inserunt
420 3185 505 3210 PCab.
517 3199 536 3204 -
550 3185 600 3210 Pro
615 3185 670 3210 sint
687 3193 764 3211 sensu
779 3186 973 3219 perceptibilia,
993 3187 1029 3212 sit
1041 3194 1119 3212 sensu
1133 3187 1305 3219 perceptibile
1317 3187 1349 3211 A.

337 3220 363 3255 τ)
383 3220 557 3255 differentias.
574 3221 712 3254 —formas
736 3222 924 3247 substantiales
942 3222 1019 3247 PCab
1044 3223 1126 3254 male,
1146 3230 1206 3247 nam
1230 3222 1349 3246 Philoso-

283 3256 351 3289 phus
370 3264 423 3281 non
442 3256 503 3281 dixit
519 3256 578 3286 hoc,
598 3256 644 3281 sed
663 3256 812 3281 obiicientes
832 3257 925 3282 inferre
945 3263 1078 3283 conantur.

337 3290 363 3326 u)
383 3291 549 3326 differentiae
567 3292 654 3325 magis
672 3292 833 3325 significant.
846 3306 865 3311 -
881 3293 999 3326 definitio
1018 3293 1105 3326 magis
1123 3293 1258 3326 signifieat
1277 3292 1331 3317 Pab
1341 3299 1350 3321 ,-

283 3327 403 3360 definitio
421 3327 557 3360 significat
575 3327 662 3360 magis
681 3327 709 3356 C,
729 3327 776 3352 sed
795 3328 882 3361 magis
900 3329 1030 3361 expungit.

337 3362 366 3397 φ)
382 3369 435 3394 per
448 3362 497 3388 hoc
511 3369 563 3387 non
579 3362 702 3388 intendit.
713 3376 733 3381 -
746 3363 788 3388 hic
802 3370 854 3388 non
870 3363 984 3389 intendit
997 3363 1218 3396 A.-s1'gnificare
1230 3370 1284 3387 orn.
1299 3362 1351 3391 Ca,-

284 3398 305 3422 C
317 3398 496 3431 prosequitur:
512 3398 686 3423 intensionem
695 3398 859 3423 substantiae
871 3402 898 3424 et
912 3399 995 3431 ipsius
1009 3398 1197 3426 remissionem,
1207 3397 1255 3422 sed
1268 3397 1351 3421 maio-

284 3440 340 3458 rem
359 3436 386 3458 et
410 3433 539 3458 minorem
564 3438 613 3458 etc.
632 3434 676 3465 (et
694 3433 824 3459 minorem
849 3435 927 3459 etiam
952 3435 1022 3466 Pab)
1048 3441 1095 3466 pro
1115 3433 1352 3465 praedicamento.

279 3468 483 3500 praedicatione
501 3468 534 3493 Α.

337 3504 366 3538 χ)
385 3503 527 3528 secundum
547 3511 622 3536 quem
638 3505 754 3530 modum.
767 3519 786 3523 -
800 3505 908 3530 modum
921 3504 1064 3530 secundum
1078 3510 1153 3535 quem
1167 3503 1229 3530 Cab,
1244 3502 1351 3526 tertium

284 3540 392 3564 modum
411 3539 555 3564 secundum
570 3546 645 3572 quem
659 3540 688 3565 P.
699 3554 718 3560 -
730 3540 780 3564 Pro
799 3540 947 3573 assignant,
967 3539 1078 3572 signant
1091 3538 1133 3562 vel
1147 3537 1300 3570 significant
1314 3537 1350 3567 A;

284 3574 354 3599 idem
372 3582 425 3599 om.
440 3577 466 3599 et
483 3575 671 3607 corruptionis.

339 3608 367 3643 ψ)
394 3609 615 3643 differentiarum.
633 3624 652 3629 -
669 3610 880 3636 substantiarum
905 3610 1037 3634 dictarum
1061 3607 1102 3633 ed.
1121 3614 1146 3636 a,
1166 3607 1236 3639 quod
1256 3606 1276 3631 C
1295 3614 1351 3631 cor-

285 3644 344 3678 rigit
361 3645 387 3676 in
405 3645 628 3675 substantiarum,
648 3651 674 3671 et
691 3646 728 3670 Pb
747 3646 773 3670 in
791 3653 900 3670 suarum
920 3643 1141 3678 differentiarum.

2379 293 2454 339 293

1446 370 1575 406 Potest
1603 368 1718 406 etiam
1738 368 1900 406 dubitari
1929 369 1975 406 de
1995 370 2071 406 hoc
2098 371 2203 418 quod
2232 370 2330 418 dicit,
2350 372 2456 420 quod

1394 422 1500 459 cuius
1523 422 1755 460 differentiae
1781 422 1901 470 magis
1925 422 2137 470 significant
2159 429 2173 444 ⁰
2196 425 2271 460 hoc
2299 424 2454 473 aliquid,

1392 475 1511 523 magis
1527 483 1582 512 est
1597 475 1823 513 substantia:
1845 487 1933 512 cum
1949 483 2076 512 tamen
2093 475 2237 513 dicatur
2250 477 2289 514 in
2302 478 2456 515 Praedi-

1394 529 1572 565 camentis
1590 529 1610 551 '¹‘
1630 529 1733 577 quod
1763 528 1971 566 substantia
1990 541 2069 566 non
2090 530 2245 579 suscipit
2272 531 2392 578 magis
2421 538 2457 567 et

1393 581 1531 618 minus.
1561 602 1585 609 -
1615 582 1693 619 Sed
1723 582 1928 620 dicendum
1961 582 2067 631 quod
2094 594 2163 631 per
2190 583 2265 619 hoc
2297 595 2375 620 non
2402 583 2458 621 in-

1394 634 1511 670 tendit
1542 640 1557 663 ?
1589 635 1798 683 significare
1836 635 2090 672 intensionem
2123 643 2160 672 et
2193 636 2457 673 remissionem

1395 687 1624 724 substantiae
1667 688 1705 724 in
1743 688 2052 736 praedicamento
2095 689 2351 736 substantiae;
2390 690 2458 727 sed

1395 738 1582 776 maiorem
1600 741 1662 776 vel
1687 740 1878 778 minorem
1905 741 2177 790 perfectionem
2197 742 2236 779 in
2259 741 2458 791 speciebus

1395 792 1646 850 substantiae,
1683 794 1893 831 secundum
1932 794 2072 832 dictam
2109 795 2320 833 formarum
2352 795 2458 832 diffe-

1396 851 1566 881 rentiam.

1449 898 1486 934 6.
1503 897 1676 934 Tertium
1691 898 1852 935 modum
1866 900 1974 948 ponit
1988 901 2056 938 ibi:
2079 901 2231 939 Videtur
2245 907 2371 939 autem
2387 909 2455 938 etc.

1395 951 1445 986 Et
1473 950 1571 987 circa
1604 951 1679 987 hoc
1706 951 1775 988 tria
1810 952 1912 989 facit:
1941 954 2066 1002 primo
2102 955 2212 1003 ponit
2247 955 2459 992 seeundum

1396 1015 1513 1051 quem
1532 1003 1695 1040 modum
1722 1009 1740 1030 χ
1768 1004 1880 1052 aliqui
1908 1006 2097 1054 assignant
2125 1007 2377 1045 differentiam
2396 1019 2458 1056 ge-

1396 1056 1599 1093 nerationis
1629 1064 1665 1093 et
1693 1057 1943 1105 corruptionis
1971 1060 2149 1109 simplicis
2178 1068 2214 1098 et
2246 1062 2457 1098 seeundum

1397 1110 1504 1158 quid3
1521 1110 1690 1147 secundo
1711 1111 1874 1147 ostendit
1887 1111 1998 1148 huius
2013 1113 2303 1162 falsitatem‚ibi:
2323 1115 2458 1157 Quem-

1396 1163 1601 1200 admodum
1621 1163 1739 1213 igitur
1751 1162 1771 1184 ²⁸
1787 1171 1873 1209 etc.;
1893 1165 2000 1202 tertio
2031 1174 2226 1215 comparat
2244 1168 2346 1205 hunc
2374 1179 2457 1204 mo-

1398 1216 1492 1253 dum
1522 1216 1703 1263 secundo,
1724 1216 1795 1253 ibi:
1829 1217 2022 1267 Contingit
2046 1220 2170 1268 itaque
2195 1219 2215 1242 '¹‘
2244 1228 2313 1258 etc.

1451 1269 1552 1306 Dicit
1589 1281 1678 1317 ergo
1715 1269 1840 1318 primo
1869 1271 1975 1318 quod
2011 1273 2136 1309 multis
2168 1273 2318 1310 videtur
2354 1272 2459 1323 quod

1398 1322 1615 1372 simpliciter
1642 1322 1834 1370 generatio
1856 1330 1892 1359 et
1910 1325 2120 1362 secundum
2139 1326 2229 1375 quid
2251 1326 2372 1375 magis
2392 1326 2459 1363 dif-

1397 1376 1521 1413 ferunt
1547 1388 1617 1425 per
1644 1376 1719 1413 hoc
1747 1376 1852 1424 quod
1881 1384 1935 1413 est
1955 1378 2074 1425 magis
2100 1380 2162 1416 vel
2191 1380 2316 1416 minus
2345 1379 2460 1416 sensi-

1398 1429 1491 1477 bile,
1522 1441 1637 1478 quam
1674 1430 1886 1466 secundum
1914 1431 2186 1478 perfectionem
2224 1440 2260 1469 et
2287 1433 2460 1482 imperfe-

1400 1482 1566 1520 ctionem
1586 1481 1883 1519 differentiarum
1911 1481 1944 1530 Ψ,
1966 1482 2060 1521 sicut
2086 1484 2125 1521 in
2145 1485 2312 1522 secundo
2341 1486 2460 1523 modo

1401 1536 1607 1584 dicebatur.
1624 1534 1765 1573 Dicunt
1779 1535 1881 1572 enim
1897 1536 2002 1584 quod
2021 1538 2176 1586 quando
2194 1538 2335 1586 aliquid
2344 1546 2462 1576 trans-

1400 1597 1567 1627 mutatur
1594 1589 1633 1626 in
1661 1588 1859 1626 materiam
1898 1601 1995 1638 quae
2023 1591 2121 1627 bene
2158 1599 2283 1640 potest
2322 1592 2461 1641 sentiri,

1398 1651 1488 1680 tunc
1516 1650 1718 1691 generatur
1751 1641 1893 1691 aliquid
1921 1641 2158 1692 simpliciter,
2186 1652 2278 1693 puta
2307 1645 2461 1693 quando

1401 1696 1542 1745 aliquid
1582 1703 1854 1732 transmutatur
1890 1695 1928 1732 in
1955 1703 2093 1733 terram
2126 1698 2187 1734 vel
2229 1697 2267 1734 in
2296 1710 2460 1746 aquam:

1400 1749 1555 1799 quando
1594 1757 1722 1786 autem
1757 1756 2027 1786 transmutatur
2055 1749 2194 1799 aliquid
2222 1750 2261 1787 in
2293 1751 2330 1788 id
2358 1752 2462 1800 quod

1400 1815 1479 1840 non
1499 1810 1555 1840 est
1573 1802 1819 1839 manifestum
1839 1802 1977 1850 sensui,
2000 1803 2128 1839 dicunt
2156 1803 2246 1841 illud
2271 1805 2462 1853 corrumpi

1401 1856 1620 1905 simpliciter
1637 1855 1669 1903 ²⁸,
1689 1863 1781 1904 puta
1804 1855 1842 1891 in
1871 1867 2010 1892 aerem.
2037 1857 2085 1892 Et
2111 1857 2250 1893 horum
2278 1857 2463 1894 rationem

1401 1909 1542 1947 inducit
1561 1915 1579 1930 ‘¹'
1598 1921 1667 1958 per
1687 1909 1773 1956 hoc,
1790 1908 1896 1957 quod
1916 1909 2218 1947 determinabant
2237 1910 2376 1959 aliquid
2397 1924 2464 1948 ens
2507 1909 2513 1915 ⁴

1403 1971 1438 2000 et
1458 1975 1536 2000 non
1556 1975 1635 2010 ens,
1657 1974 1702 1998 ex
1721 1962 1796 1998 hoc
1815 1961 1920 2011 quod
1943 1962 2099 1999 sentitur
2116 1963 2178 2000 vel
2202 1976 2280 2000 non
2299 1964 2464 2013 sentitur,

1402 2016 1657 2053 existimantes
1682 2015 1719 2052 id
1738 2015 1863 2051 solum
1893 2015 1999 2063 quod
2023 2015 2179 2052 sentitur
2207 2029 2289 2053 esse
2318 2029 2396 2054 ens.
2418 2018 2466 2054 Et

1401 2070 1477 2106 hoc
1495 2069 1596 2115 ideo,
1614 2068 1706 2118 quia
1734 2068 1838 2117 apud
1857 2080 1923 2105 eos
1943 2081 2022 2105 non
2042 2068 2166 2106 differt
2184 2082 2315 2106 sensus
2344 2071 2391 2107 ab
2411 2070 2466 2106 in-

1400 2124 1551 2160 tellectu
1570 2128 1617 2169 “⁶2,
1643 2122 1738 2158 sicut
1766 2121 1922 2170 quidam
1949 2130 2171 2170 posuerunt,
2199 2130 2241 2159 ut
2268 2123 2401 2160 dicitur
2428 2123 2467 2161 in

1402 2176 1498 2213 libro
1522 2176 1567 2212 de
1593 2176 1735 2212 Anima
1762 2174 1800 2211 *ε
1832 2182 1868 2212 et
1895 2175 1983 2212 ideo
2021 2182 2176 2212 utuntur
2212 2188 2325 2213 sensu
2353 2189 2397 2213 ac
2434 2177 2464 2213 si

1402 2230 1560 2267 haberet
1592 2229 1770 2269 virtutem
1797 2227 2046 2265 intellectivae
2075 2228 2262 2276 scientiae,
2284 2242 2381 2278 quae
2411 2237 2467 2267 est

1404 2295 1522 2332 capax
1555 2282 1765 2331 aliqualiter
1802 2281 1976 2318 omnium
2014 2281 2173 2318 entium:
2202 2282 2303 2320 unde
2337 2283 2465 2320 scibile

1403 2344 1459 2374 est
1487 2348 1565 2383 ens,
1587 2335 1758 2383 ignotum
1787 2342 1914 2372 autem
1943 2347 2021 2371 non
2050 2347 2127 2371 ens.

1457 2402 1493 2438 7.
1510 2389 1658 2426 Deinde
1675 2401 1764 2425 curn
1780 2388 1884 2426 dicit:
1911 2389 2232 2430 Quemadmodum
2253 2389 2368 2438 igitur
2383 2396 2465 2436 ete.,

1402 2442 1566 2480 ostendit
1593 2442 1792 2479 falsitatem
1820 2441 1931 2479 huius
1953 2442 2169 2479 sententiae.
2191 2442 2240 2478 Et
2259 2442 2346 2478 dicit
2364 2443 2468 2491 quod

1401 2497 1495 2534 tales
1513 2494 1559 2544 0⁶¹³,
1581 2496 1676 2532 sicut
1690 2495 1958 2532 *existimabant
1982 2495 2157 2532 animalia
2176 2494 2305 2532 vivere
2330 2502 2366 2532 et
2385 2508 2468 2532 esse

1401 2549 1442 2587 in
1473 2550 1549 2587 hoc
1581 2549 1686 2598 quod
1713 2556 1802 2586 actu
1832 2548 1996 2585 sentiunt
2027 2549 2088 2585 vel
2119 2556 2279 2597 possunt
2311 2548 2467 2594 sentire,

1402 2603 1453 2640 ita
1477 2602 1742 2640 existimabant
1771 2614 1830 2639 res
1850 2614 1931 2639 esse
1955 2601 1994 2638 in
2012 2602 2087 2638 hoc
2123 2601 2229 2650 quod
2261 2601 2470 2638 sentiuntur

1402 2656 1466 2694 vel
1492 2663 1654 2706 possunt
1690 2655 1832 2702 sentirI;
1868 2667 1913 2692 ac
1944 2655 1974 2692 si
1999 2667 2131 2691 sensus
2156 2662 2253 2691 esset
2288 2654 2467 2703 perfectio

1403 2709 1458 2747 rei
1485 2709 1683 2756 sensibilis,
1704 2708 1800 2745 sicut
1828 2715 1884 2745 est
1909 2708 2090 2757 perfectio
2125 2707 2325 2744 sentientis.
2356 2709 2404 2744 Et
2430 2708 2468 2744 In

1396 2764 1479 2800 hoc
1498 2762 1789 2812 quodammodo
1809 2761 2139 2810 prosequebantur
2163 2768 2199 2797 et
2227 2761 2468 2798 destruebant

1403 2816 1602 2853 veritatem
1631 2827 1772 2852 rerum.
1806 2815 1909 2851 Nam
1947 2826 2032 2850 cum
2059 2826 2196 2851 verum
2234 2814 2377 2851 dicatur
2404 2813 2467 2849 ali-

1404 2869 1496 2918 quid
1526 2881 1571 2906 ex
1601 2881 1646 2905 eo
1675 2868 1781 2916 quod
1811 2875 1884 2913 est,
1914 2867 1944 2903 si
1974 2879 2054 2903 esse
2088 2879 2215 2903 rerum
2249 2866 2468 2902 consisteret

1405 2923 1530 2959 solum
1560 2922 1598 2959 in
1627 2921 1755 2958 sentiri
1783 2926 1824 2967 ⁷⁷,
1852 2921 1952 2956 nulla
1979 2919 2116 2956 veritas
2146 2926 2243 2955 esset
2258 2931 2308 2990 ,¹3
2341 2918 2464 2966 rebus,

1456 3114 1487 3149 ω)
1508 3115 1639 3140 rationem
1659 3113 1770 3138 inducit.
1782 3126 1800 3132 —-
1818 3112 1888 3136 ratio
1907 3114 1947 3136 est
1964 3110 2049 3135 PCab.
2062 3124 2082 3128 —
2096 3110 2146 3134 Pro
2161 3109 2275 3134 sentitur
2289 3110 2330 3134 vel
2343 3117 2395 3134 non
2408 3117 2467 3135 sen—

1403 3151 1478 3180 titur,
1493 3158 1544 3175 non
1564 3150 1679 3175 sentitur
1691 3149 1733 3173 vel
1749 3147 1871 3175 sentitur,
1887 3151 1912 3170 et
1926 3153 1973 3178 pro
1988 3145 2016 3170 id
2029 3146 2113 3170 solum
2133 3144 2204 3176 quod
2221 3145 2343 3174 sentitur,
2357 3145 2386 3169 id
2395 3145 2467 3177 quod

1403 3187 1487 3211 solum
1507 3186 1621 3210 sentitur
1640 3184 1703 3208 Pab.

1458 3221 1502 3253 etz)
1523 3220 1614 3254 differt
1632 3225 1722 3244 sensus
1746 3218 1779 3242 ab
1805 3217 1945 3241 intellectu.
1963 3230 1981 3234 -
2000 3215 2126 3249 differunt
2145 3214 2250 3248 (differt
2269 3214 2304 3247 C)
2323 3222 2414 3241 sensus
2432 3216 2466 3240 ab

1404 3256 1579 3288 intelligentia
1599 3253 1746 3289 PCab.-In
1765 3252 1815 3277 fine
1834 3259 1905 3275 num.
1920 3258 1937 3275 a
1956 3251 2029 3283 legit:
2050 3250 2119 3275 unde
2137 3250 2256 3275 sensibile
2274 3257 2319 3275 ens
2337 3254 2376 3275 est
2390 3251 2466 3284 igno-

1403 3295 1459 3316 tum
1478 3294 1567 3315 autem
1587 3293 1626 3314 est
1644 3296 1695 3313 non
1711 3295 1756 3312 ens
1761 3295 1771 3316 ;
1790 3288 1823 3312 C:
1844 3286 1913 3311 unde
1931 3286 2050 3311 sensibile
2067 3292 2113 3310 ens
2131 3285 2229 3310 scilicet
2243 3288 2282 3310 est
2300 3288 2327 3310 et
2345 3286 2466 3319 ignotum

1404 3330 1444 3352 est
1463 3333 1514 3350 non
1534 3332 1588 3349 ens.

1459 3360 1501 3395 ββ)
1522 3360 1558 3384 Et
1576 3359 1641 3384 dicit
1659 3358 1730 3391 quod
1749 3358 1822 3382 tales.
1836 3371 1856 3376 —
1869 3357 1990 3388 Namque
2004 3356 2070 3380 tales
2084 3357 2112 3385 P,
2128 3355 2188 3388 quia
2201 3355 2258 3380 edd.
2271 3355 2310 3380 ab
2329 3363 2382 3380 om.
2392 3356 2467 3393 ¹dicit

1406 3396 1485 3429 quod.
1509 3409 1528 3414 -
1552 3395 1573 3418 A
1600 3394 1694 3426 pergit:
1719 3393 1757 3417 sic
1781 3392 1939 3417 existimant
1966 3391 2094 3416 animalia
2112 3391 2208 3418 :vivere
2232 3394 2259 3415 et
2282 3398 2337 3416 esse
2365 3391 2391 3416 in
2418 3391 2467 3416 hoc

1405 3431 1476 3464 quod
1503 3433 1564 3454 actu
1589 3429 1740 3453 sentiuntur
1765 3428 1806 3452 vel
1827 3430 1942 3459 possunt
1968 3426 2075 3456 sentiri,
2100 3434 2132 3451 ac
2155 3426 2180 3451 si
2202 3433 2295 3451 sensus
2319 3426 2355 3451 sit
2374 3427 2466 3460 perse-

1405 3467 1458 3491 ctio
1477 3470 1524 3490 etc.
1545 3464 1617 3494 Quae
1635 3464 1795 3493 omittuntur,
1815 3470 1908 3494 nempe
1926 3462 2044 3486 sentiunt
2062 3462 2128 3486 vel...
2147 3461 2173 3486 in
2188 3461 2236 3486 hoc
2254 3462 2333 3494 quod,
2352 3462 2465 3494 speciem

1405 3500 1574 3525 homoteleuti
1592 3506 1654 3531 prae
1673 3506 1701 3523 se
1720 3498 1811 3522 ferunt.
1823 3511 1842 3516 —
1860 3498 1911 3522 Pro
1929 3504 2020 3522 sensus
2039 3500 2113 3526 esset,
2127 3500 2191 3529 post
2206 3500 2273 3521 esset
2285 3497 2326 3521 ed.
2340 3502 2369 3527 a,
2385 3504 2465 3529 posse

1405 3539 1472 3561 esset
1491 3535 1520 3559 C.

1457 3569 1500 3604 γγ)
1522 3570 1547 3594 in
1567 3568 1668 3594 sentiri.
1682 3582 1701 3587 -
1714 3569 1740 3593 in
1760 3568 1923 3592 sensibilibus
1942 3567 1988 3595 Ca,
2004 3567 2029 3591 in
2044 3567 2162 3592 sensibus
2175 3566 2221 3591 Pb.
2233 3581 2251 3586 —
2263 3567 2465 3592 Homoteleuton

1404 3605 1484 3630 sed...
1500 3605 1525 3629 in
1546 3604 1623 3629 rebus
1641 3611 1693 3628 orn.
1707 3604 1760 3633 Ca;
1779 3611 1826 3636 pro
1845 3603 1916 3635 quod
1934 3602 2008 3627 nulla
2027 3602 2126 3627 veritas
2144 3602 2179 3627 sit
2197 3602 2223 3626 in
2243 3602 2328 3631 rebus,
2347 3602 2409 3635 quia
2427 3602 2466 3627 sic

1406 3641 1478 3665 nulla
1497 3639 1595 3665 veritas
1613 3642 1680 3664 esset
1699 3639 1724 3664 in
1745 3639 1822 3664 rebus
1836 3638 1880 3668 Pb,
1900 3638 1947 3662 sed
1964 3638 2033 3662 idem
2052 3637 2163 3670 probant
2180 3645 2227 3670 per
2245 3638 2322 3662 idem.

2485 543 2494 552 ·
2510 542 2566 570 Cap.
2575 548 2607 569 ιιι,
2616 548 2683 564 n.20.

2485 1180 2496 1191 ³
2510 1179 2581 1201 Num.
2595 1185 2645 1207 seq.

2485 1232 2497 1243 ⁸
2510 1231 2582 1254 Num.
2596 1232 2619 1254 8.

2490 1867 2500 1878 “
2509 1867 2644 1895 simpliciter
2652 1873 2700 1889 om.

2491 2187 2501 2196 ‘
2511 2185 2606 2213 Lib.111‚
2613 2191 2663 2214 cap.
2670 2191 2703 2212 ιιι,

2491 2218 2539 2261 θέαι
2554 2218 2602 2260 {qq
2617 2212 2641 2234 S.
2656 2212 2703 2234 Th.
