2782 4134
0 470 13 522 ζ*
25 484 164 513 exploravit
177 490 201 507 Α.

0 2374 11 2542 .”ν--ι-<-,
0 2315 3 2330 Α*

37 2359 44 2366 0

0 2626 10 2790 -vx-wv-r—

1102 235 1215 273 cAP.
1246 237 1316 284 111,
1347 237 1500 274 LECT.
1529 237 1600 274 vn

323 334 348 342 ·-
366 313 585 352 Dicendum
623 322 681 352 est
708 322 837 352 autem
875 314 983 364 quod
1011 315 1234 353 Aristoteles
1262 316 1324 353 hic

243 367 412 416 loquitur
424 373 436 389 ‘
457 368 504 405 de
523 376 730 418 augmento
749 381 822 418 pro
841 368 1012 418 quolibet
1031 377 1141 407 motu
1161 382 1238 418 quo
1259 370 1323 407 ali-

243 421 336 470 quid
363 422 518 471 proficit
545 422 585 460 in
619 422 808 460 maiorem
842 422 1103 471 quantitatem.
1135 424 1322 461 Nondum

244 474 348 512 enim
375 476 543 525 perfecte
573 476 862 526 explicaverat*
878 484 1052 514 naturam
1081 485 1211 514 motus
1231 490 1320 526 aug-

243 528 380 566 menti:
411 537 467 567 est
486 537 615 567 autem
642 542 736 566 suae
756 530 1043 568 consuetudinis
1071 538 1114 568 ut
1132 539 1220 568 ante
1240 544 1321 568 ma-

243 582 527 621 nifestationem
557 582 747 631 veritatis,
776 591 903 620 utatur
936 584 1182 634 opinionibus
1215 597 1321 622 com-

244 637 438 674 munibus.
460 637 546 674 Nec
563 636 723 686 impedit
746 637 927 674 virtutem
952 637 1191 687 probationis
1217 638 1318 686 eius,

244 690 352 740 quod
383 702 500 739 supra
529 691 549 713 *
578 690 737 728 exclusit
768 690 783 717 ζ
815 699 1067 739 augmentum
1101 703 1124 728 a
1157 704 1320 741 corpore

245 743 398 782 caelesti
429 755 501 793 per
527 744 789 782 exclusionem
827 745 1032 782 additionis
1071 745 1243 794 corporis
1280 746 1319 783 in

243 797 372 847 ipsum
401 797 509 846 quod
527 805 686 846 augetur
709 799 969 836 transmutati:
989 799 1080 848 quia
1099 798 1196 836 sicut
1215 800 1319 848 quod

242 858 403 900 augetur
419 863 491 900 per
509 851 759 899 additionem,
790 865 870 889 non
900 861 958 890 est
975 853 1136 890 omnino
1157 853 1319 890 liberum

241 916 265 942 a
283 904 530 953 generatione
558 913 596 942 et
624 906 880 956 corruptione,
910 906 961 944 ita
982 907 1095 974 etiam
1118 906 1224 956 quod
1253 919 1319 944 au-

240 965 349 1006 getur
375 970 446 1008 per
474 959 778 998 rarefactionem.

295 1011 365 1049 Est
392 1019 522 1050 autem
553 1013 878 1051 considerandum
915 1014 1027 1063 quod
1062 1013 1254 1062 signanter
1281 1014 1319 1051 in

239 1064 314 1102 hac
342 1065 488 1103 ratione
516 1067 754 1105 mentionem
785 1067 872 1104 facit
901 1067 947 1105 de
978 1068 1205 1118 corporibus
1218 1068 1319 1117 phy-

238 1118 344 1156 sicis:
364 1119 454 1168 quia
473 1119 512 1157 in
533 1121 758 1171 corporibus
784 1121 1062 1159 mathematicis
1090 1129 1216 1171 potest
1236 1134 1318 1158 esse

239 1180 493 1233 augmentum
513 1174 593 1211 sine
609 1175 846 1223 alteratione,
866 1183 960 1224 puta
980 1188 1069 1213 cum
1090 1175 1319 1224 quadratum

240 1226 361 1264 crevit
379 1228 556 1277 apposito
586 1241 793 1283 gnomone,
819 1229 888 1266 sed
916 1241 996 1266 non
1021 1237 1077 1266 est
1105 1229 1318 1275 alteratum,

238 1286 282 1317 ut
309 1279 471 1318 dicitur
463 1294 502 1318 ιιι
520 1276 844 1320 Raedicamentis
864 1284 902 1328 *3
933 1290 970 1319 et
989 1295 1010 1320 e
1031 1294 1221 1319 converso
1246 1294 1319 1342 po-

238 1339 312 1371 test
330 1334 475 1384 aliquid
503 1336 652 1373 alterari
671 1336 752 1373 sine
780 1336 857 1373 hoc
875 1336 982 1385 quod
1005 1343 1200 1384 augeatur,
1225 1335 1321 1372 sicut

241 1399 332 1424 cum
360 1388 404 1426 fit
431 1388 640 1438 triangulus
663 1389 833 1439 aequalis
861 1389 1062 1442 quadrato.

299 1441 332 1479 5.
353 1441 505 1480 Deinde
529 1455 618 1480 cum
642 1442 751 1481 dicit:
787 1443 942 1480 Videtur
969 1448 1096 1480 autem
1126 1450 1320 1490 etc.,1na-

241 1493 392 1532 nifestat
417 1495 659 1545 propositum
687 1509 758 1546 per
786 1496 894 1545 signa
911 1502 926 1520 '’
945 1497 976 1534 *.
1012 1497 1062 1534 Et
1095 1496 1185 1533 dicit
1213 1496 1320 1545 quod

240 1547 337 1586 ratio
366 1555 404 1586 et
431 1561 477 1586 ea
513 1561 614 1599 quae
648 1557 836 1610 apparent
866 1550 1115 1600 probabiliter
1141 1549 1321 1587 videntur

239 1599 280 1639 in
308 1602 468 1640 materia
495 1602 566 1640 ista
594 1602 666 1640 sibi
694 1603 863 1641 invicem
896 1604 1100 1642 testificari.
1136 1604 1186 1641 Et
1213 1603 1321 1663 ponit

176 1648 180 1652 ‘
238 1653 312 1693 tria
330 1655 448 1704 signa.
470 1655 651 1704 Quorum
678 1657 849 1706 primum
869 1666 926 1695 est
955 1670 1001 1695 ex
1030 1657 1230 1694 communi
1249 1658 1319 1694 ho·

240 1707 392 1747 minum
420 1709 626 1760 opinione,
657 1711 723 1760 qui
759 1719 910 1760 ponunt
942 1712 1084 1748 multos
1113 1712 1226 1758 deos,
1255 1712 1319 1748 vel

238 1773 363 1800 unum
378 1764 521 1811 Deum,
543 1763 604 1801 cui
624 1764 717 1802 alias
736 1765 966 1802 substantias
981 1773 1176 1814 separatas
1191 1765 1318 1803 deser—

238 1815 320 1854 vire
339 1816 361 1838 *
381 1816 529 1864 dicunt;
566 1825 603 1855 et
631 1830 768 1856 omnes
797 1818 850 1856 sic
879 1819 1080 1868 opinantes
1113 1819 1320 1857 attribuunt

239 1881 467 1920 supremum
495 1871 643 1918 locum,
673 1871 815 1909 scilicet
843 1873 1067 1919 caelestem,
1098 1873 1206 1920 Deo,
1237 1872 1319 1910 sive

238 1922 312 1962 sint
330 1923 490 1962 Barbari
509 1924 591 1963 sive
610 1926 631 1946 *
650 1925 806 1973 Graeci,
827 1926 1064 1976 quicumque
1089 1926 1231 1963 scilicet
1248 1939 1318 1976 pu-

237 1983 319 2015 tant
346 1989 430 2015 esse
459 1990 520 2016 res
549 1978 710 2016 divinas.
739 1979 802 2017 Sic
830 1988 960 2018 autem
999 1980 1207 2021 attribuunt
1236 1992 1320 2018 cae-

237 2031 319 2069 lum
349 2031 488 2070 divinis
515 2033 747 2080 substantiis,
768 2033 878 2082 quasi
907 2034 1131 2083 adaptantes
1159 2034 1319 2072 immor-

237 2085 354 2123 talem
381 2085 512 2123 locum
530 2084 544 2107 ⁰
563 2086 846 2124 immortalibus
875 2095 912 2124 et
940 2087 1078 2125 divinis
1107 2088 1248 2135 rebus;
1277 2094 1319 2126 ut

237 2137 293 2176 sic
320 2138 503 2176 habitatio
533 2139 606 2176 Dei
625 2139 666 2177 in
693 2141 799 2177 caelo
820 2140 1047 2189 intelligatur
1073 2149 1166 2179 esse
1183 2153 1318 2180 secun-

239 2191 333 2229 dum
361 2191 616 2230 similitudinis
645 2193 948 2243 adaptationem,
974 2193 1064 2244 quia
1083 2194 1226 2232 scilicet
1241 2195 1330 2234 hocv

238 2257 379 2295 corpus
416 2245 514 2284 inter
557 2254 683 2284 cetera
726 2259 889 2297 corpora
925 2247 1048 2296 magis
1086 2247 1232 2286 accedit
1267 2248 1319 2286 ad

237 2298 524 2338 similitudinem
554 2300 805 2350 spiritualium
834 2301 1130 2338 substantiarum
1157 2309 1194 2338 et
1222 2301 1318 2340 divi-

236 2363 388 2391 narum.
410 2353 479 2390 Est
498 2353 602 2391 enim
620 2353 858 2404 impossibile
887 2356 993 2404 quod
1014 2355 1120 2392 aliter
1139 2356 1225 2393 Deo
1249 2356 1317 2394 ha-

236 2405 368 2444 bitatio
398 2406 493 2444 caeli
522 2407 756 2455 attribuatur,
788 2408 895 2458 quasi
924 2408 1090 2457 indigeat
1117 2409 1204 2446 loco
1234 2421 1316 2446 cor-

234 2459 359 2510 porali
378 2472 401 2497 a
428 2473 508 2510 quo
529 2461 891 2510 comprehendatur.
915 2462 955 2499 Si
974 2462 1086 2510 igitur
1108 2462 1315 2512 ponendae

234 2512 310 2551 sint
337 2525 397 2551 res
417 2514 568 2552 divinae
587 2521 613 2563 ¹,
635 2514 756 2552 immo
777 2515 867 2565 quia
885 2528 957 2565 pro
979 2523 1082 2553 certo
1110 2516 1315 2565 ponendae

235 2575 335 2616 sunt,
355 2580 599 2617 consequens
618 2576 675 2606 est
693 2569 801 2618 quod
820 2570 919 2606 bene
939 2569 1013 2607 sint
1033 2569 1132 2607 dicta
1153 2582 1197 2607 ea
1217 2582 1315 2618 quae

235 2620 336 2659 dicta
364 2629 451 2659 sunt
480 2621 528 2659 de
555 2622 680 2672 prima
709 2623 919 2660 substantia
948 2623 1148 2673 corporali,
1176 2624 1317 2661 scilicet

236 2675 284 2712 de
314 2687 476 2724 corpore
506 2676 679 2724 caelesti,
711 2677 816 2726 quod
846 2676 986 2714 scilicet
1017 2685 1072 2715 est
1105 2677 1315 2726 ingenitum

234 2735 274 2766 et
299 2728 543 2778 impassibile.
559 2750 585 2758 -
606 2730 797 2777 Quamvis
835 2738 964 2768 autem
994 2730 1207 2768 existimant
1244 2732 1313 2768 ho-

288 2905 312 2939 ι)
332 2906 483 2932 Dicendum
508 2910 549 2933 est
572 2911 662 2934 autem
685 2908 758 2941 quod
774 2909 933 2934 Aristoteles
957 2909 1000 2934 hic
1017 2909 1179 2942 loquiturn-
1159 2909 1212 2934 -P
1234 2909 1309 2942 legit:

235 2941 388 2968 Dicendum
406 2946 447 2968 est
463 2946 554 2969 autem
573 2944 646 2977 quod
663 2944 821 2970 Aristoteles
839 2945 964 2970 attribuit
983 2947 1084 2970 motum
1103 2945 1245 2979 augmenti
1258 2952 1310 2970 non

232 2977 320 3002 solum
339 2978 501 3004 animalibus
519 2983 546 3004 et
559 2979 665 3012 plantis
683 2983 710 3005 et
723 2981 850 3012 partibus
874 2987 980 3010 eorum,
1000 2981 1048 3006 sed
1066 2981 1147 3006 etiam
1167 2981 1311 3006 elementis.

236 3012 387 3038 Dicendum
407 3016 447 3038 est
465 3018 555 3040 autem
574 3016 646 3048 quod
663 3016 822 3042 Aristoteles
843 3016 886 3042 hic
903 3017 1037 3049 loquatur,-
1056 3017 1102 3042 sed
1121 3016 1171 3042 hoc
1190 3017 1252 3041 nihil
1271 3022 1312 3041 est

235 3048 285 3073 nisi
304 3048 422 3080 repetitio
441 3048 612 3076 homoteleuti
630 3051 780 3077 attribuere
805 3055 907 3077 motum
932 3052 1008 3084 (vide
1028 3057 1087 3077 ante
1106 3058 1159 3077 tres
1179 3052 1312 3085 lineas)...

233 3083 400 3114 Aristoteles,
421 3091 481 3109 cum
500 3086 659 3111 correctione
676 3087 750 3112 verbi
768 3088 938 3113 attribuere·
932 3096 958 3112 m
971 3088 1112 3119 attribuit,
1131 3089 1178 3113 sed
1193 3088 1257 3113 haec
1270 3096 1312 3113 ca-

234 3119 338 3152 stigatio
356 3128 410 3145 non
434 3120 542 3153 impedit
566 3122 708 3154 quominus
733 3122 797 3148 haec
820 3123 916 3148 inutilis
939 3124 1060 3157 repetitio
1083 3124 1171 3149 turbet
1187 3124 1311 3149 orationis

234 3163 398 3188 processum.

288 3190 314 3224 ζ)
334 3191 491 3217 exclusit.—
504 3192 627 3217 excludit
641 3193 718 3218 codd.
734 3201 788 3219 exc.
797 3194 859 3219 A.—
871 3195 929 3219 Lin.
944 3202 1002 3228 seq.
1012 3195 1161 3220 additionis
1180 3203 1233 3220 om.
1248 3196 1280 3220 A.
1293 3209 1313 3214 -

233 3227 412 3253 transmutati
423 3235 477 3253 om.
486 3228 516 3258 P,
530 3229 591 3261 quia
605 3229 681 3253 codd.
694 3236 748 3253 exc.
760 3229 806 3254 AC
819 3230 884 3254 illud
897 3236 1068 3263 corrumpunt
1082 3231 1108 3255 in
1121 3223 1311 3256 transmutari.

286 3262 315 3295 η)
330 3270 384 3304 per
400 3263 522 3296 sigma-
501 3264 615 3289 -etiam
631 3271 684 3296 per
695 3264 776 3297 signa
789 3265 849 3290 P.-
861 3266 920 3291 Lin.
933 3274 991 3299 seq.
1007 3274 1055 3299 pro
1069 3266 1203 3297 videntur,
1220 3267 1311 3292 viden-

234 3301 281 3324 tur
298 3299 369 3324 enim
389 3299 538 3329 CDEFGH,
558 3300 665 3325 videtur
683 3300 753 3325 enim
771 3301 802 3330 B,
817 3301 944 3326 videntur
961 3308 1018 3327 esse
1034 3302 1070 3334 pl,
1090 3302 1216 3328 videntur
1228 3303 1310 3328 etiam

233 3341 291 3359 esse
309 3334 375 3360 s1.·-
385 3335 438 3360 sibi
455 3343 509 3360 om.
523 3336 543 3360 P
562 3340 588 3360 et
607 3336 682 3360 codd.
697 3343 751 3360 exc.
765 3336 798 3361 A.

288 3367 313 3403 Θ)
329 3370 508 3396 immortalem
522 3371 651 3396 locum.—-
665 3371 817 3396 immortale
829 3379 927 3404 corpus
942 3372 1026 3402 codd.
1041 3373 1113 3405 quod
1124 3373 1238 3398 eundem
1250 3381 1310 3398 sen-

234 3413 295 3430 sum
313 3405 392 3431 habet
406 3414 436 3431 ac
450 3407 525 3432 lectio
543 3407 630 3437 Piana,
643 3415 752 3439 nempe:
767 3407 918 3440 adaptantes
933 3390 1081 3433 immortale
1095 3416 1190 3440 corpus
1203 3409 1311 3434 immor-

231 3441 328 3466 talibus
347 3446 374 3466 et
392 3442 485 3467 divinis
499 3443 578 3468 rebus
593 3443 624 3468 ad
638 3443 847 3468 inhabitandum:
862 3452 876 3467 ι
888 3443 986 3476 antiqui
999 3443 1062 3478 ipsis
1076 3443 1124 3468 diis
1138 3444 1311 3470 attribuebant

235 3477 338 3502 caelum
362 3482 388 3502 et
405 3478 495 3503 locum
518 3478 563 3512 qui
587 3483 628 3503 est
645 3486 765 3508 sursum,
785 3484 909 3512 tanquam
929 3479 1030 3504 caelum
1050 3479 1083 3503 sit
1101 3479 1262 3510 immortale.
1281 3485 1312 3505 ut

233 3513 418 3538 convenienter
429 3514 514 3547 possit
526 3522 586 3540 esse
600 3515 674 3539 locus
688 3515 910 3539 immortalium.»
926 3515 983 3539 Lib.
999 3515 1028 3544 ΙΙ,
1043 3515 1102 3539 lect.
1116 3522 1134 3540 ι.
1142 3518 1197 3540 -et
1211 3515 1311 3541 divinis

233 3555 290 3573 om.
304 3548 381 3574 codd.
395 3556 449 3574 exc.
461 3550 494 3574 A.
512 3550 564 3575 Pro
581 3550 721 3580 habitatio,
741 3550 870 3575 habitudo
890 3550 931 3575 ed.
950 3549 1029 3581 1516,
1048 3550 1169 3575 habitato
1188 3551 1208 3575 P
1223 3558 1311 3576 errore

235 3587 339 3617 typogr.
357 3585 409 3609 Pro
422 3585 607 3611 similitudinis
625 3587 843 3619 adaptationem,
862 3586 1065 3611 similitudinem
1084 3586 1215 3618 adaptant
1231 3587 1261 3618 B,
1275 3586 1311 3612 si-

235 3619 414 3645 militudinem
432 3621 636 3654 adaptationem
661 3622 906 3655 (adaptationum)
925 3622 1092 3647 CDEFGHI:
1111 3621 1206 3646 horum
1226 3629 1311 3647 corre—

2404 255 2454 292 29

1379 304 1503 354 mines
1531 318 1674 367 templa
1703 330 1787 355 esse
1816 319 1946 356 locum
1965 320 1985 341 ²³³
2005 320 2088 368 Dei,
2110 321 2185 357 hoc
2213 328 2342 360 tamen
2370 336 2450 362 non
2481 333 2490 342 ·

1379 370 1594 408 existimant
1621 383 1667 408 ex
1695 379 1802 421 parte
1830 372 1948 421 ipsius
1977 373 2062 421 Dei,
2084 374 2153 412 sed
2182 387 2227 411 ex
2255 384 2361 424 parte
2390 389 2453 414 co·

1377 424 1536 461 lentium
1557 426 1696 472 Deum,
1718 438 1818 475 quos
1838 434 1988 475 oportet
2006 427 2045 464 in
2069 427 2196 476 aliquo
2217 429 2303 465 loco
2323 430 2451 468 Deum

1377 479 1514 515 colere.
1537 479 1648 516 Unde
1676 480 1818 528 templa
1847 480 2104 529 corruptibilia
2122 488 2210 518 sunt
2237 483 2451 531 proportio-

1376 531 1476 569 nalia
1508 532 1730 570 hominibus
1769 533 2101 582 corruptibilibus,
2141 535 2290 572 caelum
2323 545 2451 574 autem

1375 584 1652 634 incorruptioni
1682 586 1835 624 divinae
1854 593 1879 624 ².

1431 639 1466 675 6.
1489 639 1711 677 Secundum
1740 640 1890 688 signum
1911 640 2022 690 ponit
2050 640 2121 678 ibi:
2149 642 2298 679 Accidit
2323 649 2449 680 autem

1374 692 1447 728 hoc
1465 698 1502 728 et
1512 704 1586 740 per
1602 705 1753 730 sensum
1775 702 1843 731 etc.
1858 707 1866 731 :
1897 695 2001 754 quod
2021 694 2179 744 quidem
2200 695 2382 744 accipitur
2400 697 2449 734 ab

1375 745 1607 794 experientia
1626 747 1728 804 longi
1757 748 1952 807 temporis.
1984 749 2033 786 Et
2053 748 2142 786 dicit
2159 749 2267 798 quod
2285 749 2325 786 id
2344 750 2449 799 quod

1374 799 1582 848 probatum
1599 807 1655 836 est
1668 802 1737 848 per
1754 801 1941 840 rationem
1958 810 1993 839 et
2007 813 2077 862 per
2095 813 2347 840 communem
2367 803 2451 853 opi-

1374 852 1547 900 nionem,
1559 853 1704 900 accidit,
1720 854 1817 891 idest
1837 856 2092 905 consequitur,
2104 855 2347 904 sufficienter;
2369 869 2449 894 non

1374 905 1532 955 quidem
1551 906 1781 956 simpliciter,
1803 909 1870 946 sed
1894 909 1990 946 sicut
2009 917 2134 958 potest
2163 909 2236 947 dici
2254 922 2325 959 per
2345 923 2449 947 com-

1373 959 1640 1009 parationem
1659 961 1711 997 ad
1735 962 1944 999 humanam
1967 963 2111 1011 fidem,
2138 962 2234 1000 idest
2262 971 2449 1014 quantum

1374 1013 1551 1051 homines
1566 1021 1729 1063 possunt
1747 1015 1937 1052 testificari
1962 1016 2010 1053 de
2025 1016 2083 1053 his
2099 1028 2197 1065 quae
2216 1029 2338 1067 parvo
2354 1025 2449 1055 tem-

1373 1079 1469 1116 pore
1490 1075 1526 1104 et
1546 1080 1567 1105 a
1588 1067 1744 1105 remotis
1767 1068 1956 1106 viderunt.
1989 1065 2210 1107 Secundum
2239 1070 2342 1107 enirn
2368 1083 2449 1108 me-

1373 1120 1537 1157 moriam
1557 1134 1674 1170 quam
1704 1121 1775 1158 sibi
1800 1121 1965 1159 invicem
1985 1118 2220 1160 tradiderunt
2256 1124 2447 1173 astrologi,

1375 1173 1643 1222 dispositiones
1673 1182 1709 1211 et
1739 1183 1867 1213 motus
1897 1176 2114 1214 caelestium
2145 1189 2352 1226 corporum
2382 1179 2449 1215 ob-

1375 1236 1583 1275 servantes,
1599 1228 1638 1265 in
1662 1236 1743 1266 toto
1764 1229 1966 1278 praeterito
1995 1238 2170 1280 tempore
2200 1243 2279 1267 non
2297 1230 2449 1269 videtur

1375 1280 1518 1329 aliquid
1546 1289 1841 1320 transmutatum
1871 1290 2127 1333 essef‘neque
2156 1284 2369 1322 secundum
2391 1293 2448 1322 to-

1374 1342 1457 1371 tum
1479 1336 1640 1383 caelum,
1662 1348 1789 1386 neque
1817 1337 2030 1374 secundum
2060 1338 2228 1385 aliquam
2252 1338 2448 1387 propriam

1374 1395 1524 1436 partem
1554 1389 1646 1427 eius.
1678 1389 1796 1436 Quod
1825 1390 1982 1439 quidem
2003 1403 2082 1428 non
2111 1398 2210 1428 esset
2237 1391 2268 1428 si
2297 1393 2447 1429 caelum

1375 1443 1589 1490 generabile
1611 1451 1647 1480 et
1662 1443 1904 1492 corruptibile
1925 1452 2040 1481 esset:
2061 1457 2328 1494 quaecumque
2345 1445 2448 1482 enim

1375 1504 1604 1544 generantur
1624 1504 1660 1533 et
1680 1505 1988 1546 corrumpuntur,
2022 1498 2206 1547 paulatim
2236 1506 2272 1535 et
2300 1511 2448 1536 succes-

1376 1549 1456 1587 sive
1486 1551 1535 1587 ad
1563 1550 1776 1599 perfectum
1811 1558 1951 1588 statum
1980 1551 2229 1600 perveniunt,
2261 1559 2298 1588 et
2326 1564 2371 1589 ex
2401 1564 2447 1589 eo

1374 1603 1557 1653 paulatim
1589 1605 1608 1625 *
1638 1604 1845 1641 recedunt:
1885 1605 1989 1654 quod
2019 1604 2176 1654 quidem
2207 1617 2286 1642 non
2319 1613 2449 1654 posset

1375 1665 1480 1694 tanto
1509 1665 1683 1706 tempore
1712 1658 1827 1694 latere
1855 1657 1894 1695 in
1924 1659 2052 1706 caelo,
2082 1658 2112 1695 si
2141 1658 2359 1696 naturaliter
2386 1671 2447 1707 ge-

1375 1710 1563 1748 nerationi
1591 1718 1627 1748 et
1662 1711 1895 1760 corruptioni
1927 1711 2148 1750 subiaceret.
2165 1733 2189 1739 -
2206 1713 2290 1749 Nee
2318 1720 2448 1750 tamen

1374 1765 1450 1802 hoc
1479 1772 1535 1802 est
1554 1764 1826 1812 necessarium,
1848 1765 1916 1802 sed
1934 1765 2145 1814 probabile.
2168 1766 2322 1813 Quanto
2344 1766 2447 1804 enim

1375 1818 1518 1866 aliquid
1548 1826 1603 1855 est
1622 1818 1847 1866 diuturnius,
1868 1826 1973 1856 tanto
1995 1819 2118 1856 maius
2143 1827 2294 1868 tempus
2323 1820 2448 1870 requi-

1374 1872 1466 1909 ritur
1495 1871 1543 1909 ad
1572 1873 1647 1909 hoc
1676 1872 1782 1921 quod
1816 1872 1895 1910 eius
1931 1872 2090 1910 mutatio
2125 1873 2447 1922 deprehendatur3

1374 1925 1470 1963 sicut
1494 1926 1760 1963 transmutatio
1789 1926 1957 1963 hominis
1985 1939 2065 1963 non
2095 1926 2391 1976 deprehenditur
2410 1928 2449 1965 in

1374 1980 1527 2017 duobus
1554 1980 1617 2016 vel
1646 1979 1764 2016 tribus
1798 1980 1924 2027 annis,
1954 1979 1993 2017 in
2026 1980 2165 2030 quibus
2199 1981 2449 2030 deprehendi-

1373 2040 1435 2071 tur
1461 2033 1727 2073 transmutatio
1758 2033 1878 2081 canis,
1907 2035 1971 2071 vel
2000 2034 2157 2071 alicuius
2190 2034 2341 2072 alterius
2370 2034 2448 2072 ani-

1374 2086 1485 2125 malis
1523 2086 1742 2124 breviorem
1779 2087 1901 2124 vitam
1939 2088 2125 2126 habentis.
2165 2089 2301 2125 Posset
2337 2088 2448 2137 igitur

1373 2139 1510 2190 aliquis
1548 2140 1674 2178 dicere
1707 2141 1835 2190 quod,
1870 2141 1938 2178 etsi
1972 2142 2120 2179 caelum
2156 2141 2202 2178 sit
2234 2142 2449 2179 naturaliter

1373 2189 1616 2245 corruptibile
1633 2223 1643 2241 ,
1683 2203 1739 2231 est
1775 2202 1905 2231 tamen
1944 2202 2022 2232 tam
2062 2195 2303 2243 diuturnum,
2342 2196 2448 2245 quod

1373 2247 1498 2286 totum
1525 2255 1679 2296 tempus
1708 2247 1816 2285 cuius
1836 2248 2024 2285 memoria
2043 2256 2170 2298 potest
2193 2248 2338 2296 haberi,
2368 2261 2448 2286 non

1372 2299 1512 2339 sufficit
1547 2301 1596 2338 ad
1639 2301 2005 2351 deprehendendam
2044 2302 2064 2323 *
2104 2303 2184 2339 eius
2221 2310 2447 2340 transmuta-

1371 2354 1530 2394 tionem.

1426 2420 1462 2457 7.
1502 2408 1679 2446 Tertium
1717 2408 1868 2457 signum
1910 2408 2021 2458 ponit
2061 2408 2140 2446 ibi:

1371 2467 1444 2499 tem
1475 2468 1544 2499 etc.
1584 2461 1703 2509 Quod
1744 2462 1903 2511 quidem
1936 2462 2098 2500 sumitur
2135 2475 2158 2499 a
2190 2462 2347 2500 nomine
2375 2462 2446 2500 im-

1370 2515 1495 2564 posito
1524 2515 1573 2552 ab
1598 2515 1782 2565 antiquis,
1817 2515 1924 2565 quod
1958 2516 2068 2554 durat
2103 2528 2227 2566 usque
2260 2516 2308 2554 ad
2335 2529 2445 2565 prae-

1371 2582 1458 2606 sens
1487 2576 1658 2619 tempus;
1688 2581 1758 2618 per
1785 2569 1891 2617 quod
1922 2569 2032 2606 datur
2059 2569 2212 2618 intelligi
2241 2570 2346 2618 quod
2374 2569 2446 2619 ipsi

1370 2623 1486 2660 etiam
1505 2623 1581 2660 hoc
1601 2623 1721 2660 modo
1743 2622 2028 2672 opinabantur-2·
2049 2624 2198 2660 caelum
2219 2636 2302 2660 esse
2322 2624 2444 2661 incor-

1370 2676 1556 2726 ruptibile,
1578 2676 1675 2714 sicut
1693 2689 1765 2714 nos
1785 2676 2000 2726 opinamur.
2022 2678 2072 2714 Et
2090 2690 2140 2715 ne
2159 2677 2293 2727 aliquis
2314 2685 2446 2715 contra

1368 2731 1444 2768 hoc
1479 2730 1662 2767 obiiceret
1694 2730 1800 2780 quod
1833 2730 1948 2779 aliqui
1977 2738 2062 2768 ante
2092 2743 2206 2768 suum
2235 2738 2387 2780 tempus
2411 2737 2442 2779 ⁹,

2190 2409 2342 2446 Videtur
2378 2421 2446 2446 au-

1368 2909 1480 2934 ctionem
1494 2909 1601 2941 praebet
1619 2909 1695 2934 lectio
1710 2917 1789 2942 quam
1804 2917 1835 2934 ex
1849 2910 1872 2934 A
1885 2908 2082 2942 adoptavimus3
2102 2909 2122 2933 P
2144 2908 2222 2934 habet
2240 2909 2442 2935 similitudinem

1367 2948 1394 2970 et
1411 2945 1624 2977 adaptationem.
1637 2958 1657 2966 -
1670 2945 1721 2970 Pro
1739 2945 1789 2971 hoc
1806 2952 1916 2977 corpus,
1937 2945 2005 2970 illud
2022 2951 2119 2976 corpus
2138 2944 2167 2969 P.

1422 2981 1440 3013 ι)
1461 2988 1503 3006 res
1523 2981 1639 3006 divinae.
1650 2995 1670 3000 -
1684 2981 1791 3006 divinae
1810 2988 1864 3006 om.
1879 2981 1954 3005 codd.
1969 2988 2022 3005 exc.
2036 2981 2068 3010 A,
2088 2980 2159 3012 quod
2173 2980 2193 3004 P
2208 2980 2311 3013 corrigit
2329 2980 2440 3013 legendo

1368 3017 1435 3042 tales
1454 3024 1505 3046 res,
1525 3016 1606 3041 immo
1625 3017 1697 3049 quod
1710 3017 1738 3047 P;
1754 3024 1768 3041 e
1784 3024 1910 3041 converso
1926 3016 1970 3040 lin.
1985 3023 2042 3048 seq.
2057 3015 2120 3048 quia
2139 3015 2210 3040 bene.

1422 3052 1448 3085 κ)
1467 3052 1570 3077 caelum
1590 3055 1679 3077 autem
1700 3051 1897 3084 incorruptioni
1915 3051 2029 3076 divinae.
2041 3065 2061 3070 —
2074 3051 2156 3075 Codd.
2171 3058 2225 3075 exc.
2239 3051 2263 3075 A
2275 3055 2336 3084 post
2351 3055 2441 3077 autem

1368 3088 1466 3112 addunt
1485 3091 1540 3116 est,·
1560 3088 1579 3112 Ρ
1599 3088 1690 3113 habet:
1711 3089 1812 3113 caelum
1832 3090 1920 3112 autem
1941 3090 1981 3112 est
2000 3086 2201 3118 incorruptibile
2209 3086 2442 3119 proportionabile

1367 3124 1534 3149 substantiae
1553 3123 1669 3149 divinae.

1421 3158 1450 3192 λ)
1460 3167 1513 3191 per
1525 3159 1763 3191 comparationem.
1774 3173 1793 3177 -
1805 3159 1862 3183 Hoc
1880 3165 1935 3182 om.
1946 3157 2020 3182 codd.
2035 3165 2089 3182 exc.
2103 3158 2136 3182 A.
2154 3157 2206 3182 Pro
2220 3157 2290 3183 idest
2302 3162 2441 3190 quantum,

1367 3198 1394 3220 et
1412 3198 1542 3228 quantum
1562 3195 1597 3225 P;
1617 3203 1664 3227 pro
1683 3194 1835 3227 testificari,
1861 3193 2007 3225 certificari
2023 3193 2082 3223 AB,
2102 3193 2272 3226 intestificari
2290 3193 2325 3225 C,
2345 3194 2439 3228 iustifi-

1367 3231 1426 3256 cari
1444 3236 1506 3261 cet.;
1527 3239 1574 3263 pro
1593 3231 1730 3259 viderunt,
1750 3230 1842 3254 vident
1859 3229 1934 3253 codd.

1422 3267 1450 3300 μ.)
1466 3269 1676 3291 transmutatum
1689 3272 1752 3290 esse.
1765 3278 1785 3283 -
1798 3271 1853 3289 esse
1867 3272 1920 3289 οιιι.
1934 3264 1954 3289 P
1972 3269 1998 3289 et
2017 3264 2092 3289 codd.
2103 3271 2157 3289 exc.
2171 3265 2203 3289 A.
2215 3278 2234 3285 —-
2246 3265 2303 3290 Lin.
2319 3266 2442 3299 sequenti

1363 3302 1507 3334 propriam
1526 3310 1580 3326 om.
1595 3302 1670 3326 codd.
1683 3301 1829 3326 exc.AB.—
1847 3300 1884 3325 lbi
1902 3307 2081 3333 quaecumque
2099 3300 2178 3329 enim,
2198 3301 2367 3334 CDFGHpEl
2386 3309 2441 3327 om.

1367 3345 1448 3363 emm.

1421 3373 1445 3405 ν)
1465 3375 1528 3397 ante
1546 3379 1623 3397 suum
1648 3375 1760 3403 tempus.
1776 3385 1795 3390 -
1815 3371 1851 3396 lta
1869 3371 1892 3396 A
1912 3371 2079 3396 conformiter
2098 3371 2218 3405 superius
2245 3372 2313 3397 dicto
2335 3373 2369 3397 ab
2390 3379 2439 3397 an-

1367 3409 1455 3441 tiquis,
1476 3413 1502 3432 et
1520 3407 1550 3432 iis
1570 3415 1638 3440 quae
1656 3412 1816 3439 sequuntur,
1836 3415 1867 3432 ex
1886 3407 1982 3440 quibus
2001 3415 2098 3440 nempe
2116 3412 2222 3440 apparet
2240 3408 2312 3440 quod
2330 3408 2441 3433 obiectio

1368 3445 1400 3469 dc
1419 3451 1471 3477 qua
1490 3449 1530 3468 est
1550 3450 1651 3472 sermo,
1671 3442 1815 3467 excluditur
1832 3450 1879 3476 per
1897 3442 1946 3468 hoc
1966 3443 2038 3476 quod
2056 3443 2144 3475 opinio
2165 3443 2332 3476 antiquorum
2352 3444 2384 3469 de
2403 3444 2441 3468 in-

1367 3479 1578 3512 corruptibilitate
1604 3478 1679 3510 caeli,
1704 3483 1829 3511 tanquam
1847 3486 1910 3503 vera
1932 3479 2033 3511 opinio,
2053 3479 2150 3511 pluries
2175 3484 2298 3504 renovata
2322 3485 2375 3511 est;
2395 3480 2442 3504 sed

1367 3515 1454 3548 opinio
1474 3514 1639 3547 quorundam
1658 3514 1732 3538 aliter
1750 3514 1916 3539 sentientium
1937 3522 1990 3539 non
2015 3515 2080 3539 adeo
2101 3519 2224 3539 constans
2237 3514 2293 3540 fuit.
2313 3516 2384 3540 Haec
2396 3523 2442 3540 au-

1365 3556 1419 3576 tem
1438 3550 1576 3583 responsio
1596 3550 1678 3582 magis
1697 3549 1791 3575 indicat
1810 3550 1950 3582 legendum
1969 3558 2029 3575 esse
2047 3553 2111 3575 ante
2128 3557 2205 3575 suum
2229 3554 2340 3583 tempus,
2361 3558 2441 3583 quam

1364 3587 1437 3612 circa
1460 3593 1537 3611 suum
1561 3589 1673 3618 tempus,
1692 3591 1770 3618 prout
1788 3586 1878 3619 legunt
1895 3587 1915 3611 P
1934 3591 1960 3611 et
1979 3591 2027 3611 cet.
2040 3599 2059 3604 —
2076 3587 2134 3611 Lin.
2148 3593 2204 3619 seq.
2219 3594 2266 3619 pro
2280 3590 2438 3619 posuerunt,

1360 3625 1511 3654 posuerant
1530 3621 1607 3647 codd.
1621 3629 1675 3647 exc.
1690 3622 1723 3647 A.

2505 332 2580 360 ipsius
2595 333 2651 356 add.
2661 340 2686 357 Α.

2474 1607 2611 1635 ‘paulative
2616 1607 2684 1630 codd.

2473 1640 2524 1683 gite.
2532 1640 2554 1662 Α,
2561 1635 2688 1662 paulatine

2473 2306 2692 2355 :ggssmssr‘henden'

2469 2632 2480 2642 ·
2495 2631 2627 2659 opinantur
2640 2638 2663 2654 r.

2570 2735 2583 2752 ν
