2690 4062
59 1402 62 1403 ⁷
76 1417 115 1439 aa
126 1416 166 1443 ἰμ-

1085 263 1197 300 CAP.
1226 264 1313 310 VII,
1344 264 1496 301 LECT.
1527 265 1579 301 IX

262 346 265 348 '
300 337 388 380 ξύλα
413 338 486 370 ἐστὶ
504 338 568 384 γῆς
585 340 643 369 καὶ
663 336 778 381 ἀέρος·
805 333 857 371 διὸ
878 341 1029 380 καυστοί,
1042 342 1101 371 καὶ
1120 340 1158 372 οὐ
1176 342 1306 381 τηκτά,

301 378 380 415 οὐδὲ
406 384 587 427 μαλακτοὶ,
612 385 670 414 καὶ
696 382 752 413 ἐπὶ
771 384 820 424 τῷ
839 377 942 415 ὕδατι
961 383 1110 422 ἐπιπλεῖ,
1131 386 1219 421 πλήν
1237 382 1308 424 ἐβέ-

300 438 377 458 νου·
404 425 495 464 αὕτη
514 421 543 458 δ’
566 426 623 459 οὕ·
650 428 699 459 τά,
716 427 775 470 μὲν
792 429 857 473 γάρ
876 427 947 459 ἄλλ’
972 427 1066 472 ἀέρος
1087 428 1157 473 ἔχει
1175 430 1307 470 πλεῖον,

302 471 340 503 ἐκ.
364 465 402 503 δέ
428 471 494 509 τῆς
511 471 627 511 ἐβένου
653 471 717 508 τῆς
741 473 903 513 μελαίνης
923 467 1172 505 διαπέπνευκεν
1192 474 1208 505 ὀ
1229 473 1306 517 ἀήρ,

299 518 359 548 καὶ
383 515 460 548 ἔστι
485 517 602 548 πλεῖον
627 516 663 548 ἐν
689 512 782 555 αὑτῇ
798 517 874 563 γῆς.
902 516 1052 561 Κέραμος
1069 511 1107 549 δὲ
1124 518 1188 563 γῆς
1205 516 1308 562 μόνης

300 558 361 592 8ιοί
378 561 420 592 ‘td
439 559 678 605 ξηραινόμενος
697 571 747 592 ποι
773 562 854 598 ἧναι
870 562 967 593 κατά.
984 560 1116 605 μικρόν·
1144 562 1225 593 οὔτε
1242 564 1308 607 γοίρ

301 605 343 637 τὸ
369 599 456 648 ὕδωρ
482 600 633 643 εἰσόδους
650 605 734 651 ἔχει,
749 570 791 638 {C
812 605 856 637 ὢν
874 606 976 648 μόνον
995 606 1130 650 πνεῦμα
1155 605 1306 647 ἐξῆλθεν,

302 649 384 682 οὔτε
410 650 494 693 πῦρ·
522 648 626 690 ἔπηξε
651 651 716 703 γὰρ
743 649 844 683 αὐτό.
875 651 913 681 Τί
939 651 998 693 μὲν
1025 648 1081 682 οὖν
1108 650 1182 682 ἐστι
1207 650 1309 691 πῆξις

299 694 360 725 καὶ
377 693 487 735 τῆξις,
508 697 567 726 καὶ
583 690 644 726 διαὶ
660 705 754 727 ποσα,
773 697 831 727 καὶ
850 694 884 726 ἐν
901 694 1018 732 πόσοις
1035 695 1142 735 ἐστιν,
1161 696 1306 738 εἴρηται.

376 900 398 910 ,,
461 884 481 898 -=
495 872 684 916 rosequitur
698 871 739 905 de
758 871 954 915 coagulabili
974 880 1007 905 et
1030 870 1264 915 liquefactibili‚
1281 878 1314 903 et

364 938 381 958 Α»,
452 912 472 944 ἷ-.
495 915 574 949 dicit
588 916 679 961 quod
696 917 808 950 omnia
825 928 908 968 quae
924 915 1149 960 coagulantur,
1166 924 1222 949 aut
1238 924 1313 949 sunt

350 957 387 1006 ‘J
440 985 447 998 -.
461 965 479 1005 [ᾗ
495 972 591 1007 aqua,
611 969 668 994 aut
691 970 877 1005 composita
896 973 935 994 ex
960 972 1044 1005 aqua
1067 968 1100 994 et
1115 968 1213 993 terra:
1230 959 1311 993 haec

467 1021 476 1028 ι’
494 1014 606 1038 autem
621 1006 733 1039 omnia
749 1005 965 1049 coagulantur
985 1013 1042 1038 aut
1057 1016 1076 1038 a
1092 1003 1209 1044 calido,
1226 1013 1282 1037 aut
1293 1016 1311 1038 a

383 1073 385 1076 -
438 1052 477 1063 ”’”’
494 1049 624 1093 frigido,
642 1059 698 1083 aut
714 1062 732 1083 a
751 1051 850 1083 sicco.
864 1050 907 1083 Et
921 1052 983 1082 hoc
999 1050 1069 1094 ipse
1086 1048 1212 1093 probat:
1234 1050 1310 1094 quia

236 1093 477 1126 contrariorum
493 1093 671 1128 effectuum
688 1106 747 1139 per
760 1106 795 1128 se
815 1103 893 1127 sunt
909 1095 1088 1128 contrariae
1102 1105 1236 1134 causae;
1253 1093 1311 1127 sed

237 1136 410 1182 coagulata
426 1138 653 1172 dissolvuntur
669 1148 725 1172 aut
741 1151 760 1172 a
776 1138 815 1172 fri
840 1139 906 1180 ido,
919 1147 976 1172 aut
990 1150 1008 1172 a
1021 1138 1138 1178 calido,
1153 1146 1189 1170 ut
1206 1146 1309 1181 patet;

237 1193 417 1228 quaeergo
440 1182 668 1227 dissolvuntur
689 1195 708 1217 a
729 1183 804 1227 frigi
829 1195 861 1224 o,
875 1182 1090 1227 coagulantur
1109 1194 1128 1215 a
1148 1181 1265 1222 calido,
1278 1191 1311 1215 et

236 1236 450 1261 eeomersor
462 1228 543 1272 ‘quia
558 1227 734 1262 dissolutio
751 1237 784 1261 et
800 1227 996 1272 coagulatio·
1003 1235 1081 1260 sunt
1097 1225 1233 1259 effectus
1253 1238 1311 1270 per

237 1282 273 1308 se
297 1272 462 1306 contrarii.
488 1271 554 1306 Sed
577 1272 707 1306 videtur
730 1271 822 1317 quod
845 1272 1007 1317 quaedam
1031 1270 1248 1314 coagulentur
1271 1270 1310 1303 ab

235 1315 394 1351 humido:
419 1316 496 1361 quia
519 1316 586 1350 mel
609 1316 766 1356 elixatum
790 1316 984 1361 coagulatur
998 1317 1034 1349 in
1056 1327 1152 1360 aqua,
1169 1326 1248 1358 ergo
1265 1315 1312 1348 vi-

237 1359 334 1395 detur
356 1360 523 1405 coagulari
540 1361 579 1395 ab
604 1361 754 1395 humido.
782 1360 971 1395 Dicendum
991 1359 1083 1405 quod
1106 1359 1146 1392 ab
1170 1359 1310 1392 humido

207 1420 210 1422 ·
236 1413 275 1442 ut
297 1405 346 1439 sic
370 1405 454 1439 nihil
478 1405 645 1450 coagulari
674 1414 785 1450 potest
812 1405 980 1439 effective:
1011 1415 1121 1449 primo
1150 1404 1228 1448 quia
1250 1404 1311 1436 hu—

236 1448 367 1486 midum
389 1458 440 1484 est
462 1451 598 1484 materia
622 1450 879 1494 coagulationiS,
903 1449 992 1482 idern
1022 1457 1134 1482 autem
1157 1460 1226 1481 non
1250 1460 1310 1492 po-

236 1501 302 1530 test
331 1505 403 1528 esse
434 1495 543 1528 eidem
578 1496 714 1528 materia
742 1503 774 1528 et
805 1493 970 1534 efficiens;
993 1492 1140 1526 secundo
1169 1493 1246 1537 quia
1276 1493 1311 1525 in

237 1547 334 1574 motu
350 1539 592 1583 coagulationis
614 1538 792 1572 humidum
815 1547 865 1572 est
880 1538 1040 1571 terminus
1065 1549 1084 1570 a
1100 1549 1182 1582 quo:
1203 1537 1311 1570 humi-

238 1583 321 1619 dum
343 1584 434 1618 enim
457 1583 665 1628 superfluum
681 1582 864 1627 expellitur,
881 1591 914 1616 et
929 1582 1094 1627 reliquum
1118 1582 1312 1615 terminatur

239 1639 317 1663 cum
339 1628 442 1668 sicco,
458 1637 492 1662 et
514 1628 562 1661 sic
584 1627 622 1660 fit
645 1627 842 1671 coagulatio.
869 1626 935 1661 Sed
958 1626 1024 1660 mel
1055 1626 1212 1660 elixatum
1235 1637 1311 1659 coa-

237 1672 372 1725 gulatur
393 1671 433 1706 ab
458 1683 544 1717 aqua
567 1672 682 1713 calida,
698 1683 767 1705 non
790 1672 989 1716 inquantum
1017 1675 1076 1705 est·
1091 1670 1238 1711 humida,
1253 1670 1311 1704 sed

237 1722 437 1762 inquantum
461 1726 511 1750 est
534 1716 665 1761 frigida,
689 1728 758 1750 non
782 1725 868 1757 actu,
885 1715 942 1750 sed
965 1716 1096 1750 virtute.
1113 1715 1177 1749 Vel
1201 1724 1312 1760 potest

237 1762 339 1797 etiam
361 1761 426 1795 dici
451 1761 543 1806 quod
566 1761 634 1795 mel
662 1761 855 1805 coagulatur
877 1760 916 1794 ab
941 1772 1025 1805 aqua
1049 1760 1152 1794 calida
1176 1761 1312 1804 inquan-

238 1814 312 1846 tum
334 1814 386 1840 est
408 1805 534 1846 calida,
563 1806 590 1839 si
614 1805 680 1839 mel
709 1814 995 1850 praesupponatur
1023 1816 1094 1838 esse
1125 1814 1269 1838 terreum
1293 1815 1311 1837 a

261 1849 479 1886 raedominio.
498 1850 742 1895 Quaecumque
759 1851 768 1883 i
796 1851 860 1883 ‘tur
875 1859 954 1883 sunt
968 1861 1083 1895 aquea,
1102 1861 1172 1883 non
1190 1860 1311 1892 coagu-

237 1862 348 1930 Eum:
370 1894 410 1928 ab
434 1895 522 1938 igne,
546 1894 632 1928 idest
654 1906 673 1927 a
701 1894 759 1928 cal·
786 1906 817 1928 o.
846 1895 951 1935 Quod
974 1894 1107 1939 probat:
1136 1894 1213 1939 quia
1235 1893 1312 1926 talia

239 1938 468 1974 dissolvuntur
490 1938 529 1972 ab
554 1940 642 1983 igne,
659 1947 697 1972 ut
719 1948 809 1984 patet
827 1940 862 1972 in
877 1939 998 1985 glacie;
1023 1940 1123 1983 igitur
1141 1950 1210 1972 non
1234 1949 1311 1971 coa-

238 1983 395 2029 gulantur
418 1983 457 2017 ab
481 1984 571 2027 igne,
587 1983 711 2017 scilicet
734 1995 752 2017 a
776 1983 894 2024 calide,
909 1985 986 2028 quia
1009 1983 1097 2017 idem
1119 1983 1226 2016 eidem
1242 1994 1312 2016 non

239 2035 351 2074 potest
372 2039 444 2062 esse
468 2039 567 2066 causa
583 2029 832 2062 contrariorum.
851 2028 957 2069 Quod
979 2028 1079 2072 igitur
1100 2028 1135 2061 in
1159 2027 1310 2061 abscessu

239 2072 336 2107 calidi
360 2081 393 2106 et
415 2073 565 2116 ingressu
589 2072 719 2116 frigoris
744 2073 947 2117 coagulatur,
970 2071 1169 2106 dissolvetur
1192 2084 1210 2105 e
1234 2083 1312 2105 con-

238 2128 337 2152 verso
360 2118 396 2150 in
411 2118 561 2161 ingressu
587 2117 704 2150 caloris
724 2126 756 2150 et
779 2117 931 2151 abscessu
948 2117 1089 2161 frigoris.
1114 2117 1156 2150 Et
1178 2125 1314 2160 propter

127 2182 132 2187 ·
184 2199 185 2202 Ἴ
216 2164 218 2166 ’
239 2161 306 2196 hoc
321 2161 398 2195 talia
413 2173 518 2206 aquea
541 2173 611 2195 non
631 2162 859 2205 ingrossantur
882 2173 958 2195 cum
979 2161 1209 2205 coagulantur:
1235 2172 1312 2205 qula

239 2206 440 2250 ingrossatio
463 2205 502 2239 fit
530 2217 590 2250 per
613 2206 853 2250 separationem
882 2205 1010 2239 humidi
1038 2204 1219 2250 superflui,
1243 2216 1311 2249 quo

240 2259 391 2295 separato
413 2250 579 2295 reliquum
603 2250 779 2284 humidum
803 2259 932 2284 constat
957 2259 991 2284 et
1018 2250 1212 2283 terminatur
1235 2260 1312 2282 cum

240 2295 342 2335 sicco,
358 2303 392 2328 et
414 2296 460 2327 sic
484 2295 633 2339 sequitur
656 2295 869 2338 ingrossatio;
891 2294 949 2328 sed
972 2306 1077 2339 aquea
1100 2295 1226 2327 siccum
1242 2304 1311 2326 non

239 2338 363 2373 habent
386 2338 477 2384 quod
501 2339 643 2383 separari
673 2340 788 2383 possit.
818 2339 1060 2383 Quaecumque
1091 2347 1203 2371 autem
1235 2346 1313 2370 sunt

240 2391 357 2424 terrea,
375 2383 591 2427 coagulantur
614 2395 633 2416 a
657 2383 774 2424 calido,
799 2384 884 2416 sicut
907 2383 953 2416 sal
982 2391 1014 2416 et
1037 2383 1086 2415 lac
1110 2391 1192 2415 etc.:
1222 2381 1312 2426 quod

240 2436 342 2472 patet,
358 2428 436 2472 quia
454 2427 530 2461 talia
546 2427 721 2460 solvuntur
737 2427 776 2461 ab
800 2439 894 2472 aqua.
921 2428 956 2461 Si
975 2436 1086 2460 autem
1103 2428 1168 2460 sint
1191 2426 1311 2470 aliqua,

241 2483 326 2517 quae
350 2473 416 2505 sint
438 2483 500 2516 pro
526 2471 764 2505 ortionabiliter
793 2472 970 2505 commixta
994 2483 1034 2505 ex
1057 2480 1214 2515 utroque,
1238 2470 1313 2503 talia

241 2515 459 2561 coagulantur
481 2484 523 2550 ab
545 2525 698 2561 utroque,
719 2517 805 2549 sicut
823 2516 948 2549 lutum:
971 2515 1104 2560 quando
1125 2516 1213 2548 enim
1237 2523 1315 2547 sunt

197 2602 200 2605 ,
240 2560 389 2600 humida,
405 2570 438 2594 et
461 2561 566 2604 magis
591 2560 859 2605 praedominatur
881 2572 976 2604 aqua,
993 2559 1208 2603 coagulantur
1227 2571 1245 2592 a
1261 2558 1314 2591 fri-

241 2604 337 2649 gido,
361 2604 496 2650 quando
520 2614 631 2638 autern
662 2604 932 2649 praedominatur
955 2613 1114 2644 terreum,
1137 2613 1216 2636 tunc
1241 2614 1314 2636 coa-

289 2648 399 2683 lantur
421 2661 440 2682 a
464 2650 552 2682 sicco
577 2649 683 2682 calido
708 2650 802 2693 ignis.
829 2649 894 2682 Sed
918 2657 1028 2682 tamen
1044 2649 1105 2681 ista
1126 2647 1312 2691 coagulatio

267 2693 477 2727 ‘versimode
488 2693 526 2726 fit
548 2705 567 2726 a
591 2693 697 2726 calido
722 2702 755 2726 et
778 2705 796 2726 a
827 2693 961 2737 frigido:
990 2704 1068 2726 nam
1093 2692 1236 2725 calidum
1261 2703 1314 2725 ex-

243 2738 424 2771 trinsecum
449 2737 602 2781 coagulat
624 2737 796 2771 educendo
820 2737 996 2770 humidum
1020 2738 1251 2776 intrinsecum,
1278 2745 1315 2768 ut

243 2791 334 2827 patet
352 2783 387 2815 in
410 2793 477 2815 ovo
494 2781 647 2823 decoct03
664 2781 820 2825 frigidum
843 2793 923 2814 vero
939 2782 1158 2814 extrinsecum
1182 2780 1315 2824 expellit

244 2826 390 2860 calidum
413 2827 651 2866 intrinsecum,
676 2825 767 2870 quod
790 2827 904 2858 secum
928 2825 1038 2858 educit
1061 2824 1237 2858 humidum
1261 2825 1312 2858 in-

243 2872 434 2911 trinsecum,
451 2879 484 2904 et
506 2871 553 2904 sic
577 2870 719 2904 desiccat
742 2879 774 2903 et
798 2869 958 2914 coagulat.
975 2870 1065 2903 Dicit
1088 2877 1199 2902 autem
1224 2868 1315 2914 quod

244 2924 322 2949 sunt
345 2915 519 2960 quaedam,
537 2927 620 2960 quae
643 2926 712 2948 non
737 2914 953 2958 coagulantur
976 2914 1011 2947 in
1034 2913 1198 2958 principio
1222 2924 1240 2946 a
1264 2925 1315 2946 ca-

243 2959 323 3001 lido,
343 2961 428 2994 sicut
450 2959 566 2993 lateres
590 2960 699 3004 primo
715 2959 858 2992 indurati
874 2971 892 2992 a
916 2958 1047 3002 frigore,
1063 2967 1096 2991 et
1117 2966 1233 3002 postea
1256 2969 1314 3001 po-

244 3005 298 3038 siti
321 3005 356 3038 in
379 3005 472 3048 igne:
501 3016 579 3037 nam
607 3015 684 3037 cum
712 3012 883 3048 ponuntur
911 3004 945 3036 in
970 3004 1067 3046 igne,
1092 3002 1129 3035 fit
1152 3003 1314 3046 separatio

242 3048 373 3082 humidi
395 3048 556 3090 indurati,
581 3057 696 3092 postea
718 3047 858 3081 finaliter
881 3047 1086 3081 desiccantur
1108 3058 1167 3091 per
1190 3057 1316 3090 separa-

191 3119 194 3121 ·
243 3093 371 3127 tionem
394 3093 523 3127 humidi
551 3092 720 3137 superflui.
743 3093 785 3126 Et
815 3101 950 3136 propter
977 3091 1055 3142 hoc·
1074 3090 1170 3124 multi
1198 3090 1315 3123 lateres

245 3139 502 3182 corrumpuntur
524 3138 560 3171 in
594 3137 781 3170 fornacibus
805 3145 941 3214 propter
975 3136 1111 3168 nimiam
1136 3135 1315 3179 appropin-

244 3183 437 3227 quationem
460 3182 513 3215 vel
536 3183 758 3215 remotionem
788 3193 806 3214 a
852 3181 945 3225 igne:
971 3180 1048 3225 quia
1075 3188 1154 3213 tunc
1179 3188 1235 3212 aut
1258 3191 1314 3223 pa-

243 3238 319 3260 rum
342 3235 511 3271 separatur
534 3226 575 3260 de
598 3226 810 3266 humiditate,
838 3234 870 3258 et
892 3237 962 3258 non
985 3233 1062 3257 sunt
1086 3224 1235 3263 decocti,
1259 3231 1315 3256 aut

244 3280 413 3315 separatur
435 3271 534 3304 nimis
558 3282 598 3304 ex
621 3282 669 3311 ea,
689 3279 721 3303 et
744 3269 784 3303 de
808 3269 894 3303 facili
917 3269 1122 3313 franguntur.

301 3325 331 3348 2.
355 3314 485 3348 Deinde
510 3326 586 3348 cum
610 3314 704 3348 dicit:
733 3314 946 3358 Quaecumque
965 3313 1084 3358 quidem
1108 3321 1187 3351 etc.,
1212 3311 1315 3344 deter-

244 3359 350 3394 minat
365 3358 405 3392 de
421 3358 578 3410 liquabili.
595 3359 637 3392 Et
653 3358 731 3392 dicit
748 3358 838 3403 quod
855 3369 1083 3403 quaecumque
1101 3355 1316 3399 coagulantur

245 3414 263 3436 a
286 3402 422 3446 frigido,
446 3414 515 3436 swe
539 3404 605 3436 sint
628 3415 746 3447 aquea,
770 3404 838 3436 sive
863 3404 963 3435 mixta
987 3413 1026 3435 ex
1049 3413 1134 3445 aqua
1150 3409 1190 3442 ‚et
1212 3409 1314 3439 terra,

245 3448 345 3480 etiam
368 3447 396 3480 si
419 3446 561 3480 habeant
583 3448 618 3481 in
642 3448 694 3480 sui
718 3447 961 3492 compositione
989 3446 1063 3490 plus
1088 3454 1190 3478 terrae
1215 3454 1314 3487 quarn

245 3503 367 3536 aquae,
398 3491 582 3525 secundum
607 3492 839 3536 quantitatem,
870 3502 939 3524 non
967 3489 1150 3523 secundum
1178 3498 1315 3532 propor-

246 3537 373 3569 tionem
395 3536 536 3575 virtutis,
561 3535 638 3569 talia
659 3535 827 3580 liquantur
843 3547 861 3568 a
877 3534 993 3568 calido.
1019 3533 1084 3567 Sed
1108 3534 1168 3565 ista
1188 3540 1264 3564 sunt
1281 3532 1315 3563 in

247 3579 371 3624 duplici
395 3579 591 3613 differentia:
616 3579 778 3624 quaedam
802 3581 891 3613 enim
916 3590 974 3612 coa
999 3577 1130 3610 ulantur
1153 3588 1172 3608 a
1194 3574 1314 3618 frigido

246 3636 316 3658 non
340 3624 500 3658 educente
523 3632 633 3657 totum
665 3624 841 3657 humidum
872 3590 1077 3667 superfiuum
1109 3631 1185 3654 cum
1210 3617 1314 3652 calido

391 3688 461 3721 Opp.
480 3688 511 3712 D.
530 3687 645 3712 Tuom
664 3687 696 3712 T.
710 3688 750 3712 111.
770 3689 914 3712 ΑΡΡΕΝΒΙΧ.

2322 276 2428 304 CXXIX
2446 303 2453 308 ,

1431 343 1591 383 gefactum
1615 343 1809 384 coagulatur.
1827 344 1927 384 Ligna
1946 352 2053 376 autem
2077 352 2150 376 sunt
2172 352 2269 376 terrae
2286 353 2316 377 et
2335 346 2428 385 aeris;

1431 394 1562 428 propter
1584 388 1674 429 quod
1696 388 1848 427 ustibilia,
1873 395 1903 419 et
1926 399 1992 419 non
2014 389 2175 430 liquabilia
2197 400 2301 431 neque
2324 391 2429 421 molli-

1430 431 1584 463 ficabilia:
1602 439 1633 463 et
1646 432 1680 463 in
1703 442 1787 473 aqua
1802 439 2017 473 supernatant,
2034 441 2154 472 praeter
2175 435 2328 473 ebenum;
2352 435 2429 466 haec

1431 483 1536 507 autem
1561 487 1638 507 non.
1666 477 1738 507 Alia
1762 477 1893 518 quidem
1916 477 2003 507 enim
2033 477 2111 507 aeris
2134 478 2251 509 habent
2277 479 2368 519 plus,
2393 489 2430 510 ex

1432 521 1532 551 ebeno
1557 528 1665 551 autem
1687 521 1776 561 nigra
1799 521 1980 562 evaporavit
2003 531 2065 560 aer,
2089 528 2119 552 et
2142 529 2188 552 est
2210 523 2282 562 plus
2305 523 2338 553 in
2361 523 2430 563 ipsa

1431 571 1539 596 terrae.
1558 563 1652 596 Later
1674 572 1782 596 autern
1804 572 1902 596 terrae
1925 566 2049 596 solum:
2074 573 2241 606 propterea
2264 568 2352 607 quod
2375 568 2429 598 de-

1432 609 1564 640 siccatus
1588 610 1773 650 coagulatur
1803 610 1981 641 secundum
2011 610 2193 641 modicum:
2218 620 2322 651 neque
2345 611 2430 641 enim

1432 663 1514 693 aqua
1536 654 1684 685 introitus
1707 654 1820 692 habet,
1843 664 1900 694 per
1922 664 2005 695 quos
2029 654 2137 685 solum
2166 654 2293 694 spiritus
2317 655 2430 694 exivit;

1432 707 1535 737 neque
1559 698 1656 737 ignis:
1682 698 1860 738 coagulavit
1875 699 1961 729 enim
1983 699 2060 739 ipse.
2076 698 2164 736 Quid
2183 698 2315 739 quidem
2337 699 2431 739 igitur

1433 748 1479 771 est
1500 742 1678 781 coagulatio
1702 749 1732 773 et
1750 742 1944 783 liquefactio,
1960 751 1991 774 et
2006 750 2136 783 propter
2159 750 2240 784 quot
2262 749 2293 774 et
2312 743 2345 773 in
2362 742 2431 784 qui-

1433 785 1493 814 bus
1518 792 1574 823 est,
1591 785 1711 816 dictum
1735 794 1789 817 est.

1368 871 1564 911 intrinseco,
1587 880 1620 904 et
1643 873 1702 905 ista
1726 872 1899 906 solvuntur
1921 872 1961 906 de
1984 872 2070 906 facili
2094 885 2112 906 a
2136 873 2252 915 calido,
2275 875 2360 908 sicut
2383 874 2431 907 lu-

1368 923 1439 948 tum
1471 924 1504 948 et
1527 915 1661 959 glacies,
1690 925 1722 949 et
1745 916 1953 958 huiusmodi3
1984 917 2144 962 quaedam
2177 927 2287 951 autem
2312 930 2431 962 coagu-

1367 959 1476 992 lantur
1503 971 1521 992 a
1544 959 1663 1005 frigido
1695 960 1852 994 educente
1883 970 1992 994 totum
2020 961 2196 995 humidum
2226 963 2430 1006 superfluum

1367 1015 1452 1046 cum·
1468 1003 1574 1038 calido
1599 1005 1795 1046 intrinseco,
1826 1014 1859 1038 et
1881 1006 1942 1039 ista
1956 1017 2034 1039 *non
2057 1015 2196 1050 possunt
2218 1006 2302 1040 solvi
2326 1008 2389 1040 nisi
2413 1019 2432 1040 a

1366 1049 1545 1081 fortissimo
1569 1049 1662 1092 igne:
1688 1049 1772 1082 sicut
1795 1058 1872 1082 sunt
1895 1049 2035 1090 metalla,
2059 1059 2091 1084 et
2114 1051 2255 1084 maxime
2280 1051 2429 1091 duriora,

1366 1093 1400 1125 in
1431 1092 1550 1137 quibus
1581 1102 1689 1138 partes
1720 1102 1884 1127 terrestres
1915 1093 2048 1127 subtiles
2080 1103 2157 1127 sunt
2187 1096 2311 1139 optime
2341 1107 2431 1128 com-

1366 1138 1485 1170 mixtae
1510 1149 1587 1170 cum
1611 1137 1755 1171 humidis
1778 1138 2031 1179 remanentibus,
2048 1147 2081 1172 et
2097 1150 2230 1179 cornua,
2253 1140 2287 1172 in
2311 1139 2430 1183 quibus

1367 1190 1415 1214 est
1430 1181 1607 1215 humidum
1623 1182 1802 1221 viscosum,
1823 1182 1913 1226 quod
1937 1183 2083 1216 continet
2099 1184 2223 1216 siccum
2239 1195 2280 1216 ne
2298 1183 2429 1217 defluat.

1367 1225 1472 1266 Quod
1496 1234 1607 1259 autem
1630 1227 1674 1259 ita
1698 1227 1739 1259 sit
1763 1226 1853 1270 quod
1878 1227 2062 1270 coagulatio
2086 1226 2143 1260 fiat
2171 1239 2229 1271 per
2255 1229 2432 1271 separatio-

1365 1281 1443 1303 nem
1460 1269 1599 1311 humidi,
1616 1279 1648 1303 et
1663 1270 1800 1315 liquatio
1823 1270 1879 1303 fiat
1894 1282 1952 1315 per
1975 1283 2010 1304 se
2035 1272 2215 1304 arationem
2232 1272 2309 1304 sicci
2324 1273 2430 1312 terrei,

1366 1323 1456 1358 patet
1477 1314 1596 1358 triplici
1620 1316 1726 1358 signo.
1753 1315 1876 1355 Primo,
1901 1316 1978 1359 quia
2013 1326 2122 1348 errum
2146 1316 2179 1348 in
2196 1327 2263 1360 quo
2279 1315 2431 1349 relictum

1366 1367 1416 1391 est
1439 1370 1556 1403 parum
1585 1359 1624 1392 de
1648 1359 1861 1398 humiditate,
1893 1368 1925 1392 et
1948 1359 2002 1392 illa
2025 1368 2074 1392 est
2103 1359 2230 1393 fortiter
2254 1361 2431 1393 commixta

1367 1414 1443 1436 cum
1467 1404 1556 1436 sicco
1579 1404 1739 1443 terrestri,
1764 1403 1804 1436 de
1829 1403 1952 1436 difficili
1975 1403 2131 1444 solvitur,
2156 1412 2188 1436 et
2211 1404 2342 1448 quando
2367 1404 2431 1437 sol-

1365 1448 1454 1480 vitur
1477 1456 1510 1480 et
1532 1447 1570 1480 fit
1592 1447 1786 1488 humidum,
1810 1447 2017 1491 purificatur,
2042 1449 2118 1492 quia
2141 1449 2246 1481 scoria
2273 1449 2431 1482 terrestris

1366 1491 1514 1524 subsidet
1536 1492 1571 1524 in
1595 1491 1781 1536 profundo,
1805 1501 1838 1524 et
1862 1501 2038 1535 separatur.
2064 1492 2105 1525 Et
2128 1493 2172 1524 ita
2194 1492 2362 1525 multoties
2385 1492 2432 1526 fa-

1367 1535 1484 1569 ciendo
1509 1535 1646 1569 artifices
1670 1535 1794 1569 faciunt
1818 1535 1999 1580 chalybem,
2016 1535 2106 1580 quod
2122 1545 2171 1568 est
2191 1535 2312 1569 sermm
2328 1537 2431 1581 depu-

1366 1589 1491 1621 ratum;
1520 1580 1578 1614 sed
1601 1580 1721 1613 nolunt
1744 1580 1902 1624 deputare
1926 1581 2036 1624 ipsum
2059 1579 2243 1621 multoties,
2272 1589 2305 1614 et
2327 1580 2431 1614 facere

1367 1624 1549 1669 perfectum
1573 1624 1762 1668 chalybem,
1794 1633 1866 1657 tum
1890 1626 1966 1668 quia
1989 1625 2087 1657 nimis
2115 1624 2155 1658 de
2178 1624 2263 1657 ferro
2286 1624 2432 1669 perditur

1367 1671 1401 1702 in
1425 1670 1512 1713 igne,
1535 1678 1607 1702 tum
1631 1669 1708 1713 quia
1731 1668 1981 1713 multiplicando
2005 1668 2278 1712 purificationem,
2300 1669 2431 1713 pondus

1367 1714 1465 1747 nimis
1490 1713 1714 1754 deminuitur,
1741 1722 1813 1746 tum
1841 1713 1961 1754 etiam,
1990 1714 2067 1757 quia
2089 1712 2207 1746 melius
2235 1721 2283 1746 est
2309 1712 2432 1746 ferrum

1367 1758 1459 1803 quod
1487 1767 1535 1791 est
1561 1759 1672 1791 minus
1703 1756 1933 1802 purificatum:
1965 1757 2041 1801 quia
2069 1756 2278 1800 coagulatum
2308 1766 2432 1801 quanto

1367 1802 1489 1847 pluries
1513 1802 1720 1842 dissolvitur,
1748 1810 1839 1835 tanto
1863 1800 1900 1835 fit
1923 1801 2035 1835 durius
2082 1801 2191 1834 nando·
2214 1802 2334 1834 iterum
2358 1813 2432 1834 coa-

1367 1847 1517 1891 gulatur,
1549 1856 1580 1880 et
1603 1846 1679 1880 ideo
1702 1846 1825 1879 sermm
1849 1847 1958 1879 minus
2005 1813 2190 1878 ntificatum
2221 1854 2270 1879 est
2292 1845 2431 1886 melius,

1367 1893 1443 1936 quia
1467 1891 1593 1924 facilius
1618 1890 1748 1924 ducitur
1771 1899 1804 1923 et
1826 1891 1930 1934 magis
1955 1901 1975 1923 o
1999 1889 2065 1923 edit
2088 1889 2207 1922 malleo
2229 1898 2261 1922 et
2281 1889 2432 1922 manibus

1367 1935 1538 1969 artificum.
1564 1935 1755 1969 Secundum
1778 1935 1911 1978 signum
1928 1943 1987 1973 est,
2005 1934 2081 1979 quia
2096 1942 2129 1967 et
2144 1933 2226 1977 lapis
2243 1934 2300 1978 qui
2316 1933 2434 1966 dicitur

1367 1980 1601 2025 pyrimachus,
1631 1979 1783 2024 liquescit
1812 1987 1946 2023 propter
1974 1977 2112 2011 eandem
2143 1989 2296 2018 causam,
2329 1978 2373 2010 ita
2396 1986 2434 2010 ut

1367 2026 1467 2058 etiam
1491 2024 1642 2065 distillet,
1674 2024 1751 2068 quia
1779 2023 1902 2056 scilicet
1926 2023 2081 2056 continue
2112 2030 2280 2066 separatur
2309 2022 2433 2054 siccum

1367 2078 1527 2103 terrestre.
1554 2069 1708 2102 Tertium
1731 2077 1790 2108 est,
1815 2067 1905 2112 quod
1928 2066 2102 2111 plumbum
2148 2066 2216 2099 uod
2235 2066 2270 2099 in
2296 2077 2355 2098 sua
2377 2077 2433 2098 na-

1368 2123 1440 2147 tura
1455 2113 1598 2146 multum
1621 2112 1718 2146 habet
1742 2112 1781 2145 de
1806 2123 1911 2155 opaco
1935 2120 2049 2150 terrae,
2066 2119 2098 2143 et
2120 2111 2130 2143 i
2155 2122 2195 2143 eo
2219 2119 2269 2143 est
2289 2111 2323 2142 ni
2386 2121 2432 2150 m,

1368 2158 1501 2202 quando
1531 2157 1554 2190 li
1577 2165 1675 2190 uatur
1705 2156 1820 2189 eadem
1851 2166 1948 2188 causa
1978 2155 2118 2188 efficitur
2148 2154 2266 2187 coloris
2297 2153 2359 2186 ali
2390 2153 2432 2187 ad

1367 2202 1507 2235 modum
1531 2213 1567 2234 ca
1582 2202 1646 2241 cis,
1674 2201 1751 2245 quia
1774 2201 1807 2233 in
1831 2199 2009 2244 liquatione
2033 2207 2200 2242 separatur
2223 2198 2347 2231 siccum
2370 2206 2432 2231 ter-

1367 2255 1478 2286 restre,
1497 2254 1530 2279 et
1548 2245 1724 2278 humidum
1748 2255 1880 2277 aereum
1905 2251 2092 2287 supernatat
2114 2242 2296 2276 secundum
2320 2253 2432 2286 super-

1367 2290 1475 2323 ficiem
1499 2290 1653 2334 planam,
1682 2298 1714 2322 et
1745 2289 1901 2332 recipitur
1927 2287 1984 2320 lux
2012 2287 2155 2331 ubique,
2187 2295 2219 2319 et
2246 2287 2289 2319 ita
2316 2287 2432 2330 recipit

1368 2335 1479 2368 album
1503 2334 1659 2367 colorem.

1426 2390 1455 2422 3.
1479 2378 1608 2412 Deinde
1633 2389 1709 2410 cum
1733 2376 1825 2410 dicit:
1853 2376 1977 2418 Quaecu
2030 2386 2065 2408 ue
2080 2381 2179 2408 autem
2195 2383 2268 2416 etc.,
2288 2374 2433 2408 ostendit

1369 2435 1452 2468 quae
1477 2424 1543 2456 sint
1566 2420 1815 2465 incoagulabilia
1832 2429 1864 2453 et
1886 2420 1998 2464 illique
2013 2418 2161 2452 actibilia.
2179 2419 2220 2451 Et
2241 2418 2318 2452 dicit
2341 2418 2431 2462 quod

1369 2468 1482 2501 omnia
1506 2478 1589 2518 quae
1613 2477 1673 2499 coa
1721 2465 1828 2498 lantur
1851 2476 1869 2497 a
1892 2465 1979 2497 sicco
2005 2462 2124 2503 calido,
2153 2471 2230 2495 sunt
2251 2463 2286 2495 in
2309 2462 2432 2506 duplici

1370 2512 1565 2545 differentia:
1583 2522 1666 2555 quae
1692 2521 1745 2542 am
1761 2509 1850 2542 enim
1866 2509 1955 2552 prius
1972 2507 2174 2541 desiccantur
2190 2519 2207 2539 a
2223 2507 2328 2540 calido
2345 2508 2431 2539 sicco

1369 2567 1427 2600 per
1450 2555 1578 2588 humidi
1602 2553 1759 2598 superflui
1784 2552 2006 2591 eductionem,
2031 2560 2062 2584 et
2086 2560 2200 2595 postea
2222 2550 2340 2583 ultimo
2357 2562 2433 2583 con-

1370 2600 1519 2644 gelantur
1535 2611 1553 2632 a
1569 2598 1687 2642 frigido
1708 2609 1766 2641 per
1789 2596 1907 2634 fortem
1930 2596 2194 2629 terminationem
2213 2594 2340 2628 humidi
2357 2606 2433 2627 cum

1371 2645 1470 2685 sicco,
1494 2652 1532 2676 ut
1555 2642 1678 2686 lapides
1703 2650 1735 2675 et
1758 2641 1871 2682 dentes
1895 2640 2050 2673 molares:
2075 2648 2106 2672 et
2129 2640 2189 2671 ista
2213 2648 2289 2671 sunt
2311 2638 2434 2671 insolu-

1370 2688 1445 2722 bilia
1451 2701 1473 2729 ;1
1486 2687 1647 2732 quaedam
1663 2694 1773 2719 autem
1790 2684 2005 2728 coagulantur
2020 2683 2166 2716 absolute
2184 2694 2202 2715 a
2217 2682 2320 2716 calido
2338 2683 2433 2726 ignis,

1370 2742 1407 2766 ut
1430 2734 1554 2765 nitrum
1585 2740 1618 2764 et
1641 2730 1705 2763 sal:
1734 2739 1766 2763 et
1789 2729 1864 2762 talia
1888 2728 2053 2773 liquantur
2081 2727 2120 2760 ab
2157 2738 2240 2771 aqua
2263 2726 2378 2770 frigida
2401 2734 2434 2759 et

1351 2776 1516 2811 'humida
1542 2776 1583 2810 Et
1606 2775 1704 2808 huius
1728 2774 1810 2807 ratio
1834 2781 1900 2813 est,
1931 2784 2013 2817 quae
2037 2782 2135 2822 supra
2159 2771 2244 2804 dicta
2268 2779 2343 2821 est,
2358 2770 2434 2821 quia

1371 2822 1610 2855 contrariorum
1635 2817 1811 2852 effectuum
1835 2826 1912 2850 sunt
1936 2825 2114 2849 contrariae
2135 2826 2266 2847 causae:
2292 2823 2434 2857 s11g1tur

1371 2865 1514 2899 calidum
1538 2863 1733 2907 coagulavit,
1750 2861 1904 2905 frigidum
1928 2860 2040 2893 solvet.
2067 2858 2301 2892 Universaliter
2323 2859 2432 2902 itaque

1371 2909 1586 2954 coagulantur
1609 2919 1646 2941 ea
1669 2919 1752 2951 quae
1777 2915 1854 2939 sunt
1877 2914 1978 2938 terrea
2003 2903 2054 2936 vel
2078 2914 2180 2947 aquea
2206 2914 2224 2935 a
2247 2902 2432 2946 praedomi-

1370 2955 1444 2988 nio:
1470 2964 1574 2998 aquea
1598 2951 1813 2995 coagulantur
1843 2962 1861 2982 a
1883 2948 2019 2992 frigido,
2050 2948 2133 2980 sicut
2163 2946 2300 2990 glacies,
2329 2954 2432 2978 terrea

1371 3007 1482 3032 autem
1507 2996 1721 3040 coagulantur
1745 3007 1763 3028 a
1787 2993 1903 3032 calido,
1928 3001 1963 3025 ut
1986 2993 2118 3031 nitrum,
2143 2990 2235 3030 sales,
2258 2989 2381 3033 lapides
2401 2998 2433 3022 et

1370 3043 1503 3076 lateres:
1525 3049 1658 3085 propter
1675 3038 1764 3084 quod
1779 3038 1853 3071 talia
1870 3046 1947 3070 sunt
1961 3036 2065 3079 magis
2081 3044 2193 3074 terrea,
2210 3034 2300 3078 quod
2316 3045 2432 3066 eorum

1371 3087 1499 3120 salsedo
1519 3084 1672 3118 ostendit.
1698 3084 1795 3123 Quae
1819 3090 1928 3114 autem
1953 3088 2028 3113 sunt
2052 3090 2143 3112 aerea
2160 3090 2177 3111 a
2193 3078 2431 3122 praedominio,

1370 3143 1439 3164 non
1470 3138 1610 3174 possunt
1641 3126 1805 3170 coagulari
1840 3137 1947 3169 neque
1984 3123 2164 3167 liquefieri,
2195 3131 2232 3154 ut
2261 3130 2432 3165 argentum

1370 3177 1484 3208 vivum
1508 3183 1540 3207 et
1563 3173 1692 3212 oleum,
1717 3169 1807 3215 quod
1831 3181 1899 3202 non
1924 3167 2114 3211 coagulatur
2137 3177 2243 3210 neque
2271 3177 2289 3198 a
2312 3164 2431 3208 frigido

1370 3231 1477 3263 neque
1501 3229 1519 3250 a
1543 3216 1670 3255 calido,
1701 3224 1772 3247 tum
1803 3221 1937 3258 propter
1967 3223 2060 3244 suam
2087 3211 2328 3248 viscositatem,
2360 3218 2431 3241 tum

1370 3265 1468 3296 etiam
1485 3262 1561 3306 quia
1585 3269 1633 3293 est
1649 3263 1782 3292 naturae
1799 3268 1920 3297 aereae,
1937 3256 2030 3289 cuius
2046 3253 2223 3288 humiditas
2247 3253 2286 3286 de
2308 3252 2431 3286 difficili

1370 3308 1559 3341 desiccatur.
1574 3305 1614 3337 Et
1631 3312 1764 3348 propter
1778 3302 1841 3335 hoc
1859 3300 1970 3334 oleum
1986 3307 2174 3343 supernatat
2189 3309 2287 3341 super
2303 3308 2431 3341 aquam,

1370 3353 1446 3396 quia
1463 3348 1516 3383 aer
1531 3348 1720 3382 naturaliter
1743 3346 1844 3379 fertur
1867 3354 2006 3377 sursum.
2032 3344 2071 3376 In
2095 3350 2239 3375 rossatur
2262 3342 2370 3385 itaque
2392 3340 2430 3372 ab

1370 3394 1540 3434 ambobus,
1563 3392 1685 3425 scilicet
1708 3390 1813 3423 calido
1829 3398 1861 3422 et
1876 3387 2004 3432 frigido,
2029 3399 2062 3420 se
2107 3398 2124 3419 a
2140 3395 2256 3419 neutro
2281 3384 2430 3428 coagula-

1370 3449 1431 3472 tur.
1461 3439 1668 3481 Ingrossatur
1699 3436 1797 3468 etiam
1826 3433 1936 3466 oleum
1968 3440 2000 3465 et
2023 3430 2172 3470 albescit,
2203 3431 2230 3462 si
2258 3429 2351 3462 duret
2374 3439 2432 3472 per

1370 3484 1507 3526 longum
1531 3491 1661 3524 tempus
1693 3488 1724 3512 et
1751 3478 1806 3511 fiat
1834 3478 2022 3521 antiquum:
2055 3476 2256 3518 ingrossatur
2280 3472 2430 3523 quidem,

1371 3528 1447 3572 quia
1470 3525 1640 3559 recedente
1665 3523 1769 3556 calido
1798 3522 1973 3554 intrinseco
2002 3530 2056 3552 aer
2084 3518 2284 3551 convertitur
2311 3528 2345 3549 m
2369 3515 2430 3566 ele-

1370 3579 1519 3604 mentum
1543 3569 1704 3613 grossius,
1728 3566 1850 3599 scilicet
1873 3575 2026 3609 aqueum,
2055 3562 2187 3595 albescit
2211 3571 2331 3600 autem,
2356 3571 2431 3604 qula

1370 3623 1524 3658 evaporat
1548 3623 1690 3657 aqueum
1721 3620 1752 3644 et
1783 3619 1925 3643 terreum
1954 3607 2044 3652 quod
2071 3608 2174 3639 inerat
2196 3607 2295 3649 prius.
2327 3605 2430 3637 Aerea

2198 3667 2253 3700 17*
