2782 4134
1112 283 1224 319 CAP.
1255 282 1322 329 111,

251 374 349 400 aere.
381 362 628 399 Manifestum
659 369 714 398 est
733 361 836 398 enim
856 361 960 410 quod
980 362 1106 398 adhuc
1134 361 1321 410 quantitas

195 417 198 420 ⁴
252 415 347 453 aeris
376 415 540 452 multum
570 415 768 452 excederet
801 414 1068 462 aequalitatem
1097 414 1320 464 analogiae,

251 468 350 506 idest
363 467 633 518 proportionis,
650 479 750 516 quae
766 466 878 504 debet
894 479 976 504 esse
994 466 1210 504 communis
1225 467 1322 504 inter

252 523 454 569 elementa,
476 520 525 558 ad
546 521 621 557 hoc
649 521 755 570 quod
775 520 963 557 elementa
992 528 1274 557 conserventur.

308 575 342 611 8.
364 573 515 611 Deinde
546 585 634 610 cum
664 573 768 610 dicit:
797 574 849 609 Et
874 573 987 610 etiam
1006 573 1040 609 si
1066 574 1211 610 duobus
1239 580 1323 620 etc.3

253 627 418 666 ostendit
444 626 549 664 idem
587 634 774 675 quantum
813 625 862 663 ad
898 633 1116 674 utrumque.
1147 627 1197 662 Et
1225 626 1323 662 circa

251 682 328 718 hoe
364 681 442 717 duo
481 679 584 716 facit:
613 679 740 728 primo
777 678 885 728 ponit
917 678 1123 725 rationem3
1153 679 1322 716 secundo

253 733 417 771 excludit
445 732 641 782 quandam
670 732 964 780 cavillationem,
991 732 1059 768 ibi:
1089 732 1231 782 Differt
1256 744 1323 768 au-

251 793 325 824 tem
345 785 470 824 nihil*
499 793 567 823 etc.
584 807 608 814 -
624 785 724 823 Dicit
744 798 834 834 ergo
853 785 980 835 primo
1000 785 1107 835 quod
1124 784 1323 834 proportio

253 840 380 878 debita
409 840 686 877 elementorum
715 851 794 876 non
824 846 1009 887 servatur,
1030 838 1061 876 si
1088 845 1190 876 totus
1218 839 1343 875 locus

252 893 318 943 qui
347 899 403 930 est
434 892 585 930 medius
618 893 715 930 inter
746 900 886 929 terram
916 899 952 929 et
980 895 1210 952 supremum*
1240 903 1323 929 cae—

252 947 345 995 lum,
367 953 423 984 est
445 946 582 995 plenus
611 946 764 984 duobus
784 946 993 994 elementis,
1015 945 1181 983 scilicet
1173 957 1259 994 igne
1289 952 1324 982 et

252 1012 352 1038 aere.
383 999 485 1048 Quia
513 1000 636 1037 moles
659 1007 793 1048 terrae,
815 1000 854 1036 in
874 1012 950 1049 qua
978 999 1192 1036 continetur
1211 998 1324 1036 etiam

219 1053 380 1091 omnis
416 1065 539 1102 aquae
567 1053 790 1100 multitudo,
821 1053 930 1103 quasi
949 1052 969 1075 '¹‘
997 1053 1100 1090 nulla
1127 1064 1216 1102 pars
1245 1058 1321 1099 est

251 1106 399 1146 habens
413 1106 705 1156 proportionem
721 1106 771 1144 ad
789 1114 909 1144 totam
924 1106 1228 1155 magnitudinem
1243 1118 1323 1142 am-

252 1159 440 1202 bientium
455 1173 675 1221 corporum,
693 1173 781 1198 curn
797 1160 847 1198 ad
863 1161 986 1198 solam
1001 1159 1175 1197 ultimam
1189 1159 1324 1208 sphae-

224 1213 549 1271 tgtpsptineat
572 1214 700 1252 vicem
729 1213 880 1264 puncti,
910 1214 1124 1251 secundum
1153 1220 1324 1250 astrono-

252 1279 352 1305 mos.
387 1267 574 1305 Videmus
603 1275 732 1305 autem
765 1267 898 1317 quod,
928 1278 1016 1304 cum
1044 1278 1091 1303 ex
1123 1278 1224 1314 aqua
1256 1278 1326 1314 per

200 1329 203 1332 *
253 1320 572 1370 disgregationem
602 1321 682 1359 sive
712 1320 1000 1358 rarefactionem
1028 1319 1072 1356 fit
1099 1331 1184 1366 aer,
1215 1326 1280 1356 aut
1306 1318 1326 1340 ’¹‘

253 1385 300 1420 ex
327 1386 416 1412 aere
444 1374 561 1423 ignis,
591 1387 670 1412 non
700 1382 755 1412 est
782 1382 862 1412 tam
899 1374 1111 1411 immensus
1149 1384 1327 1410 excessus

253 1427 481 1479 quantitatis,
513 1429 676 1478 Oportet
703 1435 832 1466 autem
862 1427 912 1465 ad
939 1427 1014 1464 hoc
1042 1426 1148 1476 quod
1175 1438 1326 1463 conser—

253 1488 366 1519 vetur
385 1481 512 1520 debita
530 1482 729 1532 proportio
749 1481 789 1519 in
808 1480 1017 1528 elementis,
1035 1480 1142 1528 quod
1161 1479 1325 1517 eandem

259 1654 261 1656 ·
308 1640 563 1682 11.)proportione.-
573 1639 830 1673 proportionalitate
848 1641 901 1665 ΑΒ.
921 1640 1021 1665 Sensus
1035 1645 1089 1664 est.
1109 1639 1170 1672 quia
1183 1639 1327 1664 secundum

305 1676 444 1711 peduclem
461 1676 527 1701 inter
545 1677 676 1702 elementa
690 1677 767 1702 debet
785 1683 846 1701 esse
864 1675 998 1708 proportio
1012 1675 1100 1708 quoad
1117 1675 1249 1704 virtutem.
1269 1675 1327 1699 ideo

1352 281 1504 321 LECT.
1536 282 1585 318 111
2369 279 2443 316 333

1376 361 1573 407 rationem,
1594 360 1691 398 idest
1717 360 2022 409 proportionem,
2043 359 2182 396 habeat
2210 359 2306 395 haec
2323 371 2443 407 parva

1377 426 1476 463 aqua
1505 413 1554 451 ad
1582 425 1711 450 aerem
1740 413 1881 450 factum
1911 425 1956 450 ex
1985 413 2078 462 ipsa,
2101 419 2137 449 et
2164 419 2242 449 tota
2271 424 2370 460 aqua
2395 412 2443 449 ad

1376 474 1498 504 totum
1515 479 1662 514 aerem;
1682 473 1723 504 ut
1735 466 1912 504 videlicet
1925 466 1945 488 '¹‘
1965 473 2150 515 quantum
2167 465 2312 502 excedit
2326 478 2445 514 quan·
2472 474 2481 483 ·

1375 517 1460 557 tita‘s
1488 520 1585 558 aeris
1613 520 1863 570 quantitatem
1891 531 2014 568 aquae
2044 531 2089 556 ex
2118 531 2193 568 qua
2221 519 2275 566 fit,
2296 525 2442 555 tanturn

1377 573 1535 610 excedat
1562 573 1601 610 in
1631 574 1778 611 mundo
1807 573 1995 622 quantitas
2029 572 2143 610 totius
2172 571 2268 609 aeris
2298 572 2444 621 quanti-

1376 634 1494 663 tatem
1522 627 1638 664 totius
1667 639 1800 676 aquae.

1431 692 1466 727 9.
1497 679 1646 717 Deinde
1675 692 1762 718 cum
1788 679 1896 718 dicit:
1925 679 2068 730 Differt
2092 684 2218 715 autem
2247 678 2340 715 nihil
2360 685 2444 724 etc.‚

1378 732 1542 769 excludit
1556 733 1750 781 quandam
1771 732 2067 771 cavillationem:
2090 732 2219 769 dicens
2234 731 2340 780 quod
2354 731 2444 768 nihil

1379 785 1503 822 differt
1522 785 1571 822 ad
1590 786 1829 835 propositum
1848 786 1879 823 si
1899 787 1983 836 quis
2003 786 2113 834 dicat,
2129 785 2342 823 secundum
2364 784 2445 833 opi-

1377 838 1534 876 nionem
1554 839 1812 887 Empedoclis,
1833 841 1939 889 quod
1959 840 2146 877 elementa
2164 851 2244 876 non
2262 850 2444 886 generan-

1378 899 1438 928 tur
1467 903 1512 928 ex
1549 891 1727 930 invicem.
1764 893 1926 942 Oportet
1959 893 2087 940 enim,
2117 891 2330 930 secundum
2365 891 2445 928 eius

1379 944 1603 994 opinionem
1621 974 1630 992 ‚
1665 946 1852 982 elementa
1881 959 1962 983 esse
1992 946 2180 996 aequaliav
2196 945 2445 994 proportione

1377 998 1535 1036 virtutis.
1567 999 1677 1036 Unde
1706 999 1759 1035 sic
1787 1007 1937 1048 oportet
1974 1000 2078 1049 quod
2108 1006 2357 1036 conservetur
2383 1010 2445 1035 ae-

1379 1051 1538 1101 qualitas
1571 1052 1818 1100 proportione
1837 1058 1857 1080 ¹⁴
1883 1053 2029 1090 virtutis
2058 1053 2095 1090 in
2123 1051 2446 1101 magnitudinibus

1379 1106 1670 1152 elementorum,
1691 1105 1722 1142 si
1741 1118 1820 1142 non
1839 1114 2066 1154 generantur
2085 1118 2130 1143 ex
2153 1106 2330 1153 invicem,
2352 1105 2448 1142 sicut

1380 1158 1410 1196 si
1438 1165 1719 1207 generarentur.

1434 1211 1582 1249 Deinde
1611 1211 1791 1260 recolligit
1819 1213 1925 1260 quod
1954 1196 2096 1250 dictum
2127 1220 2193 1260 est,
2215 1211 2447 1249 concludens

1381 1277 1426 1302 ex
1456 1265 1563 1302 dictis
1591 1265 1835 1302 manifestum
1868 1278 1950 1302 esse
1985 1266 2091 1314 quod
2118 1278 2244 1314 neque
2273 1277 2338 1302 aer
2365 1272 2445 1301 tan-

1379 1326 1462 1356 tum
1490 1319 1611 1367 replet
1637 1318 1809 1355 medium
1830 1319 1956 1356 locum
1976 1319 2040 1368 qui
2061 1326 2116 1356 est
2134 1319 2229 1356 inter
2247 1326 2386 1356 terram
2408 1325 2445 1354 et

1381 1384 1580 1421 supremas
1609 1372 1753 1420 stellas,
1782 1385 1908 1421 neque
1936 1372 2051 1421 ignis:
2081 1372 2150 1410 sed
2176 1379 2325 1422 praeter
2352 1372 2448 1408 haec
2503 1378 2505 1380 “

1382 1425 1459 1462 duo
1481 1426 1682 1473 elementa,
1699 1433 1848 1474 oportet
1867 1438 1982 1475 super
2000 1426 2081 1474 ipsa
2101 1438 2183 1463 esse
2205 1437 2342 1474 corpus
2363 1436 2447 1460 cae-

1381 1479 1485 1527 leste,
1515 1479 1621 1528 quod
1648 1479 1795 1516 nullum
1824 1479 2045 1516 inferiorum
2074 1486 2130 1515 est
2158 1479 2447 1516 elementorum.

1382 1643 1408 1663 et
1422 1638 1714 1671 proportionalitatem,
1733 1638 1830 1663 videsis
1850 1646 1872 1662 s.
1886 1637 2025 1666 Thomam,
2038 1637 2104 1662 inter
2118 1637 2166 1662 alia
2181 1637 2246 1668 loca,
2259 1637 2310 1669 Qq.
2329 1637 2450 1670 Disputt„

1384 1674 1425 1699 De
1443 1673 1563 1703 Veritat„
1583 1681 1627 1706 qu.
1642 1673 1804 1703 n‚artic.111‚
1821 1674 1852 1698 ad
1865 1681 1891 1705 4,
1906 1678 1932 1698 et
1950 1673 2019 1697 artic.
2034 1680 2059 1697 xr
2074 1680 2223 1705 corpore.—
2204 1672 2271 1697 —Ibi
2286 1672 2355 1697 sicut
2367 1673 2391 1697 si
2403 1680 2451 1706 ge-

253 1711 334 1746 hbet
349 1719 410 1737 etse
427 1712 562 1753 proportio
580 1712 658 1737 etiam
676 1712 702 1737 in
721 1711 941 1745 magnitudinibus
965 1711 1170 1741 elementorum,
1189 1710 1245 1735 sive
1263 1709 1327 1735 haec
1382 1713 1552 1739 ner-arentur,
1572 1714 1633 1742 post
1650 1709 1686 1739 si,
1707 1709 1779 1742 quod
1792 1710 1813 1734 B
1832 1717 1894 1738 om..
1909 1710 1931 1733 A
1946 1709 2003 1734 add.
2018 1708 2174 1734 adinvicem.
2189 1721 2207 1729 ›-
2220 1709 2271 1733 Pro
2287 1707 2391 1733 Deinde
2410 1716 2451 1734 re-

253 1752 412 1784 generentur
429 1755 461 1773 ex
478 1747 589 1773 invicem
609 1747 664 1773 sive
678 1756 740 1773 non.
752 1747 877 1778 -Quoad
892 1747 1031 1772 discrimen
1045 1746 1112 1771 inter
1120 1746 1326 1779 proportionem
1382 1745 1494 1779 colligit,
1518 1745 1616 1770 Ultimo
1634 1748 1724 1770 autem
1742 1744 1846 1778 colligit
1863 1727 1916 1769 Ai3.

2497 474 2586 495 scilicet
2598 480 2622 495 Α.
