2690 4062
1039 225 1152 264 cAP.
1183 228 1218 274 1,
1248 226 1402 264 LEcT-.·
1425 228 1441 264 1

156 301 247 347 quod
276 301 402 335 dictum
433 310 500 342 est,
519 301 644 335 scilicet
660 301 751 354 quod
771 311 820 335 est
838 304 973 336 materia
992 315 1058 337 una
1081 304 1226 338 subiecta

156 346 337 386 contrariis,
353 346 423 378 inse
449 345 578 379 arabilis
597 345 636 379 ab
653 357 710 387 e1s,
727 347 804 391 quia
819 357 950 391 semper
969 357 1019 381 est
1033 359 1110 381 cum
1125 348 1226 382 altero

156 390 406 424 contrariorum.
458 398 471 423 t
494 389 560 423 hoc
578 390 698 434 probat
719 401 779 435 per
794 390 870 431 hoc,
889 391 980 435 quod
997 392 1141 425 caliditas
1158 404 1226 426 non

155 442 266 479 potest
281 445 352 467 esse
368 434 505 467 materia
520 433 718 478 frigiditatis,
729 445 791 467 nec
807 446 825 468 e
840 445 1013 476 converso,
1025 436 1083 470 sed
1097 445 1227 481 oportet

155 477 198 512 ali
222 477 291 512 uod
313 489 386 511 esse
409 478 561 519 tertium,
585 487 622 511 ut
645 477 766 512 dicitur
788 479 823 511 in
851 479 919 513 XII
942 479 1112 526 Metaphya
1135 489 1170 514 et
1191 482 1227 515 in

155 523 172 557 I
259 522 323 563 sic„
344 521 436 567 quod
452 530 502 556 est
525 521 711 556 subiectum
728 522 903 556 amborum
922 525 1174 565 contrariorum,
1193 533 1228 558 et

155 566 196 601 de
212 578 283 600 uno
297 574 536 600 transmutatur
551 566 585 600 in
602 566 700 600 aliud.
717 567 760 600 Et
771 566 848 600 ideo
863 568 1009 611 primum
1025 569 1227 612 principium

155 619 206 645 est
228 610 280 652 id,
309 610 400 656 quod
423 619 474 644 est
495 611 645 655 potentia
667 622 790 656 corpus
813 611 988 645 sensibile:
1018 621 1051 645 et
1074 611 1154 646 illud
1178 622 1228 646 est

155 655 290 689 materia
313 656 379 689 iam
395 654 493 689 dicta.
510 654 703 689 Secundum
725 666 807 689 vero
829 656 934 700 princi
960 656 1030 689 ium
1053 664 1131 689 sunt
1150 666 1227 690 con-

154 700 334 734 trarietates
368 699 563 744 qualitatum
594 699 834 743 distinguentes
865 709 899 733 et
951 700 1183 733 eterminantes
1210 711 1227 735 Υ

179 745 339 778 otentiam
361 744 527 785 materiae,
545 743 637 777 verbi
659 745 763 788 gratia
787 743 932 778 caliditas
952 753 986 778 et
1007 743 1177 789 frigiditas,
1194 754 1227 778 et

147 755 531 832 ’Βιάιιεαιᾳάἰ-,Τειτίιιω
554 788 620 822 iam
637 789 705 822 erit
723 788 926 823 elementum
948 790 1168 823 constitutum
1187 801 1227 822 ex

52 856 55 863 .
84 808 123 856 ²„ss
154 828 219 875 his,
230 832 428 878 putaignis,
448 831 503 868 vel
516 843 613 878 aqua,
632 831 685 867 vd
704 832 908 867 huiusmodi.
932 833 975 867 Et
989 833 1044 867 illa
1064 833 1227 867 elementa

155 884 416 911 transmutantur
438 875 634 918 adinvicem,
651 876 733 911 dum
751 889 869 912 eorum
887 878 1076 912 communis
1092 879 1227 912 materia

89 938 122 948 ”“
174 947 222 967 «μ’,
249 950 311 965 .

241 979 245 986 ,

154 991 206 1010 012)
251 988 264 1003 ‘-

2255 242 2352 267 xxvu

1282 313 1430 338 mutatur
1442 304 1483 338 de
1495 315 1561 338 una
1577 306 1682 339 forma
1695 306 1728 338 in
1742 305 1849 346 aliam,
1866 315 1903 339 ut
1915 307 1955 340 de
1971 307 2046 351 igne
2059 308 2094 340 in
2106 307 2246 341 formam
2259 309 2352 349 aeris,

1283 358 1315 382 et
1338 348 1488 383 similiter
1505 349 1545 383 de
1569 349 1651 383 aliis.
1669 350 1767 384 Unde
1786 361 1855 383 non
1875 359 1924 384 est
1941 363 2057 384 verum
2082 351 2171 396 quod
2187 352 2353 397 Empedo-

1283 393 1348 427 cles
1365 393 1447 427 dixit
1462 403 1494 427 et
1511 394 1647 446 quidam
1664 394 1730 436 alii,
1743 394 1867 428 scilicet
1882 395 1973 440 quod
1990 395 2152 429 elementa
2167 408 2235 430 non
2252 406 2354 430 trans-

1282 446 1463 471 mutantur.
1492 438 1528 472 Si
1556 439 1645 472 enim
1668 438 1885 473 immutabilia
1908 448 2002 480 sunt,
2026 449 2063 473 ut
2092 440 2182 485 quod
2212 441 2314 474 semel
2337 441 2352 458 *

1282 481 1344 514 fuit
1364 482 1452 525 ignis
1477 494 1608 534 semper
1631 484 1674 516 sit
1696 483 1794 527 ignis,
1810 492 1890 517 tunc
1913 495 1983 517 nun
2008 496 2085 517 uam
2109 493 2195 518 esset
2217 497 2352 529 genera-

1282 527 1331 558 tio
1353 537 1416 559 nec
1431 526 1598 560 akei-ano:
1618 526 1710 572 quod
1729 536 1779 561 est
1801 527 1974 562 manifeste
2005 528 2122 569 alsum,
2142 530 2218 574 quia
2237 541 2352 562 secun-

1283 569 1363 603 dum
1383 571 1646 605 contrarietatem
1662 581 1923 606 transmutantur
1929 585 1940 614 ;
1959 573 2045 606 sicut
2058 572 2210 606 videmus
2227 573 2268 607 ad
2283 585 2353 607 sen-

1283 625 1368 655 sum,
1386 614 1477 659 quod
1501 615 1615 649 eadem
1639 617 1774 650 materia
1793 628 1877 661 quae
1907 628 1997 650 nunc
2021 626 2070 650 est
2093 617 2154 651 sub
2178 617 2352 661 frigiditate

1283 669 1404 701 aquae,
1429 658 1606 703 aliquando
1631 669 1680 693 est
1708 660 1769 694 sub
1801 660 1963 695 caliditate
1986 662 2086 695 aeris:
2106 670 2139 695 et
2163 662 2254 707 quod
2285 671 2353 695 erat

1282 701 1343 734 sub
1361 702 1523 736 caliditate
1540 705 1633 744 aeris,
1646 703 1825 749 aliquando
1838 714 1888 739 est
1899 705 1959 739 sub
1975 705 2137 740 caliditate
2153 707 2249 750 ignis.
2264 706 2352 740 Cum

1283 757 1362 823 2150
1386 746 1579 780 huiusmodi
1604 748 1774 792 qualitates
1790 759 2034 795 consequantur
2055 749 2178 784 formas
2202 750 2352 784 substan-

1298 790 1305 796 '
1341 800 1376 823 es
1393 790 1634 824 elementorum
1653 793 1737 826 sicut
1753 793 1889 827 effectus
1909 805 2052 836 causam,
2065 795 2214 840 sequitur
2229 794 2245 812 *
2261 794 2352 840 quod

1283 835 1311 867 si
1333 833 1391 868 fiat
1410 836 1641 869 transmutatio
1667 837 1813 880 ipsarum
1841 838 2053 883 qualitatum,
2077 838 2168 884 quod
2193 848 2292 873 etiam
2316 838 2353 872 fit

1282 879 1515 912 transmutatio
1539 880 1574 913 in
1598 879 1711 914 formis
1736 881 2013 917 substantialibus.

154 1010 518 1063 -aiwjinaemasmm,
534 1043 554 1050 —
571 1030 630 1055 Hoc
646 1037 703 1055 om.
721 1030 774 1060 Ca,
792 1030 841 1055 sed
858 1030 958 1056 obtinet
975 1031 1002 1056 in
1020 1031 1051 1056 Β.
1069 1031 1186 1056 Alba-to.
1203 1045 1223 1050 -
1241 1031 1305 1057 Post
1329 1034 1394 1057 duas
1413 1032 1495 1058 lineas
1522 1039 1570 1066 pto
1592 1033 1628 1058 Et
1646 1034 1698 1059 1⁶11ae
1712 1034 1841 1059 elementa
1863 1038 2082 1062 transmutantur
2098 1037 2118 1062 P
2139 1036 2230 1062 habet:
2253 1040 2280 1063 et
2297 1037 2353 1062 alia

143 1063 289 1099 ‚mm
302 1071 373 1099 guae
384 1068 624 1098 ,transmutantur;
642 1073 692 1100 pro
711 1065 758 1091 ma
776 1066 836 1096 edd.
850 1066 894 1092 ab
912 1067 1003 1100 legunt
1024 1067 1089 1097 alia,
1108 1066 1225 1092 Ctalia.

153 1125 215 1145 11¹5»

2381 446 2389 454 ·
2409 445 2446 466 sol
2460 446 2496 468 ed.
2511 452 2542 473 a,
2557 452 2596 468 so-

2380 472 2429 493 lum
2444 472 2479 494 νὺ,

2380 801 2393 848 ἑ
2407 800 2528 823 dicendum
2539 801 2593 823 add.
