2782 4134
55 588 209 617 ·Cf.1eet.v1,
220 595 264 611 n.1.

0 618 7 649 i

51 746 64 759 ⁹
76 745 139 767 Lect.
149 751 173 771 v,
187 750 210 767 n.
226 750 246 772 7.

80 2072 203 2143 ὤμ’..

79 2161 144 2197 a..

67 2330 92 2363 ,νῇ
115 2344 117 2346 ,
137 2344 154 2347 .,
183 2336 232 2357 „m
239 2336 270 2353 Λα

64 2383 270 2416 flauum,

127 2656 179 2694 f.

73 2813 121 2826 rw.

122 2808 271 2863 ν.Ιῐῐ;8..’Ῑ“11

156 2884 175 2942 ‘t

1157 292 1269 329 CAP.
1299 291 1366 339 lv,
1397 291 1549 328 LECT.
1578 292 1614 327 x

364 384 376 415 ς
426 375 734 419 ..,··,.ὀ3ῐςι]αῐη
766 369 1020 417 Philosophus
1054 370 1218 407 ostendit
1240 382 1357 419 quare

413 431 443 474 J'i
466 420 469 422 ’
526 459 528 462 ,
526 428 614 460 est
641 423 833 472 quaedam
861 422 1053 469 generatio
1081 423 1297 471 simpliciter
1324 430 1358 459 et

414 481 449 506 Ψ
504 478 511 491 ““
508 477 543 542 ἓ
558 476 750 525 quaedam
770 476 983 512 secundum
1003 475 1106 523 quid,
1122 475 1184 511 hic
1207 476 1359 524 inquirit

358 519 387 559 ἕ
414 526 457 559 4
449 519 518 569 ΝΕ)
560 530 607 566 de
636 528 846 566 differentia
877 528 1129 575 generationis
1162 535 1198 564 et
1230 530 1359 565 altera-

294 581 406 619 tionis
421 582 452 619 ²¹⁶.
482 583 532 619 Et
549 581 675 630 primo
697 581 850 630 exponit
874 593 984 617 suam
1012 580 1275 628 intentionem,
1306 581 1359 618 di-

295 647 386 672 cens
413 634 518 683 quod
547 634 752 672 dicendum
781 641 837 670 est
865 633 913 670 de
940 633 1184 680 generatione
1213 640 1249 669 et
1272 634 1360 669 alte-

294 687 460 734 ratione,
501 686 700 735 quomodo
739 686 914 723 differant
946 685 1182 723 adinvicem:
1219 693 1256 722 et
1287 686 1361 722 hoc

293 739 395 786 ideo,
424 739 514 788 quia
543 739 718 787 superius
735 738 756 760 '¹‘
784 739 928 776 dictum
957 738 1026 775 fuit
1045 739 1150 787 quod
1169 738 1360 786 generatio

296 800 332 829 et
363 791 532 829 alteratio
566 799 653 828 sunt
685 791 860 829 diversae
892 791 1224 828 transmutationes
1257 790 1362 827 adin-

294 845 433 882 vicem.

350 897 530 935 Secundo
558 897 628 934 ibi:
662 897 850 939 Quoniam
879 897 996 946 igitur
1023 903 1078 933 est
1109 896 1214 933 aliud
1243 896 1363 932 subie-

295 956 396 989 ctum
412 958 496 997 etc.,
513 950 710 998 exequitur
722 949 965 998 propositum
979 949 1011 986 ²⁸.
1033 951 1082 986 Et
1095 949 1220 998 primo
1236 956 1362 985 osten-

297 1003 350 1042 dit
381 1002 402 1024 *
439 1003 693 1040 differentiam
734 1002 986 1050 generationis
1029 1010 1065 1039 et
1108 1001 1362 1049 alterationis,

297 1063 483 1106 quantum
522 1056 571 1093 ad
607 1055 648 1093 id
683 1055 895 1093 secundum
933 1055 1039 1104 quod
1074 1063 1280 1103 utrumque
1310 1062 1365 1091 est

295 1108 586 1154 transmutati03
628 1109 798 1145 secundo
835 1116 1021 1157 quantum
1063 1109 1113 1145 ad
1150 1108 1362 1144 subiectum

297 1162 505 1221 utriusque,
525 1161 597 1198 ibi:
632 1162 791 1203 Quando
811 1162 960 1210 quidem
980 1161 1097 1211 igitur
1114 1160 1134 1182 '¹‘
1154 1168 1223 1197 etc.
1254 1160 1364 1197 Circa

295 1214 474 1264 primum
490 1215 581 1254 duo
614 1214 716 1251 facit:
749 1214 874 1263 primo
908 1213 1074 1251 ostendit
1113 1213 1365 1250 differentiam

279 1267 550 1316 generationis
592 1275 628 1304 et
674 1267 933 1314 alterationis3
975 1266 1144 1304 secundo
1191 1273 1367 1303 removet

297 1320 491 1370 quandam
521 1320 817 1367 dubitationem,
847 1320 920 1356 ibi:
949 1321 996 1356 In
1021 1319 1078 1356 his
1096 1324 1222 1356 autem
1249 1319 1283 1355 si
1299 1318 1366 1355 ali-

296 1384 372 1422 qua
391 1373 411 1394 '¹‘
431 1380 499 1409 etc.
516 1379 534 1394 α
554 1373 664 1410 Circa
682 1373 850 1422 primum
876 1372 953 1410 duo
973 1371 1077 1409 facit:
1097 1371 1220 1420 primo
1241 1379 1366 1408 osten-

298 1425 352 1464 dit
377 1425 417 1463 in
444 1426 583 1475 quibus
611 1426 658 1462 sit
684 1425 870 1472 alteratio;
899 1425 1069 1463 secundo
1089 1424 1128 1461 in
1155 1424 1294 1472 quibus
1323 1424 1368 1460 sit

296 1479 502 1528 generatio,
529 1478 602 1516 ibi:
636 1479 794 1521 Quando
822 1484 948 1516 autem
975 1483 1091 1514 totum
1111 1477 1131 1499 '¹‘
1159 1485 1229 1514 etc.

352 1543 388 1569 2.
401 1531 511 1569 Circa
523 1531 692 1580 primum
705 1531 783 1568 duo
799 1531 992 1580 supponit.
1004 1531 1182 1577 Quorum
1197 1530 1366 1578 primum

297 1592 366 1631 est,
387 1584 493 1634 quod
511 1584 615 1621 aliud
634 1591 691 1621 est
709 1584 935 1631 subiectum,
958 1590 994 1620 et
1008 1583 1110 1620 aliud
1124 1583 1251 1632 passio
1267 1595 1366 1631 quae

296 1644 386 1677 nata
405 1645 462 1674 est
480 1636 554 1674 dici
572 1636 621 1674 de
640 1637 824 1684 subiecto,
845 1637 938 1674 sicut
957 1636 1137 1674 differunt
1159 1636 1368 1674 substantia

297 1697 335 1737 et
362 1689 550 1727 accidens.
586 1690 809 1727 Secundum
837 1698 912 1737 est,
942 1689 1047 1739 quod
1077 1689 1258 1737 contingit
1283 1688 1301 1718 β
1328 1689 1367 1726 in

260 1772 263 1773 ⁷
295 1750 460 1792 utroque
479 1743 620 1780 horum
641 1755 723 1780 esse
743 1742 1116 1780 transmutationem:
1138 1754 1228 1779 nam
1247 1755 1367 1790 quan-

259 1823 262 1825 -
298 1795 427 1844 doque
454 1795 498 1833 fit
524 1796 787 1833 transmutatio
807 1795 846 1832 in
865 1796 948 1845 ipsa
971 1795 1178 1832 substantia
1197 1795 1365 1843 subiecti,

295 1848 529 1899 quandoque
559 1856 688 1886 autem
715 1848 754 1885 in
782 1849 872 1897 ipsis
901 1848 1168 1886 accidentibus.

352 1901 422 1939 His
438 1914 528 1949 ergo
544 1901 760 1950 suppositis,
781 1902 972 1949 subiungit
990 1901 1095 1950 quod
1115 1901 1282 1939 alteratio
1300 1909 1365 1949 est,

297 1955 452 2005 quando
477 1962 608 1992 manet
625 1955 729 1992 idem
759 1955 971 1992 subiectum
1000 1954 1198 1991 sensibile:
1229 1954 1366 1992 scilicet

297 2009 471 2057 quando,
502 2009 603 2045 nulla
638 2008 954 2045 transmutatione
982 2007 1021 2044 in
1050 2007 1129 2044 eius
1158 2007 1366 2044 substantia

296 2061 410 2109 facta,
439 2061 483 2098 fit
509 2061 773 2098 transmutatio
795 2066 809 2087 ⁷
837 2061 876 2098 in
903 2060 1146 2110 passionibus
1175 2060 1266 2108 eius,
1297 2061 1365 2097 sci-

295 2114 381 2152 licet
407 2113 447 2151 in
475 2113 715 2163 qualitatibus
743 2114 872 2163 ipsius.
909 2114 993 2150 Nec
1020 2113 1040 2135 '³‘
1070 2121 1125 2150 est
1153 2113 1365 2151 differentia

293 2174 484 2216 quantum
513 2167 561 2204 ad
588 2168 684 2214 hoc,
717 2174 846 2204 utrum
874 2167 895 2189 ’¹‘
921 2167 987 2204 fiat
1014 2166 1277 2204 transmutatio
1307 2180 1365 2204 se-

298 2219 469 2266 cundum
497 2219 685 2257 contraria
704 2227 883 2267 extrema,
903 2220 967 2257 vel
985 2219 1200 2256 secundum
1219 2220 1364 2266 media;

295 2280 390 2322 puta
415 2280 545 2310 utrum
575 2273 622 2310 de
650 2273 738 2310 albo
767 2273 806 2310 in
825 2273 986 2321 nigrum,
1014 2273 1078 2309 vel
1107 2272 1155 2309 de
1179 2273 1299 2310 rubeo
1327 2273 1366 2310 in

296 2325 494 2376 pallidum.
523 2326 637 2363 Ponit
665 2333 793 2362 autern
824 2326 901 2363 duo
932 2326 1127 2374 exempla:
1156 2325 1326 2385 primurn
1345 2325 1366 2347 ’¹‘

297 2379 438 2416 scilicet
458 2391 546 2416 cum
563 2391 701 2428 corpus
722 2379 907 2426 animalis,
923 2378 1026 2416 idem
1045 2391 1206 2416 manens
1215 2379 1246 2426 *,
1262 2379 1366 2428 prius

298 2439 355 2471 est
382 2444 520 2469 sanum
550 2440 586 2469 et
613 2440 747 2481 postea
779 2432 1014 2478 infirmatur;
1043 2432 1256 2469 secundum
1290 2439 1364 2479 est,

296 2485 405 2535 quod
439 2497 504 2522 aes
537 2492 602 2522 aut
636 2485 736 2522 aliud
772 2486 969 2522 metallum
995 2483 1026 2532 ⁸,
1055 2484 1159 2522 idem
1186 2497 1364 2532 manens,

296 2538 531 2588 quandoque
557 2546 613 2575 est
633 2538 840 2575 rotundum
862 2546 898 2576 et
917 2538 1150 2587 quandoque
1173 2538 1364 2586 angulare,

296 2592 360 2632 vel
387 2592 544 2639 angulos
571 2591 730 2629 habens.

352 2645 402 2681 Et
435 2652 491 2681 est
527 2644 806 2682 advertendum
840 2651 850 2665 ⁸
886 2644 990 2693 quod
1023 2643 1193 2693 primum
1226 2644 1366 2681 horum

299 2698 565 2746 exemplorum
592 2698 756 2747 pertinet
783 2698 832 2735 ad
858 2698 1025 2747 primam
1055 2696 1222 2746 speciem
1250 2697 1367 2746 quali-

298 2750 396 2797 tatis,
417 2751 629 2797 secundum
658 2758 787 2788 autem
817 2751 865 2788 acl
894 2758 1090 2799 quartam.
1121 2762 1209 2786 cum
1237 2758 1368 2787 tamen

296 2803 556 2853 Philosophus
584 2803 623 2840 in
641 2804 711 2840 Vll
730 2804 880 2852 Physzc.
900 2803 920 2825 '¹‘
938 2804 1076 2852 probet
1104 2803 1241 2851 quod
1234 2816 1273 2840 in
1292 2803 1366 2852 pri-

299 2869 366 2894 ma
394 2864 430 2894 et
449 2864 582 2916 quarta
610 2856 736 2905 specie
757 2856 944 2904 qualitatis
967 2869 1047 2893 non
1076 2863 1132 2892 est
1159 2863 1287 2892 motus
1316 2857 1366 2893 al-

299 2909 492 2947 terationis
521 2910 554 2957 ζ,
593 2910 662 2947 sed
699 2911 823 2947 solum
862 2910 902 2946 in
937 2909 1065 2956 tertia,
1100 2921 1198 2957 quae
1233 2909 1367 2946 dicitur

304 3034 306 3038 v
354 3023 381 3056 α)
404 3023 482 3048 Circa
499 3024 653 3056 primum...
672 3024 696 3048 si
714 3023 805 3056 aliqua
824 3026 872 3048 etc.
884 3037 903 3042 -
922 3024 978 3048 Hoc
997 3024 1146 3048 membrum
1165 3024 1296 3048 divisionis
1315 3031 1369 3048 om.

299 3058 392 3088 Peab‚·
411 3058 443 3083 cf.
463 3067 535 3083 num.
551 3058 573 3083 5.

354 3092 381 3126 β)
402 3094 556 3124 Quorum...
570 3094 711 3127 contingit.
730 3107 749 3112 -
768 3094 888 3124 Quorum
901 3094 1022 3126 primum
1038 3097 1078 3119 est
1095 3094 1239 3119 subiectum
1254 3098 1281 3119 et
1293 3094 1370 3119 aliud

295 3129 422 3162 passio..
436 3129 596 3159 Secundum,
616 3129 688 3162 quod
705 3129 839 3162 contingit
852 3130 875 3153 A
881 3137 888 3160 ;
907 3137 962 3154 om.
981 3137 1076 3163 nempe
1094 3129 1194 3154 homot.
1208 3129 1280 3162 quod
1293 3129 1370 3154 aliud

300 3168 348 3195 est,
368 3170 394 3190 et
407 3166 499 3190 iterum
514 3168 555 3190 est
569 3169 627 3189 ante
641 3164 713 3197 quod
727 3164 868 3198 contingit.
881 3177 901 3183 -
914 3165 964 3189 Pro
979 3165 1005 3189 in
1021 3168 1134 3198 utroque
1145 3165 1249 3195 horum,
1265 3168 1369 3189 utrum—

300 3207 351 3233 que
368 3207 460 3226 eorum
479 3200 542 3230 Cab,
562 3205 588 3225 et
605 3200 751 3232 praemisso
769 3200 814 3230 ad,
834 3200 863 3224 P.
877 3213 896 3217 -
915 3200 974 3225 Mox
991 3200 1103 3225 subiecti
1120 3204 1146 3225 et
1164 3200 1231 3235 ipsis
1247 3200 1368 3224 omittunt

354 3270 381 3304 γ)
401 3270 500 3296 seilicet
522 3270 643 3302 quando.
664 3270 769 3294 nulla...
788 3270 826 3302 fit
845 3270 1045 3295 transmutatio.
1063 3284 1082 3289 -
1099 3270 1199 3295 scilicet
1217 3270 1323 3295 nulla...
1342 3273 1369 3294 et

294 3306 332 3340 fit
355 3306 548 3331 transmutatio
566 3306 603 3335 Α;
629 3305 737 3337 quando
761 3313 814 3329 om.
834 3305 897 3329 cab.
915 3319 934 3323 —
953 3305 1004 3329 Pro
1029 3306 1056 3330 in
1079 3305 1252 3338 qualitatibus
1271 3305 1366 3337 ipsius,

300 3341 460 3374 aliqualibus
480 3340 563 3373 ipsius
581 3340 645 3369 cab,
664 3340 838 3372 qualitatibus
856 3339 921 3372 ipsis
939 3340 968 3365 Ρ.

355 3375 381 3409 ὅ)
399 3383 445 3400 aes
464 3379 513 3400 aut
530 3374 607 3399 aliud
625 3375 770 3400 metallum.
788 3388 807 3394 -
824 3377 854 3410 et,
869 3374 944 3399 aliud
962 3375 1105 3400 secundum
1125 3375 1260 3400 metallum
1281 3375 1321 3399 ed.
1335 3382 1352 3399 a
1358 3382 1368 3404 ,-

302 3418 348 3436 aes
366 3411 408 3436 vel
426 3411 561 3435 metallum
581 3409 612 3441 C;
631 3417 685 3440 aes,
704 3409 774 3434 alias
792 3410 927 3434 metallum
947 3410 988 3434 ed.
1003 3410 1033 3440 b;
1051 3417 1096 3435 aes
1115 3410 1143 3434 P.

356 3446 378 3478 ε)
398 3445 602 3470 advertendum.
619 3459 638 3463 -
657 3444 857 3477 intelligendum
881 3445 912 3468 A.
930 3458 949 3463 -
968 3445 1018 3468 Pro
1041 3452 1101 3470 cum
1126 3448 1247 3470 tamen...
1256 3445 1367 3476 probet,

303 3485 425 3506 tamen...
435 3481 534 3512 probet
552 3480 592 3504 ed.
607 3487 636 3509 a,
657 3482 779 3504 tamen..
789 3479 890 3511 probat
904 3479 978 3509 PCb‚·
997 3487 1045 3511 pro
1064 3480 1117 3504 VII
1131 3479 1246 3512 Physic„
1265 3480 1323 3504 edd.
1343 3484 1368 3504 et

303 3517 379 3541 codd.
398 3515 487 3548 legunt
509 3515 534 3539 V
548 3515 664 3549 Pnysic„
683 3514 728 3539 ubi
748 3515 779 3539 cf.
795 3519 934 3539 comment.
953 3514 979 3539 S.
991 3514 1051 3545 Th„
1070 3515 1128 3540 lect.
1140 3522 1175 3544 iv,
1194 3522 1220 3539 n.
1236 3522 1259 3539 2.

356 3550 382 3583 ζ)
402 3558 454 3575 non
474 3553 515 3576 est
533 3553 620 3575 motus
638 3549 816 3574 alterationis.
827 3563 846 3568 -
860 3556 912 3574 non
931 3553 971 3574 est
989 3549 1114 3574 alteratio
1133 3549 1194 3577 Pab,
1215 3557 1266 3574 non
1276 3552 1368 3581 potest

304 3594 359 3612 esse
378 3586 503 3611 alteratio
523 3586 552 3610 C.
570 3599 590 3604 —
607 3586 662 3610 Lin.
677 3593 734 3618 seq.
753 3593 800 3618 pro
820 3585 868 3615 vel,
888 3587 914 3609 et
932 3585 963 3609 A.
982 3584 1198 3618 Pro‘signanter,
1213 3585 1368 3618 significan-

305 3625 346 3647 ter
364 3621 411 3646 Ca.

2400 304 2474 340 299

1412 370 1540 419 passio
1559 370 1622 407 vel
1650 369 1842 418 passibilis
1862 369 2038 418 qualitas:
2061 377 2096 406 et
2114 377 2270 418 propter
2288 370 2363 406 hoc
2382 370 2477 406 sorte

1414 423 1603 471 signanter
1632 423 1722 460 dixit
1745 422 1851 470 quod
1880 422 2046 460 alteratio
2068 430 2122 459 est
2149 422 2410 459 transmutatio
2440 423 2478 459 in

1407 476 1660 526 passionibus.
1689 497 1713 503 -
1744 475 1821 512 Sed
1854 475 2059 512 dicendum
2090 482 2144 511 est
2176 475 2282 523 quod
2310 475 2477 512 alteratio

1413 529 1539 578 primo
1561 536 1597 565 et
1615 541 1684 577 per
1703 541 1743 565 se
1764 536 1819 565 est
1837 528 1876 565 in
1896 528 2136 576 qualitatibus
2159 528 2289 565 tertiae
2318 528 2477 576 speciei,

1414 582 1671 619 mediantibus
1708 582 1846 629 quibus
1879 594 1925 618 ex
1958 581 2204 629 consequenti
2237 581 2280 618 fit
2311 581 2479 618 alteratio

1416 634 1529 671 etiam
1558 635 1596 670 in
1624 634 1704 671 aliis
1729 640 1763 680 η;
1799 635 1894 671 sicut
1921 646 1991 682 per
2023 634 2190 682 aliquam
2222 634 2481 670 alterationem

1417 686 1525 723 calidi
1545 695 1581 723 et
1601 687 1722 734 frigidi
1741 695 1907 724 mutatur
1925 688 2045 724 homo
2067 688 2115 724 de
2134 686 2291 723 sanitate
2306 686 2344 723 in
2363 686 2480 734 aegri-

1416 739 1588 776 tudinem
1608 747 1671 776 aut
1687 752 1706 776 e
1724 752 1923 786 converso,
1945 748 1982 776 et
1995 752 2064 788 per
2079 739 2340 777 alterationem
2356 739 2480 776 mollis

1418 799 1453 828 et
1473 791 1558 828 duri
1581 792 1797 840 perducitur
1816 805 1953 841 corpus
1982 793 2032 830 ad
2051 793 2220 841 aliquam
2239 793 2413 840 figuram.

1474 845 1508 881 3.
1525 844 1674 881 Deinde
1695 857 1783 881 cum
1804 845 1907 882 dicit:
1937 846 2096 888 Quando
2115 851 2239 883 autem
2261 851 2376 882 totum
2398 853 2480 893 etc.,

1418 897 1583 934 ostendit
1611 898 1765 945 quando
1794 898 1836 934 fit
1864 898 2067 945 generatio.
2098 899 2146 935 Et
2174 898 2272 936 circa
2300 899 2375 935 hoc
2404 899 2480 936 duo

1418 950 1524 986 facit:
1553 949 1678 998 primo
1714 949 1877 998 assignat
1914 951 2068 999 quando
2099 959 2153 988 est
2181 951 2390 999 generati03
2424 964 2481 988 se-

1419 1002 1546 1039 cundo
1576 1002 1731 1051 quando
1761 1003 1880 1050 magis
1909 1011 1964 1040 est
1988 1004 2192 1051 generatio,
2213 1004 2284 1041 ibi:
2305 1005 2483 1041 Maxime

1419 1061 1544 1092 autem
1563 1056 1808 1105 generabitur
1826 1056 1846 1077 ²⁸
1861 1064 1929 1093 etc.
1945 1077 1968 1083 -
1991 1057 2089 1094 Dicit
2109 1070 2198 1105 ergo
2217 1058 2343 1106 primo
2364 1057 2481 1105 quod,

1419 1108 1575 1157 quando
1613 1116 1668 1145 est
1705 1109 1967 1145 transmutatio
2006 1122 2085 1146 non
2117 1111 2242 1147 solum
2271 1111 2482 1147 secundum

1418 1161 1628 1209 passiones,
1649 1161 1718 1198 sed
1737 1162 1850 1198 etiam
1871 1162 2081 1199 secundum
2101 1170 2218 1200 totam
2239 1163 2293 1200 rei
2313 1164 2484 1200 substan-

1420 1213 1533 1260 tiam;
1571 1214 1797 1262 inquantum
1835 1214 1973 1252 seilicet
2010 1215 2166 1252 materia
2200 1216 2334 1264 accipit
2371 1216 2484 1253 aliam

1421 1266 1587 1303 formam
1616 1267 1920 1314 substantialem;
1949 1267 2000 1304 ita
2023 1268 2161 1305 scilicet
2181 1269 2286 1317 quod
2305 1281 2384 1306 non
2403 1281 2483 1306 ma-

1421 1327 1508 1356 neat
1537 1319 1689 1368 aliquod
1717 1320 1903 1367 sensibile,
1933 1320 2040 1369 quasi
2069 1321 2114 1358 sit
2140 1321 2243 1358 idern
2271 1322 2484 1358 subiectum

1422 1384 1585 1409 numero
1616 1385 1682 1409 ens
1711 1381 1796 1410 actu
1811 1371 1843 1393 ⁰·
1835 1381 1964 1432 ,puta
1988 1375 2142 1422 quando
2164 1387 2208 1410 ex
2227 1382 2307 1411 toto
2337 1375 2482 1411 semine

1422 1433 1623 1472 generatur
1637 1433 1737 1463 totus
1757 1403 1918 1474 sanguis,
1936 1434 2000 1463 aut
2020 1439 2065 1463 ex
2085 1434 2164 1464 toto
2184 1439 2270 1473 aere
2286 1435 2485 1475 generatur

1420 1486 1500 1515 tota
1527 1491 1647 1527 aqua,
1677 1479 1779 1516 nulla
1808 1479 2098 1527 congregatione
2135 1487 2199 1516 aut
2227 1480 2485 1527 segregatione

1421 1531 1716 1578 interveniente,
1744 1539 1786 1568 ut
1813 1532 2055 1569 Democritus
2083 1532 2229 1581 posuit:
2258 1533 2339 1569 talis
2367 1541 2485 1570 trans-

1421 1584 1580 1622 mutatio
1601 1592 1656 1621 est
1674 1584 1787 1621 unius
1815 1585 2006 1632 generatio
2036 1593 2072 1621 et
2100 1586 2250 1622 alterius
2280 1585 2483 1634 corruptio.

1475 1649 1513 1684 4.
1534 1637 1684 1674 Deinde
1705 1649 1792 1674 curn
1813 1638 1920 1674 dicit:
1948 1638 2127 1675 Maxime
2145 1644 2269 1675 autem
2287 1639 2485 1688 generabi-

1422 1696 1484 1727 tur
1511 1698 1599 1738 etc.,
1629 1690 1792 1727 ostendit
1825 1690 1979 1738 quando
2012 1690 2178 1727 maxime
2207 1691 2248 1727 fit
2281 1692 2483 1739 generatio,

1422 1744 1471 1780 Et
1491 1743 1579 1780 dicit
1597 1744 1719 1791 quod,
1742 1743 1954 1780 secundum
1974 1743 2125 1780 tertium
2155 1744 2316 1781 modum
2338 1757 2453 1793 supra
2466 1744 2486 1766 ’¹‘

1421 1796 1590 1845 positum
1618 1796 1658 1844 ²¹⁸,
1696 1796 1761 1845 qui
1799 1796 1979 1845 accipitur
2016 1797 2226 1834 secundum
2264 1797 2486 1846 opinionem

1422 1850 1643 1896 multorum,
1665 1849 1832 1886 maxime
1853 1849 1987 1886 dicitur
2006 1850 2146 1898 aliquid
2161 1850 2345 1898 generari,
2367 1863 2486 1899 quan-

1423 1902 1473 1939 do
1503 1903 1546 1939 fit
1572 1902 1835 1939 transmutatio
1874 1915 1919 1939 ex
1957 1903 2084 1951 aliquo
2122 1903 2226 1951 quod
2259 1916 2337 1940 non
2364 1911 2488 1952 potest

1422 1956 1519 1992 bene
1548 1955 1676 1992 sentiri
1690 1962 1709 2002 ¹,
1740 1955 1778 1992 in
1798 1955 1939 2004 aliquid
1959 1956 2064 2004 quod
2093 1964 2147 1992 est
2175 1957 2273 1993 bene
2293 1956 2486 2004 sensibile,

1421 2009 1483 2046 vel
1503 2010 1714 2046 secundum
1743 2015 1896 2056 tactum,
1918 2009 1982 2058 qui
2003 2016 2057 2045 est
2075 2009 2241 2056 grossior
2261 2017 2295 2046 et
2315 2010 2487 2046 materia-

1421 2061 1491 2098 lior
1509 2062 1606 2098 inter
1625 2073 1759 2098 sensus
1779 2062 1899 2109 (unde
1918 2063 2094 2109 vulgares
2122 2062 2333 2099 secundum
2362 2063 2487 2112 ipsum

1419 2115 1586 2151 maxime
1614 2114 1821 2151 iudicant*
1848 2115 1989 2163 aliquid
2019 2127 2101 2151 esse
2121 2115 2309 2162 sensibile,
2330 2116 2488 2164 inquan-

1420 2175 1502 2204 tum
1523 2175 1578 2204 est
1604 2168 1822 2216 palpabile),
1843 2175 1906 2204 aut
1927 2167 2039 2204 etiam
2061 2168 2272 2205 secundum
2292 2169 2385 2205 alios
2405 2181 2488 2206 sen-

1420 2233 1501 2267 sus3
1531 2220 1625 2257 sicut
1654 2232 1743 2256 cum
1771 2232 1872 2268 aqua
1899 2228 2099 2268 generatur
2128 2233 2172 2257 ex
2205 2234 2311 2268 aere,
2339 2221 2489 2259 videtur

1422 2286 1516 2320 esse,
1542 2274 1754 2310 secundum
1774 2274 1877 2310 hunc
1896 2273 2071 2320 modum,
2092 2274 2284 2321 generatio
2314 2274 2487 2323 simplici—

1419 2334 1492 2372 ter;
1522 2334 1585 2362 aut
1618 2326 1772 2375 quando
1808 2327 2063 2375 corrumpitur
2090 2327 2129 2371 in
2158 2339 2305 2374 aerem,
2335 2328 2488 2365 videtur

1422 2391 1503 2416 esse
1525 2379 1716 2428 corruptio
1745 2379 1974 2428 simpliciter.
2000 2381 2078 2416 Aer
2098 2379 2199 2416 enim
2221 2388 2276 2417 est
2295 2380 2447 2418 modice
2467 2381 2487 2402 '¹‘

1421 2432 1626 2479 sensibilis,
1654 2440 1737 2469 tum
1769 2440 1926 2481 propter
1962 2432 2020 2477 sui
2049 2433 2258 2480 raritatem,
2288 2441 2369 2470 tum
2399 2434 2487 2482 quia

1421 2497 1501 2522 non
1521 2485 1664 2522 excellit
1692 2485 1731 2522 in
1758 2485 1842 2533 ipso
1861 2491 1874 2505 '‘
1903 2485 2027 2534 aliqua
2056 2486 2214 2533 qualitas
2247 2486 2389 2534 activa,
2420 2487 2488 2524 sed

1421 2538 1585 2587 passiva,
1606 2538 1745 2575 scilicet
1772 2536 1995 2575 humidum:
2025 2538 2063 2575 in
2082 2539 2166 2586 igne
2186 2547 2327 2586 autern,
2348 2540 2413 2588 qui
2433 2548 2487 2576 est

1422 2591 1540 2628 rarior
1566 2603 1666 2638 aere,
1697 2591 1840 2628 excellit
1868 2591 2025 2639 qualitas
2054 2592 2176 2629 activa
2203 2605 2302 2641 quae
2327 2600 2382 2629 est
2403 2593 2487 2629 cali-

1423 2644 1534 2682 dum:
1555 2656 1655 2693 aqua
1675 2651 1802 2681 autem
1824 2651 1860 2680 et
1877 2644 1897 2666 '¹‘
1925 2652 1980 2681 est
2000 2645 2152 2681 densior
2171 2658 2269 2692 aere,
2292 2653 2327 2682 et
2347 2646 2488 2683 excellit

1421 2698 1461 2734 in
1480 2710 1525 2734 ea
1545 2697 1704 2746 qualitas
1723 2697 1846 2734 activa
1865 2710 1963 2746 quae
1990 2706 2045 2734 est
2064 2698 2255 2746 frigidum:
2275 2706 2374 2735 terra
2392 2711 2486 2736 vero

1423 2758 1478 2788 est
1507 2750 1732 2787 densissima
1760 2751 1935 2787 omnium
1966 2751 2254 2788 elementorum.

1479 2804 1511 2840 5.
1529 2803 1679 2840 Deinde
1695 2816 1782 2840 cum
1804 2803 1906 2840 dicit:
1927 2805 1973 2840 In
1993 2805 2050 2840 his
2069 2809 2193 2840 autem
2212 2817 2243 2840 st
2240 2804 2385 2852 aliqua
2402 2811 2483 2850 etc.,

1422 2864 1602 2893 removet*
1623 2856 1818 2904 quandam
1848 2856 2135 2894 dubitationem.
2171 2856 2271 2903 Quia
2301 2857 2403 2893 enim
2432 2857 2486 2893 di-

1420 2917 1526 2946 xerat
1544 2909 1564 2930 *
1583 2909 1689 2958 quod
1709 2909 1922 2946 subiectum
1942 2917 2071 2946 manet
2090 2908 2116 2954 ²,
2146 2910 2243 2945 facta
2261 2917 2487 2946 transmuta-

1476 3025 1503 3056 η)
1524 3024 1579 3048 Sed
1598 3024 1771 3048 dicendum..
1786 3024 1812 3047 in
1832 3023 1900 3048 aliis.
1919 3037 1938 3041 —
1957 3023 2011 3047 Sed
2030 3022 2168 3047 dicendum
2194 3025 2233 3046 est
2256 3022 2328 3054 quod
2346 3022 2436 3054 primo
2461 3026 2488 3047 et

1418 3066 1470 3091 per
1487 3066 1516 3083 se
1534 3059 1659 3083 alteratio
1674 3061 1714 3083 est
1726 3059 1752 3083 in
1773 3058 1946 3090 qualitatibus
1961 3058 2056 3082 tertiae
2072 3057 2180 3089 speciei:
2188 3064 2240 3089 per
2254 3057 2376 3082 accidens
2388 3060 2485 3086 autem,

1422 3091 1599 3119 mediantibus
1617 3094 1749 3126 aliquibus
1768 3093 1940 3126 qualitatibus
1959 3096 1986 3117 et
2003 3100 2041 3117 ex
2059 3093 2240 3124 consequenti,
2259 3093 2296 3125 sit
2314 3092 2439 3117 alteratio
2459 3093 2484 3117 in

1421 3129 1482 3154 aliis
1500 3129 1633 3161 speciebus
1652 3129 1736 3153 PCab.

1475 3162 1499 3197 Θ)
1519 3171 1564 3189 ens
1582 3167 1652 3189 actu.
1671 3178 1690 3182 -
1707 3171 1752 3188 ens
1771 3167 1860 3188 autem
1878 3166 1940 3188 actu
1959 3163 1990 3187 A.
2010 3162 2081 3186 Idem
2100 3167 2162 3195 post
2179 3169 2241 3187 aere
2259 3170 2313 3187 om.
2330 3165 2484 3195 generatur,

1422 3204 1448 3224 et
1465 3207 1512 3231 pro
1532 3199 1723 3224 interveniente
1742 3198 1802 3230 legit
1819 3198 1962 3226 accidente,
1982 3197 2024 3222 vel
2042 3197 2108 3221 forte
2123 3198 2271 3222 accedente.

1476 3235 1493 3266 ι)
1513 3241 1551 3259 ex
1568 3235 1658 3267 aliquo
1676 3233 1749 3266 quod
1767 3240 1818 3257 non
1834 3236 1926 3264 potest
1944 3233 2007 3257 bene
2025 3232 2127 3257 sentiri.
2139 3246 2158 3251 -
2172 3232 2198 3256 in
2211 3233 2301 3265 aliquo
2315 3232 2387 3264 quod
2394 3235 2485 3264 potest

1421 3269 1484 3294 bene
1502 3269 1598 3294 sentiri
1615 3269 1662 3293 Ca.
1680 3283 1699 3287 —
1718 3268 1768 3292 Pro
1787 3271 1813 3293 et
1831 3267 1998 3292 materialior
2017 3267 2087 3292 inter
2104 3275 2202 3298 sensus,
2218 3271 2244 3292 et
2262 3267 2367 3292 mollior
2385 3268 2485 3299 (mate-

1422 3304 1516 3329 rialior
1534 3304 1587 3335 Pb)
1606 3304 1727 3328 omnibus
1744 3303 1862 3328 sensibus
1882 3303 1966 3327 PCab.

1474 3340 1499 3371 κ)
1520 3340 1546 3363 in
1567 3339 1631 3370 ipso.
1649 3352 1668 3357 —
1687 3339 1713 3363 in
1728 3338 1852 3370 potentia
1870 3338 1961 3367 reah,-

1421 3374 1529 3399 excellit
1551 3374 1577 3398 in
1598 3381 1637 3398 ea.
1655 3387 1674 3392 —-
1692 3373 1743 3397 Pro
1766 3373 1917 3402 humidum,
1942 3373 2094 3398 huiusmodi
2117 3373 2233 3398 calidum
2257 3374 2308 3402 Ca,
2334 3373 2486 3398 huiusmodi

1421 3409 1557 3434 humidum
1573 3409 1622 3437 Pin
1640 3416 1687 3440 pro
1700 3409 1798 3437 rarior,
1812 3408 1899 3432 maior
1913 3408 2003 3438 PCab‚·
2017 3416 2065 3441 pro
2080 3409 2194 3439 densior,
2209 3408 2359 3441 depressior
2372 3408 2410 3433 Ca
2415 3416 2424 3438 ;
2438 3416 2485 3441 pro

1422 3444 1584 3473 densissima,
1605 3443 1757 3475 depressiva
1777 3443 1817 3468 ed.
1831 3450 1861 3474 a,
1880 3443 2031 3475 depressior
2050 3443 2079 3468 C.

1473 3478 1501 3511 λ)
1521 3478 1664 3503 subiectum
1685 3481 1783 3503 manet.
1801 3492 1820 3497 -
1837 3478 1980 3503 subiectum
2006 3479 2163 3511 quandoque
2186 3482 2276 3504 manet
2295 3478 2380 3504 PCab.
2397 3493 2416 3498 -
2434 3480 2485 3504 Pro

1420 3515 1492 3539 circa
1506 3514 1561 3539 eius
1576 3514 1723 3545 passiones,
1743 3514 1815 3538 circa
1834 3520 1879 3538 ens
1893 3514 2032 3546 passiones
2047 3515 2086 3538 ed.
2101 3521 2126 3543 a,
2135 3514 2292 3546 passionum
2311 3514 2383 3539 circa
2396 3522 2441 3539 ens
2455 3515 2484 3539 C.

1419 3563 1438 3569 ·-
1451 3549 1503 3573 Pro
1515 3549 1569 3573 alio
1583 3552 1712 3578 manente,
1725 3549 1814 3581 aliquo
1829 3549 1986 3574 adveniente
2004 3549 2080 3574 PCab
2088 3557 2095 3581 ;
2115 3550 2161 3574 sed
2176 3557 2268 3574 sensus
2282 3555 2329 3580 est,
2339 3560 2351 3572 α
2364 3555 2484 3574 manente

1421 3585 1465 3609 illo
1485 3584 1550 3609 circa
1569 3584 1639 3616 quod
1658 3592 1709 3608 non
1728 3583 1756 3608 fit
1775 3584 1962 3615 transmutatio,
1977 3585 2044 3610 sicut
2055 3585 2167 3618 quando,
2181 3593 2240 3610 aere
2254 3585 2279 3609 in
2294 3593 2388 3618 aquam
2401 3589 2483 3609 trans-

1421 3624 1528 3650 mutato,
1548 3624 1635 3644 manet
1653 3620 1840 3652 transparentia
1859 3619 1933 3645 aeris.
1950 3629 1963 3642 2

1985 3337 2016 3362 cf.
2035 3337 2141 3362 inferius
2162 3338 2188 3362 in
2213 3339 2306 3371 igne...
2321 3338 2439 3368 excellit,
2460 3343 2485 3363 et

2512 1067 2520 1074 ·
2535 1065 2607 1086 Num.
2619 1071 2668 1092 seq.

2514 1759 2522 1767 ·
2539 1757 2601 1779 Lect.
2612 1763 2660 1783 vin,
2671 1763 2694 1778 n.
2703 1757 2726 1779 6.

2515 1806 2524 1816 ⁸
2539 1805 2623 1826 dictum
2638 1804 2703 1826 καὶ).

2517 2125 2526 2134 ·
2542 2123 2621 2145 vident
2634 2124 2702 2145 »cab-
2724 2136 2726 2138 v

2517 2390 2525 2398 ¹
2543 2389 2658 2410 modicum
2673 2395 2695 2410 Α.

2612 2498 2627 2513 7.

2518 2655 2526 2663 “
2547 2655 2569 2674 el
2583 2659 2630 2674 orn.
2646 2652 2711 2674 pcab.

2516 2892 2524 2900 ·
2540 2890 2610 2912 Num.
2625 2896 2645 2911 2.
