2782 4134
9 1307 227 1358 *etun-onec

8 1575 108 1613 5⁸⁸⁸·-
121 1582 146 1604 r

6 1839 22 1856 ⁴
33 1843 99 1867 ω.
110 1849 137 1867 ιιι
153 1849 222 1873 seqq.

6 1953 163 1976 *Lectum

6 2007 178 2032 tmen.»-

2 2475 23 2502 ².
36 2490 74 2513 vel
91 2495 141 2513 om.
155 2489 225 2513 codd.

1 2523 63 2548 :⁸¹⁰-
75 2523 149 2540 am.

0 2686 24 2726 ξ’
42 2702 66 2725 u·
84 2708 133 2725 om.
155 2701 226 2725 codd.

9 2859 26 2871 ⁴¹
39 2859 91 2882 etue
105 2865 154 2882 om.
168 2865 190 2882 r.

13 2965 26 2977 ¹·
38 2964 190 2986 mutationem
198 2969 230 2986 nc

14 2991 229 3017 marana-mcum-

15 3023 68 3040 uem
80 3023 104 3040 ι.

1122 276 1233 313 CAP.
1265 277 1331 325 1v,

259 354 420 383 secundum
442 354 601 391 quamlibet
626 354 671 384 sui
696 361 827 392 partem3
854 361 882 383 et
909 355 976 383 ideo
1004 355 1096 392 figura
1120 355 1270 392 sphaerica
1290 362 1333 384 est

259 393 533 423 convenientissima
555 395 646 423 caelo.
666 411 686 416 —
704 404 732 430 4.
748 394 814 423 Alia
828 394 912 430 ratio,
928 404 962 422 ex
977 404 1013 422 eo
1036 396 1117 432 quod
1139 403 1236 424 motus
1252 395 1331 431 caeli,

258 440 360 471 utpote
385 434 541 462 continuus
570 441 599 463 et
619 434 758 472 regularis
781 441 809 462 et
832 434 1042 470 sempiternus,
1073 442 1115 463 est
1135 436 1333 464 universaliter

260 483 396 502 mensura
410 474 535 502 aliorum
556 481 700 503 motuum.
723 475 860 502 Mensura
881 473 910 501 in
931 483 1112 511 unoquoque
1126 484 1231 512 genere
1246 482 1288 503 est
1303 475 1332 503 id

259 514 341 551 quod
355 521 398 542 est
412 514 567 542 minimum
588 515 619 542 in
639 524 684 543 eo.
707 513 846 542 Minimus
867 520 965 542 autem
987 521 1084 542 motus
1102 514 1132 542 in
1147 524 1215 543 casu
1229 522 1271 543 est
1285 515 1332 543 ille

258 554 310 590 qui
330 553 370 582 ita
391 561 434 582 est
454 554 662 590 velocissimus,
682 554 763 591 quod
784 553 908 581 breviori
934 560 1067 591 tempore
1085 555 1194 591 peragit
1214 564 1331 583 cursum

259 603 359 628 suurn:
375 603 436 630 seu,
453 594 592 631 accipitur
606 594 653 622 hic
666 600 764 622 motus
778 593 977 621 velocissimus
999 595 1158 622 secundum
1179 594 1331 622 minimam

259 634 498 671 magnitudinem.
527 635 602 662 Inter
631 642 734 662 omnes
757 639 856 661 autem
876 633 967 661 lineas
994 643 1068 670 quae
1095 635 1132 662 ab
1161 634 1265 662 eodem
1287 643 1331 661 re-

259 674 349 702 deunt
363 674 394 702 in
414 674 502 710 idem,
525 673 647 702 minima
666 679 710 701 est
731 672 887 701 circularis.
909 674 986 710 Ergo
1009 674 1130 708 caelum,
1150 674 1231 710 quod
1252 673 1331 701 velo-

259 714 376 743 cissimo
391 721 474 743 motu
489 720 622 742 movetur
636 713 672 741 ab
687 713 793 741 eodem
807 713 838 740 in
852 712 939 748 idem,
955 719 1071 749 oportet
1085 714 1166 750 quod
1180 719 1332 741 moveatur

258 763 311 791 per
325 753 431 782 lineam
453 753 638 788 circularem;
654 759 682 780 et
696 759 909 789 consequenter
929 759 1045 789 oportet
1060 753 1140 789 quod
1155 752 1191 780 sit
1205 753 1333 789 sphaeri-

258 803 335 822 cum.
346 794 408 822 -5,
431 794 478 821 Ab
499 792 683 822 inferioribus
704 792 885 829 corporibus,
907 793 1093 821 ascendendo
1114 792 1221 821 scilicet
1236 792 1294 820 ab'
1287 801 1331 820 1n-

258 833 330 862 fimo
351 834 388 862 ad
402 842 582 870 supremum,
604 833 746 869 probatur
760 833 841 869 quod
855 833 967 861 caelum
983 832 1019 861 sit
1033 832 1199 877 sphaericae
1213 832 1331 869 figurae.

256 890 277 894 -
289 874 316 901 6.
332 872 504 901 Ostenditur
524 873 605 910 quod
626 873 698 901 haec
712 872 849 918 probatio
862 879 905 901 est
919 882 971 909 per
985 882 1015 901 se
1037 872 1130 909 ipsam
1145 870 1300 901 sufficiens.
1312 887 1332 893 -

258 922 285 949 7.
302 913 446 941 Probatur
466 921 558 940 unum
580 913 616 940 de
637 912 866 949 praesuppositis
887 913 918 941 in
932 912 1117 949 praecedenti
1138 912 1260 948 ratione,
1277 912 1331 940 sci-

256 952 322 981 licet
343 953 424 990 quod
445 952 611 989 superficies
632 962 726 990 aquae
746 962 875 981 convexa
901 953 937 981 sit
958 953 1116 990 sphaerica.
1140 953 1242 980 Prima
1263 962 1331 990 sup·

252 993 377 1031 positio.-
405 1001 501 1030 aqua,
530 993 599 1030 quia
625 993 793 1022 naturaliter
813 993 906 1030 gravis
919 1015 926 1029 ,
955 1002 1070 1030 semper
1090 993 1154 1021 fluit
1181 993 1218 1021 ad
1240 993 1331 1030 magis

403 1109 496 1123 ,»
526 1095 706 1136 ostquam
735 1087 992 1137 Philosophus
1031 1087 1196 1125 ostendit
1224 1086 1329 1136 quod

502 1156 510 1172 ι
526 1141 674 1178 caelum
705 1148 760 1178 est
788 1141 1008 1190 sphaericae
1036 1143 1194 1190 figurae,
1216 1153 1261 1177 ex
1281 1153 1328 1177 eo

343 1221 351 1248 2
403 1200 414 1206 ‘
469 1197 476 1211 “·
496 1195 631 1244 quod
644 1195 740 1232 haec
755 1195 877 1244 figura
897 1202 953 1232 est
966 1196 1091 1244 prima
1104 1195 1328 1243 figurarum,

410 1279 412 1282 .
467 1245 505 1276 ’Ψ
524 1248 586 1285 hic
615 1248 780 1286 ostendit
815 1248 919 1286 idem
949 1261 995 1286 ex
1025 1262 1070 1286 eo
1101 1248 1206 1298 quod
1233 1248 1330 1284 haec

254 1301 378 1350 figura
407 1309 462 1339 est
491 1301 851 1339 convenientissima
879 1303 985 1339 caelo
1009 1304 1040 1340 ³¹².
1062 1303 1112 1339 Et
1130 1301 1254 1350 primo
1285 1313 1329 1338 ex

256 1368 303 1393 eo
323 1355 430 1405 quod
451 1363 506 1392 est
524 1355 680 1405 propria
695 1355 837 1393 *caelo
858 1363 1044 1404 quantum
1064 1356 1114 1393 ad
1128 1356 1203 1392 hoc
1222 1355 1329 1404 quod

256 1416 312 1447 est
325 1408 590 1446 universaliter
605 1408 803 1446 continens
815 1409 946 1446 omnia
962 1421 1141 1460 corpora;
1158 1408 1328 1446 secundo

255 1470 443 1512 quantum
463 1462 514 1499 ad
541 1463 623 1499 hoc·
645 1462 752 1510 quod
771 1470 900 1499 motus
929 1463 1009 1501 eius
1029 1470 1086 1500 est
1103 1461 1328 1500 universalis

255 1528 438 1554 mensura
467 1515 641 1552 omnium
669 1522 860 1564 motuum,
881 1515 950 1554 ibi:
979 1517 1116 1554 Adhuc
1143 1521 1269 1553 autem
1297 1517 1332 1553 si

254 1569 404 1619 quidem
435 1569 454 1589 ’²‘
484 1575 553 1606 etc.

309 1633 346 1659 2.
367 1621 479 1659 Circa
497 1622 668 1671 primum
696 1622 902 1671 praemittit
922 1623 1016 1660 duas
1045 1622 1328 1673 suppositiones

253 1674 294 1713 in
311 1674 571 1725 superioribus
591 1675 849 1713 manifestatas
868 1682 897 1713 α.
923 1677 1100 1724 Quarum
1127 1676 1254 1726 prima
1273 1685 1329 1714 est

254 1729 359 1778 quod
383 1729 533 1766 caelum
562 1737 743 1767 movetur
770 1729 1020 1768 circulariter:
1053 1732 1130 1768 hoc
1158 1730 1261 1768 enim
1292 1739 1329 1768 et

251 1781 305 1820 ad
327 1788 490 1819 'sensum
518 1782 681 1830 videtur,
704 1790 740 1820 et
768 1783 996 1832 supponitur
1021 1796 1066 1822 ex
1093 1784 1327 1834 probationi-

253 1835 325 1873 bus
351 1835 466 1885 primi
493 1836 576 1873 libri
607 1837 638 1873 *.
669 1837 847 1874 Secunda
880 1838 1091 1887 suppositio
1121 1845 1177 1875 est
1205 1851 1251 1876 ex
1281 1851 1326 1876 eo

252 1888 360 1938 quod
378 1896 576 1926 ostensum
606 1896 661 1927 est
688 1890 728 1927 in
755 1890 880 1939 primo
905 1891 1014 1939 libro,
1034 1891 1073 1928 in
1093 1891 1257 1941 capitulo
1279 1892 1327 1930 de

251 1941 396 1980 unitate
416 1942 551 1980 mundi
565 1943 597 1989 ³²,
619 1943 761 1980 scilicet
779 1944 885 1992 quod
906 1952 1009 1982 extra
1029 1952 1238 1982 extremam
1259 1945 1327 1982 cir-

253 1995 484 2033 culationem
502 2009 707 2046 supremae
726 1997 912 2046 sphaerae
940 2011 1020 2035 non
1047 2006 1102 2035 est
1130 2011 1203 2036 nec
1221 2000 1241 2020 ’⁸
1259 2011 1326 2036 va-

253 2061 369 2086 cuum
398 2061 470 2086 nec
497 2050 616 2088 locus.

305 2101 389 2139 Et*
409 2114 455 2140 ex
483 2102 542 2140 his
561 2102 888 2152 suppositionibus
917 2116 962 2141 ex
991 2105 1214 2143 necessitate
1235 2118 1325 2143 con-

213 2176 225 2182 —
253 2155 371 2193 cludit
385 2156 404 2177 ²²
426 2156 534 2204 quod
554 2169 693 2206 corpus
709 2156 802 2194 caeli
821 2157 868 2194 sit
887 2158 1141 2207 sphaericum.
1163 2159 1204 2196 Si
1224 2159 1326 2196 enim

252 2221 333 2247 non
361 2208 408 2245 sit
435 2209 677 2258 sphaericum
705 2208 738 2256 Ρ,
769 2218 919 2258 oportet
955 2212 1062 2260 quod
1090 2218 1156 2248 aut
1186 2212 1326 2249 habeat

252 2262 418 2311 figuram
438 2262 671 2300 rectilineam
690 2262 863 2310 totaliter,
881 2270 944 2300 aut
963 2272 1115 2313 oportet
1134 2265 1239 2314 quod
1258 2266 1325 2302 ha-

253 2315 343 2353 beat
361 2323 548 2364 quantum
564 2316 614 2353 ad
633 2315 800 2365 aliquam
820 2324 968 2365 partem
989 2317 1211 2355 circularem
1230 2319 1325 2366 figu-

254 2381 348 2416 ram,
370 2381 469 2418 quae
497 2377 627 2406 tamen
647 2382 727 2406 non
754 2370 953 2418 perveniat
981 2370 1030 2408 ad
1048 2371 1324 2420 perfectionem

253 2423 451 2472 sphaerae.
492 2422 532 2459 Si
559 2435 654 2460 vero
691 2435 830 2471 corpus
864 2424 958 2460 caeli
990 2423 1036 2461 sit
1063 2436 1154 2462 vere
1193 2425 1326 2463 rectili—

253 2487 384 2523 neum,
404 2483 498 2524 puta
526 2476 705 2513 cubicum
737 2477 800 2513 vel
821 2478 840 2498 ²²
867 2477 1118 2526 pyramidale‚
1148 2486 1327 2527 sequetur

253 2528 360 2578 quod
398 2536 502 2566 extra
531 2529 680 2566 caelum
709 2529 756 2566 sit
783 2530 918 2579 aliquis
946 2531 1074 2578 locus,
1105 2538 1141 2568 et
1169 2531 1325 2580 aliquod

254 2594 406 2632 corpus,
429 2589 465 2619 et
493 2582 651 2631 aliquod
677 2595 858 2621 vacuum.
890 2584 1020 2631 Quam
1048 2583 1206 2633 quidem
1236 2597 1327 2622 con-

253 2635 492 2685 sequentiam
521 2648 567 2673 ex
603 2637 679 2673 hoc
705 2637 859 2685 probat,
890 2637 996 2686 quod
1025 2650 1165 2687 corpus
1193 2638 1327 2675 rectili-

253 2701 383 2737 neum,
399 2688 432 2726 si
447 2690 467 2710 *
487 2689 716 2726 circulariter
733 2697 915 2738 vertatur,
931 2703 1011 2728 non
1029 2691 1271 2740 permanebit
1289 2691 1327 2728 in

255 2741 395 2780 eodem
414 2742 502 2780 loco
522 2742 736 2780 secundum
765 2755 902 2781 omnes
920 2752 1047 2793 partes
1068 2757 1174 2782 suas:
1203 2744 1326 2782 immo

254 2803 435 2844 sequetur
463 2795 570 2844 quod
600 2796 667 2833 ubi
694 2796 820 2845 primo
855 2805 935 2834 erat
962 2797 1089 2846 aliqua
1115 2810 1204 2847 pars
1233 2798 1326 2845 eius,

254 2861 358 2886 nunc
385 2849 489 2895 nulla
522 2847 611 2898 pars
640 2849 722 2886 eius
744 2850 765 2870 *
793 2857 866 2896 est,
896 2858 934 2887 et
961 2851 1067 2899 quod
1095 2851 1234 2888 iterum
1262 2851 1328 2888 ubi

255 2914 358 2939 nunc
380 2914 460 2940 non
489 2910 545 2939 est
567 2902 695 2951 aliqua
712 2915 802 2952 pars
830 2903 923 2951 eius,
943 2904 1082 2941 iterum
1112 2904 1180 2941 erit
1203 2904 1329 2954 aliqua

255 2967 344 3003 pars
364 2954 462 3001 eius;
493 2963 530 2992 et
555 2956 632 2992 hoc
649 2963 807 3005 propter
830 2957 1152 3006 permutationem
1169 2959 1188 2979 *
1209 2970 1326 3006 angu-

255 3007 394 3044 lorum.
411 3007 622 3045 Cuiuslibet
641 3009 744 3046 enim
765 3010 936 3058 corporis
955 3011 1169 3048 rectilineae
1183 3011 1328 3059 figurae

257 3067 408 3110 oportet
435 3073 519 3097 esse
547 3061 694 3110 aliquos
712 3063 872 3122 angulos
897 3064 1114 3113 corporales
1141 3063 1328 3113 praeemi-

257 3120 391 3150 nentes
420 3113 552 3150 ceteris
579 3114 762 3175 partibus,
783 3116 873 3164 quia
901 3116 1001 3154 linea
1025 3117 1137 3154 ducta
1156 3130 1178 3154 a
1198 3117 1328 3154 medio

256 3166 340 3203 talis
360 3165 531 3215 corporis
545 3171 560 3192 ⁷
580 3174 636 3204 est
655 3168 778 3205 maior
796 3169 895 3206 linea
920 3170 1032 3207 ducta
1060 3170 1110 3208 ad
1138 3170 1293 3219 aliquod
1309 3171 1328 3192 ’Β

257 3227 444 3269 punctum
473 3219 745 3268 designatum
736 3233 775 3258 ln
794 3215 995 3270 superficie
1023 3224 1136 3272 plana
1165 3223 1264 3260 eius.
1295 3231 1330 3260 et

313 3343 340 3376 α)
361 3343 556 3378 manifestatas.
568 3357 587 3362 -
605 3342 784 3373 manifestatis
802 3342 831 3371 P,
850 3350 938 3368 errore
956 3344 1151 3376 typographico,
1170 3345 1214 3377 qui
1233 3345 1285 3369 iam
1303 3345 1330 3369 in

258 3379 299 3404 ed.
318 3377 385 3403 1516
403 3379 515 3410 obtinet;
535 3378 692 3412 manifestas
705 3378 780 3403 codd.
793 3392 812 3396 -
825 3378 883 3403 Lin.
896 3386 953 3411 seq.
967 3385 1015 3411 pro
1029 3382 1055 3404 et
1066 3379 1104 3404 ad
1116 3387 1234 3409 sensum,
1247 3380 1328 3405 etiam

258 3414 296 3439 ad
308 3421 413 3439 sensum
432 3414 482 3438 PF.
495 3413 565 3438 —Ibi
584 3413 708 3439 Secunda
721 3413 868 3445 suppositio
883 3419 941 3443 etc„
960 3414 980 3438 P
999 3413 1077 3439 habet
1095 3415 1221 3440 Secunda
1238 3418 1328 3440 autem

259 3449 407 3482 suppositio
426 3452 480 3474 est:
499 3456 537 3474 ex
554 3457 606 3482 quo
624 3452 758 3474 ostensum
777 3451 816 3474 est
835 3453 884 3474 etc.

314 3483 340 3517 β)
360 3485 392 3509 Si
410 3485 480 3509 enim
500 3492 552 3510 non
571 3485 609 3510 sit
625 3484 803 3516 sphaericum.
826 3484 883 3509 Hoc
901 3483 1099 3510 homoteleuton
1117 3493 1170 3509 om.
1185 3485 1260 3510 codd.
1274 3493 1328 3510 exc.

259 3520 336 3550 AsG;
350 3519 428 3545 etiam
441 3520 460 3544 P
471 3520 574 3551 omittit,
585 3520 640 3549 sed,
653 3525 682 3545 ut
690 3520 810 3544 lacunam
820 3520 957 3552 compleat,
970 3528 1018 3552 pro
1032 3523 1139 3552 oportet
1150 3521 1212 3552 legit
1223 3523 1330 3553 oportet

260 3555 365 3581 enim.-
374 3555 441 3580 Infra
450 3563 499 3588 pro
513 3556 631 3588 aliquam
638 3559 754 3588 partem,
766 3555 870 3587 aliquid
879 3555 935 3586 Asl,
946 3555 1063 3588 aliquam
1075 3555 1231 3588 CDEFGp1;
1246 3563 1330 3588 quan-

260 3594 317 3616 tum
327 3591 365 3616 ad
375 3591 486 3623 aliquid,
497 3598 544 3615 seu
556 3591 700 3616 secundum
713 3591 785 3623 quid,
796 3591 899 3616 videtur
911 3598 971 3615 esse
985 3591 1011 3615 in
1023 3590 1074 3616 hoc
1087 3598 1150 3616 casu
1164 3591 1233 3616 bona
1245 3591 1329 3616 lectio.

314 3626 341 3660 γ)
361 3626 423 3651 talis
441 3626 571 3659 corporis.
584 3641 603 3646 —
616 3627 655 3652 sG
669 3627 739 3652 addit
750 3626 788 3651 ad
801 3627 939 3659 angulum,
959 3627 1030 3659 quod
1045 3634 1075 3651 ex
1090 3631 1208 3651 contextu
1223 3631 1330 3660 apparet

1363 276 1514 314 LECT.
1544 277 1595 314 Vl

1387 365 1557 392 concavum,
1579 356 1624 384 vel
1639 356 1730 393 magis
1745 355 1888 384 infimum.
1910 356 2013 384 Altera
2034 355 2207 393 suppositio:
2229 355 2285 384 hoc
2303 361 2399 384 autem
2415 362 2458 384 est

1387 396 1416 424 id
1431 397 1510 433 quod
1525 396 1718 433 propinquius
1733 402 1775 424 est
1790 402 1889 424 centro
1911 402 2013 424 terrae.
2036 396 2088 423 His
2102 395 2213 432 positis,
2234 395 2270 423 sit
2284 396 2310 423 A
2325 402 2456 424 centrum

1386 442 1494 472 terrae3
1517 436 1591 464 inter
1605 437 1665 464 duo
1684 442 1792 473 puncta
1813 437 1836 464 Β
1857 442 1885 464 et
1907 437 1940 471 G,
1963 435 2075 472 signata
2096 435 2125 463 in
2147 435 2297 472 superficie
2322 444 2458 471 suprema

1386 485 1488 513 aquae,
1511 477 1633 504 ducatur
1647 475 1723 504 linea
1738 476 1797 512 BG,
1820 485 1894 512 quae
1916 476 1969 504 erit
1990 482 2080 511 recta,
2103 475 2127 503 si
2148 475 2212 503 talis
2234 475 2399 512 superficies
2420 475 2457 504 sit

1386 517 1488 553 plana3
1511 516 1541 544 in
1562 516 1708 553 praedicta
1729 516 1805 544 linea
1826 516 1954 553 signetur
1974 522 2115 552 punctum
2130 516 2165 550 D,
2189 521 2216 543 et
2238 516 2359 543 ducatur
2380 515 2456 543 linea

1386 557 1448 584 AD.
1471 557 1550 584 Haec
1571 556 1646 584 linea
1667 556 1720 584 erit
1741 556 1837 584 minor
1857 562 1980 593 utraque
2000 556 2077 584 linea
2100 565 2118 583 a
2139 561 2238 584 centro
2260 555 2455 591 procedente,

1386 605 1491 632 nempe
1512 596 1563 623 AB
1585 603 1612 624 et
1633 597 1704 624 AG:
1728 605 1810 624 secus
1831 596 1907 624 linea
1929 597 1979 624 BG
1999 605 2061 624 non
2082 601 2156 623 esset
2177 601 2269 630 recta,
2291 596 2342 622 sed
2364 594 2456 623 circu-

1386 635 1460 663 laris.
1483 636 1559 672 Ergo
1574 642 1714 672 punctum
1729 637 1754 663 D
1770 636 1867 664 minus
1888 635 2005 664 distabit
2026 645 2044 664 a
2065 642 2173 670 centro,
2196 641 2224 663 et
2243 634 2296 663 erit
2315 635 2396 662 locus
2416 634 2456 663 ibi

1386 675 1477 712 magis
1499 675 1626 703 infimus.
1655 676 1756 712 Igitur,
1780 676 1940 704 secundum
1962 675 2087 713 primam
2109 674 2357 712 suppositionem,
2379 684 2457 711 aqua

1386 724 1460 750 quae
1489 721 1531 742 est
1552 715 1582 742 in
1610 715 1723 751 punctis
1746 717 1768 743 B
1790 723 1817 743 et
1839 717 1879 751 G,
1903 715 2082 744 circumfluet
2109 716 2147 744 ad
2167 715 2265 743 locum
2287 716 2331 750 D,
2361 715 2456 743 donec

1385 755 1563 790 adaequetur
1577 755 1658 782 locus
1673 755 1785 783 medius
1800 756 1916 783 duobus
1930 756 2080 791 extremis;
2095 762 2123 783 et
2136 755 2173 783 sit
2186 755 2262 783 linea
2276 755 2355 782 ΑΒΕ
2369 755 2456 782 adae-

1385 800 1473 830 quata
1487 793 1549 821 aliis
1564 795 1685 822 duabus.
1708 796 1750 822 Ex
1771 796 1827 823 hoc
1843 802 1941 823 autem
1962 796 2085 824 habetur
2098 796 2179 832 quod
2193 795 2456 823 demonstrandum

1386 840 1436 868 est,
1451 833 1583 861 videlicet
1597 835 1677 870 quod
1689 834 1853 870 superficies
1867 845 1970 872 aquae,
1982 835 2012 864 in
2024 845 2082 873 qua
2096 835 2266 863 describitur
2280 834 2356 862 linea
2370 834 2455 869 BEG,

1385 873 1421 901 sit
1442 873 1610 910 sphaerica:
1638 874 1707 910 quia
1727 874 1803 902 linea
1824 884 1898 911 quae
1919 876 2010 913 tangit
2030 882 2088 904 tres
2109 875 2199 903 lineas
2220 874 2354 912 aequales
2375 883 2456 911 egre-

1386 913 1496 941 dientes
1518 922 1535 941 a
1556 920 1665 949 centro,
1688 920 1730 941 est
1751 914 1827 942 linea
1848 915 2002 943 circularis.
2017 931 2037 936 -
2056 916 2083 943 8.
2104 914 2295 944 Concluditur
2316 923 2350 942 ex
2371 923 2454 951 prae-

1386 953 1480 981 missis
1501 954 1581 990 quod
1596 959 1674 981 totus
1689 955 1815 982 mundus
1830 954 1865 982 sit
1879 955 2054 991 sphaericus.
2069 972 2090 976 —
2103 957 2148 983 De
2161 954 2336 992 perfectione
2351 954 2455 991 sphae-

1386 993 1461 1021 ricae
1482 992 1600 1030 figurae,
1623 1002 1711 1030 quam
1732 994 1900 1022 naturaliter
1921 996 2007 1023 habet
2028 996 2164 1023 mundus.

2387 276 2456 323 143

1384 1084 1438 1122 sic
1466 1085 1634 1134 quando,
1665 1085 1878 1122 secundum
1897 1087 2117 1124 versionem
2147 1088 2328 1138 corporis,
2354 1088 2454 1126 linea

1384 1139 1585 1175 terminata
1622 1139 1671 1176 ad
1709 1140 1890 1186 angulum
1925 1141 2140 1188 pervenerit
2177 1143 2226 1179 ad
2257 1142 2387 1179 locum
2415 1141 2455 1178 in

1385 1204 1462 1239 quo
1489 1199 1568 1228 erat
1596 1191 1694 1228 linea
1723 1192 1837 1229 ducta
1863 1193 1910 1230 ad
1930 1193 2030 1230 aliud
2057 1202 2243 1243 punctum
2263 1195 2369 1243 quod
2399 1202 2456 1232 est

1383 1244 1480 1282 inter
1507 1246 1677 1293 angulos,
1709 1245 1867 1294 accipiet
1893 1246 1978 1294 plus
2007 1246 2054 1283 de
2083 1248 2181 1295 loco,
2203 1255 2240 1285 et
2266 1248 2318 1285 ita
2346 1248 2414 1285 erit
2433 1249 2453 1270 *

1385 1310 1524 1347 corpus
1551 1299 1618 1335 ubi
1646 1298 1750 1347 prius
1779 1311 1857 1336 non
1878 1307 1971 1346 erat;
1998 1307 2034 1336 et
2058 1301 2296 1349 subsequens
2315 1302 2335 1322 '¹‘
2355 1301 2454 1339 linea

1385 1364 1483 1400 quae
1501 1352 1688 1400 pertinget
1716 1353 1765 1389 ad
1793 1354 1921 1389 locum
1951 1353 2088 1401 anguli,
2120 1367 2199 1391 non
2226 1355 2363 1404 poterit
2391 1367 2454 1391 oc-

1385 1417 1524 1453 cupare
1553 1413 1676 1442 totum
1705 1406 1834 1443 locum
1854 1406 1918 1455 qui
1946 1408 2204 1456 occupabatur
2223 1409 2271 1444 ab
2301 1408 2453 1456 angulo,

1385 1466 1421 1495 et
1448 1458 1535 1496 ideo
1555 1459 1622 1496 ubi
1650 1472 1752 1496 nunc
1780 1472 1860 1496 non
1888 1467 1943 1496 est
1972 1473 2123 1509 corpus,
2142 1461 2248 1509 prius
2273 1469 2362 1499 erat.
2392 1459 2454 1498 Sic

1386 1524 1475 1559 ergo
1497 1520 1599 1549 extra
1627 1512 1733 1549 illurn
1763 1513 1892 1549 locum
1921 1513 1960 1550 in
1989 1526 2066 1561 quo
2087 1526 2189 1551 nunc
2215 1523 2270 1551 est
2290 1515 2451 1563 caelum,

1383 1572 1509 1614 potest
1529 1578 1612 1602 esse
1641 1566 1794 1615 aliquod
1819 1578 1969 1615 corpus,
1991 1566 2087 1603 idest
2106 1567 2232 1616 aliqua
2250 1580 2338 1617 pars
2359 1568 2454 1604 eius-

1385 1618 1474 1655 dem
1504 1619 1618 1664 caeli3
1649 1627 1686 1656 et
1712 1631 1780 1668 per
1810 1631 2050 1668 consequens
2080 1627 2134 1657 est
2162 1620 2214 1657 ibi
2242 1621 2358 1669 locus,
2390 1621 2454 1670 qui

1384 1680 1440 1709 est
1459 1672 1630 1721 corporis
1650 1673 1947 1721 receptaculum;
1974 1681 2010 1710 et
2029 1682 2306 1723 consequenter
2326 1682 2380 1711 est
2402 1673 2455 1711 ibi

1382 1738 1573 1773 vacuum,
1603 1726 1708 1775 quod
1746 1726 1837 1763 nihil
1875 1726 1986 1763 aliudv
2005 1734 2061 1763 est
2088 1739 2205 1775 quam
2239 1728 2346 1765 locus
2374 1740 2454 1765 non

1382 1779 1517 1828 plenus
1547 1792 1707 1828 corpore
1741 1779 1847 1816 cuius
1877 1787 1933 1816 est
1961 1792 2090 1829 capax.

1439 1834 1472 1870 3.
1496 1833 1573 1870 Sed
1593 1833 1682 1882 quia
1710 1833 1824 1870 etiam
1840 1834 1859 1854 ‘⁴²
1876 1840 1962 1870 sunt
1990 1833 2180 1882 quaedam
2209 1834 2352 1882 figurae
2374 1846 2454 1871 non

1381 1886 1566 1923 habentes
1595 1887 1765 1935 angulos,
1788 1899 1886 1935 quae
1915 1895 2045 1923 tamen
2074 1899 2153 1924 non
2173 1895 2259 1924 sunt
2287 1887 2453 1936 sphaeri-

1383 1951 1462 1987 cae,
1493 1939 1580 1977 ideo
1609 1940 1713 1977 idem
1742 1940 1907 1978 ostendit
1945 1948 2222 1989 consequenter
2251 1940 2296 1977 de
2325 1940 2453 1977 huius-

1383 1993 1489 2030 modi
1518 1993 1659 2041 figuris.
1698 1994 1748 2030 Et
1777 1993 1866 2030 dicit·
1892 1993 1998 2042 quod
2028 1993 2149 2030 simile
2178 1993 2453 2031 inconveniens

1382 2046 1552 2095 sequitur
1580 2047 1609 2083 si
1639 2047 1864 2084 attribuatur
1892 2048 1998 2084 caelo
2019 2047 2147 2095 aliqua
2175 2047 2247 2084 alia
2275 2048 2408 2096 figura,
2430 2059 2453 2084 a

1382 2100 1489 2137 cuius
1527 2100 1656 2137 medio
1695 2113 1774 2137 non
1803 2112 1940 2137 omnes
1977 2100 2098 2138 lineae
2136 2108 2349 2150 protractae
2381 2100 2454 2138 sint

1381 2154 1573 2202 aequales,
1595 2153 1701 2202 quod
1730 2162 1785 2190 est
1811 2153 2011 2202 proprium
2045 2154 2241 2203 sphaerae.
2271 2155 2321 2191 Et
2348 2155 2416 2191 has
2433 2155 2452 2175 '¹‘

1381 2207 1521 2255 figuras
1551 2206 1639 2244 dicit
1667 2219 1750 2244 esse
1780 2207 1892 2255 duas,
1927 2207 2186 2245 lenticularem
2216 2207 2354 2244 scilicet
2375 2208 2394 2228 '5‘
2417 2215 2453 2245 et

1381 2261 1547 2297 ovalem.
1569 2261 1612 2296 In
1639 2260 1762 2308 figura
1781 2260 1884 2296 enim
1905 2260 2019 2307 ovali,
2040 2260 2140 2297 linea
2158 2273 2258 2309 quae
2283 2261 2454 2309 designat

1380 2313 1666 2361 longitudinem,
1689 2321 1745 2350 est
1763 2313 1886 2350 maior
1914 2326 1959 2350 ea
1983 2326 2082 2361 quae
2103 2314 2274 2362 designat
2295 2315 2451 2363 profun-

1381 2366 1558 2404 ditatem:
1585 2374 1641 2403 est
1669 2366 1771 2403 enim
1796 2367 1918 2414 figura
1946 2367 2067 2404 ovalis
2095 2368 2202 2416 quasi
2229 2380 2274 2404 ex
2302 2367 2452 2405 duabus

1378 2419 1679 2468 pyramidalibus
1699 2420 1870 2457 rotundis
1899 2420 2108 2458 coniunctis
2132 2420 2171 2457 in
2195 2421 2287 2458 basi.
2310 2421 2449 2469 Figura

1380 2481 1509 2510 autern
1529 2473 1755 2510 lenticularis
1775 2481 1831 2510 est
1850 2473 1957 2521 quasi
1981 2474 2079 2511 facta
2097 2475 2117 2495 '¹‘
2136 2474 2185 2510 ad
2208 2474 2372 2511 modum
2392 2486 2452 2511 ro-

1380 2534 1461 2573 tae,
1493 2526 1599 2563 cuius
1628 2526 1784 2563 latitudo
1806 2534 1861 2563 est
1881 2526 2006 2564 maior
2034 2539 2151 2576 quam
2180 2527 2381 2575 grossities.
2409 2528 2452 2564 In

1381 2580 1563 2619 omnibus
1597 2580 1700 2617 enim
1728 2579 1950 2617 huiusmodi
1986 2580 2117 2628 figuris
2150 2580 2284 2618 accidit
2317 2593 2450 2618 secun-

1382 2633 1475 2671 dum
1495 2633 1661 2682 aliquem
1675 2634 1839 2671 modum
1859 2634 1964 2682 quod
1984 2641 2088 2671 extra
2106 2634 2283 2671 ultimum
2298 2641 2449 2671 motum

1382 2699 1584 2736 supremae
1613 2687 1797 2736 sphaerae
1818 2694 1874 2724 est
1900 2687 2008 2724 locus
2034 2695 2070 2724 et
2096 2699 2276 2735 vacuum,
2296 2695 2453 2737 propter

1381 2741 1457 2778 hoc
1494 2740 1599 2790 quod
1627 2748 1751 2777 totum
1789 2740 2001 2778 secundum
2030 2753 2167 2778 omnes
2203 2748 2329 2789 partes
2364 2753 2452 2778 suas

1382 2806 1462 2831 non
1491 2806 1642 2843 semper
1669 2794 1803 2831 retinet
1831 2794 1999 2831 eundem
2026 2795 2165 2831 locum.
2192 2795 2241 2831 Et
2267 2795 2343 2831 hoc
2371 2794 2451 2843 qui-

1383 2847 1473 2885 dem
1502 2847 1649 2894 accidit,
1671 2847 1701 2884 si
1719 2847 1798 2896 poli
1818 2860 1932 2896 super
1952 2860 2049 2896 quos
2074 2847 2284 2885 revolvitur
2313 2859 2451 2896 corpus

1383 2901 1504 2939 ovalis
1531 2901 1696 2949 figurae,
1727 2900 1958 2950 accipiantur
1987 2913 2032 2937 ex
2059 2907 2166 2950 parte
2194 2900 2353 2937 minoris
2374 2900 2450 2937 dia-

1383 2954 1493 2991 metri
1526 2954 1661 3003 ipsius:
1699 2961 1790 2991 tunc
1823 2954 1924 2991 enim
1957 2961 2107 3002 oportet
2144 2953 2248 3002 quod
2285 2953 2450 2990 maiores

1383 3007 1558 3044 diametri
1577 3007 1926 3045 circumvolvantur
1940 3005 1964 3054 ὃ,
1978 3015 2014 3043 et
2032 3006 2084 3043 sic
2109 3007 2311 3055 occupabit
2329 3019 2450 3043 unum

1384 3069 1497 3110 caput
1511 3061 1576 3098 ovi
1591 3068 1742 3097 motum
1757 3060 1923 3110 aliquem
1938 3060 2077 3107 locum,
2090 3059 2128 3096 in
2139 3072 2215 3108 quo
2229 3059 2333 3108 prius
2348 3060 2451 3096 nulla

1382 3127 1470 3164 pars
1491 3114 1555 3151 ovi
1576 3121 1664 3151 erat.
1688 3114 1728 3151 Si
1747 3126 1841 3151 vero
1862 3113 2055 3160 longitudo
2076 3112 2141 3149 ovi
2160 3113 2394 3161 acciperetur
2411 3113 2451 3158 in

1384 3175 1493 3205 motu
1511 3167 1629 3216 ipsius
1649 3167 1745 3203 sicut
1763 3166 1841 3203 axis
1860 3166 2064 3202 immobilis
2082 3172 2104 3212 ε,
2125 3166 2235 3203 fieret
2262 3166 2450 3203 revolutio

1383 3233 1537 3270 semper
1556 3220 1769 3257 secundum
1797 3226 1923 3268 partes
1944 3219 2154 3267 circulares,
2177 3219 2227 3256 ita
2251 3219 2356 3268 quod
2374 3232 2451 3257 una

1383 3345 1476 3369 saltem
1496 3351 1556 3368 esse
1575 3343 1791 3368 subaudiendum.
1802 3355 1822 3362 ·-
1833 3342 1870 3367 Ibi
1889 3345 1915 3367 et
1932 3343 1970 3368 sic
1987 3343 2103 3375 quando,
2117 3346 2144 3368 et
2156 3343 2180 3369 si
2198 3343 2306 3376 quando
2321 3343 2349 3373 Ρ,
2363 3351 2452 3370 errore

1383 3380 1450 3404 forte
1468 3378 1664 3412 typographico.
1675 3393 1695 3397 —
1707 3379 1757 3402 Pro
1776 3378 1932 3407 versionem,
1951 3378 2148 3403 conversionem
2167 3379 2198 3408 A,
2218 3379 2358 3404 vexionem
2378 3385 2427 3405 cet.

1436 3414 1460 3447 ὃ)
1480 3414 1648 3446 accipiantur
1672 3421 1710 3438 ex
1727 3417 1842 3445 parte...
1854 3413 2107 3439 circumvolvantur.
2120 3428 2140 3433 —
2151 3414 2302 3446 accipiatur
2319 3422 2357 3440 ex
2369 3419 2453 3448 parte

1383 3450 1494 3475 minoris
1513 3449 1640 3474 diametri
1653 3453 1679 3474 et
1691 3449 1902 3474 cicumvolvatur
1920 3450 1948 3479 P,
1964 3449 2025 3482 quia
2044 3450 2128 3480 codd„
2143 3457 2196 3475 exc.
2209 3450 2314 3482 AsEGI,
2329 3451 2453 3476 omittunt

1381 3486 1576 3510 homoteleuton
1590 3485 1705 3517 ipsius...
1718 3485 1853 3509 diametri.
1864 3484 1957 3515 Quoad
1972 3485 2086 3512 maiores
2100 3485 2227 3510 diametri
2240 3485 2451 3512 circumvolvan-

1382 3525 1435 3550 tur,
1454 3520 1649 3545 observandum
1667 3524 1708 3544 est
1725 3520 1826 3552 plurale
1844 3520 1932 3545 referri
1946 3528 2026 3553 posse
2044 3521 2077 3545 ad
2094 3528 2187 3546 omnes
2206 3520 2302 3554 figuras
2316 3522 2450 3553 rotundas,

1383 3564 1495 3589 quarum
1514 3556 1630 3580 diametri
1649 3560 1710 3580 sunt
1728 3556 1886 3588 inaequales.

1436 3591 1458 3624 ε)
1478 3591 1547 3616 sicut
1569 3591 1633 3616 axis
1658 3591 1806 3616 immobilis.
1820 3605 1839 3610 —
1851 3591 1922 3616 sicut
1939 3599 1991 3616 om.
2007 3591 2027 3616 P
2046 3596 2072 3616 et
2091 3592 2166 3617 codd.
2180 3600 2233 3617 exc.
2248 3592 2325 3624 AsG3
2351 3592 2451 3618 confert

1382 3631 1470 3651 tamen
1488 3627 1520 3651 ad
1539 3627 1688 3652 claritatem.
1702 3626 1769 3651 -Ibi
1789 3634 1842 3651 una
1856 3634 1932 3659 pars,
1952 3634 2056 3660 semper
2074 3635 2128 3652 una
2138 3635 2207 3660 pars
2220 3628 2307 3653 ABCI.

2481 1249 2490 1258 '¹
2498 1250 2532 1270 est
2540 1248 2610 1270 codd.
2617 1254 2694 1271 exea.

2481 1303 2490 1311 ³
2505 1301 2547 1323 sub
2556 1308 2582 1324 se
2591 1302 2650 1330 ipsis
2664 1308 2694 1324 nc

2481 1334 2543 1350 orci.

2480 1840 2562 1862 “etiam
2568 1846 2616 1862 orn.
2623 1840 2692 1862 codd.

2481 2158 2489 2167 ‘¹
2505 2157 2638 2179 huiusmodi
2651 2163 2693 2179 co-

2480 2184 2551 2205 dices.

2479 2212 2489 2220 ·
2497 2210 2587 2232 scilicet
2595 2216 2643 2233 om.
2651 2216 2694 2232 co-

2481 2237 2551 2259 dices.
2702 2237 2706 2241 '

2477 2479 2489 2490 ⁸
2503 2481 2570 2501 stans
2583 2486 2605 2500 Α.
