2782 4134
83 1094 94 1105 ⁵
109 1094 144 1116 Cf.
153 1095 205 1116 lect.
214 1099 290 1121 praec.

84 1127 107 1142 n.
119 1127 133 1142 t.

84 1248 93 1257 ·
107 1247 170 1268 Lect.
184 1252 231 1267 xiv.

82 1402 92 1412 ⁸
109 1401 143 1423 Cf.
153 1401 213 1422 lectt.
227 1405 291 1427 seqq.

178 1505 195 1522 α

82 1668 91 1677 ·
101 1669 135 1689 ita
146 1673 192 1689 om.
202 1672 224 1688 Α.

82 1824 90 1833 ·
101 1828 180 1844 eorum
191 1828 238 1844 om.
248 1829 269 1844 r.

80 1930 89 1940 ·
105 1935 176 1957 supra
192 1929 254 1950 dicta
267 1935 288 1950 P.

80 2085 89 2093 '¹
109 2085 208 2110 utraque
225 2083 289 2110 quie-

79 2112 146 2131 scant
161 2109 229 2131 codd.

83 2561 92 2570 '
99 2560 122 2582 in
129 2561 238 2582 orientem
245 2566 292 2582 om.

82 2593 104 2608 r.

84 2665 95 2676 ⁴¹
105 2664 171 2687 nobis
181 2671 229 2687 om.
238 2672 260 2687 A.

86 2724 95 2734 '
106 2723 191 2744 dicitur
200 2728 248 2743 om.
256 2728 297 2744 co-

86 2749 148 2771 dices
163 2755 211 2770 cxc.
221 2755 242 2770 Α.

87 2830 96 2838 ·
112 2828 174 2850 Lect.
188 2834 250 2849 xxvi.

89 3043 100 3089 ἶ
115 3044 213 3070 utraque
227 3049 273 3070 ‘2⁰¹3
285 3050 297 3065 Β

92 3075 183 3117 'aiz‘lt'ud
196 3096 263 3118 codd.

332 285 400 321 162

323 370 382 391 tem
403 360 567 397 contingere
588 365 683 396 potest
697 368 730 386 ex
750 356 932 385 necessitate:
955 364 1023 382 nam
1053 353 1154 381 eadem
1176 351 1271 395 stella,
1291 354 1386 385 posita

324 403 354 430 in
367 401 423 430 alio
439 400 553 434 circulo,
570 405 732 427 moveretur
746 396 854 425 tardius
868 396 912 423 vel
926 394 1062 428 velocius,
1074 393 1151 420 iuxta
1165 392 1307 432 diversam
1323 396 1384 415 ma-

324 440 503 479 gnitudinem
517 438 628 473 circuli3
644 438 738 465 nullus
753 436 841 473 igitur
851 441 949 463 motus
964 439 1039 476 esset
1050 431 1146 459 stellae
1161 437 1304 473 proprtus.
1317 428 1383 470 N⁰.n

324 491 358 510 ex
380 490 460 509 casu:
483 478 621 515 contingit
642 477 719 505 enim
740 477 770 504 in
791 475 925 503 omnibus
942 482 1003 500 esse
1018 470 1102 514 S1mul
1123 476 1263 496 maiorem
1278 466 1383 494 veloci·

323 527 411 549 tatem
433 519 529 548 stellae
543 525 571 546 et
586 517 725 546 maiorem
746 513 973 551 magnitudinem
987 510 1100 544 circu11;
1122 508 1203 552 quod
1218 512 1260 534 est
1281 511 1383 533 contra

324 559 465 588 rationem
487 568 579 587 casus.
602 559 638 584 Et
658 562 812 592 praeterea,
834 553 863 580 in
885 552 1010 580 motibus
1039 548 1202 590 caelestium
1225 553 1382 581 corporum

324 599 423 628 omnia
444 605 510 627 sunt
531 597 688 626 secundum
709 601 848 627 naturam,
871 601 903 619 ae
924 590 1044 627 proinde
1066 587 1224 631 excluditur
1249 593 1340 612 casus.
1362 599 1381 603 -

324 639 406 667 Ratio
428 637 581 666 Alexandri
602 637 639 664 ad
653 634 832 671 probandam
854 630 956 658 thesim
975 637 1061 664 supra
1081 627 1227 672 inductam
1247 625 1286 669 (n.
1305 623 1342 659 3).
1362 639 1381 644 —

326 679 351 706 5.
365 679 426 706 Nec
441 683 483 706 est
492 676 629 715 possibile
651 674 725 711 quod
745 672 828 700 stella
849 674 998 697 moveatur
1019 673 1046 695 et
1066 665 1194 710 etr-culus
1214 668 1349 707 quiescat.
1365 678 1381 683 -

323 718 406 746 Ratio
422 724 472 752 est,
488 716 555 753 quia
569 716 608 743 sic
622 714 797 749 contingeret
811 710 921 738 stellam
943 708 1020 735 illam
1034 706 1160 734 velocius
1182 711 1291 731 moveri
1307 711 1381 747 quae

324 764 397 785 esset
418 757 447 784 in
468 755 570 784 maiori
591 754 705 787 circulo,
728 751 807 788 quod
835 757 920 784 supra
947 747 1143 790 improbatum
1169 750 1227 771 est:
1255 743 1381 786 velocius

324 797 401 825 enim
416 802 578 824 moveretur
596 791 783 830 propinquior
804 786 1014 825 aequinoctiali,
1027 795 1050 830 st
1065 786 1220 829 loquamur
1233 783 1269 810 de
1293 782 1381 826 stellis

323 838 400 871 fixis3
419 837 463 864 vel
484 844 518 863 ea
538 843 611 871 quae
639 838 680 860 est
700 831 730 858 in
757 829 863 857 circulo
892 826 1067 860 continenti,
1096 834 1119 852 ει
1141 825 1176 851 de
1197 823 1319 867 plancus
1345 827 1382 849 Slt

323 886 427 906 sermo.
443 893 461 898 -
476 877 503 903 6.
518 876 559 902 Ex
574 873 616 901 his
631 870 757 907 sequitur
771 867 893 896 clrculos
908 866 1026 903 quidem
1040 874 1092 902 per
1106 873 1136 892 se
1151 872 1270 897 moveri,
1285 861 1380 889 stellas

539 989 555 1012 ,.
583 971 757 1011 ostquam
786 959 1040 1008 Philosophus
1065 955 1228 993 ostendit
1256 953 1377 1002 qualis

538 1022 567 1050 ἓν
583 1017 627 1053 sit
654 1023 785 1052 natura
814 1013 1026 1057 stellarum,
1062 1010 1123 1046 hic
1152 1007 1379 1045 determinat

527 1059 566 1095 's‘
583 1070 627 1106 de
657 1075 764 1105 motu
785 1078 916 1102 earum
941 1065 973 1101 ²¹⁴.
1000 1065 1048 1100 Et
1066 1062 1191 1111 primo
1212 1061 1378 1098 ostendit

384 1152 408 1159 w
469 1156 475 1168 „
525 1110 563 1153 uf
581 1121 738 1170 qualiter
765 1119 892 1156 stellae
925 1123 1172 1161 moveantur;
1207 1114 1376 1151 secundo

321 1178 480 1216 ostendit
506 1176 632 1213 utrum
663 1186 706 1210 ex
735 1184 869 1209 eorum
899 1178 1007 1207 motu
1035 1181 1152 1206 sonus
1181 1175 1376 1215 causetur,

319 1233 390 1269 ibi:
418 1230 664 1278 Manifestum
692 1232 816 1263 autem
845 1236 895 1260 ex
921 1224 977 1260 his
1006 1224 1026 1244 ³⁵
1056 1229 1123 1259 etc.

372 1285 479 1321 Circa
507 1282 684 1331 primurn,
707 1277 869 1315 ostendit
888 1277 1012 1313 stellas
1041 1288 1119 1312 non
1147 1287 1216 1323 per
1235 1286 1274 1310 se
1294 1286 1377 1310 mo-

317 1338 408 1383 veri,
430 1336 495 1373 sed
515 1333 648 1372 deferri
677 1344 739 1369 eas
759 1338 867 1368 motu
896 1329 1060 1375 orbium,
1086 1328 1203 1365 tribus
1228 1326 1378 1364 rationi-

318 1391 387 1427 bus
400 1391 429 1425 *.
444 1389 616 1435 Quarum
636 1386 758 1434 prima
778 1383 939 1420 sumitur
956 1394 1026 1430 per
1047 1380 1377 1430 comparationem

318 1444 507 1480 stellarum
528 1441 577 1477 ad
602 1439 724 1475 orbes.
757 1439 798 1474 In
813 1449 890 1485 qua
913 1435 1070 1484 quidem
1090 1434 1235 1471 ratione
1255 1446 1377 1470 unum

316 1494 585 1545 praesupponit
599 1499 615 1514 α
631 1504 676 1528 ex
697 1503 742 1527 eo
763 1489 867 1538 quod
887 1495 1043 1537 apparet
1061 1488 1274 1524 secundum
1294 1499 1377 1524 sen-

317 1561 418 1586 sum:
451 1547 625 1584 videmus
656 1544 756 1581 enim
791 1550 827 1579 et
854 1542 977 1579 stellas
1007 1548 1043 1578 et
1070 1548 1192 1578 totum
1228 1542 1376 1577 caelum

317 1601 475 1639 moveri.
497 1601 662 1636 Necesse
692 1604 747 1634 est
775 1603 903 1633 autem
922 1595 997 1631 hoc
1021 1595 1239 1642 contingere
1258 1594 1377 1630 tribus

318 1654 456 1692 modis:
485 1665 562 1690 uno
596 1651 750 1700 quidem
784 1649 903 1686 modo
932 1648 983 1684 ita
1002 1648 1022 1669 *
1041 1647 1147 1697 quod
1171 1655 1376 1696 utrumque

317 1708 501 1756 quiescat,
532 1705 668 1742 scilicet
696 1711 732 1740 et
759 1703 862 1740 stella
891 1709 927 1738 et
955 1701 1078 1747 orbis;
1117 1701 1190 1738 alio
1220 1700 1377 1748 quidem

317 1761 433 1797 modo
463 1761 512 1796 ita
535 1758 637 1807 quod
666 1764 869 1804 utrumque
898 1762 1114 1799 moveatur;
1144 1754 1254 1791 tertio
1282 1767 1386 1791 vero.

317 1814 434 1851 modo
454 1813 503 1849 ita
522 1812 625 1860 quod
644 1822 764 1846 unum
786 1821 919 1846 eorum
938 1810 957 1830 '⁴²
972 1808 1142 1857 quiescat
1161 1815 1198 1843 et
1216 1808 1377 1845 alterum

316 1874 525 1904 moveatur.
544 1865 626 1901 Hac
640 1871 766 1900 autem
787 1862 972 1899 divisione
986 1861 1120 1910 posita,
1136 1861 1379 1910 prosequitur

316 1920 384 1957 tria
413 1919 586 1955 membra
613 1916 802 1966 praedicta
833 1916 861 1951 *.

371 1985 405 2009 2.
435 1973 483 2009 Et
509 1971 633 2020 primo
662 1969 902 2019 prosequitur
929 1968 1113 2016 primum,
1150 1979 1238 2004 cum
1268 1967 1376 2005 dicit:

321 2027 485 2074 Utraque
504 2024 650 2073 quidem
670 2024 785 2073 igitur
810 2029 877 2058 etc.
909 2021 1017 2058 Circa
1037 2021 1141 2069 quod
1162 2020 1250 2058 dicit
1272 2021 1379 2069 quod

316 2078 546 2128 impossibile
576 2084 631 2113 est
650 2076 774 2113 dicere
794 2075 898 2124 quod
920 2082 1126 2123 utrumque
1145 2074 1316 2124 quiescat
1336 2076 1377 2121 *,

317 2131 454 2169 scilicet
481 2131 584 2170 stella
614 2137 648 2166 et
677 2129 788 2175 orbis,
810 2128 840 2165 si
868 2135 1104 2177 supponatur
1128 2128 1234 2176 quod
1263 2127 1379 2165 etiam

317 2193 415 2222 terra
441 2184 623 2233 quiescat:
653 2195 730 2219 non
760 2182 861 2219 enim
883 2189 1012 2230 posset
1031 2181 1168 2218 salvari
1188 2194 1379 2230 apparens

318 2246 444 2274 motus
472 2237 673 2282 stellarum,
705 2236 734 2272 si
764 2242 798 2272 et
826 2235 952 2271 stellae
977 2247 1076 2283 quae
1096 2234 1275 2272 videntur
1295 2247 1378 2271 mo-

317 2291 396 2328 veri
423 2290 668 2339 quiescerent,
695 2296 731 2325 et
759 2288 932 2325 homines
961 2288 1025 2337 qui
1053 2287 1185 2325 vident
1202 2286 1230 2324 Ρ.
1263 2288 1380 2335 Quod

319 2344 420 2381 enim
462 2350 588 2380 motus
625 2349 804 2391 appareat
824 2371 833 2388 ,
877 2348 1052 2378 causatur
1087 2342 1149 2378 vel
1189 2353 1233 2378 ex
1271 2349 1379 2378 motu

317 2396 470 2434 visibilis
496 2397 558 2433 vel
593 2408 637 2432 ex
669 2402 776 2432 motu
807 2394 980 2431 videntis.
1002 2395 1051 2431 Et
1083 2394 1169 2431 ideo
1207 2394 1378 2444 quidam,

317 2457 502 2499 ponentes
531 2450 653 2485 stellas
683 2456 718 2485 et
746 2455 866 2485 toturn
897 2449 1044 2484 caelum
1073 2447 1281 2497 quiescere,
1311 2461 1379 2498 po-

320 2511 473 2539 suerunt
490 2510 630 2539 terram
650 2502 688 2538 in
708 2514 783 2550 qua
811 2514 881 2538 nos
910 2501 1138 2547 habitamus,
1160 2501 1309 2538 moveri
1333 2502 1381 2538 ab

320 2556 512 2592 occidente
541 2555 578 2591 in
598 2555 782 2591 orientem
803 2555 822 2575 “²⁴
844 2554 940 2591 circa
959 2555 1069 2603 polos
1089 2554 1382 2602 aequinoctiales

320 2608 484 2657 qualibet
499 2608 558 2645 die
574 2608 705 2653 semel;
728 2615 763 2644 et
778 2607 827 2644 ita
841 2620 910 2656 per
924 2615 1073 2644 motum
1089 2615 1260 2644 nostrum
1275 2608 1381 2645 vide-

321 2670 380 2698 tur
399 2661 509 2698 nobis
523 2662 542 2682 ²¹²
559 2662 661 2710 quod
681 2661 806 2697 stellae
827 2660 864 2697 in
885 2660 1114 2697 contrarium
1137 2669 1381 2708 moveantur;

322 2714 427 2764 quod
456 2714 611 2763 quidem
641 2713 773 2750 dicitur
796 2714 816 2734 *
842 2713 1012 2762 posuisse
1042 2714 1252 2751 Heraclitus
1281 2716 1381 2752 Pon—

322 2768 415 2804 ticus
434 2775 471 2804 et
484 2767 731 2804 Aristarchus.
750 2767 938 2816 Supponit
953 2775 1079 2804 autem
1099 2768 1318 2805 Aristoteles
1335 2769 1382 2806 ad

322 2832 500 2869 praesens
528 2820 631 2868 quod
654 2827 751 2856 terra
775 2820 952 2868 quiescat,
969 2822 1073 2869 quod
1096 2822 1345 2870 postmodum
1363 2824 1383 2844 ‘⁸

323 2873 508 2923 probabit.
524 2873 634 2910 Unde
651 2873 879 2922 relinquitur,
889 2881 1036 2911 remoto
1052 2874 1176 2923 primo
1192 2876 1381 2923 membro,

324 2939 399 2975 quo
415 2927 627 2975 ponebatur
646 2927 792 2963 caelum
808 2934 844 2963 et
858 2927 981 2963 stellas
1001 2928 1206 2976 quiescere,
1223 2929 1382 2966 alterum

326 2980 488 3016 duorum
508 2979 771 3016 membrorum
791 2979 992 3016 verificari:
1023 2980 1172 3029 scilicet,
1192 2981 1255 3018 vel
1279 2982 1383 3030 quod

324 3040 526 3080 utrumque
546 3033 565 3053 ²¹⁶
585 3040 796 3079 moveatur,
814 3033 952 3069 scilicet
980 3034 1083 3070 stella
1113 3042 1158 3071 et·
1176 3034 1296 3079 orbis;
1321 3037 1383 3072 vel

327 3085 430 3134 quod
444 3098 562 3122 unum
579 3097 712 3122 eorum
728 3093 928 3123 moveatur
942 3093 978 3122 et
993 3087 1152 3124 alterum
1169 3089 1188 3108 ἢ*
1204 3087 1382 3136 quiescat.

382 3139 414 3174 3.
444 3138 591 3175 Deinde
621 3150 709 3175 cum
737 3138 844 3175 dicit:
879 3140 921 3175 Si
947 3140 1094 3188 quidem
1128 3141 1245 3190 igitur
1272 3142 1384 3178 ambo

328 3191 573 3227 movebuntur
593 3198 674 3238 etc.,
705 3191 857 3228 destruit
876 3193 1034 3230 alterum
1063 3194 1294 3241 membrum,
1316 3195 1384 3231 sci-

328 3242 412 3279 licet
438 3243 542 3291 quod
569 3251 647 3280 tam
680 3245 783 3281 stella
810 3257 926 3293 quam
964 3245 1066 3283 orbis
1094 3254 1306 3284 moveatur.
1337 3249 1386 3285 Et

331 3294 418 3331 dicit
436 3296 539 3344 quod
559 3296 589 3346 si
605 3297 719 3333 ambo
740 3305 953 3345 moventur,
978 3298 1128 3336 videtur
1147 3299 1254 3348 sequi
1278 3300 1385 3349 quid-

386 3439 413 3474 α)
434 3448 514 3465 unum
523 3443 834 3474 praesupponit.-unum
845 3444 948 3476 quidem
960 3447 1154 3478 praesupponit
1164 3447 1329 3480 codd.—Seq.
1340 3448 1384 3473 lin.

332 3483 379 3507 pro
397 3479 423 3500 et
440 3476 529 3500 stellas
548 3480 573 3500 et
591 3480 675 3502 totum
694 3479 802 3506 caelum,
818 3482 900 3504 totum
914 3481 1013 3505 caelum
1033 3484 1059 3506 et
1072 3482 1161 3507 stellas
1181 3482 1213 3512 1³3
1228 3482 1261 3507 cf.
1278 3488 1385 3508 textum.

387 3508 412 3544 β)
433 3513 458 3534 et
476 3510 592 3535 homines
607 3511 651 3543 qui
665 3512 762 3538 vident.
775 3527 793 3532 -
806 3517 831 3538 et
849 3514 966 3540 homines
981 3516 1025 3547 qui
1045 3516 1168 3541 videntur
1187 3517 1287 3543 moveri
1305 3519 1339 3546 Β,
1360 3522 1386 3543 et

332 3545 407 3570 orbes
426 3545 471 3577 qui
489 3545 610 3570 videntur
629 3548 727 3572 moveri
746 3548 777 3578 Ρ;
797 3549 880 3573 statim
900 3558 947 3582 pro
965 3551 1042 3579 enim,
1059 3551 1138 3576 etiam
1159 3552 1187 3577 P.
1202 3553 1337 3578 Lectiones
1356 3561 1385 3578 ex

1026 276 1097 312 DE
1126 272 1300 311 CAELO
1330 272 1401 308 ET
1430 267 1624 307 MUNDO
1654 267 1748 303 LIB.
1780 266 1812 302 II

1439 353 1536 374 autem
1557 343 1668 372 moveri
1690 344 1728 371 ad
1749 349 1863 371 motum
1885 343 2089 379 sphaerarum,
2116 351 2167 370 seu
2189 342 2373 371 circulorum.
2397 344 2434 371 Et
2454 343 2511 372 hoc

1438 385 1534 421 posito
1555 384 1627 411 nihil
1647 383 1843 411 irrationabile
1866 382 2004 419 sequitur.
2030 381 2130 410 Prirno
2152 381 2230 410 enim
2244 382 2350 411 rationi
2370 390 2514 412 consonat

1438 424 1580 452 maiorem
1595 432 1657 451 esse
1671 423 1853 451 velocitatem
1867 422 1986 451 maioris
2001 422 2176 450 circulorum
2188 421 2239 459 qui
2257 421 2333 451 circa
2351 422 2430 451 idem
2444 432 2512 451 cen-

1437 470 1514 491 trum
1529 463 1708 492 collocantur
1730 462 1822 499 (circa
1836 462 1914 490 idem
1934 471 2004 490 vero
2019 468 2151 490 centrum
2173 461 2308 490 collocati
2325 468 2393 490 sunt
2414 462 2514 491 circuli

1436 504 1619 540 planetarum
1633 509 1767 539 respectu
1786 508 1888 537 terrae,
1911 509 1939 530 et
1960 502 2106 530 stellarum
2128 502 2251 530 fixarum
2274 508 2407 538 respectu
2427 503 2513 539 polo-

1436 544 1535 578 rum):
1551 552 1621 570 nam
1636 542 1724 571 etiarn
1738 541 1768 570 in
1783 542 1827 570 his
1842 551 1916 580 quae
1932 548 2014 570 motu
2032 548 2112 570 recto
2128 548 2291 577 moventur,
2312 542 2431 570 maioris
2446 551 2511 570 cor-

1435 582 1516 619 poris
1531 589 1574 610 est
1594 589 1693 610 motus
1714 582 1851 610 naturalis
1872 582 2009 610 velocior.
2033 582 2122 616 Quod
2144 588 2242 610 autern
2264 590 2363 610 revera
2383 582 2512 610 velocius

1436 629 1609 650 moveantur
1636 621 1734 650 circuli
1763 621 1899 658 maiores,
1919 628 1998 659 patet
2019 622 2154 650 ducendo
2176 622 2248 650 duas
2269 621 2360 650 lineas
2382 628 2473 650 rectas
2494 631 2513 650 a

1436 668 1546 698 centro,
1561 662 1607 690 vel
1621 663 1694 690 duas
1707 661 1798 690 lineas
1813 661 1966 690 circulares
1976 671 1993 690 a
2007 661 2088 698 polo,
2100 670 2152 698 per
2166 670 2270 690 omnes
2281 661 2404 690 circulos
2418 671 2512 699 usque

1436 702 1474 730 ad
1490 701 1650 730 maximum
1665 711 1777 737 eorum,
1793 708 1821 730 et
1835 702 2019 730 observando
2034 701 2160 738 spatium
2180 701 2371 738 interceptum
2385 701 2431 730 vel
2444 710 2511 738 per-

1435 741 1588 769 transitum
1604 741 1634 769 in
1649 741 1768 770 diversis
1783 741 1905 777 circulis,
1921 742 1991 769 dum
2006 750 2065 769 una
2079 741 2222 770 linearum
2237 741 2267 769 in
2281 741 2398 770 alterius
2412 742 2512 770 locum

1434 781 1571 809 succedit.
1580 798 1598 802 —
1607 791 1633 818 7.
1646 782 1791 810 Secundo.
1800 783 1867 809 Non
1878 781 1988 810 accidet
1999 781 2099 810 scissio
2109 781 2188 817 caeli,
2198 781 2271 809 sicut
2282 781 2412 810 accidere
2422 790 2512 818 opor-

1434 827 1515 856 teret,
1535 821 1559 849 si
1575 821 1672 849 stellae
1689 827 1876 850 moverentur
1895 827 1924 850 et
1940 822 2026 850 orbes
2044 821 2235 858 quiescerent.
2247 821 2363 850 -Aliter
2381 821 2512 858 exposita

1433 860 1543 896 littera,
1565 861 1754 889 confirmatur
1775 867 1890 890 motum
1911 861 2030 890 maioris
2051 861 2149 890 circuli
2164 870 2227 890 esse
2242 861 2428 890 velociorem.

1435 953 1525 990 dam
1546 952 1652 1001 quod
1673 960 1728 990 est
1746 953 2014 1001 irrationabile,
2026 954 2167 991 scilicet
2187 955 2293 1004 quod
2312 954 2358 992 sit
2373 954 2511 992 eadem

1433 1006 1617 1044 velocitas
1647 1006 1776 1054 stellae
1815 1014 1852 1043 et
1890 1007 2016 1044 circuli
2054 1007 2258 1046 deferentis
2287 1008 2428 1058 ipsam.
2471 1009 2511 1046 Si

1435 1059 1538 1096 enim
1558 1066 1765 1108 utrumque
1785 1067 1976 1107 movetur,
1993 1067 2145 1109 oportet
2172 1060 2298 1098 dicere
2319 1062 2426 1110 quod
2444 1074 2511 1099 ve-

1434 1112 1568 1149 locitas
1587 1111 1888 1161 uniuscuiusque
1917 1113 2045 1150 stellae
2066 1113 2113 1150 sit
2131 1114 2300 1163 aequalis
2318 1114 2511 1153 velocitati

1435 1165 1563 1202 circuli
1583 1164 1621 1201 in
1641 1177 1718 1213 quo
1743 1165 1877 1202 fertur:
1907 1174 2094 1215 apparent
2114 1167 2217 1204 enim
2243 1168 2372 1205 stellae
2397 1167 2511 1206 simul

1435 1231 1524 1256 cum
1563 1218 1711 1255 circulis
1748 1218 1951 1255 redeuntes
1989 1219 2128 1256 iterum
2163 1219 2202 1256 in
2229 1220 2334 1258 idern
2372 1233 2395 1257 a
2432 1233 2510 1270 quo

1433 1272 1683 1321 incoeperant
1706 1271 1726 1292 *
1751 1271 1943 1308 moveri.-
1960 1272 2010 1308 Et
2027 1273 2103 1309 hoc
2123 1272 2282 1322 quidem
2310 1273 2511 1312 manifeste

1434 1332 1604 1375 apparet,
1634 1325 1666 1362 si
1683 1325 1864 1374 loquatur
1892 1325 1940 1362 de
1969 1325 2083 1362 stellis
2110 1326 2208 1373 fixis,
2238 1338 2337 1375 quae
2366 1334 2455 1365 sunt
2471 1327 2512 1366 in

1434 1379 1597 1428 sphaera
1625 1385 1774 1415 octava.
1814 1378 1920 1415 Nam
1954 1390 2091 1416 omnes
2124 1379 2348 1417 huiusmodi
2381 1381 2510 1419 stellae

1433 1432 1548 1469 simul
1577 1444 1667 1468 cum
1686 1439 1766 1469 tota
1785 1432 1950 1481 sphaera
1976 1431 2156 1470 videntur
2182 1445 2262 1470 uno
2291 1440 2403 1471 motu
2427 1446 2512 1472 rno-

1431 1485 1534 1531 veri;
1565 1485 1615 1522 ita
1635 1486 1743 1534 quod
1762 1485 1868 1522 stella
1896 1497 1995 1533 quae
2026 1494 2082 1523 est
2106 1485 2146 1523 in
2165 1485 2308 1524 circulo
2327 1487 2512 1536 aequino-

1433 1538 1551 1586 ctiali,
1582 1538 1647 1588 qui
1677 1546 1733 1575 est
1757 1538 1918 1576 circulus
1946 1539 2138 1576 maximus
2171 1539 2346 1577 dividens
2375 1535 2512 1591 sphae-

1433 1604 1516 1629 ram
1536 1604 1607 1641 per
1625 1591 1811 1639 medium,
1828 1591 1867 1629 in
1883 1593 2024 1630 eodem
2045 1600 2220 1642 tempore
2240 1593 2369 1631 circuit
2387 1601 2512 1632 totum

1434 1645 1618 1695 circulum
1634 1657 1748 1682 suum
1763 1657 1960 1693 magnum,
1977 1645 2015 1683 in
2030 1659 2109 1695 quo
2124 1655 2299 1696 tempore
2313 1647 2387 1684 alia
2406 1649 2513 1686 stella

1434 1711 1531 1748 quae
1552 1706 1608 1736 est
1623 1698 1661 1735 in
1675 1698 1815 1735 minori
1829 1698 1970 1736 circulo
1985 1711 2120 1737 versus
2141 1700 2302 1737 alterum
2316 1702 2511 1750 polorum,

1434 1751 1565 1789 circuit
1593 1752 1777 1788 circulum
1799 1764 1913 1788 suum
1940 1764 2118 1800 parvum.
2146 1754 2196 1790 Et
2224 1753 2288 1801 sic,
2310 1766 2400 1791 cum
2419 1754 2513 1793 illud

1434 1806 1480 1843 sit
1498 1805 1671 1842 velocius
1691 1804 1797 1854 quod
1816 1805 1855 1842 in
1875 1805 2023 1855 aequali
2042 1813 2219 1856 tempore
2239 1815 2422 1845 movetur
2441 1820 2514 1857 per

1434 1859 1559 1896 maius
1579 1858 1758 1908 spatium,
1778 1865 1820 1895 ut
1837 1865 1941 1908 patet
1957 1859 1977 1880 *
1991 1858 2030 1896 in
2043 1859 2094 1896 VI
2110 1860 2321 1908 Hysic.**,
2341 1861 2514 1911 sequitur
2539 1874 2549 1883 ·

1435 1911 1542 1962 quod
1570 1913 1688 1958 stella,
1719 1919 1863 1961 quanto
1893 1919 1950 1950 est
1982 1912 2020 1950 in
2049 1912 2184 1950 maiori
2213 1912 2376 1962 circulo,
2405 1922 2511 1952 tanto

1435 1966 1482 2003 sit
1499 1965 1702 2002 velocioris
1731 1972 1872 2003 motus.
1903 1966 1953 2003 Et
1981 1966 2151 2003 similiter
2175 1975 2320 2016 quanto
2349 1967 2512 2018 circulus

1436 2019 1505 2056 erit
1520 2020 1540 2041 *²
1555 2018 1691 2066 maior,
1712 2025 1817 2055 tanto
1847 2026 1977 2056 motus
2005 2019 2086 2056 eius
2116 2019 2185 2056 erit
2206 2020 2511 2059 velocior.-Po-
2537 2033 2548 2042 ·

2538 1284 2549 1293 ·
2563 1283 2718 1311 incoeperunt
2727 1289 2752 1306 Α.

1435 2080 1507 2110 test
1535 2072 1555 2094 *¹
1586 2072 1700 2109 etiam
1728 2072 1804 2109 hoc
1831 2071 1996 2120 intelligi,
2027 2079 2070 2110 ut
2096 2073 2315 2111 Alexander
2339 2074 2429 2112 dicit
2457 2075 2510 2123 ⁴²⁸,
2538 2081 2560 2118 ζ,
2606 2086 2641 2109 ρο

1436 2126 1655 2176 adaptando
1685 2125 1735 2163 ad
1764 2125 1924 2162 circulos
1952 2126 2205 2175 planetarum.
2242 2127 2348 2164 Nam
2376 2140 2512 2167 secun-

1436 2180 1531 2217 dum
1552 2179 1659 2227 quod
1679 2186 1886 2216 moventur
1905 2179 1925 2199 *
1945 2186 2054 2216 motu
2083 2179 2232 2227 diurno,
2253 2180 2367 2218 simul
2388 2182 2512 2220 revol-
2539 2191 2549 2201 ·

1434 2240 1578 2284 vuntur
1615 2245 1705 2269 cum
1748 2244 1930 2281 suprema
1962 2233 2144 2282 sphaera,
2177 2233 2248 2271 nisi
2281 2233 2511 2283 inquantum

1434 2298 1504 2336 per
1531 2294 1661 2323 motus
1689 2285 1867 2335 proprios
1895 2286 2070 2335 planetae
2100 2286 2138 2324 in
2166 2287 2245 2324 suis
2273 2287 2427 2326 circulis
2443 2300 2514 2338 per

1435 2340 1592 2390 aliquod
1607 2339 1772 2389 spatium
1788 2339 2043 2377 retrocedunt.
2057 2340 2106 2377 Et
2118 2340 2207 2389 quia
2222 2340 2384 2379 circulus
2400 2353 2513 2392 supe-

1437 2393 1546 2431 rioris
1573 2393 1750 2443 planetae
1779 2400 1835 2430 est
1860 2392 1996 2440 maior,
2013 2401 2194 2443 sequetur
2213 2395 2319 2443 quod
2338 2395 2514 2445 superior

1435 2448 1588 2497 planeta
1607 2446 1653 2484 sit
1670 2446 1853 2494 velocior,
1869 2454 2058 2496 quantum
2077 2446 2127 2484 ad
2143 2455 2295 2485 motum
2315 2447 2511 2488 diurnum:

1435 2500 1526 2550 quia
1553 2500 1592 2537 in
1625 2500 1765 2537 eodem
1798 2507 1975 2548 tempore
2006 2513 2077 2550 per
2109 2500 2297 2538 maiorem
2327 2501 2512 2540 circulum

1436 2553 1658 2592 revolvitur.

1491 2607 1554 2644 Sic
1574 2607 1684 2656 igitur
1702 2614 1782 2644 tam
1816 2606 1854 2643 in
1881 2607 1998 2644 'stellis
2026 2606 2111 2646 fixis
2140 2619 2258 2656 quam
2278 2607 2317 2645 in
2335 2608 2511 2657 planetis,

1437 2661 1648 2710 aliqualiter
1675 2659 1812 2698 accidit
1845 2660 1950 2710 quod
1980 2659 2092 2698 simul
2130 2661 2236 2698 stella
2271 2662 2514 2710 pertransivit

1436 2722 1561 2752 totum
1591 2714 1787 2761 circulum,
1818 2722 1854 2751 et
1882 2713 1988 2763 quod
2013 2714 2171 2752 circulus
2192 2722 2247 2752 est
2275 2722 2404 2753 motus
2423 2728 2512 2765 pro-

1437 2768 1522 2817 prio
1551 2776 1672 2814 motu,
1692 2767 1997 2817 pertranseundo
2016 2767 2213 2817 propriam
2228 2769 2488 2817 peripheriam
2499 2798 2510 2816 ,

1437 2822 1533 2859 idest
1562 2821 1918 2859 circumferentiam.
1954 2821 2073 2868 Quod
2107 2821 2266 2870 quidem
2299 2821 2514 2871 intelligitur

1437 2875 1663 2924 inquantum
1692 2874 1846 2924 aliquod
1875 2882 2061 2924 punctum
2083 2874 2274 2923 signatum
2303 2874 2342 2912 in
2370 2875 2512 2914 circulo

1438 2929 1532 2966 redit
1566 2929 1615 2966 ad
1649 2928 1851 2978 pristinum
1880 2935 2031 2965 statum.

1490 2994 1528 3029 4.
1551 2982 1614 3019 Sic
1632 2981 1744 3030 igitur
1771 2989 1926 3020 ostenso
1946 2981 2051 3031 quod
2071 2981 2217 3019 accidat
2246 2994 2291 3019 ex
2321 2982 2420 3020 dicta
2441 2995 2511 3032 po-

1438 3035 1573 3072 sitione
1604 3036 1760 3073 easdem
1791 3047 1872 3072 esse
1905 3035 2125 3072 velocitates
2153 3043 2343 3073 astrorum
2379 3043 2415 3074 et
2443 3036 2511 3075 cir-

1439 3090 1625 3137 culorum,
1656 3088 1820 3126 ostendit
1846 3089 1922 3126 hoc
1950 3101 2033 3126 esse
2062 3088 2329 3136 irrationabile,
2354 3096 2396 3127 ut
2423 3102 2512 3140 sup-

1439 3150 1629 3191 posuerat,
1647 3154 1735 3179 cum
1752 3141 1842 3179 dicit
1855 3146 1887 3179 ⁷:
1908 3142 2000 3179 Non
2015 3147 2071 3178 est
2087 3148 2213 3180 autem
2230 3150 2299 3180 etc.
2319 3143 2368 3180 Et
2382 3143 2510 3193 primo

1439 3194 1596 3244 quidem
1616 3194 1797 3245 proponit
1811 3195 1918 3244 quod
1932 3207 2011 3233 non
2032 3203 2087 3232 est
2106 3195 2328 3234 rationabile
2344 3196 2452 3246 quod
2466 3196 2512 3234 sit

1441 3249 1576 3286 eadem
1606 3249 1804 3298 proportio
1826 3248 2037 3286 velocitatis
2057 3256 2247 3287 astrorum
2268 3257 2305 3287 et
2323 3249 2511 3298 magnitu-

1441 3301 1536 3339 dinis
1556 3302 1798 3350 circulorum,
1827 3310 1869 3339 ut
1892 3302 2030 3339 scilicet
2057 3310 2161 3340 tanto
2191 3302 2346 3352 aliquod
2365 3311 2510 3341 astrum

1492 3448 1519 3483 γ)
1540 3453 1568 3474 ut
1587 3454 1775 3482 supposuerat,
1800 3458 1859 3476 cum
1879 3451 1953 3476 dicit.
1972 3464 1990 3470 ·-
2009 3454 2039 3476 ut
2056 3454 2242 3484 supposuerat.
2267 3450 2372 3476 Deinde
2390 3458 2450 3477 cum
2470 3451 2512 3477 da·-

1439 3484 1475 3508 cit
1494 3484 1523 3509 P.
1543 3485 1610 3514 Quia
1629 3491 1714 3511 tamen
1733 3486 1759 3510 in
1777 3486 1825 3511 hac
1844 3487 1953 3512 lectione
1967 3487 2075 3511 omnino
2087 3486 2249 3512 desideratur
2264 3486 2434 3516 cohaerentia.
2452 3487 2511 3512 ideo

1441 3520 1589 3545 auctoritate
1612 3521 1687 3546 codd.
1711 3521 1883 3554 expungimus
1904 3522 2017 3547 Deinde.
2035 3536 2054 3541 -
2073 3521 2163 3547 Statim
2184 3522 2206 3547 Α
2226 3522 2321 3547 omittit
2339 3522 2511 3554 proponit.-

1441 3555 1527 3579 Altera
1547 3556 1612 3580 linea
1636 3564 1683 3589 pro
1706 3557 1798 3582 eadem
1814 3558 1958 3589 proportio
1988 3557 2150 3587 velocitatis,
2167 3557 2186 3582 Ρ
2205 3557 2283 3582 habet
2301 3557 2394 3583 eadem
2415 3557 2509 3583 veloci-

334 3580 409 3604 codd.
428 3581 571 3613 adoptatas,
596 3586 664 3613 patet
682 3582 713 3606 ab
738 3582 794 3615 ipso
823 3589 940 3609 contextu
964 3587 1066 3618 requiri.
1091 3587 1130 3611 Cf.
1149 3588 1225 3612 etiam
1249 3593 1355 3614 textum.
1368 3603 1387 3608 -
1441 3592 1496 3620 tas,·
1516 3591 1561 3615 sed
1586 3591 1618 3616 cf.
1638 3597 1778 3624 utrumque
1798 3597 1904 3618 textum.
1922 3607 1941 3612 -
1954 3592 2005 3618 Pro
2021 3592 2132 3626 aliquod
2152 3595 2272 3623 astrum,
2293 3592 2404 3626 aliquod
2421 3596 2510 3618 astro-

335 3615 425 3640 Statim
448 3615 468 3639 P
487 3623 540 3641 om.
562 3617 603 3640 uel
622 3621 679 3641 ante
691 3624 728 3641 ex
743 3621 814 3642 motu
834 3619 950 3644 visibilis.

1442 3632 1500 3649 rum
1516 3626 1547 3650 Α.

2774 2920 2782 3043 *eu*
2774 2738 2782 2908 -.—.--.--.-.
2776 2699 2782 2716 ..
2779 2653 2782 2660 .
