<?xml version="1.0" encoding="UTF-8"?>
<!DOCTYPE html PUBLIC "-//W3C//DTD XHTML 1.0 Transitional//EN"
    "http://www.w3.org/TR/xhtml1/DTD/xhtml1-transitional.dtd">
<html xmlns="http://www.w3.org/1999/xhtml" xml:lang="en" lang="en">
 <head>
  <title>
</title>
<meta http-equiv="Content-Type" content="text/html;charset=utf-8" />
  <meta name='ocr-system' content='tesseract 3.04.00' />
  <meta name='ocr-capabilities' content='ocr_page ocr_carea ocr_par ocr_line ocrx_word'/>
</head>
<body>
  <div class='ocr_page' id='page_1' title='image "./operaomniaiussui03thom/operaomniaiussui03thom_0515.png"; bbox 0 0 2690 4062; ppageno 0'>
   <div class='ocr_carea' id='block_1_1' title="bbox 26 0 47 90">
    <p class='ocr_par' dir='ltr' id='par_1_1' title="bbox 26 0 47 90">
     <span class='ocr_line' id='line_1_1' title="bbox 26 0 47 90; textangle 90"><span class='ocrx_word' id='word_1_1' title='bbox 31 51 47 90; x_wconf 62' lang='lat' dir='ltr'>·&#39;‘.·n·„</span> <span class='ocrx_word' id='word_1_2' title='bbox 26 0 47 43; x_wconf 33' lang='grc' dir='ltr'>Ὦς</span> 
     </span>
    </p>
   </div>
   <div class='ocr_carea' id='block_1_2' title="bbox 113 478 223 502">
    <p class='ocr_par' dir='ltr' id='par_1_2' title="bbox 113 478 223 502">
     <span class='ocr_line' id='line_1_2' title="bbox 113 478 223 502; baseline -0.018 0"><span class='ocrx_word' id='word_1_3' title='bbox 113 485 161 502; x_wconf 78' lang='lat' dir='ltr'>on.</span> <span class='ocrx_word' id='word_1_4' title='bbox 171 478 223 502; x_wconf 70' lang='lat' dir='ltr'>mh.</span> 
     </span>
    </p>
   </div>
   <div class='ocr_carea' id='block_1_3' title="bbox 222 2102 395 2190">
    <p class='ocr_par' dir='ltr' id='par_1_3' title="bbox 222 2102 395 2190">
     <span class='ocr_line' id='line_1_3' title="bbox 222 2102 395 2190; baseline 0 -59"><span class='ocrx_word' id='word_1_5' title='bbox 222 2102 395 2190; x_wconf 45' lang='lat' dir='ltr'>zotto</span> 
     </span>
    </p>
   </div>
   <div class='ocr_carea' id='block_1_4' title="bbox 1006 263 1573 310">
    <p class='ocr_par' dir='ltr' id='par_1_4' title="bbox 1006 263 1573 310">
     <span class='ocr_line' id='line_1_4' title="bbox 1006 263 1573 310; baseline -0.002 -10"><span class='ocrx_word' id='word_1_6' title='bbox 1006 264 1118 300; x_wconf 89' lang='lat' dir='ltr'>CAP.</span> <span class='ocrx_word' id='word_1_7' title='bbox 1147 264 1252 310; x_wconf 88' lang='lat' dir='ltr'>V111,</span> <span class='ocrx_word' id='word_1_8' title='bbox 1283 263 1435 300; x_wconf 88' lang='lat' dir='ltr'>LECT.</span> <span class='ocrx_word' id='word_1_9' title='bbox 1466 263 1573 300; x_wconf 83' lang='lat' dir='ltr'>xxn</span> 
     </span>
    </p>
   </div>
   <div class='ocr_carea' id='block_1_5' title="bbox 251 340 1324 1577">
    <p class='ocr_par' dir='ltr' id='par_1_5' title="bbox 251 340 1322 782">
     <span class='ocr_line' id='line_1_5' title="bbox 253 340 1320 385; baseline -0.001 -11"><span class='ocrx_word' id='word_1_10' title='bbox 253 341 346 385; x_wconf 88' lang='lat' dir='ltr'>cipia.</span> <span class='ocrx_word' id='word_1_11' title='bbox 367 340 457 373; x_wconf 87' lang='lat' dir='ltr'>Dicit</span> <span class='ocrx_word' id='word_1_12' title='bbox 479 341 568 373; x_wconf 91' lang='lat' dir='ltr'>enim</span> <span class='ocrx_word' id='word_1_13' title='bbox 585 340 679 373; x_wconf 87' lang='lat' dir='ltr'>Plato</span> <span class='ocrx_word' id='word_1_14' title='bbox 702 340 793 384; x_wconf 93' lang='lat' dir='ltr'>quod</span> <span class='ocrx_word' id='word_1_15' title='bbox 818 341 851 373; x_wconf 91' lang='lat' dir='ltr'>in</span> <span class='ocrx_word' id='word_1_16' title='bbox 870 340 886 357; x_wconf 84' lang='lat'><strong>*</strong></span> <span class='ocrx_word' id='word_1_17' title='bbox 906 340 969 373; x_wconf 92' lang='lat' dir='ltr'>illis</span> <span class='ocrx_word' id='word_1_18' title='bbox 994 351 1031 373; x_wconf 92' lang='lat' dir='ltr'>su</span> <span class='ocrx_word' id='word_1_19' title='bbox 1059 340 1228 373; x_wconf 87' lang='lat' dir='ltr'>erficiebus</span> <span class='ocrx_word' id='word_1_20' title='bbox 1252 351 1320 373; x_wconf 92' lang='lat' dir='ltr'>non</span> 
     </span>
     <span class='ocr_line' id='line_1_6' title="bbox 252 351 1322 427; baseline -0.002 -9"><span class='ocrx_word' id='word_1_21' title='bbox 252 393 301 418; x_wconf 92' lang='lat' dir='ltr'>est</span> <span class='ocrx_word' id='word_1_22' title='bbox 323 395 477 417; x_wconf 90' lang='lat' dir='ltr'>vacuum.</span> <span class='ocrx_word' id='word_1_23' title='bbox 495 384 586 424; x_wconf 80' lang='lat' dir='ltr'>Quia</span> <span class='ocrx_word' id='word_1_24' title='bbox 610 383 793 417; x_wconf 91' lang='lat' dir='ltr'>secundum</span> <span class='ocrx_word' id='word_1_25' title='bbox 818 395 875 417; x_wconf 91' lang='lat' dir='ltr'>eos</span> <span class='ocrx_word' id='word_1_26' title='bbox 892 351 1094 427; x_wconf 47' lang='lat' dir='ltr'>impossibile</span> <span class='ocrx_word' id='word_1_27' title='bbox 1110 393 1159 418; x_wconf 93' lang='lat' dir='ltr'>est</span> <span class='ocrx_word' id='word_1_28' title='bbox 1185 384 1255 417; x_wconf 90' lang='lat' dir='ltr'>fieri</span> <span class='ocrx_word' id='word_1_29' title='bbox 1272 395 1322 417; x_wconf 88' lang='lat' dir='ltr'>ra-</span> 
     </span>
     <span class='ocr_line' id='line_1_7' title="bbox 251 428 1320 472; baseline 0 -11"><span class='ocrx_word' id='word_1_30' title='bbox 251 440 336 469; x_wconf 91' lang='lat' dir='ltr'>rum,</span> <span class='ocrx_word' id='word_1_31' title='bbox 353 429 415 461; x_wconf 89' lang='lat' dir='ltr'>nisi</span> <span class='ocrx_word' id='word_1_32' title='bbox 440 439 499 472; x_wconf 91' lang='lat' dir='ltr'>per</span> <span class='ocrx_word' id='word_1_33' title='bbox 514 428 800 472; x_wconf 88' lang='lat' dir='ltr'>interpositionem</span> <span class='ocrx_word' id='word_1_34' title='bbox 819 429 915 461; x_wconf 93' lang='lat' dir='ltr'>vacui</span> <span class='ocrx_word' id='word_1_35' title='bbox 939 429 973 460; x_wconf 91' lang='lat' dir='ltr'>in</span> <span class='ocrx_word' id='word_1_36' title='bbox 997 428 1142 471; x_wconf 90' lang='lat' dir='ltr'>partibus</span> <span class='ocrx_word' id='word_1_37' title='bbox 1161 429 1320 472; x_wconf 89' lang='lat' dir='ltr'>corporis,</span> 
     </span>
     <span class='ocr_line' id='line_1_8' title="bbox 251 471 1322 524; baseline -0.001 -18"><span class='ocrx_word' id='word_1_38' title='bbox 251 473 399 524; x_wconf 89' lang='lat' dir='ltr'>sequitur</span> <span class='ocrx_word' id='word_1_39' title='bbox 423 471 514 516; x_wconf 91' lang='lat' dir='ltr'>quod</span> <span class='ocrx_word' id='word_1_40' title='bbox 537 471 553 489; x_wconf 87' lang='grc'><strong><em>*</em></strong></span> <span class='ocrx_word' id='word_1_41' title='bbox 571 483 641 505; x_wconf 93' lang='lat' dir='ltr'>non</span> <span class='ocrx_word' id='word_1_42' title='bbox 665 472 823 505; x_wconf 84' lang='lat' dir='ltr'>existente</span> <span class='ocrx_word' id='word_1_43' title='bbox 847 483 964 513; x_wconf 89' lang='lat' dir='ltr'>vacuo,</span> <span class='ocrx_word' id='word_1_44' title='bbox 984 483 1053 504; x_wconf 89' lang='lat' dir='ltr'>non</span> <span class='ocrx_word' id='word_1_45' title='bbox 1077 481 1251 516; x_wconf 88' lang='lat' dir='ltr'>generatur</span> <span class='ocrx_word' id='word_1_46' title='bbox 1268 472 1322 505; x_wconf 92' lang='lat' dir='ltr'>ali-</span> 
     </span>
     <span class='ocr_line' id='line_1_9' title="bbox 252 515 1322 562; baseline 0 -12"><span class='ocrx_word' id='word_1_47' title='bbox 252 516 332 562; x_wconf 82' lang='lat' dir='ltr'>quid</span> <span class='ocrx_word' id='word_1_48' title='bbox 347 517 450 550; x_wconf 91' lang='lat' dir='ltr'>rarius</span> <span class='ocrx_word' id='word_1_49' title='bbox 466 515 519 549; x_wconf 93' lang='lat' dir='ltr'>vel</span> <span class='ocrx_word' id='word_1_50' title='bbox 535 515 678 549; x_wconf 89' lang='lat' dir='ltr'>densius.</span> <span class='ocrx_word' id='word_1_51' title='bbox 693 516 782 549; x_wconf 91' lang='lat' dir='ltr'>Cum</span> <span class='ocrx_word' id='word_1_52' title='bbox 798 524 909 550; x_wconf 90' lang='lat' dir='ltr'>autem</span> <span class='ocrx_word' id='word_1_53' title='bbox 925 527 1035 550; x_wconf 89' lang='lat' dir='ltr'>rarum</span> <span class='ocrx_word' id='word_1_54' title='bbox 1051 525 1084 549; x_wconf 89' lang='lat' dir='ltr'>et</span> <span class='ocrx_word' id='word_1_55' title='bbox 1100 516 1239 550; x_wconf 90' lang='lat' dir='ltr'>densum</span> <span class='ocrx_word' id='word_1_56' title='bbox 1256 517 1322 550; x_wconf 91' lang='lat' dir='ltr'>sint</span> 
     </span>
     <span class='ocr_line' id='line_1_10' title="bbox 251 559 1320 606; baseline -0.001 -12"><span class='ocrx_word' id='word_1_57' title='bbox 251 561 376 606; x_wconf 82' lang='lat' dir='ltr'>primae</span> <span class='ocrx_word' id='word_1_58' title='bbox 401 560 582 593; x_wconf 85' lang='lat' dir='ltr'>contrariae</span> <span class='ocrx_word' id='word_1_59' title='bbox 606 559 777 604; x_wconf 88' lang='lat' dir='ltr'>qualitates</span> <span class='ocrx_word' id='word_1_60' title='bbox 802 572 842 593; x_wconf 84' lang='lat' dir='ltr'>ex</span> <span class='ocrx_word' id='word_1_61' title='bbox 864 568 955 604; x_wconf 90' lang='lat' dir='ltr'>parte</span> <span class='ocrx_word' id='word_1_62' title='bbox 979 561 1143 600; x_wconf 89' lang='lat' dir='ltr'>materiae,</span> <span class='ocrx_word' id='word_1_63' title='bbox 1163 561 1232 593; x_wconf 91' lang='lat' dir='ltr'>istis</span> <span class='ocrx_word' id='word_1_64' title='bbox 1251 571 1320 593; x_wconf 93' lang='lat' dir='ltr'>non</span> 
     </span>
     <span class='ocr_line' id='line_1_11' title="bbox 251 603 1320 655; baseline -0.002 -17"><span class='ocrx_word' id='word_1_65' title='bbox 251 604 466 638; x_wconf 87' lang='lat' dir='ltr'>existentibus</span> <span class='ocrx_word' id='word_1_66' title='bbox 490 603 571 637; x_wconf 89' lang='lat' dir='ltr'>aliae</span> <span class='ocrx_word' id='word_1_67' title='bbox 605 613 845 655; x_wconf 79' lang='lat' dir='ltr'>consequentes</span> <span class='ocrx_word' id='word_1_68' title='bbox 869 615 939 637; x_wconf 90' lang='lat' dir='ltr'>non</span> <span class='ocrx_word' id='word_1_69' title='bbox 970 613 1083 637; x_wconf 90' lang='lat' dir='ltr'>erunt:</span> <span class='ocrx_word' id='word_1_70' title='bbox 1108 605 1185 648; x_wconf 92' lang='lat' dir='ltr'>quia</span> <span class='ocrx_word' id='word_1_71' title='bbox 1213 603 1320 636; x_wconf 91' lang='lat' dir='ltr'>ablato</span> 
     </span>
     <span class='ocr_line' id='line_1_12' title="bbox 252 647 1321 694; baseline -0.002 -12"><span class='ocrx_word' id='word_1_72' title='bbox 252 650 355 694; x_wconf 89' lang='lat' dir='ltr'>priori</span> <span class='ocrx_word' id='word_1_73' title='bbox 379 647 525 682; x_wconf 85' lang='lat' dir='ltr'>aufertur</span> <span class='ocrx_word' id='word_1_74' title='bbox 548 656 581 681; x_wconf 91' lang='lat' dir='ltr'>et</span> <span class='ocrx_word' id='word_1_75' title='bbox 604 656 778 692; x_wconf 79' lang='lat' dir='ltr'>posterlus.</span> <span class='ocrx_word' id='word_1_76' title='bbox 802 648 855 681; x_wconf 92' lang='lat' dir='ltr'>Sic</span> <span class='ocrx_word' id='word_1_77' title='bbox 879 659 959 691; x_wconf 88' lang='lat' dir='ltr'>ergo</span> <span class='ocrx_word' id='word_1_78' title='bbox 983 649 1017 682; x_wconf 91' lang='lat' dir='ltr'>in</span> <span class='ocrx_word' id='word_1_79' title='bbox 1049 659 1187 692; x_wconf 90' lang='lat' dir='ltr'>corpore</span> <span class='ocrx_word' id='word_1_80' title='bbox 1211 647 1321 680; x_wconf 88' lang='lat' dir='ltr'>nullae</span> 
     </span>
     <span class='ocr_line' id='line_1_13' title="bbox 252 692 1318 736; baseline -0.002 -10"><span class='ocrx_word' id='word_1_81' title='bbox 252 701 329 726; x_wconf 91' lang='lat' dir='ltr'>sunt</span> <span class='ocrx_word' id='word_1_82' title='bbox 375 692 525 726; x_wconf 86' lang='lat' dir='ltr'>ualitates</span> <span class='ocrx_word' id='word_1_83' title='bbox 544 693 668 726; x_wconf 82' lang='lat' dir='ltr'>activae</span> <span class='ocrx_word' id='word_1_84' title='bbox 684 700 717 725; x_wconf 91' lang='lat' dir='ltr'>et</span> <span class='ocrx_word' id='word_1_85' title='bbox 732 693 891 736; x_wconf 86' lang='lat' dir='ltr'>passivae.</span> <span class='ocrx_word' id='word_1_86' title='bbox 916 692 1004 736; x_wconf 89' lang='lat' dir='ltr'>Ergo</span> <span class='ocrx_word' id='word_1_87' title='bbox 1021 703 1082 725; x_wconf 91' lang='lat' dir='ltr'>nec</span> <span class='ocrx_word' id='word_1_88' title='bbox 1098 692 1166 735; x_wconf 87' lang='lat' dir='ltr'>agit</span> <span class='ocrx_word' id='word_1_89' title='bbox 1180 703 1242 724; x_wconf 91' lang='lat' dir='ltr'>nec</span> <span class='ocrx_word' id='word_1_90' title='bbox 1261 702 1318 735; x_wconf 91' lang='lat' dir='ltr'>pa-</span> 
     </span>
     <span class='ocr_line' id='line_1_14' title="bbox 251 735 1275 782; baseline -0.003 -11"><span class='ocrx_word' id='word_1_91' title='bbox 251 738 331 771; x_wconf 89' lang='lat' dir='ltr'>titur</span> <span class='ocrx_word' id='word_1_92' title='bbox 353 749 372 770; x_wconf 89' lang='lat' dir='ltr'>a</span> <span class='ocrx_word' id='word_1_93' title='bbox 385 736 489 782; x_wconf 91' lang='lat' dir='ltr'>iquod</span> <span class='ocrx_word' id='word_1_94' title='bbox 511 735 770 776; x_wconf 86' lang='lat' dir='ltr'>indivisibilium,</span> <span class='ocrx_word' id='word_1_95' title='bbox 787 747 856 770; x_wconf 90' lang='lat' dir='ltr'>non</span> <span class='ocrx_word' id='word_1_96' title='bbox 879 737 1038 770; x_wconf 87' lang='lat' dir='ltr'>existente</span> <span class='ocrx_word' id='word_1_97' title='bbox 1062 747 1168 769; x_wconf 92' lang='lat' dir='ltr'>vacuo</span> <span class='ocrx_word' id='word_1_98' title='bbox 1191 736 1275 779; x_wconf 91' lang='lat' dir='ltr'>ipso.</span> 
     </span>
    </p>

    <p class='ocr_par' dir='ltr' id='par_1_6' title="bbox 252 779 1321 870">
     <span class='ocr_line' id='line_1_15' title="bbox 299 779 1321 825; baseline -0.003 -10"><span class='ocrx_word' id='word_1_99' title='bbox 299 791 328 824; x_wconf 83' lang='lat'>5.</span> <span class='ocrx_word' id='word_1_100' title='bbox 353 780 483 815; x_wconf 86' lang='lat' dir='ltr'>Deinde</span> <span class='ocrx_word' id='word_1_101' title='bbox 507 792 584 814; x_wconf 90' lang='lat' dir='ltr'>cum</span> <span class='ocrx_word' id='word_1_102' title='bbox 608 779 704 814; x_wconf 72' lang='lat' dir='ltr'>dicitt</span> <span class='ocrx_word' id='word_1_103' title='bbox 728 780 872 825; x_wconf 80' lang='lat' dir='ltr'>Amplius</span> <span class='ocrx_word' id='word_1_104' title='bbox 895 787 995 814; x_wconf 83' lang='lat' dir='ltr'>autem</span> <span class='ocrx_word' id='word_1_105' title='bbox 1018 780 1226 814; x_wconf 81' lang='lat' dir='ltr'>inconveniens</span> <span class='ocrx_word' id='word_1_106' title='bbox 1248 788 1321 820; x_wconf 90' lang='lat' dir='ltr'>etc.,</span> 
     </span>
     <span class='ocr_line' id='line_1_16' title="bbox 252 824 1321 870; baseline -0.002 -11"><span class='ocrx_word' id='word_1_107' title='bbox 252 834 402 859; x_wconf 90' lang='lat' dir='ltr'>removet</span> <span class='ocrx_word' id='word_1_108' title='bbox 425 825 591 870; x_wconf 90' lang='lat' dir='ltr'>quandam</span> <span class='ocrx_word' id='word_1_109' title='bbox 615 825 806 858; x_wconf 84' lang='lat' dir='ltr'>instantiam</span> <span class='ocrx_word' id='word_1_110' title='bbox 830 825 899 858; x_wconf 92' lang='lat' dir='ltr'>sive</span> <span class='ocrx_word' id='word_1_111' title='bbox 922 824 1037 858; x_wconf 87' lang='lat' dir='ltr'>falsam</span> <span class='ocrx_word' id='word_1_112' title='bbox 1068 824 1321 868; x_wconf 87' lang='lat' dir='ltr'>responsionem</span> 
     </span>
    </p>

    <p class='ocr_par' dir='ltr' id='par_1_7' title="bbox 251 867 1323 1312">
     <span class='ocr_line' id='line_1_17' title="bbox 276 867 1321 914; baseline -0.003 -11"><span class='ocrx_word' id='word_1_113' title='bbox 276 881 337 903; x_wconf 93' lang='lat' dir='ltr'>uae</span> <span class='ocrx_word' id='word_1_114' title='bbox 360 878 474 914; x_wconf 89' lang='lat' dir='ltr'>posset</span> <span class='ocrx_word' id='word_1_115' title='bbox 505 868 573 902; x_wconf 92' lang='lat' dir='ltr'>dari</span> <span class='ocrx_word' id='word_1_116' title='bbox 597 868 638 902; x_wconf 90' lang='lat' dir='ltr'>ad</span> <span class='ocrx_word' id='word_1_117' title='bbox 661 869 804 902; x_wconf 90' lang='lat' dir='ltr'>rationes</span> <span class='ocrx_word' id='word_1_118' title='bbox 829 880 915 902; x_wconf 90' lang='lat' dir='ltr'>suas.</span> <span class='ocrx_word' id='word_1_119' title='bbox 939 870 1057 903; x_wconf 92' lang='lat' dir='ltr'>Posset</span> <span class='ocrx_word' id='word_1_120' title='bbox 1086 869 1176 902; x_wconf 90' lang='lat' dir='ltr'>enim</span> <span class='ocrx_word' id='word_1_121' title='bbox 1204 867 1321 913; x_wconf 90' lang='lat' dir='ltr'>aliquis</span> 
     </span>
     <span class='ocr_line' id='line_1_18' title="bbox 253 882 1322 958; baseline -0.002 -10"><span class='ocrx_word' id='word_1_122' title='bbox 253 882 361 949; x_wconf 60' lang='lat' dir='ltr'>dicere</span> <span class='ocrx_word' id='word_1_123' title='bbox 384 913 476 958; x_wconf 91' lang='lat' dir='ltr'>quod</span> <span class='ocrx_word' id='word_1_124' title='bbox 499 913 601 946; x_wconf 90' lang='lat' dir='ltr'>atomi</span> <span class='ocrx_word' id='word_1_125' title='bbox 615 913 717 957; x_wconf 36' lang='lat' dir='ltr'>*parvi</span> <span class='ocrx_word' id='word_1_126' title='bbox 733 922 810 947; x_wconf 92' lang='lat' dir='ltr'>sunt</span> <span class='ocrx_word' id='word_1_127' title='bbox 833 913 1059 954; x_wconf 87' lang='lat' dir='ltr'>indivisibiles,</span> <span class='ocrx_word' id='word_1_128' title='bbox 1075 913 1188 957; x_wconf 87' lang='lat' dir='ltr'>magni</span> <span class='ocrx_word' id='word_1_129' title='bbox 1211 921 1322 946; x_wconf 91' lang='lat' dir='ltr'>autem</span> 
     </span>
     <span class='ocr_line' id='line_1_19' title="bbox 253 957 1323 1003; baseline -0.003 -10"><span class='ocrx_word' id='word_1_130' title='bbox 253 957 451 998; x_wconf 80' lang='lat' dir='ltr'>divisibiles3</span> <span class='ocrx_word' id='word_1_131' title='bbox 474 957 562 991; x_wconf 91' lang='lat' dir='ltr'>unde</span> <span class='ocrx_word' id='word_1_132' title='bbox 586 966 745 998; x_wconf 91' lang='lat' dir='ltr'>removet,</span> <span class='ocrx_word' id='word_1_133' title='bbox 763 957 875 992; x_wconf 91' lang='lat' dir='ltr'>dicens</span> <span class='ocrx_word' id='word_1_134' title='bbox 895 957 986 1003; x_wconf 90' lang='lat' dir='ltr'>quod</span> <span class='ocrx_word' id='word_1_135' title='bbox 1010 958 1074 992; x_wconf 91' lang='lat' dir='ltr'>hoc</span> <span class='ocrx_word' id='word_1_136' title='bbox 1097 966 1147 991; x_wconf 91' lang='lat' dir='ltr'>est</span> <span class='ocrx_word' id='word_1_137' title='bbox 1170 957 1323 990; x_wconf 91' lang='lat' dir='ltr'>inconve-</span> 
     </span>
     <span class='ocr_line' id='line_1_20' title="bbox 252 1001 1322 1047; baseline -0.002 -11"><span class='ocrx_word' id='word_1_138' title='bbox 252 1003 357 1036; x_wconf 85' lang='lat' dir='ltr'>niens.</span> <span class='ocrx_word' id='word_1_139' title='bbox 374 1002 503 1035; x_wconf 90' lang='lat' dir='ltr'>Verum</span> <span class='ocrx_word' id='word_1_140' title='bbox 519 1002 609 1035; x_wconf 91' lang='lat' dir='ltr'>enim</span> <span class='ocrx_word' id='word_1_141' title='bbox 633 1010 682 1035; x_wconf 94' lang='lat' dir='ltr'>est</span> <span class='ocrx_word' id='word_1_142' title='bbox 698 1001 789 1047; x_wconf 93' lang='lat' dir='ltr'>quod</span> <span class='ocrx_word' id='word_1_143' title='bbox 805 1001 1029 1036; x_wconf 90' lang='lat' dir='ltr'>rationabilius</span> <span class='ocrx_word' id='word_1_144' title='bbox 1054 1011 1087 1035; x_wconf 92' lang='lat' dir='ltr'>et</span> <span class='ocrx_word' id='word_1_145' title='bbox 1109 1001 1235 1035; x_wconf 88' lang='lat' dir='ltr'>facilius</span> <span class='ocrx_word' id='word_1_146' title='bbox 1255 1012 1322 1034; x_wconf 90' lang='lat' dir='ltr'>ma-</span> 
     </span>
     <span class='ocr_line' id='line_1_21' title="bbox 252 1045 1323 1093; baseline -0.003 -12"><span class='ocrx_word' id='word_1_147' title='bbox 252 1058 318 1093; x_wconf 82' lang='lat' dir='ltr'>gna</span> <span class='ocrx_word' id='word_1_148' title='bbox 341 1045 534 1080; x_wconf 85' lang='lat' dir='ltr'>dividuntur</span> <span class='ocrx_word' id='word_1_149' title='bbox 579 1057 657 1080; x_wconf 90' lang='lat' dir='ltr'>uam</span> <span class='ocrx_word' id='word_1_150' title='bbox 676 1058 793 1091; x_wconf 87' lang='lat' dir='ltr'>parva:</span> <span class='ocrx_word' id='word_1_151' title='bbox 818 1047 896 1092; x_wconf 92' lang='lat' dir='ltr'>quia</span> <span class='ocrx_word' id='word_1_152' title='bbox 918 1057 1039 1091; x_wconf 86' lang='lat' dir='ltr'>magna</span> <span class='ocrx_word' id='word_1_153' title='bbox 1055 1045 1182 1080; x_wconf 90' lang='lat' dir='ltr'>facilius</span> <span class='ocrx_word' id='word_1_154' title='bbox 1206 1045 1323 1079; x_wconf 89' lang='lat' dir='ltr'>dissol-</span> 
     </span>
     <span class='ocr_line' id='line_1_22' title="bbox 252 1089 1322 1135; baseline -0.002 -11"><span class='ocrx_word' id='word_1_155' title='bbox 252 1099 393 1133; x_wconf 77' lang='lat' dir='ltr'>vuntur3</span> <span class='ocrx_word' id='word_1_156' title='bbox 417 1099 450 1124; x_wconf 91' lang='lat' dir='ltr'>et</span> <span class='ocrx_word' id='word_1_157' title='bbox 466 1090 531 1124; x_wconf 86' lang='lat' dir='ltr'>hoc</span> <span class='ocrx_word' id='word_1_158' title='bbox 546 1091 557 1123; x_wconf 93' lang='lat' dir='ltr'>i</span> <span class='ocrx_word' id='word_1_159' title='bbox 581 1102 634 1131; x_wconf 90' lang='lat' dir='ltr'>eo,</span> <span class='ocrx_word' id='word_1_160' title='bbox 650 1091 728 1135; x_wconf 89' lang='lat' dir='ltr'>quia</span> <span class='ocrx_word' id='word_1_161' title='bbox 742 1102 862 1135; x_wconf 88' lang='lat' dir='ltr'>magna</span> <span class='ocrx_word' id='word_1_162' title='bbox 878 1099 1126 1135; x_wconf 89' lang='lat' dir='ltr'>componuntur</span> <span class='ocrx_word' id='word_1_163' title='bbox 1142 1101 1183 1123; x_wconf 86' lang='lat' dir='ltr'>ex</span> <span class='ocrx_word' id='word_1_164' title='bbox 1197 1089 1322 1123; x_wconf 88' lang='lat' dir='ltr'>multis.</span> 
     </span>
     <span class='ocr_line' id='line_1_23' title="bbox 251 1133 1323 1179; baseline -0.002 -11"><span class='ocrx_word' id='word_1_165' title='bbox 251 1134 334 1175; x_wconf 73' lang='lat' dir='ltr'>Non</span> <span class='ocrx_word' id='word_1_166' title='bbox 357 1143 469 1169; x_wconf 86' lang='lat' dir='ltr'>tamen</span> <span class='ocrx_word' id='word_1_167' title='bbox 492 1135 634 1179; x_wconf 90' lang='lat' dir='ltr'>parvitas</span> <span class='ocrx_word' id='word_1_168' title='bbox 657 1135 711 1169; x_wconf 91' lang='lat' dir='ltr'>vel</span> <span class='ocrx_word' id='word_1_169' title='bbox 733 1135 929 1179; x_wconf 87' lang='lat' dir='ltr'>magnitudo</span> <span class='ocrx_word' id='word_1_170' title='bbox 953 1144 1002 1169; x_wconf 89' lang='lat' dir='ltr'>est</span> <span class='ocrx_word' id='word_1_171' title='bbox 1035 1145 1132 1168; x_wconf 88' lang='lat' dir='ltr'>causa</span> <span class='ocrx_word' id='word_1_172' title='bbox 1155 1133 1323 1167; x_wconf 89' lang='lat' dir='ltr'>divisibili-</span> 
     </span>
     <span class='ocr_line' id='line_1_24' title="bbox 253 1178 1323 1224; baseline -0.002 -12"><span class='ocrx_word' id='word_1_173' title='bbox 253 1179 328 1221; x_wconf 61' lang='lat' dir='ltr'>mtis</span> <span class='ocrx_word' id='word_1_174' title='bbox 350 1178 405 1212; x_wconf 88' lang='lat' dir='ltr'>vel</span> <span class='ocrx_word' id='word_1_175' title='bbox 427 1178 703 1217; x_wconf 77' lang='lat' dir='ltr'>indivisibilitatis.</span> <span class='ocrx_word' id='word_1_176' title='bbox 732 1180 809 1224; x_wconf 87' lang='lat' dir='ltr'>Ipsa</span> <span class='ocrx_word' id='word_1_177' title='bbox 831 1191 911 1213; x_wconf 86' lang='lat' dir='ltr'>vero</span> <span class='ocrx_word' id='word_1_178' title='bbox 935 1188 1046 1213; x_wconf 88' lang='lat' dir='ltr'>atoma</span> <span class='ocrx_word' id='word_1_179' title='bbox 1061 1178 1102 1212; x_wconf 91' lang='lat' dir='ltr'>de</span> <span class='ocrx_word' id='word_1_180' title='bbox 1125 1186 1240 1211; x_wconf 89' lang='lat' dir='ltr'>natura</span> <span class='ocrx_word' id='word_1_181' title='bbox 1263 1183 1323 1210; x_wconf 86' lang='lat' dir='ltr'>sua</span> 
     </span>
     <span class='ocr_line' id='line_1_25' title="bbox 253 1222 1323 1268; baseline -0.005 -9"><span class='ocrx_word' id='word_1_182' title='bbox 253 1222 549 1261; x_wconf 47' lang='lat' dir='ltr'>emmim-muter</span> <span class='ocrx_word' id='word_1_183' title='bbox 559 1232 637 1257; x_wconf 93' lang='lat' dir='ltr'>sunt</span> <span class='ocrx_word' id='word_1_184' title='bbox 655 1223 875 1265; x_wconf 83' lang='lat' dir='ltr'>indivisibilia,</span> <span class='ocrx_word' id='word_1_185' title='bbox 895 1233 928 1258; x_wconf 91' lang='lat' dir='ltr'>et</span> <span class='ocrx_word' id='word_1_186' title='bbox 945 1235 1014 1258; x_wconf 90' lang='lat' dir='ltr'>non</span> <span class='ocrx_word' id='word_1_187' title='bbox 1038 1231 1173 1268; x_wconf 88' lang='lat' dir='ltr'>propter</span> <span class='ocrx_word' id='word_1_188' title='bbox 1195 1222 1323 1266; x_wconf 88' lang='lat' dir='ltr'>magni-</span> 
     </span>
     <span class='ocr_line' id='line_1_26' title="bbox 253 1266 708 1312; baseline 0.002 -11"><span class='ocrx_word' id='word_1_189' title='bbox 253 1266 404 1302; x_wconf 81' lang='lat' dir='ltr'>tudinem</span> <span class='ocrx_word' id='word_1_190' title='bbox 427 1267 481 1302; x_wconf 86' lang='lat' dir='ltr'>vel</span> <span class='ocrx_word' id='word_1_191' title='bbox 503 1268 708 1312; x_wconf 85' lang='lat' dir='ltr'>parvitatem.</span> 
     </span>
    </p>

    <p class='ocr_par' dir='ltr' id='par_1_8' title="bbox 253 1311 1324 1577">
     <span class='ocr_line' id='line_1_27' title="bbox 292 1311 1323 1358; baseline -0.005 -10"><span class='ocrx_word' id='word_1_192' title='bbox 292 1313 329 1349; x_wconf 77' lang='grc'>6-</span> <span class='ocrx_word' id='word_1_193' title='bbox 353 1311 484 1347; x_wconf 89' lang='lat' dir='ltr'>Deinde</span> <span class='ocrx_word' id='word_1_194' title='bbox 507 1323 585 1345; x_wconf 91' lang='lat' dir='ltr'>cum</span> <span class='ocrx_word' id='word_1_195' title='bbox 609 1311 703 1346; x_wconf 92' lang='lat' dir='ltr'>dicit:</span> <span class='ocrx_word' id='word_1_196' title='bbox 727 1313 872 1358; x_wconf 80' lang='lat' dir='ltr'>Amplius</span> <span class='ocrx_word' id='word_1_197' title='bbox 901 1318 1002 1346; x_wconf 78' lang='lat' dir='ltr'>autem</span> <span class='ocrx_word' id='word_1_198' title='bbox 1025 1318 1130 1347; x_wconf 80' lang='lat' dir='ltr'>utrum</span> <span class='ocrx_word' id='word_1_199' title='bbox 1153 1322 1218 1345; x_wconf 90' lang='lat' dir='ltr'>una</span> <span class='ocrx_word' id='word_1_200' title='bbox 1241 1319 1323 1351; x_wconf 90' lang='lat' dir='ltr'>etc.,</span> 
     </span>
     <span class='ocr_line' id='line_1_28' title="bbox 253 1355 1323 1403; baseline -0.003 -12"><span class='ocrx_word' id='word_1_201' title='bbox 253 1356 351 1403; x_wconf 69' lang='lat' dir='ltr'>ponit</span> <span class='ocrx_word' id='word_1_202' title='bbox 383 1355 563 1390; x_wconf 88' lang='lat' dir='ltr'>secundam</span> <span class='ocrx_word' id='word_1_203' title='bbox 597 1357 759 1390; x_wconf 89' lang='lat' dir='ltr'>rationem</span> <span class='ocrx_word' id='word_1_204' title='bbox 789 1356 1005 1401; x_wconf 86' lang='lat' dir='ltr'>principalem</span> <span class='ocrx_word' id='word_1_205' title='bbox 1039 1356 1080 1390; x_wconf 89' lang='lat' dir='ltr'>ad</span> <span class='ocrx_word' id='word_1_206' title='bbox 1115 1355 1323 1400; x_wconf 88' lang='lat' dir='ltr'>probandum</span> 
     </span>
     <span class='ocr_line' id='line_1_29' title="bbox 253 1399 1323 1452; baseline -0.002 -18"><span class='ocrx_word' id='word_1_207' title='bbox 253 1407 396 1442; x_wconf 64' lang='lat' dir='ltr'>atomos,</span> <span class='ocrx_word' id='word_1_208' title='bbox 413 1411 498 1452; x_wconf 82' lang='lat' dir='ltr'>quos</span> <span class='ocrx_word' id='word_1_209' title='bbox 513 1400 561 1434; x_wconf 90' lang='lat' dir='ltr'>illi</span> <span class='ocrx_word' id='word_1_210' title='bbox 577 1400 754 1445; x_wconf 90' lang='lat' dir='ltr'>ponebant,</span> <span class='ocrx_word' id='word_1_211' title='bbox 769 1412 839 1435; x_wconf 90' lang='lat' dir='ltr'>non</span> <span class='ocrx_word' id='word_1_212' title='bbox 858 1412 930 1434; x_wconf 88' lang='lat' dir='ltr'>esse</span> <span class='ocrx_word' id='word_1_213' title='bbox 949 1401 1127 1445; x_wconf 91' lang='lat' dir='ltr'>principia;</span> <span class='ocrx_word' id='word_1_214' title='bbox 1151 1411 1235 1445; x_wconf 90' lang='lat' dir='ltr'>quae</span> <span class='ocrx_word' id='word_1_215' title='bbox 1251 1399 1323 1433; x_wconf 89' lang='lat' dir='ltr'>talis</span> 
     </span>
     <span class='ocr_line' id='line_1_30' title="bbox 253 1444 1324 1485; baseline -0.003 -5"><span class='ocrx_word' id='word_1_216' title='bbox 253 1452 314 1484; x_wconf 63' lang='lat' dir='ltr'>est.</span> <span class='ocrx_word' id='word_1_217' title='bbox 329 1445 400 1479; x_wconf 78' lang='lat' dir='ltr'>Aut</span> <span class='ocrx_word' id='word_1_218' title='bbox 421 1444 477 1485; x_wconf 65' lang='lat' dir='ltr'>illa</span> <span class='ocrx_word' id='word_1_219' title='bbox 500 1456 540 1478; x_wconf 95' lang='lat' dir='ltr'>co</span> <span class='ocrx_word' id='word_1_220' title='bbox 583 1456 641 1479; x_wconf 90' lang='lat' dir='ltr'>ora</span> <span class='ocrx_word' id='word_1_221' title='bbox 663 1450 742 1479; x_wconf 89' lang='lat' dir='ltr'>sunt</span> <span class='ocrx_word' id='word_1_222' title='bbox 763 1446 862 1479; x_wconf 89' lang='lat' dir='ltr'>unius</span> <span class='ocrx_word' id='word_1_223' title='bbox 886 1453 1032 1485; x_wconf 87' lang='lat' dir='ltr'>naturae,</span> <span class='ocrx_word' id='word_1_224' title='bbox 1055 1445 1140 1478; x_wconf 93' lang='lat' dir='ltr'>sicut</span> <span class='ocrx_word' id='word_1_225' title='bbox 1163 1445 1190 1478; x_wconf 91' lang='lat' dir='ltr'>si</span> <span class='ocrx_word' id='word_1_226' title='bbox 1214 1452 1324 1477; x_wconf 91' lang='lat' dir='ltr'>essent</span> 
     </span>
     <span class='ocr_line' id='line_1_31' title="bbox 253 1481 1323 1541; baseline -0.002 -18"><span class='ocrx_word' id='word_1_227' title='bbox 253 1481 368 1531; x_wconf 57' lang='lat' dir='ltr'>omnia</span> <span class='ocrx_word' id='word_1_228' title='bbox 389 1489 497 1541; x_wconf 78' lang='lat' dir='ltr'>ignea,</span> <span class='ocrx_word' id='word_1_229' title='bbox 519 1501 560 1522; x_wconf 90' lang='lat' dir='ltr'>ve</span> <span class='ocrx_word' id='word_1_230' title='bbox 595 1490 709 1523; x_wconf 89' lang='lat' dir='ltr'>omnia</span> <span class='ocrx_word' id='word_1_231' title='bbox 731 1498 852 1524; x_wconf 89' lang='lat' dir='ltr'>terrea:</span> <span class='ocrx_word' id='word_1_232' title='bbox 880 1488 933 1523; x_wconf 88' lang='lat' dir='ltr'>vel</span> <span class='ocrx_word' id='word_1_233' title='bbox 961 1488 1117 1523; x_wconf 89' lang='lat' dir='ltr'>differunt</span> <span class='ocrx_word' id='word_1_234' title='bbox 1139 1488 1323 1522; x_wconf 87' lang='lat' dir='ltr'>adinvicem</span> 
     </span>
     <span class='ocr_line' id='line_1_32' title="bbox 253 1533 1323 1577; baseline -0.001 -11"><span class='ocrx_word' id='word_1_235' title='bbox 253 1533 289 1567; x_wconf 80' lang='lat' dir='ltr'>in</span> <span class='ocrx_word' id='word_1_236' title='bbox 311 1541 447 1574; x_wconf 85' lang='lat' dir='ltr'>natuns,</span> <span class='ocrx_word' id='word_1_237' title='bbox 463 1541 500 1566; x_wconf 94' lang='lat' dir='ltr'>ut</span> <span class='ocrx_word' id='word_1_238' title='bbox 523 1533 551 1567; x_wconf 92' lang='lat' dir='ltr'>si</span> <span class='ocrx_word' id='word_1_239' title='bbox 573 1541 684 1567; x_wconf 92' lang='lat' dir='ltr'>essent</span> <span class='ocrx_word' id='word_1_240' title='bbox 705 1533 768 1566; x_wconf 86' lang='lat' dir='ltr'>alia</span> <span class='ocrx_word' id='word_1_241' title='bbox 791 1542 910 1574; x_wconf 89' lang='lat' dir='ltr'>terrea,</span> <span class='ocrx_word' id='word_1_242' title='bbox 934 1533 997 1567; x_wconf 88' lang='lat' dir='ltr'>alia</span> <span class='ocrx_word' id='word_1_243' title='bbox 1020 1534 1126 1577; x_wconf 88' lang='lat' dir='ltr'>ignea.</span> <span class='ocrx_word' id='word_1_244' title='bbox 1154 1533 1189 1567; x_wconf 92' lang='lat' dir='ltr'>Si</span> <span class='ocrx_word' id='word_1_245' title='bbox 1212 1541 1323 1566; x_wconf 87' lang='lat' dir='ltr'>autem</span> 
     </span>
    </p>
   </div>
   <div class='ocr_carea' id='block_1_6' title="bbox 192 1576 1323 1622">
    <p class='ocr_par' dir='ltr' id='par_1_9' title="bbox 192 1576 1323 1622">
     <span class='ocr_line' id='line_1_33' title="bbox 192 1576 1323 1622; baseline -0.004 -8"><span class='ocrx_word' id='word_1_246' title='bbox 192 1595 202 1615; x_wconf 50' lang='lat'>1&gt;</span> <span class='ocrx_word' id='word_1_247' title='bbox 253 1585 333 1619; x_wconf 64' lang='lat' dir='ltr'>sunt</span> <span class='ocrx_word' id='word_1_248' title='bbox 354 1578 468 1612; x_wconf 86' lang='lat' dir='ltr'>omnia</span> <span class='ocrx_word' id='word_1_249' title='bbox 502 1578 601 1611; x_wconf 87' lang='lat' dir='ltr'>unius</span> <span class='ocrx_word' id='word_1_250' title='bbox 628 1586 763 1611; x_wconf 88' lang='lat' dir='ltr'>naturae</span> <span class='ocrx_word' id='word_1_251' title='bbox 794 1586 827 1612; x_wconf 91' lang='lat' dir='ltr'>et</span> <span class='ocrx_word' id='word_1_252' title='bbox 858 1578 956 1611; x_wconf 90' lang='lat' dir='ltr'>unius</span> <span class='ocrx_word' id='word_1_253' title='bbox 988 1578 1110 1622; x_wconf 91' lang='lat' dir='ltr'>speciei</span> <span class='ocrx_word' id='word_1_254' title='bbox 1138 1576 1323 1611; x_wconf 88' lang='lat' dir='ltr'>secundum</span> 
     </span>
    </p>
   </div>
   <div class='ocr_carea' id='block_1_7' title="bbox 253 1621 1323 1763">
    <p class='ocr_par' dir='ltr' id='par_1_10' title="bbox 253 1621 1323 1763">
     <span class='ocr_line' id='line_1_34' title="bbox 254 1621 1322 1667; baseline -0.002 -10"><span class='ocrx_word' id='word_1_255' title='bbox 254 1621 492 1667; x_wconf 55' lang='lat' dir='ltr'>quatiam,</span> <span class='ocrx_word' id='word_1_256' title='bbox 520 1621 600 1667; x_wconf 85' lang='lat' dir='ltr'>quid</span> <span class='ocrx_word' id='word_1_257' title='bbox 625 1622 686 1656; x_wconf 90' lang='lat' dir='ltr'>erit</span> <span class='ocrx_word' id='word_1_258' title='bbox 715 1631 795 1656; x_wconf 90' lang='lat' dir='ltr'>tunc</span> <span class='ocrx_word' id='word_1_259' title='bbox 827 1621 976 1656; x_wconf 90' lang='lat' dir='ltr'>dividens</span> <span class='ocrx_word' id='word_1_260' title='bbox 1007 1630 1040 1656; x_wconf 90' lang='lat' dir='ltr'>et</span> <span class='ocrx_word' id='word_1_261' title='bbox 1073 1622 1322 1656; x_wconf 89' lang='lat' dir='ltr'>discontinuans</span> 
     </span>
     <span class='ocr_line' id='line_1_35' title="bbox 253 1665 1322 1711; baseline -0.004 -9"><span class='ocrx_word' id='word_1_262' title='bbox 253 1676 351 1711; x_wconf 57' lang='lat' dir='ltr'>{psus</span> <span class='ocrx_word' id='word_1_263' title='bbox 360 1665 516 1700; x_wconf 80' lang='lat' dir='ltr'>atomos?</span> <span class='ocrx_word' id='word_1_264' title='bbox 533 1666 642 1707; x_wconf 85' lang='lat' dir='ltr'>Quasi</span> <span class='ocrx_word' id='word_1_265' title='bbox 657 1666 797 1700; x_wconf 88' lang='lat' dir='ltr'>diceret:</span> <span class='ocrx_word' id='word_1_266' title='bbox 817 1666 908 1700; x_wconf 92' lang='lat' dir='ltr'>nihil.</span> <span class='ocrx_word' id='word_1_267' title='bbox 927 1666 1015 1701; x_wconf 91' lang='lat' dir='ltr'>Cum</span> <span class='ocrx_word' id='word_1_268' title='bbox 1033 1667 1123 1700; x_wconf 89' lang='lat' dir='ltr'>enim</span> <span class='ocrx_word' id='word_1_269' title='bbox 1141 1667 1208 1700; x_wconf 91' lang='lat' dir='ltr'>sint</span> <span class='ocrx_word' id='word_1_270' title='bbox 1223 1666 1322 1700; x_wconf 90' lang='lat' dir='ltr'>unius</span> 
     </span>
     <span class='ocr_line' id='line_1_36' title="bbox 253 1709 1323 1763; baseline 0 -19"><span class='ocrx_word' id='word_1_271' title='bbox 253 1714 400 1763; x_wconf 53' lang='lat' dir='ltr'>namne,</span> <span class='ocrx_word' id='word_1_272' title='bbox 415 1721 485 1744; x_wconf 91' lang='lat' dir='ltr'>non</span> <span class='ocrx_word' id='word_1_273' title='bbox 508 1719 558 1744; x_wconf 89' lang='lat' dir='ltr'>est</span> <span class='ocrx_word' id='word_1_274' title='bbox 580 1711 615 1744; x_wconf 90' lang='lat' dir='ltr'>in</span> <span class='ocrx_word' id='word_1_275' title='bbox 639 1711 686 1744; x_wconf 92' lang='lat' dir='ltr'>eis</span> <span class='ocrx_word' id='word_1_276' title='bbox 709 1710 834 1756; x_wconf 88' lang='lat' dir='ltr'>aliquid</span> <span class='ocrx_word' id='word_1_277' title='bbox 857 1711 1003 1744; x_wconf 87' lang='lat' dir='ltr'>invenire</span> <span class='ocrx_word' id='word_1_278' title='bbox 1033 1722 1093 1755; x_wconf 91' lang='lat' dir='ltr'>per</span> <span class='ocrx_word' id='word_1_279' title='bbox 1115 1710 1206 1756; x_wconf 90' lang='lat' dir='ltr'>quod</span> <span class='ocrx_word' id='word_1_280' title='bbox 1231 1709 1323 1744; x_wconf 91' lang='lat' dir='ltr'>abin-</span> 
     </span>
    </p>
   </div>
   <div class='ocr_carea' id='block_1_8' title="bbox 218 1753 1324 1845">
    <p class='ocr_par' dir='ltr' id='par_1_11' title="bbox 218 1753 1324 1845">
     <span class='ocr_line' id='line_1_37' title="bbox 218 1753 1323 1799; baseline -0.002 -10"><span class='ocrx_word' id='word_1_281' title='bbox 218 1773 221 1780; x_wconf 50' lang='grc' dir='ltr'><strong><em>ι</em></strong></span> <span class='ocrx_word' id='word_1_282' title='bbox 252 1764 361 1795; x_wconf 63' lang='lat' dir='ltr'>noum</span> <span class='ocrx_word' id='word_1_283' title='bbox 377 1753 674 1789; x_wconf 90' lang='lat' dir='ltr'>discontinuentur.</span> <span class='ocrx_word' id='word_1_284' title='bbox 700 1755 815 1795; x_wconf 88' lang='lat' dir='ltr'>Quare</span> <span class='ocrx_word' id='word_1_285' title='bbox 831 1766 911 1799; x_wconf 87' lang='lat' dir='ltr'>ergo</span> <span class='ocrx_word' id='word_1_286' title='bbox 926 1766 996 1788; x_wconf 90' lang='lat' dir='ltr'>non</span> <span class='ocrx_word' id='word_1_287' title='bbox 1015 1754 1134 1789; x_wconf 88' lang='lat' dir='ltr'>accidit</span> <span class='ocrx_word' id='word_1_288' title='bbox 1147 1757 1166 1777; x_wconf 85' lang='grc'>*</span> <span class='ocrx_word' id='word_1_289' title='bbox 1188 1755 1274 1788; x_wconf 91' lang='lat' dir='ltr'>sicut</span> <span class='ocrx_word' id='word_1_290' title='bbox 1290 1755 1323 1787; x_wconf 90' lang='lat' dir='ltr'>in</span> 
     </span>
     <span class='ocr_line' id='line_1_38' title="bbox 220 1798 1324 1845; baseline 0 -13"><span class='ocrx_word' id='word_1_291' title='bbox 220 1803 228 1812; x_wconf 73' lang='lat'>⁶</span> <span class='ocrx_word' id='word_1_292' title='bbox 254 1809 351 1845; x_wconf 64' lang='lat' dir='ltr'>wa,</span> <span class='ocrx_word' id='word_1_293' title='bbox 371 1799 466 1833; x_wconf 87' lang='lat' dir='ltr'>cuius</span> <span class='ocrx_word' id='word_1_294' title='bbox 489 1808 598 1844; x_wconf 87' lang='lat' dir='ltr'>partes</span> <span class='ocrx_word' id='word_1_295' title='bbox 622 1798 756 1844; x_wconf 91' lang='lat' dir='ltr'>quando</span> <span class='ocrx_word' id='word_1_296' title='bbox 780 1799 964 1833; x_wconf 86' lang='lat' dir='ltr'>adinvicem</span> <span class='ocrx_word' id='word_1_297' title='bbox 988 1811 1023 1832; x_wconf 89' lang='lat' dir='ltr'>se</span> <span class='ocrx_word' id='word_1_298' title='bbox 1047 1807 1188 1844; x_wconf 91' lang='lat' dir='ltr'>tangunt</span> <span class='ocrx_word' id='word_1_299' title='bbox 1214 1799 1324 1833; x_wconf 90' lang='lat' dir='ltr'>statim</span> 
     </span>
    </p>
   </div>
   <div class='ocr_carea' id='block_1_9' title="bbox 254 1843 1327 2198">
    <p class='ocr_par' dir='ltr' id='par_1_12' title="bbox 254 1843 1327 2198">
     <span class='ocr_line' id='line_1_39' title="bbox 254 1843 1325 1888; baseline -0.002 -10"><span class='ocrx_word' id='word_1_300' title='bbox 254 1843 499 1884; x_wconf 59' lang='lat' dir='ltr'>continuantur,</span> <span class='ocrx_word' id='word_1_301' title='bbox 518 1851 552 1877; x_wconf 90' lang='lat' dir='ltr'>et</span> <span class='ocrx_word' id='word_1_302' title='bbox 569 1855 639 1877; x_wconf 89' lang='lat' dir='ltr'>non</span> <span class='ocrx_word' id='word_1_303' title='bbox 658 1843 766 1878; x_wconf 88' lang='lat' dir='ltr'>differt</span> <span class='ocrx_word' id='word_1_304' title='bbox 780 1844 945 1888; x_wconf 90' lang='lat' dir='ltr'>posterior</span> <span class='ocrx_word' id='word_1_305' title='bbox 958 1854 1032 1888; x_wconf 89' lang='lat' dir='ltr'>pars</span> <span class='ocrx_word' id='word_1_306' title='bbox 1049 1855 1068 1877; x_wconf 93' lang='lat' dir='ltr'>a</span> <span class='ocrx_word' id='word_1_307' title='bbox 1091 1855 1153 1878; x_wconf 90' lang='lat' dir='ltr'>uae</span> <span class='ocrx_word' id='word_1_308' title='bbox 1169 1855 1188 1876; x_wconf 90' lang='lat' dir='ltr'>a</span> <span class='ocrx_word' id='word_1_309' title='bbox 1203 1843 1325 1888; x_wconf 88' lang='lat' dir='ltr'>priori?</span> 
     </span>
     <span class='ocr_line' id='line_1_40' title="bbox 279 1888 1325 1932; baseline 0 -11"><span class='ocrx_word' id='word_1_310' title='bbox 279 1925 288 1930; x_wconf 27' lang='lat'><em>⁴</em></span> <span class='ocrx_word' id='word_1_311' title='bbox 368 1895 480 1921; x_wconf 87' lang='lat' dir='ltr'>autem</span> <span class='ocrx_word' id='word_1_312' title='bbox 495 1888 567 1932; x_wconf 83' lang='lat' dir='ltr'>ipsa</span> <span class='ocrx_word' id='word_1_313' title='bbox 583 1899 722 1932; x_wconf 88' lang='lat' dir='ltr'>corpora</span> <span class='ocrx_word' id='word_1_314' title='bbox 738 1896 849 1922; x_wconf 87' lang='lat' dir='ltr'>atoma</span> <span class='ocrx_word' id='word_1_315' title='bbox 864 1890 882 1910; x_wconf 86' lang='grc'>*</span> <span class='ocrx_word' id='word_1_316' title='bbox 904 1899 966 1922; x_wconf 92' lang='lat' dir='ltr'>nec</span> <span class='ocrx_word' id='word_1_317' title='bbox 982 1888 1029 1921; x_wconf 90' lang='lat' dir='ltr'>sic</span> <span class='ocrx_word' id='word_1_318' title='bbox 1045 1899 1064 1922; x_wconf 92' lang='lat' dir='ltr'>a</span> <span class='ocrx_word' id='word_1_319' title='bbox 1088 1889 1230 1922; x_wconf 86' lang='lat' dir='ltr'>invicem</span> <span class='ocrx_word' id='word_1_320' title='bbox 1247 1899 1325 1922; x_wconf 91' lang='lat' dir='ltr'>con-</span> 
     </span>
     <span class='ocr_line' id='line_1_41' title="bbox 304 1932 1324 1973; baseline -0.002 -6"><span class='ocrx_word' id='word_1_321' title='bbox 304 1940 437 1973; x_wconf 81' lang='lat' dir='ltr'>uentur,</span> <span class='ocrx_word' id='word_1_322' title='bbox 455 1943 525 1966; x_wconf 89' lang='lat' dir='ltr'>non</span> <span class='ocrx_word' id='word_1_323' title='bbox 540 1940 638 1966; x_wconf 88' lang='lat' dir='ltr'>erunt</span> <span class='ocrx_word' id='word_1_324' title='bbox 659 1932 758 1966; x_wconf 89' lang='lat' dir='ltr'>unius</span> <span class='ocrx_word' id='word_1_325' title='bbox 782 1941 928 1967; x_wconf 88' lang='lat' dir='ltr'>naturae.</span> <span class='ocrx_word' id='word_1_326' title='bbox 954 1932 1026 1967; x_wconf 92' lang='lat' dir='ltr'>Nec</span> <span class='ocrx_word' id='word_1_327' title='bbox 1043 1932 1246 1967; x_wconf 87' lang='lat' dir='ltr'>diversarum</span> <span class='ocrx_word' id='word_1_328' title='bbox 1269 1943 1324 1965; x_wconf 89' lang='lat' dir='ltr'>na-</span> 
     </span>
     <span class='ocr_line' id='line_1_42' title="bbox 254 1976 1326 2021; baseline 0 -11"><span class='ocrx_word' id='word_1_329' title='bbox 254 1984 420 2019; x_wconf 60' lang='lat' dir='ltr'>mum.</span> <span class='ocrx_word' id='word_1_330' title='bbox 444 1977 522 2021; x_wconf 88' lang='lat' dir='ltr'>quia</span> <span class='ocrx_word' id='word_1_331' title='bbox 545 1977 573 2010; x_wconf 90' lang='lat' dir='ltr'>si</span> <span class='ocrx_word' id='word_1_332' title='bbox 595 1976 650 2010; x_wconf 85' lang='lat' dir='ltr'>illa</span> <span class='ocrx_word' id='word_1_333' title='bbox 666 1987 806 2021; x_wconf 91' lang='lat' dir='ltr'>corpora</span> <span class='ocrx_word' id='word_1_334' title='bbox 828 1985 906 2010; x_wconf 91' lang='lat' dir='ltr'>sunt</span> <span class='ocrx_word' id='word_1_335' title='bbox 921 1976 984 2011; x_wconf 89' lang='lat' dir='ltr'>alia</span> <span class='ocrx_word' id='word_1_336' title='bbox 999 1985 1032 2010; x_wconf 92' lang='lat' dir='ltr'>et</span> <span class='ocrx_word' id='word_1_337' title='bbox 1054 1976 1116 2010; x_wconf 90' lang='lat' dir='ltr'>alia</span> <span class='ocrx_word' id='word_1_338' title='bbox 1138 1985 1176 2010; x_wconf 94' lang='lat' dir='ltr'>ut</span> <span class='ocrx_word' id='word_1_339' title='bbox 1199 1976 1326 2010; x_wconf 88' lang='lat' dir='ltr'>dictum</span> 
     </span>
     <span class='ocr_line' id='line_1_43' title="bbox 255 2020 1325 2066; baseline 0 -12"><span class='ocrx_word' id='word_1_340' title='bbox 255 2027 317 2063; x_wconf 54' lang='lat' dir='ltr'>Qut,</span> <span class='ocrx_word' id='word_1_341' title='bbox 331 2020 446 2066; x_wconf 82' lang='lat' dir='ltr'>quales</span> <span class='ocrx_word' id='word_1_342' title='bbox 469 2029 548 2054; x_wconf 88' lang='lat' dir='ltr'>sunt</span> <span class='ocrx_word' id='word_1_343' title='bbox 569 2020 643 2055; x_wconf 90' lang='lat' dir='ltr'>illae</span> <span class='ocrx_word' id='word_1_344' title='bbox 667 2020 814 2055; x_wconf 89' lang='lat' dir='ltr'>diversae</span> <span class='ocrx_word' id='word_1_345' title='bbox 837 2022 963 2066; x_wconf 89' lang='lat' dir='ltr'>species</span> <span class='ocrx_word' id='word_1_346' title='bbox 979 2020 1032 2055; x_wconf 91' lang='lat' dir='ltr'>vel</span> <span class='ocrx_word' id='word_1_347' title='bbox 1055 2020 1212 2055; x_wconf 86' lang='lat' dir='ltr'>naturae?</span> <span class='ocrx_word' id='word_1_348' title='bbox 1236 2020 1325 2055; x_wconf 91' lang='lat' dir='ltr'>Cum</span> 
     </span>
     <span class='ocr_line' id='line_1_44' title="bbox 255 2063 1327 2109; baseline -0.001 -10"><span class='ocrx_word' id='word_1_349' title='bbox 255 2065 346 2109; x_wconf 69' lang='lat' dir='ltr'>enim</span> <span class='ocrx_word' id='word_1_350' title='bbox 367 2063 443 2099; x_wconf 85' lang='lat' dir='ltr'>illae</span> <span class='ocrx_word' id='word_1_351' title='bbox 469 2073 605 2099; x_wconf 81' lang='lat' dir='ltr'>naturae</span> <span class='ocrx_word' id='word_1_352' title='bbox 628 2064 747 2099; x_wconf 86' lang='lat' dir='ltr'>faciant</span> <span class='ocrx_word' id='word_1_353' title='bbox 770 2073 900 2099; x_wconf 87' lang='lat' dir='ltr'>atomos</span> <span class='ocrx_word' id='word_1_354' title='bbox 932 2065 1080 2100; x_wconf 89' lang='lat' dir='ltr'>diversos</span> <span class='ocrx_word' id='word_1_355' title='bbox 1111 2074 1144 2099; x_wconf 90' lang='lat' dir='ltr'>et</span> <span class='ocrx_word' id='word_1_356' title='bbox 1171 2065 1327 2099; x_wconf 89' lang='lat' dir='ltr'>disconti-</span> 
     </span>
     <span class='ocr_line' id='line_1_45' title="bbox 420 2108 1326 2154; baseline -0.001 -11"><span class='ocrx_word' id='word_1_357' title='bbox 420 2117 506 2143; x_wconf 88' lang='lat' dir='ltr'>ortet</span> <span class='ocrx_word' id='word_1_358' title='bbox 529 2108 621 2154; x_wconf 75' lang='lat' dir='ltr'>qu&#39;od</span> <span class='ocrx_word' id='word_1_359' title='bbox 643 2110 710 2143; x_wconf 85' lang='lat' dir='ltr'>sint</span> <span class='ocrx_word' id='word_1_360' title='bbox 732 2121 849 2144; x_wconf 90' lang='lat' dir='ltr'>omnes</span> <span class='ocrx_word' id='word_1_361' title='bbox 866 2109 1050 2144; x_wconf 89' lang='lat' dir='ltr'>secundum</span> <span class='ocrx_word' id='word_1_362' title='bbox 1073 2118 1206 2143; x_wconf 90' lang='lat' dir='ltr'>naturas</span> <span class='ocrx_word' id='word_1_363' title='bbox 1223 2108 1326 2143; x_wconf 92' lang='lat' dir='ltr'>diver-</span> 
     </span>
     <span class='ocr_line' id='line_1_46' title="bbox 419 2153 1324 2198; baseline -0.001 -10"><span class='ocrx_word' id='word_1_364' title='bbox 419 2164 466 2198; x_wconf 85' lang='lat' dir='ltr'>go</span> <span class='ocrx_word' id='word_1_365' title='bbox 496 2153 569 2187; x_wconf 88' lang='lat' dir='ltr'>illae</span> <span class='ocrx_word' id='word_1_366' title='bbox 593 2162 728 2188; x_wconf 88' lang='lat' dir='ltr'>naturae</span> <span class='ocrx_word' id='word_1_367' title='bbox 758 2154 863 2197; x_wconf 89' lang='lat' dir='ltr'>magis</span> <span class='ocrx_word' id='word_1_368' title='bbox 894 2163 972 2188; x_wconf 91' lang='lat' dir='ltr'>sunt</span> <span class='ocrx_word' id='word_1_369' title='bbox 1002 2153 1175 2198; x_wconf 87' lang='lat' dir='ltr'>ponendae</span> <span class='ocrx_word' id='word_1_370' title='bbox 1206 2165 1324 2187; x_wconf 88' lang='lat' dir='ltr'>causae</span> 
     </span>
    </p>
   </div>
   <div class='ocr_carea' id='block_1_10' title="bbox 243 2191 1324 2250">
    <p class='ocr_par' dir='ltr' id='par_1_13' title="bbox 243 2191 1324 2250">
     <span class='ocr_line' id='line_1_47' title="bbox 243 2191 1324 2250; baseline -0.001 -18"><span class='ocrx_word' id='word_1_371' title='bbox 243 2191 473 2243; x_wconf 40' lang='lat' dir='ltr'>vep&#39;principia</span> <span class='ocrx_word' id='word_1_372' title='bbox 503 2209 614 2232; x_wconf 90' lang='lat' dir='ltr'>rerum</span> <span class='ocrx_word' id='word_1_373' title='bbox 638 2209 722 2243; x_wconf 87' lang='lat' dir='ltr'>quae</span> <span class='ocrx_word' id='word_1_374' title='bbox 745 2197 830 2231; x_wconf 88' lang='lat' dir='ltr'>fiunt</span> <span class='ocrx_word' id='word_1_375' title='bbox 853 2210 893 2232; x_wconf 87' lang='lat' dir='ltr'>ex</span> <span class='ocrx_word' id='word_1_376' title='bbox 916 2199 1052 2239; x_wconf 88' lang='lat' dir='ltr'>atomis,</span> <span class='ocrx_word' id='word_1_377' title='bbox 1077 2209 1177 2250; x_wconf 77' lang='lat' dir='ltr'>quam</span> <span class='ocrx_word' id='word_1_378' title='bbox 1200 2197 1324 2242; x_wconf 87' lang='lat' dir='ltr'>figurae</span> 
     </span>
    </p>
   </div>
   <div class='ocr_carea' id='block_1_11' title="bbox 255 2241 1326 3088">
    <p class='ocr_par' dir='ltr' id='par_1_14' title="bbox 255 2241 1326 2508">
     <span class='ocr_line' id='line_1_48' title="bbox 255 2241 1324 2287; baseline -0.002 -11"><span class='ocrx_word' id='word_1_379' title='bbox 255 2248 444 2285; x_wconf 50' lang='lat' dir='ltr'>ptumorum</span> <span class='ocrx_word' id='word_1_380' title='bbox 461 2253 547 2287; x_wconf 88' lang='lat' dir='ltr'>quos</span> <span class='ocrx_word' id='word_1_381' title='bbox 562 2242 778 2276; x_wconf 87' lang='lat' dir='ltr'>Democritus</span> <span class='ocrx_word' id='word_1_382' title='bbox 794 2241 875 2276; x_wconf 81' lang='lat' dir='ltr'>dixit</span> <span class='ocrx_word' id='word_1_383' title='bbox 890 2253 962 2276; x_wconf 89' lang='lat' dir='ltr'>esse</span> <span class='ocrx_word' id='word_1_384' title='bbox 978 2242 1150 2287; x_wconf 79' lang='lat' dir='ltr'>principia.</span> <span class='ocrx_word' id='word_1_385' title='bbox 1168 2242 1210 2276; x_wconf 89' lang='lat' dir='ltr'>Et</span> <span class='ocrx_word' id='word_1_386' title='bbox 1232 2253 1324 2286; x_wconf 86' lang='lat' dir='ltr'>prae-</span> 
     </span>
     <span class='ocr_line' id='line_1_49' title="bbox 255 2285 1324 2332; baseline -0.001 -12"><span class='ocrx_word' id='word_1_387' title='bbox 255 2295 362 2331; x_wconf 62' lang='lat' dir='ltr'>ma.</span> <span class='ocrx_word' id='word_1_388' title='bbox 386 2297 472 2332; x_wconf 87' lang='lat' dir='ltr'>quae</span> <span class='ocrx_word' id='word_1_389' title='bbox 488 2285 644 2320; x_wconf 86' lang='lat' dir='ltr'>differunt</span> <span class='ocrx_word' id='word_1_390' title='bbox 665 2286 700 2319; x_wconf 90' lang='lat' dir='ltr'>in</span> <span class='ocrx_word' id='word_1_391' title='bbox 716 2295 832 2320; x_wconf 90' lang='lat' dir='ltr'>natura</span> <span class='ocrx_word' id='word_1_392' title='bbox 847 2295 881 2320; x_wconf 90' lang='lat' dir='ltr'>et</span> <span class='ocrx_word' id='word_1_393' title='bbox 896 2285 1012 2327; x_wconf 87' lang='lat' dir='ltr'>forma,</span> <span class='ocrx_word' id='word_1_394' title='bbox 1029 2294 1131 2330; x_wconf 88' lang='lat' dir='ltr'>agunt</span> <span class='ocrx_word' id='word_1_395' title='bbox 1147 2294 1180 2319; x_wconf 93' lang='lat' dir='ltr'>et</span> <span class='ocrx_word' id='word_1_396' title='bbox 1195 2287 1324 2330; x_wconf 92' lang='lat' dir='ltr'>patiun-</span> 
     </span>
     <span class='ocr_line' id='line_1_50' title="bbox 255 2329 1325 2382; baseline -0.002 -17"><span class='ocrx_word' id='word_1_397' title='bbox 255 2339 310 2373; x_wconf 68' lang='lat' dir='ltr'>tur</span> <span class='ocrx_word' id='word_1_398' title='bbox 337 2329 522 2365; x_wconf 77' lang='lat' dir='ltr'>adinvicem</span> <span class='ocrx_word' id='word_1_399' title='bbox 546 2341 623 2364; x_wconf 90' lang='lat' dir='ltr'>cum</span> <span class='ocrx_word' id='word_1_400' title='bbox 654 2330 936 2382; x_wconf 84' lang='lat' dir='ltr'>approximantur,</span> <span class='ocrx_word' id='word_1_401' title='bbox 959 2330 1014 2364; x_wconf 87' lang='lat' dir='ltr'>illa</span> <span class='ocrx_word' id='word_1_402' title='bbox 1037 2341 1117 2364; x_wconf 92' lang='lat' dir='ltr'>vero</span> <span class='ocrx_word' id='word_1_403' title='bbox 1162 2341 1224 2364; x_wconf 89' lang='lat' dir='ltr'>uae</span> <span class='ocrx_word' id='word_1_404' title='bbox 1247 2339 1325 2363; x_wconf 91' lang='lat' dir='ltr'>sunt</span> 
     </span>
     <span class='ocr_line' id='line_1_51' title="bbox 255 2374 1323 2419; baseline -0.001 -10"><span class='ocrx_word' id='word_1_405' title='bbox 255 2374 384 2416; x_wconf 65' lang='lat' dir='ltr'>diversa</span> <span class='ocrx_word' id='word_1_406' title='bbox 406 2375 442 2408; x_wconf 89' lang='lat' dir='ltr'>in</span> <span class='ocrx_word' id='word_1_407' title='bbox 534 2385 580 2416; x_wconf 88' lang='lat' dir='ltr'>ra,</span> <span class='ocrx_word' id='word_1_408' title='bbox 596 2385 666 2408; x_wconf 88' lang='lat' dir='ltr'>non</span> <span class='ocrx_word' id='word_1_409' title='bbox 685 2385 732 2408; x_wconf 78' lang='lat' dir='ltr'>Sic</span> <span class='ocrx_word' id='word_1_410' title='bbox 755 2383 858 2419; x_wconf 86' lang='lat' dir='ltr'>agunt</span> <span class='ocrx_word' id='word_1_411' title='bbox 880 2383 914 2408; x_wconf 93' lang='lat' dir='ltr'>et</span> <span class='ocrx_word' id='word_1_412' title='bbox 937 2375 1106 2419; x_wconf 88' lang='lat' dir='ltr'>patiuntur</span> <span class='ocrx_word' id='word_1_413' title='bbox 1129 2386 1148 2408; x_wconf 92' lang='lat' dir='ltr'>a</span> <span class='ocrx_word' id='word_1_414' title='bbox 1173 2375 1323 2408; x_wconf 83' lang='lat' dir='ltr'>&#39;nvicem.</span> 
     </span>
     <span class='ocr_line' id='line_1_52' title="bbox 255 2418 1326 2472; baseline -0.002 -19"><span class='ocrx_word' id='word_1_415' title='bbox 255 2419 345 2472; x_wconf 63' lang='lat' dir='ltr'>Engo</span> <span class='ocrx_word' id='word_1_416' title='bbox 364 2419 470 2463; x_wconf 84' lang='lat' dir='ltr'>magis</span> <span class='ocrx_word' id='word_1_417' title='bbox 492 2418 566 2452; x_wconf 83' lang='lat' dir='ltr'>illae</span> <span class='ocrx_word' id='word_1_418' title='bbox 590 2418 737 2453; x_wconf 87' lang='lat' dir='ltr'>diversae</span> <span class='ocrx_word' id='word_1_419' title='bbox 760 2427 895 2457; x_wconf 86' lang='lat' dir='ltr'>naturae</span> <span class='ocrx_word' id='word_1_420' title='bbox 918 2418 1039 2453; x_wconf 91' lang='lat' dir='ltr'>debent</span> <span class='ocrx_word' id='word_1_421' title='bbox 1061 2420 1142 2463; x_wconf 88' lang='lat' dir='ltr'>poni</span> <span class='ocrx_word' id='word_1_422' title='bbox 1165 2419 1326 2464; x_wconf 90' lang='lat' dir='ltr'>principia</span> 
     </span>
     <span class='ocr_line' id='line_1_53' title="bbox 255 2462 1086 2508; baseline -0.001 -10"><span class='ocrx_word' id='word_1_423' title='bbox 255 2464 394 2498; x_wconf 76' lang='lat' dir='ltr'>actionis</span> <span class='ocrx_word' id='word_1_424' title='bbox 418 2471 451 2496; x_wconf 91' lang='lat' dir='ltr'>et</span> <span class='ocrx_word' id='word_1_425' title='bbox 473 2464 635 2507; x_wconf 87' lang='lat' dir='ltr'>passionis</span> <span class='ocrx_word' id='word_1_426' title='bbox 659 2474 760 2508; x_wconf 90' lang='lat' dir='ltr'>quam</span> <span class='ocrx_word' id='word_1_427' title='bbox 783 2462 929 2497; x_wconf 88' lang='lat' dir='ltr'>diversae</span> <span class='ocrx_word' id='word_1_428' title='bbox 951 2462 1086 2507; x_wconf 85' lang='lat' dir='ltr'>figurae.</span> 
     </span>
    </p>

    <p class='ocr_par' dir='ltr' id='par_1_15' title="bbox 255 2507 1326 3088">
     <span class='ocr_line' id='line_1_54' title="bbox 296 2507 1324 2559; baseline -0.002 -17"><span class='ocrx_word' id='word_1_429' title='bbox 296 2517 331 2554; x_wconf 73' lang='lat'>7.</span> <span class='ocrx_word' id='word_1_430' title='bbox 351 2507 482 2542; x_wconf 90' lang='lat' dir='ltr'>Deinde</span> <span class='ocrx_word' id='word_1_431' title='bbox 502 2519 579 2540; x_wconf 88' lang='lat' dir='ltr'>cum</span> <span class='ocrx_word' id='word_1_432' title='bbox 603 2507 698 2541; x_wconf 89' lang='lat' dir='ltr'>dicit:</span> <span class='ocrx_word' id='word_1_433' title='bbox 722 2507 867 2559; x_wconf 77' lang='lat' dir='ltr'>Amplius</span> <span class='ocrx_word' id='word_1_434' title='bbox 889 2507 964 2552; x_wconf 78' lang='lat' dir='ltr'>quid</span> <span class='ocrx_word' id='word_1_435' title='bbox 985 2514 1027 2541; x_wconf 81' lang='lat' dir='ltr'>est</span> <span class='ocrx_word' id='word_1_436' title='bbox 1044 2507 1124 2552; x_wconf 83' lang='lat' dir='ltr'>quod</span> <span class='ocrx_word' id='word_1_437' title='bbox 1138 2514 1236 2541; x_wconf 80' lang='lat' dir='ltr'>movet</span> <span class='ocrx_word' id='word_1_438' title='bbox 1251 2515 1324 2548; x_wconf 92' lang='lat' dir='ltr'>etc.,</span> 
     </span>
     <span class='ocr_line' id='line_1_55' title="bbox 255 2551 1324 2597; baseline -0.004 -9"><span class='ocrx_word' id='word_1_439' title='bbox 255 2551 401 2593; x_wconf 62' lang='lat' dir='ltr'>ostendit</span> <span class='ocrx_word' id='word_1_440' title='bbox 423 2551 515 2597; x_wconf 92' lang='lat' dir='ltr'>quod</span> <span class='ocrx_word' id='word_1_441' title='bbox 531 2562 670 2595; x_wconf 88' lang='lat' dir='ltr'>corpora</span> <span class='ocrx_word' id='word_1_442' title='bbox 692 2551 902 2585; x_wconf 77' lang='lat' dir='ltr'>indivisibilia</span> <span class='ocrx_word' id='word_1_443' title='bbox 917 2563 987 2585; x_wconf 89' lang='lat' dir='ltr'>non</span> <span class='ocrx_word' id='word_1_444' title='bbox 1010 2561 1188 2586; x_wconf 86' lang='lat' dir='ltr'>moventur</span> <span class='ocrx_word' id='word_1_445' title='bbox 1210 2552 1244 2584; x_wconf 91' lang='lat' dir='ltr'>in</span> <span class='ocrx_word' id='word_1_446' title='bbox 1267 2563 1324 2584; x_wconf 90' lang='lat' dir='ltr'>va-</span> 
     </span>
     <span class='ocr_line' id='line_1_56' title="bbox 256 2595 1324 2642; baseline -0.003 -11"><span class='ocrx_word' id='word_1_447' title='bbox 256 2606 322 2642; x_wconf 67' lang='lat'>,⁰¹²9</span> <span class='ocrx_word' id='word_1_448' title='bbox 340 2596 427 2631; x_wconf 84' lang='lat' dir='ltr'>sicut</span> <span class='ocrx_word' id='word_1_449' title='bbox 447 2595 574 2630; x_wconf 91' lang='lat' dir='ltr'>dicebat</span> <span class='ocrx_word' id='word_1_450' title='bbox 597 2596 820 2636; x_wconf 89' lang='lat' dir='ltr'>Democritus,</span> <span class='ocrx_word' id='word_1_451' title='bbox 836 2595 892 2630; x_wconf 91' lang='lat' dir='ltr'>tali</span> <span class='ocrx_word' id='word_1_452' title='bbox 909 2596 1046 2630; x_wconf 89' lang='lat' dir='ltr'>ratione.</span> <span class='ocrx_word' id='word_1_453' title='bbox 1063 2597 1097 2629; x_wconf 91' lang='lat' dir='ltr'>Si</span> <span class='ocrx_word' id='word_1_454' title='bbox 1121 2596 1183 2629; x_wconf 90' lang='lat' dir='ltr'>ista</span> <span class='ocrx_word' id='word_1_455' title='bbox 1204 2595 1324 2629; x_wconf 90' lang='lat' dir='ltr'>indivi-</span> 
     </span>
     <span class='ocr_line' id='line_1_57' title="bbox 255 2639 1325 2684; baseline -0.002 -9"><span class='ocrx_word' id='word_1_456' title='bbox 255 2639 362 2682; x_wconf 70' lang='lat' dir='ltr'>sibilia</span> <span class='ocrx_word' id='word_1_457' title='bbox 383 2648 561 2674; x_wconf 88' lang='lat' dir='ltr'>moventur</span> <span class='ocrx_word' id='word_1_458' title='bbox 583 2641 618 2674; x_wconf 89' lang='lat' dir='ltr'>in</span> <span class='ocrx_word' id='word_1_459' title='bbox 640 2651 762 2681; x_wconf 89' lang='lat' dir='ltr'>vacuo,</span> <span class='ocrx_word' id='word_1_460' title='bbox 787 2640 1012 2684; x_wconf 88' lang='lat' dir='ltr'>quaerendum</span> <span class='ocrx_word' id='word_1_461' title='bbox 1035 2649 1086 2674; x_wconf 91' lang='lat' dir='ltr'>est</span> <span class='ocrx_word' id='word_1_462' title='bbox 1131 2640 1189 2674; x_wconf 91' lang='lat' dir='ltr'>uid</span> <span class='ocrx_word' id='word_1_463' title='bbox 1212 2649 1325 2673; x_wconf 89' lang='lat' dir='ltr'>movet</span> 
     </span>
     <span class='ocr_line' id='line_1_58' title="bbox 256 2683 1324 2725; baseline -0.003 -5"><span class='ocrx_word' id='word_1_464' title='bbox 256 2694 312 2721; x_wconf 56' lang='lat' dir='ltr'>a:</span> <span class='ocrx_word' id='word_1_465' title='bbox 334 2693 394 2718; x_wconf 81' lang='lat' dir='ltr'>aut</span> <span class='ocrx_word' id='word_1_466' title='bbox 416 2684 506 2718; x_wconf 88' lang='lat' dir='ltr'>enim</span> <span class='ocrx_word' id='word_1_467' title='bbox 537 2693 715 2718; x_wconf 88' lang='lat' dir='ltr'>moventur</span> <span class='ocrx_word' id='word_1_468' title='bbox 743 2695 762 2717; x_wconf 91' lang='lat' dir='ltr'>a</span> <span class='ocrx_word' id='word_1_469' title='bbox 785 2695 840 2725; x_wconf 91' lang='lat' dir='ltr'>se,</span> <span class='ocrx_word' id='word_1_470' title='bbox 868 2693 924 2718; x_wconf 90' lang='lat' dir='ltr'>aut</span> <span class='ocrx_word' id='word_1_471' title='bbox 947 2683 986 2718; x_wconf 87' lang='lat' dir='ltr'>ab</span> <span class='ocrx_word' id='word_1_472' title='bbox 1010 2684 1087 2718; x_wconf 90' lang='lat' dir='ltr'>alio.</span> <span class='ocrx_word' id='word_1_473' title='bbox 1142 2686 1153 2718; x_wconf 94' lang='lat' dir='ltr'>i</span> <span class='ocrx_word' id='word_1_474' title='bbox 1176 2684 1216 2717; x_wconf 94' lang='lat' dir='ltr'>ab</span> <span class='ocrx_word' id='word_1_475' title='bbox 1240 2684 1324 2725; x_wconf 90' lang='lat' dir='ltr'>alio,</span> 
     </span>
     <span class='ocr_line' id='line_1_59' title="bbox 257 2727 1324 2773; baseline -0.001 -10"><span class='ocrx_word' id='word_1_476' title='bbox 257 2737 338 2766; x_wconf 80' lang='lat' dir='ltr'>tunc</span> <span class='ocrx_word' id='word_1_477' title='bbox 359 2729 471 2773; x_wconf 85' lang='lat' dir='ltr'>ipsum</span> <span class='ocrx_word' id='word_1_478' title='bbox 494 2727 689 2762; x_wconf 86' lang='lat' dir='ltr'>indivisibile</span> <span class='ocrx_word' id='word_1_479' title='bbox 714 2737 764 2762; x_wconf 90' lang='lat' dir='ltr'>est</span> <span class='ocrx_word' id='word_1_480' title='bbox 785 2729 965 2772; x_wconf 84' lang='lat' dir='ltr'>passivum.</span> <span class='ocrx_word' id='word_1_481' title='bbox 990 2728 1079 2772; x_wconf 87' lang='lat' dir='ltr'>Ergo</span> <span class='ocrx_word' id='word_1_482' title='bbox 1095 2740 1164 2762; x_wconf 92' lang='lat' dir='ltr'>non</span> <span class='ocrx_word' id='word_1_483' title='bbox 1188 2737 1238 2762; x_wconf 91' lang='lat' dir='ltr'>est</span> <span class='ocrx_word' id='word_1_484' title='bbox 1260 2729 1324 2773; x_wconf 89' lang='lat' dir='ltr'>pri-</span> 
     </span>
     <span class='ocr_line' id='line_1_60' title="bbox 256 2772 1324 2817; baseline -0.002 -10"><span class='ocrx_word' id='word_1_485' title='bbox 256 2782 351 2807; x_wconf 78' lang='lat' dir='ltr'>mum</span> <span class='ocrx_word' id='word_1_486' title='bbox 373 2772 575 2817; x_wconf 85' lang='lat' dir='ltr'>principium</span> <span class='ocrx_word' id='word_1_487' title='bbox 597 2773 747 2813; x_wconf 89' lang='lat' dir='ltr'>actionis,</span> <span class='ocrx_word' id='word_1_488' title='bbox 763 2772 822 2806; x_wconf 91' lang='lat' dir='ltr'>sed</span> <span class='ocrx_word' id='word_1_489' title='bbox 844 2773 956 2816; x_wconf 82' lang='lat' dir='ltr'>potius</span> <span class='ocrx_word' id='word_1_490' title='bbox 979 2773 1091 2816; x_wconf 89' lang='lat' dir='ltr'>ipsum</span> <span class='ocrx_word' id='word_1_491' title='bbox 1114 2783 1264 2806; x_wconf 88' lang='lat' dir='ltr'>movens.</span> <span class='ocrx_word' id='word_1_492' title='bbox 1290 2773 1324 2806; x_wconf 94' lang='lat' dir='ltr'>Si</span> 
     </span>
     <span class='ocr_line' id='line_1_61' title="bbox 257 2816 1325 2860; baseline -0.001 -10"><span class='ocrx_word' id='word_1_493' title='bbox 257 2825 368 2851; x_wconf 88' lang='lat' dir='ltr'>autem</span> <span class='ocrx_word' id='word_1_494' title='bbox 391 2825 546 2850; x_wconf 88' lang='lat' dir='ltr'>movetur</span> <span class='ocrx_word' id='word_1_495' title='bbox 568 2827 587 2848; x_wconf 91' lang='lat' dir='ltr'>a</span> <span class='ocrx_word' id='word_1_496' title='bbox 609 2817 736 2860; x_wconf 92' lang='lat' dir='ltr'>seipso:</span> <span class='ocrx_word' id='word_1_497' title='bbox 761 2825 818 2849; x_wconf 90' lang='lat' dir='ltr'>aut</span> <span class='ocrx_word' id='word_1_498' title='bbox 834 2817 896 2849; x_wconf 92' lang='lat' dir='ltr'>erit</span> <span class='ocrx_word' id='word_1_499' title='bbox 918 2816 1089 2857; x_wconf 89' lang='lat' dir='ltr'>divisibile,</span> <span class='ocrx_word' id='word_1_500' title='bbox 1109 2828 1186 2850; x_wconf 90' lang='lat' dir='ltr'>cum</span> <span class='ocrx_word' id='word_1_501' title='bbox 1209 2827 1325 2850; x_wconf 90' lang='lat' dir='ltr'>secun-</span> 
     </span>
     <span class='ocr_line' id='line_1_62' title="bbox 257 2860 1324 2905; baseline -0.002 -10"><span class='ocrx_word' id='word_1_502' title='bbox 257 2861 338 2895; x_wconf 89' lang='lat' dir='ltr'>dum</span> <span class='ocrx_word' id='word_1_503' title='bbox 354 2872 455 2894; x_wconf 89' lang='lat' dir='ltr'>unam</span> <span class='ocrx_word' id='word_1_504' title='bbox 473 2869 599 2905; x_wconf 88' lang='lat' dir='ltr'>partem</span> <span class='ocrx_word' id='word_1_505' title='bbox 619 2869 753 2894; x_wconf 89' lang='lat' dir='ltr'>moveat</span> <span class='ocrx_word' id='word_1_506' title='bbox 768 2869 800 2893; x_wconf 94' lang='lat' dir='ltr'>et</span> <span class='ocrx_word' id='word_1_507' title='bbox 816 2860 999 2894; x_wconf 90' lang='lat' dir='ltr'>secundum</span> <span class='ocrx_word' id='word_1_508' title='bbox 1018 2860 1115 2893; x_wconf 89' lang='lat' dir='ltr'>aliam</span> <span class='ocrx_word' id='word_1_509' title='bbox 1134 2869 1324 2901; x_wconf 86' lang='lat' dir='ltr'>moveatur3</span> 
     </span>
     <span class='ocr_line' id='line_1_63' title="bbox 257 2904 1324 2947; baseline -0.003 -7"><span class='ocrx_word' id='word_1_510' title='bbox 257 2914 316 2947; x_wconf 76' lang='lat' dir='ltr'>aut</span> <span class='ocrx_word' id='word_1_511' title='bbox 337 2905 372 2939; x_wconf 90' lang='lat' dir='ltr'>in</span> <span class='ocrx_word' id='word_1_512' title='bbox 393 2904 512 2939; x_wconf 89' lang='lat' dir='ltr'>eodem</span> <span class='ocrx_word' id='word_1_513' title='bbox 528 2904 712 2938; x_wconf 90' lang='lat' dir='ltr'>secundum</span> <span class='ocrx_word' id='word_1_514' title='bbox 728 2904 817 2938; x_wconf 92' lang='lat' dir='ltr'>idem</span> <span class='ocrx_word' id='word_1_515' title='bbox 833 2905 972 2938; x_wconf 87' lang='lat' dir='ltr'>existent</span> <span class='ocrx_word' id='word_1_516' title='bbox 989 2905 1166 2938; x_wconf 83' lang='lat' dir='ltr'>contraria:</span> <span class='ocrx_word' id='word_1_517' title='bbox 1190 2916 1324 2938; x_wconf 90' lang='lat' dir='ltr'>movere</span> 
     </span>
     <span class='ocr_line' id='line_1_64' title="bbox 257 2949 1324 2993; baseline -0.002 -9"><span class='ocrx_word' id='word_1_518' title='bbox 257 2949 348 2984; x_wconf 86' lang='lat' dir='ltr'>enim</span> <span class='ocrx_word' id='word_1_519' title='bbox 378 2958 411 2983; x_wconf 91' lang='lat' dir='ltr'>et</span> <span class='ocrx_word' id='word_1_520' title='bbox 441 2950 570 2983; x_wconf 88' lang='lat' dir='ltr'>moveri</span> <span class='ocrx_word' id='word_1_521' title='bbox 600 2957 679 2982; x_wconf 91' lang='lat' dir='ltr'>sunt</span> <span class='ocrx_word' id='word_1_522' title='bbox 707 2949 957 2990; x_wconf 84' lang='lat' dir='ltr'>contrariorum.</span> <span class='ocrx_word' id='word_1_523' title='bbox 994 2949 1181 2993; x_wconf 90' lang='lat' dir='ltr'>Utrumque</span> <span class='ocrx_word' id='word_1_524' title='bbox 1214 2958 1324 2982; x_wconf 88' lang='lat' dir='ltr'>autem</span> 
     </span>
     <span class='ocr_line' id='line_1_65' title="bbox 257 2992 1326 3038; baseline -0.002 -10"><span class='ocrx_word' id='word_1_525' title='bbox 257 2995 398 3028; x_wconf 81' lang='lat' dir='ltr'>istorum</span> <span class='ocrx_word' id='word_1_526' title='bbox 427 3002 477 3027; x_wconf 91' lang='lat' dir='ltr'>est</span> <span class='ocrx_word' id='word_1_527' title='bbox 507 2992 711 3038; x_wconf 91' lang='lat' dir='ltr'>impossibile</span> <span class='ocrx_word' id='word_1_528' title='bbox 733 2995 759 3026; x_wconf 90' lang='lat'>*.</span> <span class='ocrx_word' id='word_1_529' title='bbox 786 2993 840 3026; x_wconf 91' lang='lat' dir='ltr'>Sic</span> <span class='ocrx_word' id='word_1_530' title='bbox 873 2993 972 3026; x_wconf 89' lang='lat' dir='ltr'>etiam</span> <span class='ocrx_word' id='word_1_531' title='bbox 1000 3004 1069 3026; x_wconf 91' lang='lat' dir='ltr'>non</span> <span class='ocrx_word' id='word_1_532' title='bbox 1099 2992 1209 3026; x_wconf 89' lang='lat' dir='ltr'>solum</span> <span class='ocrx_word' id='word_1_533' title='bbox 1239 3001 1326 3026; x_wconf 90' lang='lat' dir='ltr'>esset</span> 
     </span>
     <span class='ocr_line' id='line_1_66' title="bbox 257 3036 1325 3088; baseline -0.002 -16"><span class='ocrx_word' id='word_1_534' title='bbox 257 3038 394 3072; x_wconf 80' lang='lat' dir='ltr'>materia</span> <span class='ocrx_word' id='word_1_535' title='bbox 417 3038 658 3071; x_wconf 89' lang='lat' dir='ltr'>contrariorum</span> <span class='ocrx_word' id='word_1_536' title='bbox 689 3047 754 3070; x_wconf 90' lang='lat' dir='ltr'>una</span> <span class='ocrx_word' id='word_1_537' title='bbox 781 3048 942 3078; x_wconf 90' lang='lat' dir='ltr'>numero,</span> <span class='ocrx_word' id='word_1_538' title='bbox 973 3036 1030 3070; x_wconf 91' lang='lat' dir='ltr'>sed</span> <span class='ocrx_word' id='word_1_539' title='bbox 1054 3037 1153 3070; x_wconf 87' lang='lat' dir='ltr'>etiam</span> <span class='ocrx_word' id='word_1_540' title='bbox 1176 3037 1325 3088; x_wconf 80' lang='lat' dir='ltr'>potentia</span> 
     </span>
    </p>
   </div>
   <div class='ocr_carea' id='block_1_12' title="bbox 257 3075 1324 3126">
    <p class='ocr_par' dir='ltr' id='par_1_16' title="bbox 145 3075 1324 3126">
     <span class='ocr_line' id='line_1_67' title="bbox 257 3075 1324 3126; baseline -0.001 -10.095"><span class='ocrx_word' id='word_1_541' title='bbox 257 3090 343 3116; x_wconf 91' lang='lat' dir='ltr'>esset</span> <span class='ocrx_word' id='word_1_542' title='bbox 366 3093 448 3115; x_wconf 91' lang='lat' dir='ltr'>una:</span> <span class='ocrx_word' id='word_1_543' title='bbox 470 3075 561 3126; x_wconf 84' lang='lat' dir='ltr'>quod</span> <span class='ocrx_word' id='word_1_544' title='bbox 577 3090 627 3115; x_wconf 91' lang='lat' dir='ltr'>est</span> <span class='ocrx_word' id='word_1_545' title='bbox 648 3080 870 3126; x_wconf 84' lang='lat' dir='ltr'>impossibile3</span> <span class='ocrx_word' id='word_1_546' title='bbox 893 3081 921 3113; x_wconf 92' lang='lat' dir='ltr'>si</span> <span class='ocrx_word' id='word_1_547' title='bbox 942 3081 1080 3114; x_wconf 91' lang='lat' dir='ltr'>enimin</span> <span class='ocrx_word' id='word_1_548' title='bbox 1096 3089 1231 3114; x_wconf 80' lang='lat' dir='ltr'>materia</span> <span class='ocrx_word' id='word_1_549' title='bbox 1246 3092 1324 3115; x_wconf 91' lang='lat' dir='ltr'>con-</span> 
     </span>
    </p>
   </div>
   <div class='ocr_carea' id='block_1_13' title="bbox 257 3124 1325 3257">
    <p class='ocr_par' dir='ltr' id='par_1_17' title="bbox 257 3124 1325 3257">
     <span class='ocr_line' id='line_1_68' title="bbox 258 3124 1325 3170; baseline -0.004 -9"><span class='ocrx_word' id='word_1_550' title='bbox 258 3127 433 3161; x_wconf 85' lang='lat' dir='ltr'>trariorum</span> <span class='ocrx_word' id='word_1_551' title='bbox 456 3134 543 3159; x_wconf 84' lang='lat' dir='ltr'>esset</span> <span class='ocrx_word' id='word_1_552' title='bbox 565 3137 631 3159; x_wconf 90' lang='lat' dir='ltr'>una</span> <span class='ocrx_word' id='word_1_553' title='bbox 654 3126 802 3170; x_wconf 90' lang='lat' dir='ltr'>potentia</span> <span class='ocrx_word' id='word_1_554' title='bbox 825 3124 956 3164; x_wconf 90' lang='lat' dir='ltr'>solum,</span> <span class='ocrx_word' id='word_1_555' title='bbox 982 3135 1052 3158; x_wconf 91' lang='lat' dir='ltr'>non</span> <span class='ocrx_word' id='word_1_556' title='bbox 1074 3124 1232 3159; x_wconf 85' lang='lat' dir='ltr'>haberent</span> <span class='ocrx_word' id='word_1_557' title='bbox 1254 3126 1325 3169; x_wconf 90' lang='lat' dir='ltr'>ipsa</span> 
     </span>
     <span class='ocr_line' id='line_1_69' title="bbox 258 3169 1324 3206; baseline -0.002 -1"><span class='ocrx_word' id='word_1_558' title='bbox 258 3169 580 3206; x_wconf 80' lang='lat' dir='ltr'>contrariadiversas</span> <span class='ocrx_word' id='word_1_559' title='bbox 603 3178 745 3203; x_wconf 89' lang='lat' dir='ltr'>naturas.</span> <span class='ocrx_word' id='word_1_560' title='bbox 771 3169 825 3203; x_wconf 93' lang='lat' dir='ltr'>Sic</span> <span class='ocrx_word' id='word_1_561' title='bbox 841 3169 941 3202; x_wconf 88' lang='lat' dir='ltr'>etiam</span> <span class='ocrx_word' id='word_1_562' title='bbox 959 3180 1029 3202; x_wconf 91' lang='lat' dir='ltr'>non</span> <span class='ocrx_word' id='word_1_563' title='bbox 1045 3177 1131 3202; x_wconf 92' lang='lat' dir='ltr'>esset</span> <span class='ocrx_word' id='word_1_564' title='bbox 1145 3169 1324 3203; x_wconf 90' lang='lat' dir='ltr'>multitudo</span> 
     </span>
     <span class='ocr_line' id='line_1_70' title="bbox 257 3213 1324 3257; baseline -0.004 -7"><span class='ocrx_word' id='word_1_565' title='bbox 257 3225 385 3256; x_wconf 80' lang='lat' dir='ltr'>rerum,</span> <span class='ocrx_word' id='word_1_566' title='bbox 409 3213 468 3248; x_wconf 90' lang='lat' dir='ltr'>sed</span> <span class='ocrx_word' id='word_1_567' title='bbox 491 3213 603 3247; x_wconf 89' lang='lat' dir='ltr'>omnia</span> <span class='ocrx_word' id='word_1_568' title='bbox 631 3222 740 3247; x_wconf 88' lang='lat' dir='ltr'>essent</span> <span class='ocrx_word' id='word_1_569' title='bbox 762 3224 884 3246; x_wconf 91' lang='lat' dir='ltr'>unum:</span> <span class='ocrx_word' id='word_1_570' title='bbox 910 3213 986 3257; x_wconf 89' lang='lat' dir='ltr'>quia</span> <span class='ocrx_word' id='word_1_571' title='bbox 1010 3213 1123 3246; x_wconf 90' lang='lat' dir='ltr'>omnia</span> <span class='ocrx_word' id='word_1_572' title='bbox 1152 3221 1262 3246; x_wconf 87' lang='lat' dir='ltr'>essent</span> <span class='ocrx_word' id='word_1_573' title='bbox 1284 3213 1324 3247; x_wconf 90' lang='lat' dir='ltr'>ab</span> 
     </span>
    </p>
   </div>
   <div class='ocr_carea' id='block_1_14' title="bbox 149 3257 1323 3300">
    <p class='ocr_par' dir='ltr' id='par_1_18' title="bbox 149 3257 1323 3300">
     <span class='ocr_line' id='line_1_71' title="bbox 149 3257 1323 3300; baseline -0.003 -7"><span class='ocrx_word' id='word_1_574' title='bbox 149 3273 152 3274; x_wconf 46' lang='lat'><em>⁷</em></span> <span class='ocrx_word' id='word_1_575' title='bbox 185 3281 206 3293; x_wconf 33' lang='grc' dir='ltr'>-Δ</span> <span class='ocrx_word' id='word_1_576' title='bbox 258 3258 374 3293; x_wconf 86' lang='lat' dir='ltr'>eadem</span> <span class='ocrx_word' id='word_1_577' title='bbox 398 3258 534 3292; x_wconf 86' lang='lat' dir='ltr'>materia</span> <span class='ocrx_word' id='word_1_578' title='bbox 557 3266 589 3291; x_wconf 91' lang='lat' dir='ltr'>et</span> <span class='ocrx_word' id='word_1_579' title='bbox 609 3257 649 3291; x_wconf 91' lang='lat' dir='ltr'>ab</span> <span class='ocrx_word' id='word_1_580' title='bbox 665 3257 780 3291; x_wconf 87' lang='lat' dir='ltr'>eadem</span> <span class='ocrx_word' id='word_1_581' title='bbox 796 3257 944 3300; x_wconf 87' lang='lat' dir='ltr'>potentia</span> <span class='ocrx_word' id='word_1_582' title='bbox 962 3268 1117 3298; x_wconf 90' lang='lat' dir='ltr'>numero;</span> <span class='ocrx_word' id='word_1_583' title='bbox 1139 3268 1216 3291; x_wconf 91' lang='lat' dir='ltr'>cum</span> <span class='ocrx_word' id='word_1_584' title='bbox 1235 3258 1323 3290; x_wconf 89' lang='lat' dir='ltr'>enim</span> 
     </span>
    </p>
   </div>
   <div class='ocr_carea' id='block_1_15' title="bbox 0 620 239 4052">
    <p class='ocr_par' dir='ltr' id='par_1_19' title="bbox 0 620 239 4052">
     <span class='ocr_line' id='line_1_72' title="bbox 0 620 239 4052; baseline 0 0"><span class='ocrx_word' id='word_1_585' title='bbox 0 620 239 4052; x_wconf 95' lang='lat' dir='ltr'> </span> 
     </span>
    </p>
   </div>
   <div class='ocr_carea' id='block_1_16' title="bbox 258 3300 1325 3522">
    <p class='ocr_par' dir='ltr' id='par_1_20' title="bbox 258 3300 1325 3522">
     <span class='ocr_line' id='line_1_73' title="bbox 258 3300 1325 3346; baseline -0.003 -10"><span class='ocrx_word' id='word_1_586' title='bbox 258 3311 351 3345; x_wconf 77' lang='lat' dir='ltr'>actus</span> <span class='ocrx_word' id='word_1_587' title='bbox 367 3311 400 3336; x_wconf 92' lang='lat' dir='ltr'>et</span> <span class='ocrx_word' id='word_1_588' title='bbox 414 3303 563 3346; x_wconf 88' lang='lat' dir='ltr'>potentia</span> <span class='ocrx_word' id='word_1_589' title='bbox 585 3313 655 3335; x_wconf 88' lang='lat' dir='ltr'>non</span> <span class='ocrx_word' id='word_1_590' title='bbox 679 3300 897 3335; x_wconf 89' lang='lat' dir='ltr'>diversificent</span> <span class='ocrx_word' id='word_1_591' title='bbox 921 3302 1076 3344; x_wconf 88' lang='lat' dir='ltr'>speciem,</span> <span class='ocrx_word' id='word_1_592' title='bbox 1093 3301 1120 3334; x_wconf 91' lang='lat' dir='ltr'>si</span> <span class='ocrx_word' id='word_1_593' title='bbox 1143 3310 1228 3334; x_wconf 90' lang='lat' dir='ltr'>esset</span> <span class='ocrx_word' id='word_1_594' title='bbox 1250 3310 1325 3345; x_wconf 75' lang='lat' dir='ltr'>tan-¹</span> 
     </span>
     <span class='ocr_line' id='line_1_74' title="bbox 259 3345 1323 3397; baseline -0.003 -17"><span class='ocrx_word' id='word_1_595' title='bbox 259 3355 332 3380; x_wconf 87' lang='lat' dir='ltr'>tum</span> <span class='ocrx_word' id='word_1_596' title='bbox 355 3358 421 3380; x_wconf 90' lang='lat' dir='ltr'>una</span> <span class='ocrx_word' id='word_1_597' title='bbox 442 3346 601 3397; x_wconf 89' lang='lat' dir='ltr'>potentia,</span> <span class='ocrx_word' id='word_1_598' title='bbox 625 3354 712 3379; x_wconf 90' lang='lat' dir='ltr'>esset</span> <span class='ocrx_word' id='word_1_599' title='bbox 729 3354 859 3378; x_wconf 88' lang='lat' dir='ltr'>tantum</span> <span class='ocrx_word' id='word_1_600' title='bbox 882 3356 948 3378; x_wconf 89' lang='lat' dir='ltr'>una</span> <span class='ocrx_word' id='word_1_601' title='bbox 971 3345 1106 3388; x_wconf 84' lang='lat' dir='ltr'>species.</span> <span class='ocrx_word' id='word_1_602' title='bbox 1130 3347 1190 3378; x_wconf 91' lang='lat' dir='ltr'>Est</span> <span class='ocrx_word' id='word_1_603' title='bbox 1211 3353 1323 3378; x_wconf 89' lang='lat' dir='ltr'>autem</span> 
     </span>
     <span class='ocr_line' id='line_1_75' title="bbox 259 3386 1323 3434; baseline -0.003 -10"><span class='ocrx_word' id='word_1_604' title='bbox 259 3386 325 3424; x_wconf 83' lang='lat' dir='ltr'>hoc</span> <span class='ocrx_word' id='word_1_605' title='bbox 348 3389 599 3434; x_wconf 74' lang='lat' dir='ltr'>intelligendum</span> <span class='ocrx_word' id='word_1_606' title='bbox 623 3389 664 3423; x_wconf 93' lang='lat' dir='ltr'>de</span> <span class='ocrx_word' id='word_1_607' title='bbox 680 3389 827 3433; x_wconf 89' lang='lat' dir='ltr'>potentia</span> <span class='ocrx_word' id='word_1_608' title='bbox 846 3389 1032 3433; x_wconf 85' lang='lat' dir='ltr'>propinqua</span> <span class='ocrx_word' id='word_1_609' title='bbox 1051 3389 1092 3422; x_wconf 93' lang='lat' dir='ltr'>ad</span> <span class='ocrx_word' id='word_1_610' title='bbox 1108 3388 1229 3422; x_wconf 86' lang='lat' dir='ltr'>formas</span> <span class='ocrx_word' id='word_1_611' title='bbox 1246 3400 1323 3422; x_wconf 91' lang='lat' dir='ltr'>con-</span> 
     </span>
     <span class='ocr_line' id='line_1_76' title="bbox 258 3432 1323 3478; baseline -0.001 -10"><span class='ocrx_word' id='word_1_612' title='bbox 258 3435 384 3475; x_wconf 85' lang='lat' dir='ltr'>trarias,</span> <span class='ocrx_word' id='word_1_613' title='bbox 400 3445 484 3478; x_wconf 91' lang='lat' dir='ltr'>quae</span> <span class='ocrx_word' id='word_1_614' title='bbox 507 3445 576 3467; x_wconf 90' lang='lat' dir='ltr'>non</span> <span class='ocrx_word' id='word_1_615' title='bbox 599 3437 649 3466; x_wconf 82' lang='lat' dir='ltr'>est</span> <span class='ocrx_word' id='word_1_616' title='bbox 672 3444 737 3466; x_wconf 90' lang='lat' dir='ltr'>una</span> <span class='ocrx_word' id='word_1_617' title='bbox 752 3444 904 3473; x_wconf 91' lang='lat' dir='ltr'>numero,</span> <span class='ocrx_word' id='word_1_618' title='bbox 919 3432 977 3466; x_wconf 91' lang='lat' dir='ltr'>sed</span> <span class='ocrx_word' id='word_1_619' title='bbox 1000 3432 1136 3466; x_wconf 88' lang='lat' dir='ltr'>diversa.</span> <span class='ocrx_word' id='word_1_620' title='bbox 1157 3433 1215 3466; x_wconf 90' lang='lat' dir='ltr'>Est</span> <span class='ocrx_word' id='word_1_621' title='bbox 1234 3433 1323 3467; x_wconf 88' lang='lat' dir='ltr'>enim</span> 
     </span>
     <span class='ocr_line' id='line_1_77' title="bbox 259 3476 1322 3522; baseline -0.002 -11"><span class='ocrx_word' id='word_1_622' title='bbox 259 3477 322 3511; x_wconf 90' lang='lat' dir='ltr'>alia</span> <span class='ocrx_word' id='word_1_623' title='bbox 345 3479 492 3522; x_wconf 91' lang='lat' dir='ltr'>potentia</span> <span class='ocrx_word' id='word_1_624' title='bbox 515 3486 656 3518; x_wconf 92' lang='lat' dir='ltr'>remota,</span> <span class='ocrx_word' id='word_1_625' title='bbox 681 3488 764 3521; x_wconf 89' lang='lat' dir='ltr'>quae</span> <span class='ocrx_word' id='word_1_626' title='bbox 789 3486 838 3510; x_wconf 92' lang='lat' dir='ltr'>est</span> <span class='ocrx_word' id='word_1_627' title='bbox 861 3488 927 3510; x_wconf 85' lang='lat' dir='ltr'>una</span> <span class='ocrx_word' id='word_1_628' title='bbox 951 3485 983 3510; x_wconf 91' lang='lat' dir='ltr'>et</span> <span class='ocrx_word' id='word_1_629' title='bbox 1006 3476 1121 3516; x_wconf 87' lang='lat' dir='ltr'>eadem</span> <span class='ocrx_word' id='word_1_630' title='bbox 1145 3477 1322 3510; x_wconf 89' lang='lat' dir='ltr'>contrario-</span> 
     </span>
    </p>
   </div>
   <div class='ocr_carea' id='block_1_17' title="bbox 2398 275 2447 300">
    <p class='ocr_par' dir='ltr' id='par_1_21' title="bbox 2398 275 2447 300">
     <span class='ocr_line' id='line_1_78' title="bbox 2398 275 2447 300; baseline 0.02 -1"><span class='ocrx_word' id='word_1_631' title='bbox 2398 275 2447 300; x_wconf 88' lang='lat' dir='ltr'>XV</span> 
     </span>
    </p>
   </div>
   <div class='ocr_carea' id='block_1_18' title="bbox 1375 340 2441 651">
    <p class='ocr_par' dir='ltr' id='par_1_22' title="bbox 1376 340 2440 428">
     <span class='ocr_line' id='line_1_79' title="bbox 1376 340 2440 392; baseline 0.004 -19"><span class='ocrx_word' id='word_1_632' title='bbox 1376 351 1467 381; x_wconf 90' lang='lat' dir='ltr'>rum;</span> <span class='ocrx_word' id='word_1_633' title='bbox 1492 349 1524 373; x_wconf 94' lang='lat' dir='ltr'>et</span> <span class='ocrx_word' id='word_1_634' title='bbox 1547 340 1627 373; x_wconf 87' lang='lat' dir='ltr'>haec</span> <span class='ocrx_word' id='word_1_635' title='bbox 1643 349 1692 373; x_wconf 91' lang='lat' dir='ltr'>est</span> <span class='ocrx_word' id='word_1_636' title='bbox 1706 341 1724 361; x_wconf 89' lang='lat'>*</span> <span class='ocrx_word' id='word_1_637' title='bbox 1739 341 1844 385; x_wconf 86' lang='lat' dir='ltr'>prima</span> <span class='ocrx_word' id='word_1_638' title='bbox 1868 340 2012 381; x_wconf 88' lang='lat' dir='ltr'>materia,</span> <span class='ocrx_word' id='word_1_639' title='bbox 2030 353 2112 392; x_wconf 86' lang='lat' dir='ltr'>quae</span> <span class='ocrx_word' id='word_1_640' title='bbox 2137 342 2319 376; x_wconf 90' lang='lat' dir='ltr'>secundum</span> <span class='ocrx_word' id='word_1_641' title='bbox 2339 354 2373 376; x_wconf 93' lang='lat' dir='ltr'>se</span> <span class='ocrx_word' id='word_1_642' title='bbox 2391 353 2440 377; x_wconf 91' lang='lat' dir='ltr'>est</span> 
     </span>
     <span class='ocr_line' id='line_1_80' title="bbox 1376 385 2076 428; baseline 0.003 -12"><span class='ocrx_word' id='word_1_643' title='bbox 1376 385 1409 416; x_wconf 91' lang='lat' dir='ltr'>in</span> <span class='ocrx_word' id='word_1_644' title='bbox 1433 385 1591 428; x_wconf 88' lang='lat' dir='ltr'>potentia,</span> <span class='ocrx_word' id='word_1_645' title='bbox 1616 393 1648 417; x_wconf 92' lang='lat' dir='ltr'>et</span> <span class='ocrx_word' id='word_1_646' title='bbox 1671 385 1742 428; x_wconf 91' lang='lat' dir='ltr'>ipsa</span> <span class='ocrx_word' id='word_1_647' title='bbox 1766 393 1815 417; x_wconf 91' lang='lat' dir='ltr'>est</span> <span class='ocrx_word' id='word_1_648' title='bbox 1838 396 1896 417; x_wconf 91' lang='lat' dir='ltr'>sua</span> <span class='ocrx_word' id='word_1_649' title='bbox 1920 393 2076 428; x_wconf 82' lang='lat' dir='ltr'>potentia.</span> 
     </span>
    </p>

    <p class='ocr_par' dir='ltr' id='par_1_23' title="bbox 1375 428 2441 651">
     <span class='ocr_line' id='line_1_81' title="bbox 1421 428 2439 475; baseline 0.004 -14"><span class='ocrx_word' id='word_1_650' title='bbox 1421 429 1451 461; x_wconf 89' lang='lat'>8.</span> <span class='ocrx_word' id='word_1_651' title='bbox 1468 428 1597 462; x_wconf 92' lang='lat' dir='ltr'>Deinde</span> <span class='ocrx_word' id='word_1_652' title='bbox 1614 440 1690 461; x_wconf 92' lang='lat' dir='ltr'>cum</span> <span class='ocrx_word' id='word_1_653' title='bbox 1710 428 1804 462; x_wconf 90' lang='lat' dir='ltr'>dicit:</span> <span class='ocrx_word' id='word_1_654' title='bbox 1833 428 2021 473; x_wconf 82' lang='lat' dir='ltr'>Quicumque</span> <span class='ocrx_word' id='word_1_655' title='bbox 2038 429 2157 473; x_wconf 83' lang='lat' dir='ltr'>quidem</span> <span class='ocrx_word' id='word_1_656' title='bbox 2175 430 2268 473; x_wconf 82' lang='lat' dir='ltr'>igitur</span> <span class='ocrx_word' id='word_1_657' title='bbox 2279 437 2334 475; x_wconf 82' lang='lat' dir='ltr'>per</span> <span class='ocrx_word' id='word_1_658' title='bbox 2372 443 2439 465; x_wconf 86' lang='lat' dir='ltr'>oro-</span> 
     </span>
     <span class='ocr_line' id='line_1_82' title="bbox 1376 472 2441 518; baseline 0.003 -13"><span class='ocrx_word' id='word_1_659' title='bbox 1376 483 1446 506; x_wconf 83' lang='lat' dir='ltr'>rum</span> <span class='ocrx_word' id='word_1_660' title='bbox 1470 482 1542 514; x_wconf 90' lang='lat' dir='ltr'>etc.,</span> <span class='ocrx_word' id='word_1_661' title='bbox 1559 472 1712 517; x_wconf 88' lang='lat' dir='ltr'>reprobat</span> <span class='ocrx_word' id='word_1_662' title='bbox 1735 472 1915 517; x_wconf 86' lang='lat' dir='ltr'>praedictas</span> <span class='ocrx_word' id='word_1_663' title='bbox 1936 474 2110 517; x_wconf 91' lang='lat' dir='ltr'>opiniones</span> <span class='ocrx_word' id='word_1_664' title='bbox 2128 483 2288 518; x_wconf 88' lang='lat' dir='ltr'>quantum</span> <span class='ocrx_word' id='word_1_665' title='bbox 2313 486 2330 507; x_wconf 86' lang='lat' dir='ltr'>a</span> <span class='ocrx_word' id='word_1_666' title='bbox 2369 487 2441 508; x_wconf 93' lang='lat' dir='ltr'>mo-</span> 
     </span>
     <span class='ocr_line' id='line_1_83' title="bbox 1376 515 2441 562; baseline 0.003 -13"><span class='ocrx_word' id='word_1_667' title='bbox 1376 515 1436 549; x_wconf 94' lang='lat' dir='ltr'>dos</span> <span class='ocrx_word' id='word_1_668' title='bbox 1461 517 1579 560; x_wconf 90' lang='lat' dir='ltr'>agendi</span> <span class='ocrx_word' id='word_1_669' title='bbox 1595 525 1627 550; x_wconf 90' lang='lat' dir='ltr'>et</span> <span class='ocrx_word' id='word_1_670' title='bbox 1642 516 1787 561; x_wconf 89' lang='lat' dir='ltr'>patiendi</span> <span class='ocrx_word' id='word_1_671' title='bbox 1803 528 1887 562; x_wconf 93' lang='lat' dir='ltr'>quos</span> <span class='ocrx_word' id='word_1_672' title='bbox 1911 517 2088 562; x_wconf 92' lang='lat' dir='ltr'>ponebant.</span> <span class='ocrx_word' id='word_1_673' title='bbox 2113 518 2155 551; x_wconf 90' lang='lat' dir='ltr'>Et</span> <span class='ocrx_word' id='word_1_674' title='bbox 2178 519 2262 551; x_wconf 90' lang='lat' dir='ltr'>circa</span> <span class='ocrx_word' id='word_1_675' title='bbox 2286 518 2350 551; x_wconf 92' lang='lat' dir='ltr'>hoc</span> <span class='ocrx_word' id='word_1_676' title='bbox 2374 519 2441 553; x_wconf 91' lang='lat' dir='ltr'>duo</span> 
     </span>
     <span class='ocr_line' id='line_1_84' title="bbox 1375 559 2440 607; baseline 0.003 -14"><span class='ocrx_word' id='word_1_677' title='bbox 1375 559 1472 593; x_wconf 87' lang='lat' dir='ltr'>facit:</span> <span class='ocrx_word' id='word_1_678' title='bbox 1496 562 1604 604; x_wconf 91' lang='lat' dir='ltr'>primo</span> <span class='ocrx_word' id='word_1_679' title='bbox 1629 561 1772 595; x_wconf 87' lang='lat' dir='ltr'>ostendit</span> <span class='ocrx_word' id='word_1_680' title='bbox 1803 561 1894 606; x_wconf 92' lang='lat' dir='ltr'>quod</span> <span class='ocrx_word' id='word_1_681' title='bbox 1928 561 1969 594; x_wconf 92' lang='lat' dir='ltr'>ad</span> <span class='ocrx_word' id='word_1_682' title='bbox 1993 562 2157 595; x_wconf 88' lang='lat' dir='ltr'>actionem</span> <span class='ocrx_word' id='word_1_683' title='bbox 2188 571 2220 595; x_wconf 93' lang='lat' dir='ltr'>et</span> <span class='ocrx_word' id='word_1_684' title='bbox 2251 563 2440 607; x_wconf 91' lang='lat' dir='ltr'>passionem</span> 
     </span>
     <span class='ocr_line' id='line_1_85' title="bbox 1376 605 2440 651; baseline 0.004 -15"><span class='ocrx_word' id='word_1_685' title='bbox 1376 615 1445 636; x_wconf 92' lang='lat' dir='ltr'>non</span> <span class='ocrx_word' id='word_1_686' title='bbox 1469 613 1546 637; x_wconf 89' lang='lat' dir='ltr'>sunt</span> <span class='ocrx_word' id='word_1_687' title='bbox 1580 606 1753 638; x_wconf 89' lang='lat' dir='ltr'>necessarii</span> <span class='ocrx_word' id='word_1_688' title='bbox 1777 606 1867 649; x_wconf 90' lang='lat' dir='ltr'>pori;</span> <span class='ocrx_word' id='word_1_689' title='bbox 1892 605 2039 639; x_wconf 90' lang='lat' dir='ltr'>secundo</span> <span class='ocrx_word' id='word_1_690' title='bbox 2093 605 2161 639; x_wconf 92' lang='lat' dir='ltr'>uod</span> <span class='ocrx_word' id='word_1_691' title='bbox 2191 617 2252 639; x_wconf 92' lang='lat' dir='ltr'>nec</span> <span class='ocrx_word' id='word_1_692' title='bbox 2281 616 2440 651; x_wconf 89' lang='lat' dir='ltr'>quantum</span> 
     </span>
    </p>
   </div>
   <div class='ocr_carea' id='block_1_19' title="bbox 1376 647 2482 693">
    <p class='ocr_par' dir='ltr' id='par_1_24' title="bbox 1376 647 2482 693">
     <span class='ocr_line' id='line_1_86' title="bbox 1376 647 2482 693; baseline 0.005 -13"><span class='ocrx_word' id='word_1_693' title='bbox 1376 647 1417 680; x_wconf 90' lang='lat' dir='ltr'>ad</span> <span class='ocrx_word' id='word_1_694' title='bbox 1441 647 1637 682; x_wconf 90' lang='lat' dir='ltr'>divisionem</span> <span class='ocrx_word' id='word_1_695' title='bbox 1661 661 1858 693; x_wconf 88' lang='lat' dir='ltr'>corporum,</span> <span class='ocrx_word' id='word_1_696' title='bbox 1888 649 1949 683; x_wconf 91' lang='lat' dir='ltr'>ibi:</span> <span class='ocrx_word' id='word_1_697' title='bbox 1973 650 2075 684; x_wconf 87' lang='lat' dir='ltr'>Divisi</span> <span class='ocrx_word' id='word_1_698' title='bbox 2095 650 2185 684; x_wconf 84' lang='lat' dir='ltr'>ilibus</span> <span class='ocrx_word' id='word_1_699' title='bbox 2215 657 2316 684; x_wconf 80' lang='lat' dir='ltr'>autem</span> <span class='ocrx_word' id='word_1_700' title='bbox 2339 651 2354 668; x_wconf 86' lang='lat'><strong>*</strong></span> <span class='ocrx_word' id='word_1_701' title='bbox 2379 661 2439 685; x_wconf 90' lang='lat' dir='ltr'>etc.</span> <span class='ocrx_word' id='word_1_702' title='bbox 2473 662 2482 670; x_wconf 90' lang='lat'><strong>·</strong></span> 
     </span>
    </p>
   </div>
   <div class='ocr_carea' id='block_1_20' title="bbox 1376 691 2443 916">
    <p class='ocr_par' dir='ltr' id='par_1_25' title="bbox 1376 691 2443 916">
     <span class='ocr_line' id='line_1_87' title="bbox 1378 691 2442 740; baseline 0.005 -16"><span class='ocrx_word' id='word_1_703' title='bbox 1378 691 1474 724; x_wconf 90' lang='lat' dir='ltr'>Circa</span> <span class='ocrx_word' id='word_1_704' title='bbox 1497 693 1642 736; x_wconf 89' lang='lat' dir='ltr'>primurn</span> <span class='ocrx_word' id='word_1_705' title='bbox 1666 692 1733 726; x_wconf 92' lang='lat' dir='ltr'>duo</span> <span class='ocrx_word' id='word_1_706' title='bbox 1757 693 1852 726; x_wconf 89' lang='lat' dir='ltr'>facit:</span> <span class='ocrx_word' id='word_1_707' title='bbox 1876 694 1985 738; x_wconf 88' lang='lat' dir='ltr'>primo</span> <span class='ocrx_word' id='word_1_708' title='bbox 2002 694 2146 728; x_wconf 90' lang='lat' dir='ltr'>ostendit</span> <span class='ocrx_word' id='word_1_709' title='bbox 2166 695 2257 740; x_wconf 93' lang='lat' dir='ltr'>quod</span> <span class='ocrx_word' id='word_1_710' title='bbox 2280 696 2353 740; x_wconf 91' lang='lat' dir='ltr'>pori</span> <span class='ocrx_word' id='word_1_711' title='bbox 2373 707 2442 729; x_wconf 91' lang='lat' dir='ltr'>non</span> 
     </span>
     <span class='ocr_line' id='line_1_88' title="bbox 1377 736 2442 780; baseline 0.006 -13"><span class='ocrx_word' id='word_1_712' title='bbox 1377 744 1455 767; x_wconf 90' lang='lat' dir='ltr'>sunt</span> <span class='ocrx_word' id='word_1_713' title='bbox 1477 737 1651 769; x_wconf 89' lang='lat' dir='ltr'>necessarii</span> <span class='ocrx_word' id='word_1_714' title='bbox 1675 736 1715 770; x_wconf 90' lang='lat' dir='ltr'>ad</span> <span class='ocrx_word' id='word_1_715' title='bbox 1739 737 1902 770; x_wconf 87' lang='lat' dir='ltr'>actionem</span> <span class='ocrx_word' id='word_1_716' title='bbox 1933 747 1965 771; x_wconf 93' lang='lat' dir='ltr'>et</span> <span class='ocrx_word' id='word_1_717' title='bbox 2012 739 2195 780; x_wconf 88' lang='lat' dir='ltr'>assionem;</span> <span class='ocrx_word' id='word_1_718' title='bbox 2220 739 2366 773; x_wconf 88' lang='lat' dir='ltr'>secundo</span> <span class='ocrx_word' id='word_1_719' title='bbox 2391 752 2442 773; x_wconf 91' lang='lat' dir='ltr'>re-</span> 
     </span>
     <span class='ocr_line' id='line_1_89' title="bbox 1376 780 2368 824; baseline 0.005 -13"><span class='ocrx_word' id='word_1_720' title='bbox 1376 788 1490 812; x_wconf 91' lang='lat' dir='ltr'>movet</span> <span class='ocrx_word' id='word_1_721' title='bbox 1514 780 1682 824; x_wconf 89' lang='lat' dir='ltr'>quoddam</span> <span class='ocrx_word' id='word_1_722' title='bbox 1706 780 1863 822; x_wconf 92' lang='lat' dir='ltr'>dubium,</span> <span class='ocrx_word' id='word_1_723' title='bbox 1888 781 1948 815; x_wconf 91' lang='lat' dir='ltr'>ibi:</span> <span class='ocrx_word' id='word_1_724' title='bbox 1995 782 2030 816; x_wconf 80' lang='lat' dir='ltr'>ed</span> <span class='ocrx_word' id='word_1_725' title='bbox 2051 789 2078 816; x_wconf 82' lang='lat' dir='ltr'>et</span> <span class='ocrx_word' id='word_1_726' title='bbox 2098 783 2126 816; x_wconf 82' lang='lat' dir='ltr'>si</span> <span class='ocrx_word' id='word_1_727' title='bbox 2146 794 2246 818; x_wconf 85' lang='lat' dir='ltr'>vacua</span> <span class='ocrx_word' id='word_1_728' title='bbox 2268 783 2284 801; x_wconf 83' lang='grc'>*</span> <span class='ocrx_word' id='word_1_729' title='bbox 2307 792 2368 817; x_wconf 92' lang='lat' dir='ltr'>etc.</span> 
     </span>
     <span class='ocr_line' id='line_1_90' title="bbox 1423 823 2443 872; baseline 0.006 -16"><span class='ocrx_word' id='word_1_730' title='bbox 1423 823 1519 856; x_wconf 89' lang='lat' dir='ltr'>Circa</span> <span class='ocrx_word' id='word_1_731' title='bbox 1542 825 1687 868; x_wconf 83' lang='lat' dir='ltr'>primurn</span> <span class='ocrx_word' id='word_1_732' title='bbox 1710 826 1806 868; x_wconf 89' lang='lat' dir='ltr'>ponit</span> <span class='ocrx_word' id='word_1_733' title='bbox 1829 825 1909 859; x_wconf 87' lang='lat' dir='ltr'>duas</span> <span class='ocrx_word' id='word_1_734' title='bbox 1925 827 2087 868; x_wconf 81' lang='lat' dir='ltr'>rationes3</span> <span class='ocrx_word' id='word_1_735' title='bbox 2112 839 2251 872; x_wconf 90' lang='lat' dir='ltr'>quarum</span> <span class='ocrx_word' id='word_1_736' title='bbox 2275 829 2381 872; x_wconf 88' lang='lat' dir='ltr'>prima</span> <span class='ocrx_word' id='word_1_737' title='bbox 2399 837 2443 862; x_wconf 91' lang='lat' dir='ltr'>ta-</span> 
     </span>
     <span class='ocr_line' id='line_1_91' title="bbox 1377 867 2443 916; baseline 0.007 -17"><span class='ocrx_word' id='word_1_738' title='bbox 1377 867 1416 900; x_wconf 91' lang='lat' dir='ltr'>lis</span> <span class='ocrx_word' id='word_1_739' title='bbox 1441 876 1499 901; x_wconf 93' lang='lat' dir='ltr'>est.</span> <span class='ocrx_word' id='word_1_740' title='bbox 1523 868 1738 912; x_wconf 90' lang='lat' dir='ltr'>Quicumque</span> <span class='ocrx_word' id='word_1_741' title='bbox 1763 869 1875 902; x_wconf 89' lang='lat' dir='ltr'>dicunt</span> <span class='ocrx_word' id='word_1_742' title='bbox 1903 871 2093 914; x_wconf 90' lang='lat' dir='ltr'>contingere</span> <span class='ocrx_word' id='word_1_743' title='bbox 2117 873 2287 916; x_wconf 88' lang='lat' dir='ltr'>passiones</span> <span class='ocrx_word' id='word_1_744' title='bbox 2316 884 2355 905; x_wconf 86' lang='lat' dir='ltr'>ex</span> <span class='ocrx_word' id='word_1_745' title='bbox 2379 872 2443 906; x_wconf 93' lang='lat' dir='ltr'>hoc</span> 
     </span>
    </p>
   </div>
   <div class='ocr_carea' id='block_1_21' title="bbox 1378 911 2482 965">
    <p class='ocr_par' dir='ltr' id='par_1_26' title="bbox 1378 911 2482 965">
     <span class='ocr_line' id='line_1_92' title="bbox 1378 911 2482 965; baseline 0.005 -21"><span class='ocrx_word' id='word_1_746' title='bbox 1378 911 1468 956; x_wconf 90' lang='lat' dir='ltr'>quod</span> <span class='ocrx_word' id='word_1_747' title='bbox 1492 912 1636 945; x_wconf 91' lang='lat' dir='ltr'>activum</span> <span class='ocrx_word' id='word_1_748' title='bbox 1651 921 1805 946; x_wconf 90' lang='lat' dir='ltr'>movetur</span> <span class='ocrx_word' id='word_1_749' title='bbox 1816 915 1833 934; x_wconf 90' lang='lat'>*</span> <span class='ocrx_word' id='word_1_750' title='bbox 1850 914 1883 946; x_wconf 91' lang='lat' dir='ltr'>in</span> <span class='ocrx_word' id='word_1_751' title='bbox 1900 915 1989 965; x_wconf 82' lang='lat' dir='ltr'>poris</span> <span class='ocrx_word' id='word_1_752' title='bbox 2005 916 2136 959; x_wconf 88' lang='lat' dir='ltr'>passivi,</span> <span class='ocrx_word' id='word_1_753' title='bbox 2155 916 2241 949; x_wconf 87' lang='lat' dir='ltr'>sicut</span> <span class='ocrx_word' id='word_1_754' title='bbox 2259 917 2312 949; x_wconf 91' lang='lat' dir='ltr'>isti</span> <span class='ocrx_word' id='word_1_755' title='bbox 2328 916 2443 950; x_wconf 91' lang='lat' dir='ltr'>dicunt</span> <span class='ocrx_word' id='word_1_756' title='bbox 2471 925 2482 936; x_wconf 79' lang='lat'>⁸</span> 
     </span>
    </p>
   </div>
   <div class='ocr_carea' id='block_1_22' title="bbox 1378 955 2444 1093">
    <p class='ocr_par' dir='ltr' id='par_1_27' title="bbox 1378 955 2444 1093">
     <span class='ocr_line' id='line_1_93' title="bbox 1378 955 2442 1003; baseline 0.006 -14"><span class='ocrx_word' id='word_1_757' title='bbox 1378 955 1469 1000; x_wconf 89' lang='lat' dir='ltr'>quod</span> <span class='ocrx_word' id='word_1_758' title='bbox 1492 967 1543 990; x_wconf 91' lang='lat' dir='ltr'>res</span> <span class='ocrx_word' id='word_1_759' title='bbox 1567 957 1690 1001; x_wconf 86' lang='lat' dir='ltr'>patitur</span> <span class='ocrx_word' id='word_1_760' title='bbox 1713 968 1789 989; x_wconf 88' lang='lat' dir='ltr'>cum</span> <span class='ocrx_word' id='word_1_761' title='bbox 1806 957 1931 1001; x_wconf 84' lang='lat' dir='ltr'>impleti</span> <span class='ocrx_word' id='word_1_762' title='bbox 1956 968 2032 992; x_wconf 88' lang='lat' dir='ltr'>sunt</span> <span class='ocrx_word' id='word_1_763' title='bbox 2056 961 2139 1003; x_wconf 89' lang='lat' dir='ltr'>pori,</span> <span class='ocrx_word' id='word_1_764' title='bbox 2155 971 2289 994; x_wconf 91' lang='lat' dir='ltr'>necesse</span> <span class='ocrx_word' id='word_1_765' title='bbox 2313 970 2363 994; x_wconf 90' lang='lat' dir='ltr'>est</span> <span class='ocrx_word' id='word_1_766' title='bbox 2385 972 2442 994; x_wconf 90' lang='lat' dir='ltr'>eos</span> 
     </span>
     <span class='ocr_line' id='line_1_94' title="bbox 1378 1000 2443 1055; baseline 0.006 -22"><span class='ocrx_word' id='word_1_767' title='bbox 1378 1000 1559 1034; x_wconf 90' lang='lat' dir='ltr'>concedere</span> <span class='ocrx_word' id='word_1_768' title='bbox 1580 1000 1682 1052; x_wconf 34' lang='lat' dir='ltr'>‘quod</span> <span class='ocrx_word' id='word_1_769' title='bbox 1709 1002 1782 1052; x_wconf 90' lang='lat' dir='ltr'>pori</span> <span class='ocrx_word' id='word_1_770' title='bbox 1814 1011 1891 1052; x_wconf 83' lang='lat' dir='ltr'>sunt</span> <span class='ocrx_word' id='word_1_771' title='bbox 1921 1003 2088 1055; x_wconf 72' lang='lat' dir='ltr'>superflui.</span> <span class='ocrx_word' id='word_1_772' title='bbox 2127 1004 2161 1037; x_wconf 92' lang='lat' dir='ltr'>Si</span> <span class='ocrx_word' id='word_1_773' title='bbox 2190 1005 2281 1055; x_wconf 71' lang='lat' dir='ltr'>enim</span> <span class='ocrx_word' id='word_1_774' title='bbox 2309 1005 2443 1050; x_wconf 89' lang='lat' dir='ltr'>aliquod</span> 
     </span>
     <span class='ocr_line' id='line_1_95' title="bbox 1378 1050 2444 1093; baseline 0.006 -16"><span class='ocrx_word' id='word_1_775' title='bbox 1378 1055 1499 1088; x_wconf 92' lang='lat' dir='ltr'>corpus</span> <span class='ocrx_word' id='word_1_776' title='bbox 1523 1053 1645 1089; x_wconf 84' lang='lat' dir='ltr'>pantur</span> <span class='ocrx_word' id='word_1_777' title='bbox 1669 1057 1745 1089; x_wconf 82' lang='lat' dir='ltr'>quia</span> <span class='ocrx_word' id='word_1_778' title='bbox 1768 1054 1912 1079; x_wconf 80' lang='lat' dir='ltr'>activum</span> <span class='ocrx_word' id='word_1_779' title='bbox 1935 1055 2039 1091; x_wconf 82' lang='lat' dir='ltr'>tangit</span> <span class='ocrx_word' id='word_1_780' title='bbox 2062 1059 2172 1091; x_wconf 88' lang='lat' dir='ltr'>1psum</span> <span class='ocrx_word' id='word_1_781' title='bbox 2188 1060 2222 1081; x_wconf 88' lang='lat' dir='ltr'>m</span> <span class='ocrx_word' id='word_1_782' title='bbox 2238 1050 2339 1093; x_wconf 84' lang='lat' dir='ltr'>poris,</span> <span class='ocrx_word' id='word_1_783' title='bbox 2363 1058 2444 1083; x_wconf 89' lang='lat' dir='ltr'>tunc</span> 
     </span>
    </p>
   </div>
   <div class='ocr_carea' id='block_1_23' title="bbox 1377 1087 2481 1136">
    <p class='ocr_par' dir='ltr' id='par_1_28' title="bbox 1377 1087 2481 1136">
     <span class='ocr_line' id='line_1_96' title="bbox 1377 1087 2481 1136; baseline 0.005 -15"><span class='ocrx_word' id='word_1_784' title='bbox 1377 1087 1458 1122; x_wconf 90' lang='lat' dir='ltr'>illud</span> <span class='ocrx_word' id='word_1_785' title='bbox 1482 1090 1604 1133; x_wconf 85' lang='lat' dir='ltr'>patitur</span> <span class='ocrx_word' id='word_1_786' title='bbox 1622 1100 1680 1133; x_wconf 92' lang='lat' dir='ltr'>per</span> <span class='ocrx_word' id='word_1_787' title='bbox 1698 1097 1822 1122; x_wconf 91' lang='lat' dir='ltr'>tactum</span> <span class='ocrx_word' id='word_1_788' title='bbox 1835 1092 1853 1111; x_wconf 91' lang='lat'>*</span> <span class='ocrx_word' id='word_1_789' title='bbox 1867 1091 1963 1123; x_wconf 89' lang='lat' dir='ltr'>activi</span> <span class='ocrx_word' id='word_1_790' title='bbox 1984 1100 2017 1124; x_wconf 91' lang='lat' dir='ltr'>et</span> <span class='ocrx_word' id='word_1_791' title='bbox 2038 1103 2107 1125; x_wconf 90' lang='lat' dir='ltr'>non</span> <span class='ocrx_word' id='word_1_792' title='bbox 2131 1104 2190 1136; x_wconf 92' lang='lat' dir='ltr'>per</span> <span class='ocrx_word' id='word_1_793' title='bbox 2204 1104 2320 1136; x_wconf 92' lang='lat' dir='ltr'>poros;</span> <span class='ocrx_word' id='word_1_794' title='bbox 2345 1094 2443 1126; x_wconf 90' lang='lat' dir='ltr'>etiam</span> <span class='ocrx_word' id='word_1_795' title='bbox 2471 1099 2481 1110; x_wconf 80' lang='lat'>⁸</span> 
     </span>
    </p>
   </div>
   <div class='ocr_carea' id='block_1_24' title="bbox 1377 1133 2447 3521">
    <p class='ocr_par' dir='ltr' id='par_1_29' title="bbox 1378 1133 2444 1255">
     <span class='ocr_line' id='line_1_97' title="bbox 1378 1133 2444 1182; baseline 0.004 -16"><span class='ocrx_word' id='word_1_796' title='bbox 1378 1133 1404 1166; x_wconf 89' lang='lat' dir='ltr'>si</span> <span class='ocrx_word' id='word_1_797' title='bbox 1424 1144 1494 1167; x_wconf 91' lang='lat' dir='ltr'>non</span> <span class='ocrx_word' id='word_1_798' title='bbox 1517 1133 1650 1166; x_wconf 91' lang='lat' dir='ltr'>haberet</span> <span class='ocrx_word' id='word_1_799' title='bbox 1672 1144 1773 1177; x_wconf 91' lang='lat' dir='ltr'>poros</span> <span class='ocrx_word' id='word_1_800' title='bbox 1797 1133 1854 1167; x_wconf 92' lang='lat' dir='ltr'>sed</span> <span class='ocrx_word' id='word_1_801' title='bbox 1877 1135 1918 1168; x_wconf 90' lang='lat' dir='ltr'>sit</span> <span class='ocrx_word' id='word_1_802' title='bbox 1941 1143 2048 1168; x_wconf 92' lang='lat' dir='ltr'>totum</span> <span class='ocrx_word' id='word_1_803' title='bbox 2073 1145 2279 1178; x_wconf 81' lang='lat' dir='ltr'>continuum,</span> <span class='ocrx_word' id='word_1_804' title='bbox 2303 1138 2444 1182; x_wconf 91' lang='lat' dir='ltr'>patietur</span> 
     </span>
     <span class='ocr_line' id='line_1_98' title="bbox 1378 1177 2442 1228; baseline 0.005 -18"><span class='ocrx_word' id='word_1_805' title='bbox 1378 1177 1497 1228; x_wconf 78' lang='lat' dir='ltr'>eodem</span> <span class='ocrx_word' id='word_1_806' title='bbox 1520 1177 1623 1211; x_wconf 92' lang='lat' dir='ltr'>modo</span> <span class='ocrx_word' id='word_1_807' title='bbox 1647 1186 1781 1222; x_wconf 88' lang='lat' dir='ltr'>propter</span> <span class='ocrx_word' id='word_1_808' title='bbox 1804 1187 1927 1212; x_wconf 86' lang='lat' dir='ltr'>tactum</span> <span class='ocrx_word' id='word_1_809' title='bbox 1944 1180 2051 1213; x_wconf 88' lang='lat' dir='ltr'>activi.</span> <span class='ocrx_word' id='word_1_810' title='bbox 2077 1180 2243 1225; x_wconf 90' lang='lat' dir='ltr'>Superflui</span> <span class='ocrx_word' id='word_1_811' title='bbox 2266 1193 2346 1226; x_wconf 91' lang='lat' dir='ltr'>ergo</span> <span class='ocrx_word' id='word_1_812' title='bbox 2365 1190 2442 1215; x_wconf 92' lang='lat' dir='ltr'>sunt</span> 
     </span>
     <span class='ocr_line' id='line_1_99' title="bbox 1401 1232 1461 1255; baseline -0.017 0"><span class='ocrx_word' id='word_1_813' title='bbox 1401 1232 1461 1255; x_wconf 85' lang='lat' dir='ltr'>on.</span> 
     </span>
    </p>

    <p class='ocr_par' dir='ltr' id='par_1_30' title="bbox 1377 1232 2445 1754">
     <span class='ocr_line' id='line_1_100' title="bbox 1378 1232 2442 1315; baseline 0.005 -16"><span class='ocrx_word' id='word_1_814' title='bbox 1378 1232 1399 1266; x_wconf 75' lang='lat' dir='ltr'>p</span> <span class='ocrx_word' id='word_1_815' title='bbox 1423 1276 1453 1308; x_wconf 87' lang='lat'>9.</span> <span class='ocrx_word' id='word_1_816' title='bbox 1468 1266 1655 1300; x_wconf 90' lang='lat' dir='ltr'>Secundam</span> <span class='ocrx_word' id='word_1_817' title='bbox 1667 1267 1828 1300; x_wconf 89' lang='lat' dir='ltr'>rationem</span> <span class='ocrx_word' id='word_1_818' title='bbox 1841 1268 1935 1311; x_wconf 91' lang='lat' dir='ltr'>ponit</span> <span class='ocrx_word' id='word_1_819' title='bbox 1950 1267 2009 1302; x_wconf 85' lang='lat' dir='ltr'>ibi:</span> <span class='ocrx_word' id='word_1_820' title='bbox 2030 1269 2174 1314; x_wconf 83' lang='lat' dir='ltr'>Amplius</span> <span class='ocrx_word' id='word_1_821' title='bbox 2186 1277 2286 1304; x_wconf 83' lang='lat' dir='ltr'>autem</span> <span class='ocrx_word' id='word_1_822' title='bbox 2297 1271 2442 1315; x_wconf 86' lang='lat' dir='ltr'>quomodo</span> 
     </span>
     <span class='ocr_line' id='line_1_101' title="bbox 1377 1310 2441 1360; baseline 0.006 -17"><span class='ocrx_word' id='word_1_823' title='bbox 1377 1310 1520 1354; x_wconf 74' lang='lat' dir='ltr'>contingit</span> <span class='ocrx_word' id='word_1_824' title='bbox 1542 1320 1620 1352; x_wconf 87' lang='lat' dir='ltr'>etc.,</span> <span class='ocrx_word' id='word_1_825' title='bbox 1645 1310 1756 1344; x_wconf 90' lang='lat' dir='ltr'>dicens</span> <span class='ocrx_word' id='word_1_826' title='bbox 1781 1312 1871 1356; x_wconf 91' lang='lat' dir='ltr'>quod</span> <span class='ocrx_word' id='word_1_827' title='bbox 1895 1313 1947 1345; x_wconf 92' lang='lat' dir='ltr'>isti</span> <span class='ocrx_word' id='word_1_828' title='bbox 1972 1324 2042 1346; x_wconf 92' lang='lat' dir='ltr'>non</span> <span class='ocrx_word' id='word_1_829' title='bbox 2088 1323 2204 1347; x_wconf 92' lang='lat' dir='ltr'>ossunt</span> <span class='ocrx_word' id='word_1_830' title='bbox 2228 1315 2334 1348; x_wconf 90' lang='lat' dir='ltr'>dicere</span> <span class='ocrx_word' id='word_1_831' title='bbox 2358 1327 2441 1360; x_wconf 90' lang='lat' dir='ltr'>quo-</span> 
     </span>
     <span class='ocr_line' id='line_1_102' title="bbox 1378 1354 2444 1403; baseline 0.005 -16"><span class='ocrx_word' id='word_1_832' title='bbox 1378 1354 1481 1388; x_wconf 87' lang='lat' dir='ltr'>modo</span> <span class='ocrx_word' id='word_1_833' title='bbox 1504 1355 1615 1389; x_wconf 91' lang='lat' dir='ltr'>videre</span> <span class='ocrx_word' id='word_1_834' title='bbox 1639 1363 1672 1388; x_wconf 94' lang='lat' dir='ltr'>et</span> <span class='ocrx_word' id='word_1_835' title='bbox 1695 1355 1855 1399; x_wconf 77' lang='lat' dir='ltr'>inspicere</span> <span class='ocrx_word' id='word_1_836' title='bbox 1878 1356 1944 1397; x_wconf 93' lang='lat' dir='ltr'>fiat,</span> <span class='ocrx_word' id='word_1_837' title='bbox 1961 1368 2049 1401; x_wconf 88' lang='lat' dir='ltr'>quan</span> <span class='ocrx_word' id='word_1_838' title='bbox 2074 1369 2094 1390; x_wconf 96' lang='lat' dir='ltr'>o</span> <span class='ocrx_word' id='word_1_839' title='bbox 2111 1359 2170 1391; x_wconf 92' lang='lat' dir='ltr'>iste</span> <span class='ocrx_word' id='word_1_840' title='bbox 2187 1370 2303 1392; x_wconf 88' lang='lat' dir='ltr'>sensus</span> <span class='ocrx_word' id='word_1_841' title='bbox 2326 1358 2363 1392; x_wconf 92' lang='lat' dir='ltr'>fit</span> <span class='ocrx_word' id='word_1_842' title='bbox 2386 1371 2444 1403; x_wconf 88' lang='lat' dir='ltr'>per</span> 
     </span>
     <span class='ocr_line' id='line_1_103' title="bbox 1378 1400 2443 1447; baseline 0.005 -15"><span class='ocrx_word' id='word_1_843' title='bbox 1378 1400 1613 1443; x_wconf 88' lang='lat' dir='ltr'>transparentia</span> <span class='ocrx_word' id='word_1_844' title='bbox 1624 1401 1651 1440; x_wconf 89' lang='lat'>*‚</span> <span class='ocrx_word' id='word_1_845' title='bbox 1675 1400 1760 1432; x_wconf 90' lang='lat' dir='ltr'>sicut</span> <span class='ocrx_word' id='word_1_846' title='bbox 1781 1411 1839 1443; x_wconf 90' lang='lat' dir='ltr'>per</span> <span class='ocrx_word' id='word_1_847' title='bbox 1857 1401 1979 1433; x_wconf 92' lang='lat' dir='ltr'>vitrum</span> <span class='ocrx_word' id='word_1_848' title='bbox 1995 1401 2047 1434; x_wconf 93' lang='lat' dir='ltr'>vel</span> <span class='ocrx_word' id='word_1_849' title='bbox 2068 1413 2127 1445; x_wconf 91' lang='lat' dir='ltr'>per</span> <span class='ocrx_word' id='word_1_850' title='bbox 2150 1402 2348 1447; x_wconf 87' lang='lat' dir='ltr'>crystallum.</span> <span class='ocrx_word' id='word_1_851' title='bbox 2374 1403 2443 1437; x_wconf 93' lang='lat' dir='ltr'>Ma-</span> 
     </span>
     <span class='ocr_line' id='line_1_104' title="bbox 1378 1442 2443 1488; baseline 0.005 -12"><span class='ocrx_word' id='word_1_852' title='bbox 1378 1442 1534 1476; x_wconf 87' lang='lat' dir='ltr'>nifestum</span> <span class='ocrx_word' id='word_1_853' title='bbox 1557 1444 1646 1477; x_wconf 91' lang='lat' dir='ltr'>enim</span> <span class='ocrx_word' id='word_1_854' title='bbox 1670 1452 1719 1476; x_wconf 92' lang='lat' dir='ltr'>est</span> <span class='ocrx_word' id='word_1_855' title='bbox 1743 1443 1832 1488; x_wconf 91' lang='lat' dir='ltr'>quod</span> <span class='ocrx_word' id='word_1_856' title='bbox 1854 1445 1997 1478; x_wconf 88' lang='lat' dir='ltr'>sentiens</span> <span class='ocrx_word' id='word_1_857' title='bbox 2021 1446 2204 1479; x_wconf 90' lang='lat' dir='ltr'>secundum</span> <span class='ocrx_word' id='word_1_858' title='bbox 2228 1456 2351 1480; x_wconf 90' lang='lat' dir='ltr'>tactum</span> <span class='ocrx_word' id='word_1_859' title='bbox 2371 1452 2443 1480; x_wconf 81' lang='lat' dir='ltr'>&#39;non</span> 
     </span>
     <span class='ocr_line' id='line_1_105' title="bbox 1377 1488 2444 1539; baseline 0.005 -19"><span class='ocrx_word' id='word_1_860' title='bbox 1377 1488 1493 1520; x_wconf 89' lang='lat' dir='ltr'>transit</span> <span class='ocrx_word' id='word_1_861' title='bbox 1515 1499 1574 1539; x_wconf 87' lang='lat' dir='ltr'>per</span> <span class='ocrx_word' id='word_1_862' title='bbox 1594 1497 1682 1521; x_wconf 89' lang='lat' dir='ltr'>trans</span> <span class='ocrx_word' id='word_1_863' title='bbox 1708 1488 1830 1521; x_wconf 88' lang='lat' dir='ltr'>arentia</span> <span class='ocrx_word' id='word_1_864' title='bbox 1856 1498 1893 1523; x_wconf 89' lang='lat' dir='ltr'>ut</span> <span class='ocrx_word' id='word_1_865' title='bbox 1920 1489 1960 1522; x_wconf 90' lang='lat' dir='ltr'>ad</span> <span class='ocrx_word' id='word_1_866' title='bbox 1983 1500 2053 1522; x_wconf 90' lang='lat' dir='ltr'>rem</span> <span class='ocrx_word' id='word_1_867' title='bbox 2076 1499 2238 1524; x_wconf 89' lang='lat' dir='ltr'>sensatam</span> <span class='ocrx_word' id='word_1_868' title='bbox 2261 1492 2444 1535; x_wconf 91' lang='lat' dir='ltr'>perveniat,</span> 
     </span>
     <span class='ocr_line' id='line_1_106' title="bbox 1378 1531 2445 1610; baseline 0.005 -46"><span class='ocrx_word' id='word_1_869' title='bbox 1378 1532 1455 1610; x_wconf 62' lang='lat' dir='ltr'>quia</span> <span class='ocrx_word' id='word_1_870' title='bbox 1478 1531 1525 1565; x_wconf 88' lang='lat' dir='ltr'>ill1</span> <span class='ocrx_word' id='word_1_871' title='bbox 1542 1543 1657 1565; x_wconf 91' lang='lat' dir='ltr'>sensus</span> <span class='ocrx_word' id='word_1_872' title='bbox 1705 1540 1765 1565; x_wconf 94' lang='lat' dir='ltr'>unt</span> <span class='ocrx_word' id='word_1_873' title='bbox 1804 1543 1839 1565; x_wconf 93' lang='lat' dir='ltr'>er</span> <span class='ocrx_word' id='word_1_874' title='bbox 1855 1532 2051 1567; x_wconf 89' lang='lat' dir='ltr'>distantiam.</span> <span class='ocrx_word' id='word_1_875' title='bbox 2075 1534 2147 1568; x_wconf 89' lang='lat' dir='ltr'>Nec</span> <span class='ocrx_word' id='word_1_876' title='bbox 2163 1535 2281 1568; x_wconf 88' lang='lat' dir='ltr'>iterum</span> <span class='ocrx_word' id='word_1_877' title='bbox 2304 1545 2445 1579; x_wconf 90' lang='lat' dir='ltr'>possunt</span> 
     </span>
     <span class='ocr_line' id='line_1_107' title="bbox 1401 1575 2445 1622; baseline 0.004 -13"><span class='ocrx_word' id='word_1_878' title='bbox 1401 1577 1486 1609; x_wconf 90' lang='lat' dir='ltr'>icere</span> <span class='ocrx_word' id='word_1_879' title='bbox 1510 1575 1601 1621; x_wconf 87' lang='lat' dir='ltr'>quod</span> <span class='ocrx_word' id='word_1_880' title='bbox 1630 1587 1746 1609; x_wconf 90' lang='lat' dir='ltr'>sensus</span> <span class='ocrx_word' id='word_1_881' title='bbox 1795 1585 1826 1610; x_wconf 93' lang='lat' dir='ltr'>at</span> <span class='ocrx_word' id='word_1_882' title='bbox 1850 1588 1908 1621; x_wconf 92' lang='lat' dir='ltr'>per</span> <span class='ocrx_word' id='word_1_883' title='bbox 1931 1588 2050 1621; x_wconf 89' lang='lat' dir='ltr'>poros,</span> <span class='ocrx_word' id='word_1_884' title='bbox 2080 1579 2107 1611; x_wconf 91' lang='lat' dir='ltr'>si</span> <span class='ocrx_word' id='word_1_885' title='bbox 2131 1578 2248 1622; x_wconf 88' lang='lat' dir='ltr'>plenus</span> <span class='ocrx_word' id='word_1_886' title='bbox 2273 1588 2321 1612; x_wconf 93' lang='lat' dir='ltr'>est</span> <span class='ocrx_word' id='word_1_887' title='bbox 2345 1588 2445 1613; x_wconf 87' lang='lat' dir='ltr'>unus-</span> 
     </span>
     <span class='ocr_line' id='line_1_108' title="bbox 1378 1621 2444 1665; baseline 0.004 -12"><span class='ocrx_word' id='word_1_888' title='bbox 1378 1621 1519 1665; x_wconf 89' lang='lat' dir='ltr'>quisque</span> <span class='ocrx_word' id='word_1_889' title='bbox 1550 1630 1710 1664; x_wconf 85' lang='lat' dir='ltr'>potorum</span> <span class='ocrx_word' id='word_1_890' title='bbox 1737 1621 1822 1654; x_wconf 92' lang='lat' dir='ltr'>sicut</span> <span class='ocrx_word' id='word_1_891' title='bbox 1851 1621 1914 1665; x_wconf 92' lang='lat' dir='ltr'>ipsi</span> <span class='ocrx_word' id='word_1_892' title='bbox 1945 1621 2075 1663; x_wconf 88' lang='lat' dir='ltr'>dicunt;</span> <span class='ocrx_word' id='word_1_893' title='bbox 2107 1622 2189 1656; x_wconf 91' lang='lat' dir='ltr'>nihil</span> <span class='ocrx_word' id='word_1_894' title='bbox 2216 1624 2305 1656; x_wconf 91' lang='lat' dir='ltr'>enim</span> <span class='ocrx_word' id='word_1_895' title='bbox 2337 1623 2444 1657; x_wconf 89' lang='lat' dir='ltr'>differt</span> 
     </span>
     <span class='ocr_line' id='line_1_109' title="bbox 1378 1664 2444 1712; baseline 0.003 -14"><span class='ocrx_word' id='word_1_896' title='bbox 1378 1664 1496 1699; x_wconf 86' lang='lat' dir='ltr'>habere</span> <span class='ocrx_word' id='word_1_897' title='bbox 1521 1675 1622 1709; x_wconf 87' lang='lat' dir='ltr'>poros</span> <span class='ocrx_word' id='word_1_898' title='bbox 1645 1664 1780 1710; x_wconf 89' lang='lat' dir='ltr'>plenos,</span> <span class='ocrx_word' id='word_1_899' title='bbox 1807 1674 1840 1699; x_wconf 90' lang='lat' dir='ltr'>et</span> <span class='ocrx_word' id='word_1_900' title='bbox 1863 1677 1932 1699; x_wconf 90' lang='lat' dir='ltr'>non</span> <span class='ocrx_word' id='word_1_901' title='bbox 1957 1665 2075 1699; x_wconf 91' lang='lat' dir='ltr'>habere</span> <span class='ocrx_word' id='word_1_902' title='bbox 2099 1678 2215 1711; x_wconf 86' lang='lat' dir='ltr'>poros:</span> <span class='ocrx_word' id='word_1_903' title='bbox 2237 1668 2313 1712; x_wconf 89' lang='lat' dir='ltr'>quia</span> <span class='ocrx_word' id='word_1_904' title='bbox 2335 1677 2444 1701; x_wconf 92' lang='lat' dir='ltr'>totum</span> 
     </span>
     <span class='ocr_line' id='line_1_110' title="bbox 1379 1709 2087 1754; baseline 0.001 -12"><span class='ocrx_word' id='word_1_905' title='bbox 1379 1719 1499 1754; x_wconf 89' lang='lat' dir='ltr'>corpus</span> <span class='ocrx_word' id='word_1_906' title='bbox 1523 1717 1730 1754; x_wconf 87' lang='lat' dir='ltr'>transparens</span> <span class='ocrx_word' id='word_1_907' title='bbox 1755 1709 1802 1743; x_wconf 85' lang='lat' dir='ltr'>sic</span> <span class='ocrx_word' id='word_1_908' title='bbox 1817 1711 1834 1731; x_wconf 88' lang='lat'><strong>*</strong></span> <span class='ocrx_word' id='word_1_909' title='bbox 1857 1710 1917 1743; x_wconf 89' lang='lat' dir='ltr'>erit</span> <span class='ocrx_word' id='word_1_910' title='bbox 1940 1709 2087 1754; x_wconf 91' lang='lat' dir='ltr'>plenum.</span> 
     </span>
    </p>

    <p class='ocr_par' dir='ltr' id='par_1_31' title="bbox 1378 1753 2447 2462">
     <span class='ocr_line' id='line_1_111' title="bbox 1427 1753 2445 1800; baseline 0.003 -14"><span class='ocrx_word' id='word_1_911' title='bbox 1427 1763 1476 1787; x_wconf 87' lang='lat'>10.</span> <span class='ocrx_word' id='word_1_912' title='bbox 1490 1753 1620 1787; x_wconf 88' lang='lat' dir='ltr'>Deinde</span> <span class='ocrx_word' id='word_1_913' title='bbox 1637 1764 1713 1787; x_wconf 91' lang='lat' dir='ltr'>cum</span> <span class='ocrx_word' id='word_1_914' title='bbox 1729 1753 1822 1787; x_wconf 89' lang='lat' dir='ltr'>dicit:</span> <span class='ocrx_word' id='word_1_915' title='bbox 1840 1754 1895 1788; x_wconf 86' lang='lat' dir='ltr'>Sed</span> <span class='ocrx_word' id='word_1_916' title='bbox 1905 1760 1933 1788; x_wconf 80' lang='lat' dir='ltr'>et</span> <span class='ocrx_word' id='word_1_917' title='bbox 1946 1754 1974 1787; x_wconf 87' lang='lat' dir='ltr'>si</span> <span class='ocrx_word' id='word_1_918' title='bbox 1983 1765 2082 1788; x_wconf 81' lang='lat' dir='ltr'>vacua</span> <span class='ocrx_word' id='word_1_919' title='bbox 2094 1763 2166 1796; x_wconf 90' lang='lat' dir='ltr'>etc.,</span> <span class='ocrx_word' id='word_1_920' title='bbox 2179 1765 2327 1789; x_wconf 85' lang='lat' dir='ltr'>removet</span> <span class='ocrx_word' id='word_1_921' title='bbox 2342 1756 2445 1800; x_wconf 91' lang='lat' dir='ltr'>quod-</span> 
     </span>
     <span class='ocr_line' id='line_1_112' title="bbox 1379 1796 2444 1844; baseline 0.003 -14"><span class='ocrx_word' id='word_1_922' title='bbox 1379 1797 1456 1831; x_wconf 86' lang='lat' dir='ltr'>dam</span> <span class='ocrx_word' id='word_1_923' title='bbox 1480 1796 1636 1839; x_wconf 87' lang='lat' dir='ltr'>dubium,</span> <span class='ocrx_word' id='word_1_924' title='bbox 1660 1798 1729 1831; x_wconf 91' lang='lat' dir='ltr'>sive</span> <span class='ocrx_word' id='word_1_925' title='bbox 1760 1798 1925 1843; x_wconf 90' lang='lat' dir='ltr'>quandam</span> <span class='ocrx_word' id='word_1_926' title='bbox 1949 1798 2063 1832; x_wconf 87' lang='lat' dir='ltr'>falsam</span> <span class='ocrx_word' id='word_1_927' title='bbox 2086 1800 2337 1843; x_wconf 88' lang='lat' dir='ltr'>responsionem</span> <span class='ocrx_word' id='word_1_928' title='bbox 2361 1812 2444 1844; x_wconf 89' lang='lat' dir='ltr'>quae</span> 
     </span>
     <span class='ocr_line' id='line_1_113' title="bbox 1379 1841 2444 1888; baseline 0.002 -13"><span class='ocrx_word' id='word_1_929' title='bbox 1379 1850 1493 1886; x_wconf 91' lang='lat' dir='ltr'>posset</span> <span class='ocrx_word' id='word_1_930' title='bbox 1517 1841 1600 1876; x_wconf 84' lang='lat' dir='ltr'>dari:</span> <span class='ocrx_word' id='word_1_931' title='bbox 1625 1850 1738 1886; x_wconf 91' lang='lat' dir='ltr'>posset</span> <span class='ocrx_word' id='word_1_932' title='bbox 1757 1843 1845 1876; x_wconf 90' lang='lat' dir='ltr'>enim</span> <span class='ocrx_word' id='word_1_933' title='bbox 1869 1842 1987 1887; x_wconf 88' lang='lat' dir='ltr'>aliquis</span> <span class='ocrx_word' id='word_1_934' title='bbox 2006 1842 2113 1876; x_wconf 91' lang='lat' dir='ltr'>dicere</span> <span class='ocrx_word' id='word_1_935' title='bbox 2138 1843 2228 1888; x_wconf 92' lang='lat' dir='ltr'>quod</span> <span class='ocrx_word' id='word_1_936' title='bbox 2252 1845 2325 1888; x_wconf 88' lang='lat' dir='ltr'>pori</span> <span class='ocrx_word' id='word_1_937' title='bbox 2350 1853 2382 1877; x_wconf 92' lang='lat' dir='ltr'>et</span> <span class='ocrx_word' id='word_1_938' title='bbox 2397 1843 2444 1877; x_wconf 94' lang='lat' dir='ltr'>fo-</span> 
     </span>
     <span class='ocr_line' id='line_1_114' title="bbox 1379 1886 2446 1932; baseline 0.002 -13"><span class='ocrx_word' id='word_1_939' title='bbox 1379 1886 1505 1920; x_wconf 87' lang='lat' dir='ltr'>ramina</span> <span class='ocrx_word' id='word_1_940' title='bbox 1528 1894 1605 1919; x_wconf 91' lang='lat' dir='ltr'>sunt</span> <span class='ocrx_word' id='word_1_941' title='bbox 1628 1897 1740 1920; x_wconf 91' lang='lat' dir='ltr'>vacua.</span> <span class='ocrx_word' id='word_1_942' title='bbox 1766 1887 1808 1920; x_wconf 92' lang='lat' dir='ltr'>Et</span> <span class='ocrx_word' id='word_1_943' title='bbox 1825 1887 1890 1920; x_wconf 92' lang='lat' dir='ltr'>hoc</span> <span class='ocrx_word' id='word_1_944' title='bbox 1905 1895 2063 1927; x_wconf 89' lang='lat' dir='ltr'>removet,</span> <span class='ocrx_word' id='word_1_945' title='bbox 2081 1887 2192 1920; x_wconf 92' lang='lat' dir='ltr'>dicens</span> <span class='ocrx_word' id='word_1_946' title='bbox 2216 1887 2306 1932; x_wconf 91' lang='lat' dir='ltr'>quod</span> <span class='ocrx_word' id='word_1_947' title='bbox 2330 1889 2357 1921; x_wconf 92' lang='lat' dir='ltr'>si</span> <span class='ocrx_word' id='word_1_948' title='bbox 2381 1889 2446 1921; x_wconf 92' lang='lat' dir='ltr'>sint</span> 
     </span>
     <span class='ocr_line' id='line_1_115' title="bbox 1379 1931 2447 1976; baseline 0.002 -12"><span class='ocrx_word' id='word_1_949' title='bbox 1379 1941 1493 1972; x_wconf 90' lang='lat' dir='ltr'>vacua,</span> <span class='ocrx_word' id='word_1_950' title='bbox 1509 1939 1566 1964; x_wconf 91' lang='lat' dir='ltr'>aut</span> <span class='ocrx_word' id='word_1_951' title='bbox 1581 1939 1722 1974; x_wconf 89' lang='lat' dir='ltr'>possunt</span> <span class='ocrx_word' id='word_1_952' title='bbox 1737 1931 1770 1964; x_wconf 90' lang='lat' dir='ltr'>in</span> <span class='ocrx_word' id='word_1_953' title='bbox 1788 1941 1822 1964; x_wconf 91' lang='lat' dir='ltr'>se</span> <span class='ocrx_word' id='word_1_954' title='bbox 1838 1931 1982 1975; x_wconf 87' lang='lat' dir='ltr'>recipere</span> <span class='ocrx_word' id='word_1_955' title='bbox 1997 1942 2117 1975; x_wconf 90' lang='lat' dir='ltr'>corpus</span> <span class='ocrx_word' id='word_1_956' title='bbox 2133 1931 2274 1976; x_wconf 89' lang='lat' dir='ltr'>implens</span> <span class='ocrx_word' id='word_1_957' title='bbox 2290 1932 2373 1976; x_wconf 82' lang='lat' dir='ltr'>ipsa,</span> <span class='ocrx_word' id='word_1_958' title='bbox 2391 1941 2447 1966; x_wconf 90' lang='lat' dir='ltr'>aut</span> 
     </span>
     <span class='ocr_line' id='line_1_116' title="bbox 1379 1974 2446 2026; baseline 0.002 -19"><span class='ocrx_word' id='word_1_959' title='bbox 1379 1986 1458 2008; x_wconf 90' lang='lat' dir='ltr'>non.</span> <span class='ocrx_word' id='word_1_960' title='bbox 1485 1974 1520 2008; x_wconf 89' lang='lat' dir='ltr'>Si</span> <span class='ocrx_word' id='word_1_961' title='bbox 1544 1983 1695 2026; x_wconf 89' lang='lat' dir='ltr'>possunt,</span> <span class='ocrx_word' id='word_1_962' title='bbox 1715 1983 1858 2019; x_wconf 89' lang='lat' dir='ltr'>ponatur</span> <span class='ocrx_word' id='word_1_963' title='bbox 1881 1986 1960 2019; x_wconf 89' lang='lat' dir='ltr'>ergo</span> <span class='ocrx_word' id='word_1_964' title='bbox 1985 1975 2074 2019; x_wconf 91' lang='lat' dir='ltr'>quod</span> <span class='ocrx_word' id='word_1_965' title='bbox 2097 1977 2272 2020; x_wconf 88' lang='lat' dir='ltr'>recipiant:</span> <span class='ocrx_word' id='word_1_966' title='bbox 2298 1976 2446 2021; x_wconf 90' lang='lat' dir='ltr'>possibili</span> 
     </span>
     <span class='ocr_line' id='line_1_117' title="bbox 1379 2019 2447 2065; baseline 0.002 -13"><span class='ocrx_word' id='word_1_967' title='bbox 1379 2020 1468 2052; x_wconf 86' lang='lat' dir='ltr'>enim</span> <span class='ocrx_word' id='word_1_968' title='bbox 1508 2027 1595 2052; x_wconf 84' lang='lat' dir='ltr'>osito</span> <span class='ocrx_word' id='word_1_969' title='bbox 1619 2020 1654 2052; x_wconf 91' lang='lat' dir='ltr'>in</span> <span class='ocrx_word' id='word_1_970' title='bbox 1673 2030 1755 2060; x_wconf 88' lang='lat' dir='ltr'>esse,</span> <span class='ocrx_word' id='word_1_971' title='bbox 1777 2019 1867 2064; x_wconf 91' lang='lat' dir='ltr'>quod</span> <span class='ocrx_word' id='word_1_972' title='bbox 1888 2031 1927 2053; x_wconf 88' lang='lat' dir='ltr'>ex</span> <span class='ocrx_word' id='word_1_973' title='bbox 1951 2031 1991 2053; x_wconf 91' lang='lat' dir='ltr'>eo</span> <span class='ocrx_word' id='word_1_974' title='bbox 2008 2019 2125 2053; x_wconf 87' lang='lat' dir='ltr'>accidit</span> <span class='ocrx_word' id='word_1_975' title='bbox 2139 2031 2208 2054; x_wconf 91' lang='lat' dir='ltr'>non</span> <span class='ocrx_word' id='word_1_976' title='bbox 2224 2029 2278 2064; x_wconf 89' lang='lat' dir='ltr'>est</span> <span class='ocrx_word' id='word_1_977' title='bbox 2296 2022 2447 2065; x_wconf 90' lang='lat' dir='ltr'>impossi-</span> 
     </span>
     <span class='ocr_line' id='line_1_118' title="bbox 1379 2063 2447 2114; baseline 0.001 -17"><span class='ocrx_word' id='word_1_978' title='bbox 1379 2063 1454 2097; x_wconf 88' lang='lat' dir='ltr'>bile.</span> <span class='ocrx_word' id='word_1_979' title='bbox 1504 2064 1636 2114; x_wconf 85' lang='lat' dir='ltr'>equitur</span> <span class='ocrx_word' id='word_1_980' title='bbox 1659 2075 1738 2107; x_wconf 92' lang='lat' dir='ltr'>ergo</span> <span class='ocrx_word' id='word_1_981' title='bbox 1755 2063 1788 2097; x_wconf 95' lang='lat' dir='ltr'>id</span> <span class='ocrx_word' id='word_1_982' title='bbox 1808 2063 1899 2108; x_wconf 91' lang='lat' dir='ltr'>quod</span> <span class='ocrx_word' id='word_1_983' title='bbox 1915 2063 2153 2107; x_wconf 74' lang='lat' dir='ltr'>prius,.scilicet</span> <span class='ocrx_word' id='word_1_984' title='bbox 2169 2064 2259 2109; x_wconf 92' lang='lat' dir='ltr'>quod</span> <span class='ocrx_word' id='word_1_985' title='bbox 2275 2076 2344 2098; x_wconf 92' lang='lat' dir='ltr'>non</span> <span class='ocrx_word' id='word_1_986' title='bbox 2363 2077 2447 2098; x_wconf 89' lang='lat' dir='ltr'>sem-</span> 
     </span>
     <span class='ocr_line' id='line_1_119' title="bbox 1379 2107 2446 2154; baseline 0.001 -13"><span class='ocrx_word' id='word_1_987' title='bbox 1379 2118 1438 2152; x_wconf 93' lang='lat' dir='ltr'>per</span> <span class='ocrx_word' id='word_1_988' title='bbox 1453 2116 1623 2151; x_wconf 88' lang='lat' dir='ltr'>contmgat</span> <span class='ocrx_word' id='word_1_989' title='bbox 1637 2107 1748 2142; x_wconf 90' lang='lat' dir='ltr'>videre</span> <span class='ocrx_word' id='word_1_990' title='bbox 1765 2119 1825 2152; x_wconf 92' lang='lat' dir='ltr'>per</span> <span class='ocrx_word' id='word_1_991' title='bbox 1847 2116 1935 2141; x_wconf 84' lang='lat' dir='ltr'>trans</span> <span class='ocrx_word' id='word_1_992' title='bbox 1961 2117 2072 2142; x_wconf 87' lang='lat' dir='ltr'>arens:</span> <span class='ocrx_word' id='word_1_993' title='bbox 2097 2109 2173 2153; x_wconf 91' lang='lat' dir='ltr'>quia</span> <span class='ocrx_word' id='word_1_994' title='bbox 2196 2108 2340 2153; x_wconf 88' lang='lat' dir='ltr'>impletis</span> <span class='ocrx_word' id='word_1_995' title='bbox 2355 2110 2446 2154; x_wconf 89' lang='lat' dir='ltr'>poris</span> 
     </span>
     <span class='ocr_line' id='line_1_120' title="bbox 1378 2151 2446 2197; baseline 0.001 -12"><span class='ocrx_word' id='word_1_996' title='bbox 1378 2151 1461 2185; x_wconf 88' lang='lat' dir='ltr'>nihil</span> <span class='ocrx_word' id='word_1_997' title='bbox 1477 2151 1616 2185; x_wconf 91' lang='lat' dir='ltr'>videtur.</span> <span class='ocrx_word' id='word_1_998' title='bbox 1642 2151 1678 2185; x_wconf 90' lang='lat' dir='ltr'>Si</span> <span class='ocrx_word' id='word_1_999' title='bbox 1693 2161 1804 2186; x_wconf 89' lang='lat' dir='ltr'>autem</span> <span class='ocrx_word' id='word_1_1000' title='bbox 1821 2153 1894 2196; x_wconf 90' lang='lat' dir='ltr'>pori</span> <span class='ocrx_word' id='word_1_1001' title='bbox 1910 2161 1923 2185; x_wconf 91' lang='lat' dir='ltr'>t</span> <span class='ocrx_word' id='word_1_1002' title='bbox 1955 2163 1990 2185; x_wconf 93' lang='lat' dir='ltr'>es</span> <span class='ocrx_word' id='word_1_1003' title='bbox 2010 2161 2088 2186; x_wconf 91' lang='lat' dir='ltr'>sunt</span> <span class='ocrx_word' id='word_1_1004' title='bbox 2111 2152 2202 2197; x_wconf 91' lang='lat' dir='ltr'>quod</span> <span class='ocrx_word' id='word_1_1005' title='bbox 2225 2164 2294 2186; x_wconf 92' lang='lat' dir='ltr'>non</span> <span class='ocrx_word' id='word_1_1006' title='bbox 2318 2154 2446 2197; x_wconf 91' lang='lat' dir='ltr'>possint</span> 
     </span>
     <span class='ocr_line' id='line_1_121' title="bbox 1378 2196 2446 2241; baseline 0.002 -12"><span class='ocrx_word' id='word_1_1007' title='bbox 1378 2196 1524 2240; x_wconf 90' lang='lat' dir='ltr'>recipere</span> <span class='ocrx_word' id='word_1_1008' title='bbox 1547 2207 1605 2229; x_wconf 85' lang='lat' dir='ltr'>cor</span> <span class='ocrx_word' id='word_1_1009' title='bbox 1629 2207 1668 2229; x_wconf 90' lang='lat' dir='ltr'>us</span> <span class='ocrx_word' id='word_1_1010' title='bbox 1692 2196 1848 2240; x_wconf 88' lang='lat' dir='ltr'>implens,</span> <span class='ocrx_word' id='word_1_1011' title='bbox 1872 2207 1912 2230; x_wconf 92' lang='lat' dir='ltr'>eo</span> <span class='ocrx_word' id='word_1_1012' title='bbox 1937 2196 2027 2240; x_wconf 91' lang='lat' dir='ltr'>quod</span> <span class='ocrx_word' id='word_1_1013' title='bbox 2051 2205 2129 2229; x_wconf 91' lang='lat' dir='ltr'>sunt</span> <span class='ocrx_word' id='word_1_1014' title='bbox 2151 2198 2261 2241; x_wconf 90' lang='lat' dir='ltr'>parvi,</span> <span class='ocrx_word' id='word_1_1015' title='bbox 2286 2197 2349 2231; x_wconf 90' lang='lat' dir='ltr'>hoc</span> <span class='ocrx_word' id='word_1_1016' title='bbox 2372 2197 2446 2231; x_wconf 91' lang='lat' dir='ltr'>ridi-</span> 
     </span>
     <span class='ocr_line' id='line_1_122' title="bbox 1379 2238 2445 2286; baseline 0.002 -13"><span class='ocrx_word' id='word_1_1017' title='bbox 1379 2239 1492 2273; x_wconf 91' lang='lat' dir='ltr'>culum</span> <span class='ocrx_word' id='word_1_1018' title='bbox 1515 2248 1566 2273; x_wconf 93' lang='lat' dir='ltr'>est</span> <span class='ocrx_word' id='word_1_1019' title='bbox 1611 2249 1716 2281; x_wconf 83' lang='lat' dir='ltr'>icere,</span> <span class='ocrx_word' id='word_1_1020' title='bbox 1740 2238 1863 2273; x_wconf 86' lang='lat' dir='ltr'>scilicet</span> <span class='ocrx_word' id='word_1_1021' title='bbox 1893 2240 1984 2284; x_wconf 93' lang='lat' dir='ltr'>quod</span> <span class='ocrx_word' id='word_1_1022' title='bbox 2014 2251 2152 2284; x_wconf 89' lang='lat' dir='ltr'>parvum</span> <span class='ocrx_word' id='word_1_1023' title='bbox 2176 2240 2324 2275; x_wconf 89' lang='lat' dir='ltr'>foramen</span> <span class='ocrx_word' id='word_1_1024' title='bbox 2355 2241 2445 2286; x_wconf 91' lang='lat' dir='ltr'>quod</span> 
     </span>
     <span class='ocr_line' id='line_1_123' title="bbox 1379 2283 2445 2329; baseline 0.002 -12"><span class='ocrx_word' id='word_1_1025' title='bbox 1379 2294 1481 2328; x_wconf 92' lang='lat' dir='ltr'>porus</span> <span class='ocrx_word' id='word_1_1026' title='bbox 1505 2283 1635 2324; x_wconf 83' lang='lat' dir='ltr'>dicitur,</span> <span class='ocrx_word' id='word_1_1027' title='bbox 1651 2284 1693 2317; x_wconf 89' lang='lat' dir='ltr'>sit</span> <span class='ocrx_word' id='word_1_1028' title='bbox 1715 2295 1868 2325; x_wconf 87' lang='lat' dir='ltr'>vacuum,</span> <span class='ocrx_word' id='word_1_1029' title='bbox 1893 2295 2051 2328; x_wconf 87' lang='lat' dir='ltr'>magnum</span> <span class='ocrx_word' id='word_1_1030' title='bbox 2076 2293 2185 2318; x_wconf 92' lang='lat' dir='ltr'>autem</span> <span class='ocrx_word' id='word_1_1031' title='bbox 2209 2286 2352 2329; x_wconf 91' lang='lat' dir='ltr'>spatium</span> <span class='ocrx_word' id='word_1_1032' title='bbox 2376 2297 2445 2319; x_wconf 92' lang='lat' dir='ltr'>non</span> 
     </span>
     <span class='ocr_line' id='line_1_124' title="bbox 1379 2327 2446 2374; baseline 0.002 -13"><span class='ocrx_word' id='word_1_1033' title='bbox 1379 2329 1421 2362; x_wconf 92' lang='lat' dir='ltr'>sit</span> <span class='ocrx_word' id='word_1_1034' title='bbox 1435 2338 1590 2368; x_wconf 86' lang='lat' dir='ltr'>vacuum,</span> <span class='ocrx_word' id='word_1_1035' title='bbox 1606 2327 1664 2362; x_wconf 93' lang='lat' dir='ltr'>sed</span> <span class='ocrx_word' id='word_1_1036' title='bbox 1679 2328 1816 2373; x_wconf 87' lang='lat' dir='ltr'>plenum</span> <span class='ocrx_word' id='word_1_1037' title='bbox 1842 2339 1980 2372; x_wconf 88' lang='lat' dir='ltr'>corpore</span> <span class='ocrx_word' id='word_1_1038' title='bbox 2001 2328 2202 2362; x_wconf 90' lang='lat' dir='ltr'>subintrante</span> <span class='ocrx_word' id='word_1_1039' title='bbox 2224 2331 2352 2373; x_wconf 90' lang='lat' dir='ltr'>ipsum:</span> <span class='ocrx_word' id='word_1_1040' title='bbox 2370 2331 2446 2374; x_wconf 91' lang='lat' dir='ltr'>quia</span> 
     </span>
     <span class='ocr_line' id='line_1_125' title="bbox 1380 2372 2445 2418; baseline 0.001 -12"><span class='ocrx_word' id='word_1_1041' title='bbox 1380 2372 1663 2417; x_wconf 87' lang='lat' dir='ltr'>qualitercumque</span> <span class='ocrx_word' id='word_1_1042' title='bbox 1679 2381 1728 2406; x_wconf 90' lang='lat' dir='ltr'>est</span> <span class='ocrx_word' id='word_1_1043' title='bbox 1742 2383 1885 2406; x_wconf 89' lang='lat' dir='ltr'>vacuum</span> <span class='ocrx_word' id='word_1_1044' title='bbox 1909 2372 2002 2413; x_wconf 93' lang='lat' dir='ltr'>illud,</span> <span class='ocrx_word' id='word_1_1045' title='bbox 2020 2374 2088 2406; x_wconf 89' lang='lat' dir='ltr'>sive</span> <span class='ocrx_word' id='word_1_1046' title='bbox 2102 2385 2262 2417; x_wconf 88' lang='lat' dir='ltr'>magnum</span> <span class='ocrx_word' id='word_1_1047' title='bbox 2281 2374 2349 2407; x_wconf 90' lang='lat' dir='ltr'>sive</span> <span class='ocrx_word' id='word_1_1048' title='bbox 2373 2385 2445 2418; x_wconf 90' lang='lat' dir='ltr'>par-</span> 
     </span>
     <span class='ocr_line' id='line_1_126' title="bbox 1378 2416 2444 2462; baseline 0.002 -12"><span class='ocrx_word' id='word_1_1049' title='bbox 1378 2428 1478 2457; x_wconf 92' lang='lat' dir='ltr'>vum,</span> <span class='ocrx_word' id='word_1_1050' title='bbox 1502 2416 1599 2450; x_wconf 91' lang='lat' dir='ltr'>habet</span> <span class='ocrx_word' id='word_1_1051' title='bbox 1622 2428 1743 2462; x_wconf 93' lang='lat' dir='ltr'>corpus</span> <span class='ocrx_word' id='word_1_1052' title='bbox 1770 2416 1831 2450; x_wconf 93' lang='lat' dir='ltr'>sibi</span> <span class='ocrx_word' id='word_1_1053' title='bbox 1855 2417 1990 2461; x_wconf 88' lang='lat' dir='ltr'>aequale</span> <span class='ocrx_word' id='word_1_1054' title='bbox 2018 2417 2160 2461; x_wconf 88' lang='lat' dir='ltr'>implens</span> <span class='ocrx_word' id='word_1_1055' title='bbox 2190 2418 2309 2462; x_wconf 88' lang='lat' dir='ltr'>ipsum.</span> <span class='ocrx_word' id='word_1_1056' title='bbox 2340 2418 2444 2458; x_wconf 91' lang='lat' dir='ltr'>Quod</span> 
     </span>
    </p>

    <p class='ocr_par' dir='ltr' id='par_1_32' title="bbox 1380 2461 2445 2683">
     <span class='ocr_line' id='line_1_127' title="bbox 1402 2461 2444 2506; baseline 0.001 -12"><span class='ocrx_word' id='word_1_1057' title='bbox 1402 2461 1515 2495; x_wconf 88' lang='lat' dir='ltr'>uidem</span> <span class='ocrx_word' id='word_1_1058' title='bbox 1534 2469 1624 2505; x_wconf 89' lang='lat' dir='ltr'>patet</span> <span class='ocrx_word' id='word_1_1059' title='bbox 1639 2472 1699 2506; x_wconf 91' lang='lat' dir='ltr'>per</span> <span class='ocrx_word' id='word_1_1060' title='bbox 1715 2461 1940 2495; x_wconf 89' lang='lat' dir='ltr'>definitionem</span> <span class='ocrx_word' id='word_1_1061' title='bbox 1955 2462 2062 2494; x_wconf 88' lang='lat' dir='ltr'>vacui.</span> <span class='ocrx_word' id='word_1_1062' title='bbox 2087 2461 2240 2495; x_wconf 91' lang='lat' dir='ltr'>Vacuum</span> <span class='ocrx_word' id='word_1_1063' title='bbox 2259 2462 2347 2495; x_wconf 90' lang='lat' dir='ltr'>enim</span> <span class='ocrx_word' id='word_1_1064' title='bbox 2363 2462 2444 2495; x_wconf 89' lang='lat' dir='ltr'>nihil</span> 
     </span>
     <span class='ocr_line' id='line_1_128' title="bbox 1380 2473 2445 2550; baseline 0.001 -11"><span class='ocrx_word' id='word_1_1065' title='bbox 1380 2473 1469 2539; x_wconf 50' lang='lat' dir='ltr'>{iliud</span> <span class='ocrx_word' id='word_1_1066' title='bbox 1485 2514 1545 2546; x_wconf 92' lang='lat' dir='ltr'>est,</span> <span class='ocrx_word' id='word_1_1067' title='bbox 1564 2506 1628 2538; x_wconf 91' lang='lat' dir='ltr'>nisi</span> <span class='ocrx_word' id='word_1_1068' title='bbox 1651 2506 1730 2550; x_wconf 84' lang='lat' dir='ltr'>regio</span> <span class='ocrx_word' id='word_1_1069' title='bbox 1753 2506 1822 2539; x_wconf 91' lang='lat' dir='ltr'>sive</span> <span class='ocrx_word' id='word_1_1070' title='bbox 1841 2506 1984 2549; x_wconf 91' lang='lat' dir='ltr'>spatium</span> <span class='ocrx_word' id='word_1_1071' title='bbox 2004 2505 2141 2539; x_wconf 91' lang='lat' dir='ltr'>alicuius</span> <span class='ocrx_word' id='word_1_1072' title='bbox 2166 2507 2313 2550; x_wconf 89' lang='lat' dir='ltr'>corporis</span> <span class='ocrx_word' id='word_1_1073' title='bbox 2337 2518 2445 2540; x_wconf 89' lang='lat' dir='ltr'>susce-</span> 
     </span>
     <span class='ocr_line' id='line_1_129' title="bbox 1380 2549 2440 2595; baseline 0 -11"><span class='ocrx_word' id='word_1_1074' title='bbox 1380 2550 1519 2594; x_wconf 88' lang='lat' dir='ltr'>ptivum.</span> <span class='ocrx_word' id='word_1_1075' title='bbox 1545 2549 1760 2594; x_wconf 89' lang='lat' dir='ltr'>Quapropter</span> <span class='ocrx_word' id='word_1_1076' title='bbox 1779 2549 1990 2583; x_wconf 91' lang='lat' dir='ltr'>manifestum</span> <span class='ocrx_word' id='word_1_1077' title='bbox 2006 2558 2066 2588; x_wconf 92' lang='lat' dir='ltr'>est,</span> <span class='ocrx_word' id='word_1_1078' title='bbox 2090 2549 2181 2594; x_wconf 95' lang='lat' dir='ltr'>quod</span> <span class='ocrx_word' id='word_1_1079' title='bbox 2197 2551 2289 2583; x_wconf 89' lang='lat' dir='ltr'>omni</span> <span class='ocrx_word' id='word_1_1080' title='bbox 2310 2552 2440 2595; x_wconf 90' lang='lat' dir='ltr'>corpori</span> 
     </span>
     <span class='ocr_line' id='line_1_130' title="bbox 1380 2593 2444 2639; baseline 0.001 -12"><span class='ocrx_word' id='word_1_1081' title='bbox 1380 2595 1415 2628; x_wconf 90' lang='lat' dir='ltr'>in</span> <span class='ocrx_word' id='word_1_1082' title='bbox 1430 2602 1561 2627; x_wconf 90' lang='lat' dir='ltr'>tumore</span> <span class='ocrx_word' id='word_1_1083' title='bbox 1578 2605 1656 2627; x_wconf 89' lang='lat' dir='ltr'>suae</span> <span class='ocrx_word' id='word_1_1084' title='bbox 1672 2594 1861 2639; x_wconf 86' lang='lat' dir='ltr'>quantitatis</span> <span class='ocrx_word' id='word_1_1085' title='bbox 1878 2602 1928 2628; x_wconf 91' lang='lat' dir='ltr'>est</span> <span class='ocrx_word' id='word_1_1086' title='bbox 1943 2593 2078 2638; x_wconf 92' lang='lat' dir='ltr'>aequale</span> <span class='ocrx_word' id='word_1_1087' title='bbox 2090 2605 2244 2634; x_wconf 92' lang='lat' dir='ltr'>vacuum,</span> <span class='ocrx_word' id='word_1_1088' title='bbox 2258 2595 2285 2628; x_wconf 92' lang='lat' dir='ltr'>si</span> <span class='ocrx_word' id='word_1_1089' title='bbox 2301 2606 2444 2628; x_wconf 90' lang='lat' dir='ltr'>vacuum</span> 
     </span>
     <span class='ocr_line' id='line_1_131' title="bbox 1380 2638 2443 2683; baseline 0.001 -11"><span class='ocrx_word' id='word_1_1090' title='bbox 1380 2649 1450 2673; x_wconf 90' lang='lat' dir='ltr'>esse</span> <span class='ocrx_word' id='word_1_1091' title='bbox 1470 2647 1622 2683; x_wconf 87' lang='lat' dir='ltr'>ponatur.</span> <span class='ocrx_word' id='word_1_1092' title='bbox 1646 2638 1882 2672; x_wconf 90' lang='lat' dir='ltr'>Universaliter</span> <span class='ocrx_word' id='word_1_1093' title='bbox 1900 2646 2011 2671; x_wconf 90' lang='lat' dir='ltr'>autem</span> <span class='ocrx_word' id='word_1_1094' title='bbox 2035 2638 2240 2682; x_wconf 91' lang='lat' dir='ltr'>superfluum</span> <span class='ocrx_word' id='word_1_1095' title='bbox 2263 2647 2313 2672; x_wconf 91' lang='lat' dir='ltr'>est</span> <span class='ocrx_word' id='word_1_1096' title='bbox 2337 2639 2443 2673; x_wconf 87' lang='lat' dir='ltr'>dicere</span> 
     </span>
    </p>

    <p class='ocr_par' dir='ltr' id='par_1_33' title="bbox 1403 2683 2443 2728">
     <span class='ocr_line' id='line_1_132' title="bbox 1403 2683 2443 2728; baseline 0.001 -12"><span class='ocrx_word' id='word_1_1097' title='bbox 1403 2694 1489 2720; x_wconf 72' lang='lat' dir='ltr'>oros,</span> <span class='ocrx_word' id='word_1_1098' title='bbox 1505 2694 1576 2722; x_wconf 83' lang='lat' dir='ltr'>esse</span> <span class='ocrx_word' id='word_1_1099' title='bbox 1592 2691 1728 2728; x_wconf 91' lang='lat' dir='ltr'>propter</span> <span class='ocrx_word' id='word_1_1100' title='bbox 1744 2683 1917 2716; x_wconf 90' lang='lat' dir='ltr'>actionem.</span> <span class='ocrx_word' id='word_1_1101' title='bbox 1942 2683 2011 2716; x_wconf 94' lang='lat' dir='ltr'>Aut</span> <span class='ocrx_word' id='word_1_1102' title='bbox 2026 2683 2115 2715; x_wconf 91' lang='lat' dir='ltr'>enim</span> <span class='ocrx_word' id='word_1_1103' title='bbox 2131 2694 2230 2727; x_wconf 89' lang='lat' dir='ltr'>agens</span> <span class='ocrx_word' id='word_1_1104' title='bbox 2247 2684 2313 2727; x_wconf 88' lang='lat' dir='ltr'>agit</span> <span class='ocrx_word' id='word_1_1105' title='bbox 2329 2695 2443 2717; x_wconf 91' lang='lat' dir='ltr'>secun-</span> 
     </span>
    </p>

    <p class='ocr_par' dir='ltr' id='par_1_34' title="bbox 1378 2727 2444 2991">
     <span class='ocr_line' id='line_1_133' title="bbox 1402 2727 2444 2771; baseline 0.001 -11"><span class='ocrx_word' id='word_1_1106' title='bbox 1402 2739 1424 2760; x_wconf 92' lang='lat' dir='ltr'>u</span> <span class='ocrx_word' id='word_1_1107' title='bbox 1516 2735 1618 2768; x_wconf 89' lang='lat' dir='ltr'>ctum,</span> <span class='ocrx_word' id='word_1_1108' title='bbox 1642 2735 1699 2761; x_wconf 89' lang='lat' dir='ltr'>aut</span> <span class='ocrx_word' id='word_1_1109' title='bbox 1721 2738 1799 2760; x_wconf 90' lang='lat' dir='ltr'>non.</span> <span class='ocrx_word' id='word_1_1110' title='bbox 1818 2727 1853 2760; x_wconf 94' lang='lat' dir='ltr'>Si</span> <span class='ocrx_word' id='word_1_1111' title='bbox 1875 2737 1944 2760; x_wconf 90' lang='lat' dir='ltr'>non</span> <span class='ocrx_word' id='word_1_1112' title='bbox 1959 2727 2026 2770; x_wconf 90' lang='lat' dir='ltr'>agit</span> <span class='ocrx_word' id='word_1_1113' title='bbox 2041 2738 2100 2771; x_wconf 90' lang='lat' dir='ltr'>per</span> <span class='ocrx_word' id='word_1_1114' title='bbox 2118 2735 2256 2760; x_wconf 89' lang='lat' dir='ltr'>tactum:</span> <span class='ocrx_word' id='word_1_1115' title='bbox 2281 2739 2360 2771; x_wconf 90' lang='lat' dir='ltr'>ergo</span> <span class='ocrx_word' id='word_1_1116' title='bbox 2376 2739 2444 2761; x_wconf 91' lang='lat' dir='ltr'>non</span> 
     </span>
     <span class='ocr_line' id='line_1_134' title="bbox 1379 2771 2444 2815; baseline 0 -11"><span class='ocrx_word' id='word_1_1117' title='bbox 1379 2772 1446 2815; x_wconf 89' lang='lat' dir='ltr'>agit</span> <span class='ocrx_word' id='word_1_1118' title='bbox 1504 2772 1665 2805; x_wconf 89' lang='lat' dir='ltr'>trinsecus</span> <span class='ocrx_word' id='word_1_1119' title='bbox 1693 2772 1727 2804; x_wconf 93' lang='lat' dir='ltr'>in</span> <span class='ocrx_word' id='word_1_1120' title='bbox 1760 2771 1850 2815; x_wconf 91' lang='lat' dir='ltr'>poris</span> <span class='ocrx_word' id='word_1_1121' title='bbox 1880 2779 2036 2814; x_wconf 88' lang='lat' dir='ltr'>tangens;</span> <span class='ocrx_word' id='word_1_1122' title='bbox 2064 2782 2144 2815; x_wconf 89' lang='lat' dir='ltr'>ergo</span> <span class='ocrx_word' id='word_1_1123' title='bbox 2175 2772 2248 2814; x_wconf 92' lang='lat' dir='ltr'>pori</span> <span class='ocrx_word' id='word_1_1124' title='bbox 2276 2783 2343 2804; x_wconf 92' lang='lat' dir='ltr'>non</span> <span class='ocrx_word' id='word_1_1125' title='bbox 2368 2781 2444 2804; x_wconf 92' lang='lat' dir='ltr'>sunt</span> 
     </span>
     <span class='ocr_line' id='line_1_135' title="bbox 1379 2815 2443 2859; baseline 0.001 -11"><span class='ocrx_word' id='word_1_1126' title='bbox 1379 2827 1477 2848; x_wconf 92' lang='lat' dir='ltr'>causa</span> <span class='ocrx_word' id='word_1_1127' title='bbox 1499 2816 1672 2859; x_wconf 90' lang='lat' dir='ltr'>passionis.</span> <span class='ocrx_word' id='word_1_1128' title='bbox 1699 2815 1733 2848; x_wconf 94' lang='lat' dir='ltr'>Si</span> <span class='ocrx_word' id='word_1_1129' title='bbox 1758 2824 1868 2848; x_wconf 90' lang='lat' dir='ltr'>autem</span> <span class='ocrx_word' id='word_1_1130' title='bbox 1887 2815 1953 2858; x_wconf 88' lang='lat' dir='ltr'>agit</span> <span class='ocrx_word' id='word_1_1131' title='bbox 1976 2815 2158 2848; x_wconf 88' lang='lat' dir='ltr'>secundum</span> <span class='ocrx_word' id='word_1_1132' title='bbox 2182 2824 2320 2848; x_wconf 81' lang='lat' dir='ltr'>tactum:</span> <span class='ocrx_word' id='word_1_1133' title='bbox 2345 2817 2443 2849; x_wconf 85' lang='lat' dir='ltr'>etiam</span> 
     </span>
     <span class='ocr_line' id='line_1_136' title="bbox 1378 2859 2442 2903; baseline 0 -11"><span class='ocrx_word' id='word_1_1134' title='bbox 1378 2870 1447 2892; x_wconf 90' lang='lat' dir='ltr'>non</span> <span class='ocrx_word' id='word_1_1135' title='bbox 1471 2859 1683 2893; x_wconf 86' lang='lat' dir='ltr'>existentibus</span> <span class='ocrx_word' id='word_1_1136' title='bbox 1707 2860 1814 2903; x_wconf 91' lang='lat' dir='ltr'>poris,</span> <span class='ocrx_word' id='word_1_1137' title='bbox 1838 2859 2022 2892; x_wconf 91' lang='lat' dir='ltr'>dummodo</span> <span class='ocrx_word' id='word_1_1138' title='bbox 2039 2860 2182 2892; x_wconf 87' lang='lat' dir='ltr'>activum</span> <span class='ocrx_word' id='word_1_1139' title='bbox 2206 2868 2316 2903; x_wconf 87' lang='lat' dir='ltr'>tangat</span> <span class='ocrx_word' id='word_1_1140' title='bbox 2339 2861 2442 2903; x_wconf 89' lang='lat' dir='ltr'>passi-</span> 
     </span>
     <span class='ocr_line' id='line_1_137' title="bbox 1378 2903 2442 2948; baseline 0.001 -12"><span class='ocrx_word' id='word_1_1141' title='bbox 1378 2915 1469 2944; x_wconf 85' lang='lat' dir='ltr'>vum,</span> <span class='ocrx_word' id='word_1_1142' title='bbox 1486 2915 1570 2948; x_wconf 89' lang='lat' dir='ltr'>quae</span> <span class='ocrx_word' id='word_1_1143' title='bbox 1586 2912 1663 2936; x_wconf 90' lang='lat' dir='ltr'>sunt</span> <span class='ocrx_word' id='word_1_1144' title='bbox 1685 2904 1796 2936; x_wconf 90' lang='lat' dir='ltr'>innata</span> <span class='ocrx_word' id='word_1_1145' title='bbox 1818 2914 1913 2947; x_wconf 89' lang='lat' dir='ltr'>agere</span> <span class='ocrx_word' id='word_1_1146' title='bbox 1933 2911 1966 2936; x_wconf 90' lang='lat' dir='ltr'>et</span> <span class='ocrx_word' id='word_1_1147' title='bbox 1985 2904 2052 2947; x_wconf 89' lang='lat' dir='ltr'>pati</span> <span class='ocrx_word' id='word_1_1148' title='bbox 2068 2903 2262 2944; x_wconf 89' lang='lat' dir='ltr'>adinvicem,</span> <span class='ocrx_word' id='word_1_1149' title='bbox 2282 2903 2339 2937; x_wconf 88' lang='lat' dir='ltr'>fiet</span> <span class='ocrx_word' id='word_1_1150' title='bbox 2357 2905 2442 2939; x_wconf 87' lang='lat' dir='ltr'>actio</span> 
     </span>
     <span class='ocr_line' id='line_1_138' title="bbox 1379 2948 2048 2991; baseline 0 -10"><span class='ocrx_word' id='word_1_1151' title='bbox 1379 2956 1412 2981; x_wconf 91' lang='lat' dir='ltr'>et</span> <span class='ocrx_word' id='word_1_1152' title='bbox 1434 2948 1554 2991; x_wconf 89' lang='lat' dir='ltr'>passio.</span> <span class='ocrx_word' id='word_1_1153' title='bbox 2043 2964 2048 2968; x_wconf 82' lang='grc'><em>·</em></span> 
     </span>
    </p>

    <p class='ocr_par' dir='ltr' id='par_1_35' title="bbox 1379 2991 2442 3168">
     <span class='ocr_line' id='line_1_139' title="bbox 1423 2991 2442 3036; baseline 0 -11"><span class='ocrx_word' id='word_1_1154' title='bbox 1423 2991 1570 3025; x_wconf 90' lang='lat' dir='ltr'>Ulterius</span> <span class='ocrx_word' id='word_1_1155' title='bbox 1594 3000 1706 3025; x_wconf 89' lang='lat' dir='ltr'>autem</span> <span class='ocrx_word' id='word_1_1156' title='bbox 1721 2991 1876 3035; x_wconf 89' lang='lat' dir='ltr'>epilogat,</span> <span class='ocrx_word' id='word_1_1157' title='bbox 1892 2991 1982 3035; x_wconf 93' lang='lat' dir='ltr'>quod</span> <span class='ocrx_word' id='word_1_1158' title='bbox 2003 2991 2047 3024; x_wconf 92' lang='lat' dir='ltr'>ita</span> <span class='ocrx_word' id='word_1_1159' title='bbox 2063 3002 2186 3035; x_wconf 92' lang='lat' dir='ltr'>ponere</span> <span class='ocrx_word' id='word_1_1160' title='bbox 2203 3001 2303 3035; x_wconf 89' lang='lat' dir='ltr'>poros</span> <span class='ocrx_word' id='word_1_1161' title='bbox 2318 3000 2355 3025; x_wconf 95' lang='lat' dir='ltr'>ut</span> <span class='ocrx_word' id='word_1_1162' title='bbox 2371 2993 2442 3036; x_wconf 92' lang='lat' dir='ltr'>qui-</span> 
     </span>
     <span class='ocr_line' id='line_1_140' title="bbox 1379 3034 2442 3076; baseline 0 -7"><span class='ocrx_word' id='word_1_1163' title='bbox 1379 3035 1455 3069; x_wconf 83' lang='lat' dir='ltr'>dam</span> <span class='ocrx_word' id='word_1_1164' title='bbox 1479 3036 1683 3076; x_wconf 86' lang='lat' dir='ltr'>existimant,</span> <span class='ocrx_word' id='word_1_1165' title='bbox 1708 3044 1764 3068; x_wconf 90' lang='lat' dir='ltr'>aut</span> <span class='ocrx_word' id='word_1_1166' title='bbox 1787 3044 1836 3068; x_wconf 91' lang='lat' dir='ltr'>est</span> <span class='ocrx_word' id='word_1_1167' title='bbox 1852 3034 2088 3076; x_wconf 79' lang='lat' dir='ltr'>mendacium,</span> <span class='ocrx_word' id='word_1_1168' title='bbox 2112 3044 2168 3068; x_wconf 90' lang='lat' dir='ltr'>aut</span> <span class='ocrx_word' id='word_1_1169' title='bbox 2191 3035 2307 3069; x_wconf 90' lang='lat' dir='ltr'>inutile</span> <span class='ocrx_word' id='word_1_1170' title='bbox 2330 3043 2379 3069; x_wconf 91' lang='lat' dir='ltr'>est</span> <span class='ocrx_word' id='word_1_1171' title='bbox 2401 3036 2442 3069; x_wconf 90' lang='lat' dir='ltr'>ad</span> 
     </span>
     <span class='ocr_line' id='line_1_141' title="bbox 1379 3078 2442 3124; baseline 0 -11"><span class='ocrx_word' id='word_1_1172' title='bbox 1379 3081 1544 3115; x_wconf 89' lang='lat' dir='ltr'>actionem</span> <span class='ocrx_word' id='word_1_1173' title='bbox 1568 3088 1600 3113; x_wconf 91' lang='lat' dir='ltr'>et</span> <span class='ocrx_word' id='word_1_1174' title='bbox 1627 3081 1825 3124; x_wconf 88' lang='lat' dir='ltr'>passionem.</span> <span class='ocrx_word' id='word_1_1175' title='bbox 1858 3079 1900 3112; x_wconf 91' lang='lat' dir='ltr'>Et</span> <span class='ocrx_word' id='word_1_1176' title='bbox 1922 3078 1987 3112; x_wconf 93' lang='lat' dir='ltr'>hoc</span> <span class='ocrx_word' id='word_1_1177' title='bbox 2010 3088 2059 3112; x_wconf 91' lang='lat' dir='ltr'>est</span> <span class='ocrx_word' id='word_1_1178' title='bbox 2086 3078 2296 3112; x_wconf 91' lang='lat' dir='ltr'>manifestum</span> <span class='ocrx_word' id='word_1_1179' title='bbox 2325 3090 2365 3113; x_wconf 86' lang='lat' dir='ltr'>ex</span> <span class='ocrx_word' id='word_1_1180' title='bbox 2387 3091 2442 3113; x_wconf 91' lang='lat' dir='ltr'>su-</span> 
     </span>
     <span class='ocr_line' id='line_1_142' title="bbox 1379 3123 1568 3168; baseline -0.005 -11"><span class='ocrx_word' id='word_1_1181' title='bbox 1379 3135 1437 3168; x_wconf 91' lang='lat' dir='ltr'>pra</span> <span class='ocrx_word' id='word_1_1182' title='bbox 1463 3123 1568 3157; x_wconf 91' lang='lat' dir='ltr'>dictis.</span> 
     </span>
    </p>

    <p class='ocr_par' dir='ltr' id='par_1_36' title="bbox 1427 3166 2443 3208">
     <span class='ocr_line' id='line_1_143' title="bbox 1427 3166 2443 3208; baseline 0.001 -8"><span class='ocrx_word' id='word_1_1183' title='bbox 1427 3178 1478 3200; x_wconf 91' lang='lat'>11.</span> <span class='ocrx_word' id='word_1_1184' title='bbox 1494 3167 1623 3201; x_wconf 91' lang='lat' dir='ltr'>Deinde</span> <span class='ocrx_word' id='word_1_1185' title='bbox 1641 3178 1716 3200; x_wconf 90' lang='lat' dir='ltr'>cum</span> <span class='ocrx_word' id='word_1_1186' title='bbox 1736 3167 1830 3200; x_wconf 92' lang='lat' dir='ltr'>dicit:</span> <span class='ocrx_word' id='word_1_1187' title='bbox 1854 3166 2066 3200; x_wconf 80' lang='lat' dir='ltr'>Divisibilibus</span> <span class='ocrx_word' id='word_1_1188' title='bbox 2082 3173 2192 3208; x_wconf 77' lang='lat' dir='ltr'>autem,</span> <span class='ocrx_word' id='word_1_1189' title='bbox 2209 3176 2282 3208; x_wconf 85' lang='lat' dir='ltr'>etc.,</span> <span class='ocrx_word' id='word_1_1190' title='bbox 2299 3168 2443 3202; x_wconf 91' lang='lat' dir='ltr'>ostendit</span> 
     </span>
    </p>

    <p class='ocr_par' dir='ltr' id='par_1_37' title="bbox 1402 3210 2441 3256">
     <span class='ocr_line' id='line_1_144' title="bbox 1402 3210 2441 3256; baseline 0 -11"><span class='ocrx_word' id='word_1_1191' title='bbox 1402 3211 1470 3245; x_wconf 91' lang='lat' dir='ltr'>uod</span> <span class='ocrx_word' id='word_1_1192' title='bbox 1494 3212 1567 3256; x_wconf 91' lang='lat' dir='ltr'>pori</span> <span class='ocrx_word' id='word_1_1193' title='bbox 1591 3222 1660 3244; x_wconf 93' lang='lat' dir='ltr'>non</span> <span class='ocrx_word' id='word_1_1194' title='bbox 1683 3220 1760 3244; x_wconf 91' lang='lat' dir='ltr'>sunt</span> <span class='ocrx_word' id='word_1_1195' title='bbox 1783 3211 1956 3244; x_wconf 88' lang='lat' dir='ltr'>necessarii</span> <span class='ocrx_word' id='word_1_1196' title='bbox 1986 3210 2026 3245; x_wconf 89' lang='lat' dir='ltr'>ad</span> <span class='ocrx_word' id='word_1_1197' title='bbox 2051 3212 2198 3255; x_wconf 91' lang='lat' dir='ltr'>corporis</span> <span class='ocrx_word' id='word_1_1198' title='bbox 2227 3210 2441 3253; x_wconf 88' lang='lat' dir='ltr'>divisionem,</span> 
     </span>
    </p>

    <p class='ocr_par' dir='ltr' id='par_1_38' title="bbox 1378 3224 2444 3521">
     <span class='ocr_line' id='line_1_145' title="bbox 1379 3224 2441 3300; baseline 0 -11"><span class='ocrx_word' id='word_1_1199' title='bbox 1379 3224 1491 3289; x_wconf 70' lang='lat' dir='ltr'>dicens</span> <span class='ocrx_word' id='word_1_1200' title='bbox 1515 3255 1606 3300; x_wconf 91' lang='lat' dir='ltr'>quod</span> <span class='ocrx_word' id='word_1_1201' title='bbox 1629 3266 1705 3288; x_wconf 92' lang='lat' dir='ltr'>cum</span> <span class='ocrx_word' id='word_1_1202' title='bbox 1730 3266 1830 3288; x_wconf 91' lang='lat' dir='ltr'>omne</span> <span class='ocrx_word' id='word_1_1203' title='bbox 1854 3266 1974 3298; x_wconf 91' lang='lat' dir='ltr'>corpus</span> <span class='ocrx_word' id='word_1_1204' title='bbox 1990 3255 2032 3288; x_wconf 93' lang='lat' dir='ltr'>sit</span> <span class='ocrx_word' id='word_1_1205' title='bbox 2056 3254 2226 3295; x_wconf 90' lang='lat' dir='ltr'>divisibile,</span> <span class='ocrx_word' id='word_1_1206' title='bbox 2242 3263 2310 3288; x_wconf 90' lang='lat' dir='ltr'>tam</span> <span class='ocrx_word' id='word_1_1207' title='bbox 2326 3255 2441 3300; x_wconf 87' lang='lat' dir='ltr'>physi-</span> 
     </span>
     <span class='ocr_line' id='line_1_146' title="bbox 1379 3298 2442 3344; baseline 0.002 -12"><span class='ocrx_word' id='word_1_1208' title='bbox 1379 3311 1456 3332; x_wconf 91' lang='lat' dir='ltr'>cum</span> <span class='ocrx_word' id='word_1_1209' title='bbox 1480 3310 1579 3343; x_wconf 91' lang='lat' dir='ltr'>quam</span> <span class='ocrx_word' id='word_1_1210' title='bbox 1602 3299 1888 3339; x_wconf 87' lang='lat' dir='ltr'>mathematicum,</span> <span class='ocrx_word' id='word_1_1211' title='bbox 1915 3298 2090 3332; x_wconf 89' lang='lat' dir='ltr'>ridiculum</span> <span class='ocrx_word' id='word_1_1212' title='bbox 2113 3308 2163 3332; x_wconf 91' lang='lat' dir='ltr'>est</span> <span class='ocrx_word' id='word_1_1213' title='bbox 2192 3311 2316 3343; x_wconf 92' lang='lat' dir='ltr'>ponere</span> <span class='ocrx_word' id='word_1_1214' title='bbox 2340 3312 2442 3344; x_wconf 92' lang='lat' dir='ltr'>poros</span> 
     </span>
     <span class='ocr_line' id='line_1_147' title="bbox 1379 3342 2442 3388; baseline 0.002 -12"><span class='ocrx_word' id='word_1_1215' title='bbox 1379 3355 1511 3377; x_wconf 87' lang='lat' dir='ltr'>causam</span> <span class='ocrx_word' id='word_1_1216' title='bbox 1527 3343 1708 3377; x_wconf 80' lang='lat' dir='ltr'>divisionis,</span> <span class='ocrx_word' id='word_1_1217' title='bbox 1734 3342 1824 3383; x_wconf 91' lang='lat' dir='ltr'>Quia</span> <span class='ocrx_word' id='word_1_1218' title='bbox 1848 3354 1985 3387; x_wconf 87' lang='lat' dir='ltr'>corpora</span> <span class='ocrx_word' id='word_1_1219' title='bbox 2001 3352 2141 3387; x_wconf 89' lang='lat' dir='ltr'>possunt</span> <span class='ocrx_word' id='word_1_1220' title='bbox 2162 3345 2304 3388; x_wconf 87' lang='lat' dir='ltr'>separari</span> <span class='ocrx_word' id='word_1_1221' title='bbox 2327 3356 2442 3378; x_wconf 92' lang='lat' dir='ltr'>secun-</span> 
     </span>
     <span class='ocr_line' id='line_1_148' title="bbox 1379 3386 2444 3438; baseline 0.003 -18"><span class='ocrx_word' id='word_1_1222' title='bbox 1379 3387 1460 3421; x_wconf 90' lang='lat' dir='ltr'>dum</span> <span class='ocrx_word' id='word_1_1223' title='bbox 1482 3387 1516 3420; x_wconf 94' lang='lat' dir='ltr'>id</span> <span class='ocrx_word' id='word_1_1224' title='bbox 1540 3387 1631 3438; x_wconf 82' lang='lat' dir='ltr'>quod</span> <span class='ocrx_word' id='word_1_1225' title='bbox 1653 3386 1826 3420; x_wconf 91' lang='lat' dir='ltr'>divisibilia</span> <span class='ocrx_word' id='word_1_1226' title='bbox 1849 3396 1941 3428; x_wconf 89' lang='lat' dir='ltr'>sunt;</span> <span class='ocrx_word' id='word_1_1227' title='bbox 1966 3387 2000 3420; x_wconf 91' lang='lat' dir='ltr'>in</span> <span class='ocrx_word' id='word_1_1228' title='bbox 2023 3387 2140 3420; x_wconf 88' lang='lat' dir='ltr'>talibus</span> <span class='ocrx_word' id='word_1_1229' title='bbox 2164 3397 2274 3421; x_wconf 91' lang='lat' dir='ltr'>autem</span> <span class='ocrx_word' id='word_1_1230' title='bbox 2302 3400 2370 3422; x_wconf 92' lang='lat' dir='ltr'>non</span> <span class='ocrx_word' id='word_1_1231' title='bbox 2394 3398 2444 3423; x_wconf 90' lang='lat' dir='ltr'>est</span> 
     </span>
     <span class='ocr_line' id='line_1_149' title="bbox 1378 3432 2443 3475; baseline 0.003 -11"><span class='ocrx_word' id='word_1_1232' title='bbox 1378 3443 1520 3464; x_wconf 90' lang='lat' dir='ltr'>vacuum</span> <span class='ocrx_word' id='word_1_1233' title='bbox 1544 3443 1578 3464; x_wconf 87' lang='lat' dir='ltr'>ln</span> <span class='ocrx_word' id='word_1_1234' title='bbox 1602 3432 1706 3475; x_wconf 89' lang='lat' dir='ltr'>poris;</span> <span class='ocrx_word' id='word_1_1235' title='bbox 1730 3432 1804 3475; x_wconf 92' lang='lat' dir='ltr'>pori</span> <span class='ocrx_word' id='word_1_1236' title='bbox 1828 3442 1907 3474; x_wconf 91' lang='lat' dir='ltr'>ergo</span> <span class='ocrx_word' id='word_1_1237' title='bbox 1930 3442 1999 3464; x_wconf 91' lang='lat' dir='ltr'>non</span> <span class='ocrx_word' id='word_1_1238' title='bbox 2022 3440 2100 3464; x_wconf 91' lang='lat' dir='ltr'>sunt</span> <span class='ocrx_word' id='word_1_1239' title='bbox 2127 3443 2224 3465; x_wconf 91' lang='lat' dir='ltr'>causa</span> <span class='ocrx_word' id='word_1_1240' title='bbox 2248 3432 2418 3467; x_wconf 90' lang='lat' dir='ltr'>divisionis</span> <span class='ocrx_word' id='word_1_1241' title='bbox 2432 3459 2443 3474; x_wconf 94' lang='lat'>,</span> 
     </span>
     <span class='ocr_line' id='line_1_150' title="bbox 1379 3474 2251 3521; baseline 0.001 -13"><span class='ocrx_word' id='word_1_1242' title='bbox 1379 3476 1455 3521; x_wconf 90' lang='lat' dir='ltr'>quia</span> <span class='ocrx_word' id='word_1_1243' title='bbox 1479 3475 1570 3508; x_wconf 90' lang='lat' dir='ltr'>aliter</span> <span class='ocrx_word' id='word_1_1244' title='bbox 1593 3474 1822 3508; x_wconf 89' lang='lat' dir='ltr'>mathematica</span> <span class='ocrx_word' id='word_1_1245' title='bbox 1845 3486 1914 3508; x_wconf 91' lang='lat' dir='ltr'>non</span> <span class='ocrx_word' id='word_1_1246' title='bbox 1938 3484 2047 3509; x_wconf 91' lang='lat' dir='ltr'>essent</span> <span class='ocrx_word' id='word_1_1247' title='bbox 2069 3475 2251 3510; x_wconf 91' lang='lat' dir='ltr'>divisibilia.</span> 
     </span>
    </p>
   </div>
   <div class='ocr_carea' id='block_1_25' title="bbox 1297 3571 1406 3599">
    <p class='ocr_par' dir='ltr' id='par_1_39' title="bbox 1297 3571 1406 3599">
     <span class='ocr_line' id='line_1_151' title="bbox 1297 3571 1406 3599; baseline 0 0"><span class='ocrx_word' id='word_1_1248' title='bbox 1297 3571 1406 3599; x_wconf 72' lang='grc' dir='ltr'>ΕΞ·</span> 
     </span>
    </p>
   </div>
   <div class='ocr_carea' id='block_1_26' title="bbox 2473 349 2645 371">
    <p class='ocr_par' dir='ltr' id='par_1_40' title="bbox 2473 349 2645 371">
     <span class='ocr_line' id='line_1_152' title="bbox 2473 349 2645 371; baseline 0 -1"><span class='ocrx_word' id='word_1_1249' title='bbox 2473 350 2482 359; x_wconf 83' lang='lat'>¹</span> <span class='ocrx_word' id='word_1_1250' title='bbox 2497 349 2521 370; x_wconf 88' lang='lat' dir='ltr'>in</span> <span class='ocrx_word' id='word_1_1251' title='bbox 2536 349 2588 371; x_wconf 87' lang='lat' dir='ltr'>add.</span> <span class='ocrx_word' id='word_1_1252' title='bbox 2604 355 2645 370; x_wconf 84' lang='lat' dir='ltr'>ca.</span> 
     </span>
    </p>
   </div>
   <div class='ocr_carea' id='block_1_27' title="bbox 2497 661 2609 683">
    <p class='ocr_par' dir='ltr' id='par_1_41' title="bbox 2497 661 2609 683">
     <span class='ocr_line' id='line_1_153' title="bbox 2497 661 2609 683; baseline 0.009 -1"><span class='ocrx_word' id='word_1_1253' title='bbox 2497 661 2568 683; x_wconf 87' lang='lat' dir='ltr'>Num.</span> <span class='ocrx_word' id='word_1_1254' title='bbox 2583 667 2609 683; x_wconf 81' lang='grc' dir='ltr'>υ.</span> 
     </span>
    </p>
   </div>
   <div class='ocr_carea' id='block_1_28' title="bbox 2473 793 2617 815">
    <p class='ocr_par' dir='ltr' id='par_1_42' title="bbox 2473 793 2617 815">
     <span class='ocr_line' id='line_1_154' title="bbox 2473 793 2617 815; baseline 0.007 -1"><span class='ocrx_word' id='word_1_1255' title='bbox 2473 794 2482 802; x_wconf 91' lang='grc'>·</span> <span class='ocrx_word' id='word_1_1256' title='bbox 2495 793 2565 815; x_wconf 89' lang='lat' dir='ltr'>Num.</span> <span class='ocrx_word' id='word_1_1257' title='bbox 2585 800 2617 815; x_wconf 88' lang='grc' dir='ltr'>ιο.</span> 
     </span>
    </p>
   </div>
   <div class='ocr_carea' id='block_1_29' title="bbox 2495 927 2625 947">
    <p class='ocr_par' dir='ltr' id='par_1_43' title="bbox 2495 927 2625 947">
     <span class='ocr_line' id='line_1_155' title="bbox 2495 927 2625 947; baseline 0 0"><span class='ocrx_word' id='word_1_1258' title='bbox 2495 927 2571 947; x_wconf 69' lang='lat' dir='ltr'>move!</span> <span class='ocrx_word' id='word_1_1259' title='bbox 2585 931 2614 947; x_wconf 76' lang='lat' dir='ltr'>Ga</span> <span class='ocrx_word' id='word_1_1260' title='bbox 2619 942 2625 947; x_wconf 84' lang='grc'><strong>.</strong></span> 
     </span>
    </p>
   </div>
   <div class='ocr_carea' id='block_1_30' title="bbox 2496 1091 2607 1121">
    <p class='ocr_par' dir='ltr' id='par_1_44' title="bbox 2496 1091 2607 1121">
     <span class='ocr_line' id='line_1_156' title="bbox 2496 1091 2607 1121; baseline 0 0"><span class='ocrx_word' id='word_1_1261' title='bbox 2496 1091 2573 1121; x_wconf 55' lang='lat' dir='ltr'>Reium</span> <span class='ocrx_word' id='word_1_1262' title='bbox 2587 1106 2607 1121; x_wconf 74' lang='lat' dir='ltr'>P.</span> 
     </span>
    </p>
   </div>
   <div class='ocr_carea' id='block_1_31' title="bbox 2471 1406 2684 1458">
    <p class='ocr_par' dir='ltr' id='par_1_45' title="bbox 2471 1406 2684 1458">
     <span class='ocr_line' id='line_1_157' title="bbox 2472 1406 2684 1433; baseline 0.005 -7"><span class='ocrx_word' id='word_1_1263' title='bbox 2472 1406 2684 1433; x_wconf 74' lang='lat' dir='ltr'>“transparentiam</span> 
     </span>
     <span class='ocr_line' id='line_1_158' title="bbox 2471 1431 2669 1458; baseline 0.005 -5"><span class='ocrx_word' id='word_1_1264' title='bbox 2471 1431 2506 1458; x_wconf 70' lang='grc' dir='ltr'>ΡΙ),</span> <span class='ocrx_word' id='word_1_1265' title='bbox 2521 1435 2543 1453; x_wconf 87' lang='lat' dir='ltr'>et</span> <span class='ocrx_word' id='word_1_1266' title='bbox 2558 1432 2588 1453; x_wconf 79' lang='lat' dir='ltr'>ita</span> <span class='ocrx_word' id='word_1_1267' title='bbox 2603 1438 2669 1454; x_wconf 83' lang='lat' dir='ltr'>mox.</span> 
     </span>
    </p>
   </div>
   <div class='ocr_carea' id='block_1_32' title="bbox 2472 1719 2680 1765">
    <p class='ocr_par' dir='ltr' id='par_1_46' title="bbox 2472 1719 2680 1765">
     <span class='ocr_line' id='line_1_159' title="bbox 2473 1719 2680 1748; baseline 0 -10"><span class='ocrx_word' id='word_1_1268' title='bbox 2473 1719 2480 1727; x_wconf 92' lang='grc'>·</span> <span class='ocrx_word' id='word_1_1269' title='bbox 2505 1719 2541 1738; x_wconf 74' lang='lat' dir='ltr'>est</span> <span class='ocrx_word' id='word_1_1270' title='bbox 2559 1719 2680 1748; x_wconf 63' lang='lat' dir='ltr'>Jranspa-</span> 
     </span>
     <span class='ocr_line' id='line_1_160' title="bbox 2472 1746 2639 1765; baseline 0.006 -1"><span class='ocrx_word' id='word_1_1271' title='bbox 2472 1749 2527 1764; x_wconf 79' lang='lat' dir='ltr'>rens</span> <span class='ocrx_word' id='word_1_1272' title='bbox 2541 1746 2603 1765; x_wconf 73' lang='grc' dir='ltr'><em>,ποια</em></span> <span class='ocrx_word' id='word_1_1273' title='bbox 2619 1750 2639 1765; x_wconf 74' lang='grc' dir='ltr'>Ρ.</span> 
     </span>
    </p>
   </div>
  </div>
 </body>
</html>
