<?xml version="1.0" encoding="UTF-8"?>
<!DOCTYPE html PUBLIC "-//W3C//DTD XHTML 1.0 Transitional//EN"
    "http://www.w3.org/TR/xhtml1/DTD/xhtml1-transitional.dtd">
<html xmlns="http://www.w3.org/1999/xhtml" xml:lang="en" lang="en">
 <head>
  <title>
</title>
<meta http-equiv="Content-Type" content="text/html;charset=utf-8" />
  <meta name='ocr-system' content='tesseract 3.04.00' />
  <meta name='ocr-capabilities' content='ocr_page ocr_carea ocr_par ocr_line ocrx_word'/>
</head>
<body>
  <div class='ocr_page' id='page_1' title='image "./operaomniaiussui03thom/operaomniaiussui03thom_0395.png"; bbox 0 0 2782 4134; ppageno 0'>
   <div class='ocr_carea' id='block_1_1' title="bbox 96 1318 324 1345">
    <p class='ocr_par' dir='ltr' id='par_1_1' title="bbox 96 1318 324 1345">
     <span class='ocr_line' id='line_1_1' title="bbox 96 1318 324 1345; baseline 0.004 -6"><span class='ocrx_word' id='word_1_1' title='bbox 96 1321 212 1345; x_wconf 65' lang='grc' dir='ltr'><strong>,γι-ιω.</strong></span> <span class='ocrx_word' id='word_1_2' title='bbox 268 1330 278 1340; x_wconf 84' lang='grc'><strong>.</strong></span> <span class='ocrx_word' id='word_1_3' title='bbox 312 1318 324 1340; x_wconf 65' lang='lat'><em>&gt;</em></span> 
     </span>
    </p>
   </div>
   <div class='ocr_carea' id='block_1_2' title="bbox 119 2698 213 2720">
    <p class='ocr_par' dir='ltr' id='par_1_2' title="bbox 119 2698 213 2720">
     <span class='ocr_line' id='line_1_2' title="bbox 119 2698 213 2720; baseline 0 0"><span class='ocrx_word' id='word_1_4' title='bbox 119 2698 213 2720; x_wconf 70' lang='lat' dir='ltr'><strong>‘rm</strong></span> 
     </span>
    </p>
   </div>
   <div class='ocr_carea' id='block_1_3' title="bbox 0 432 169 4134">
    <p class='ocr_par' dir='ltr' id='par_1_3' title="bbox 0 432 169 4134">
     <span class='ocr_line' id='line_1_3' title="bbox 0 432 169 4134; baseline 0 0"><span class='ocrx_word' id='word_1_5' title='bbox 0 432 169 4134; x_wconf 95' lang='lat' dir='ltr'><strong> </strong></span> 
     </span>
    </p>
   </div>
   <div class='ocr_carea' id='block_1_4' title="bbox 1111 280 1570 329">
    <p class='ocr_par' dir='ltr' id='par_1_4' title="bbox 1111 280 1570 329">
     <span class='ocr_line' id='line_1_4' title="bbox 1111 280 1570 329; baseline 0.002 -13"><span class='ocrx_word' id='word_1_6' title='bbox 1111 280 1223 316; x_wconf 91' lang='lat' dir='ltr'><strong>CAP.</strong></span> <span class='ocrx_word' id='word_1_7' title='bbox 1251 280 1322 329; x_wconf 93' lang='lat' dir='ltr'><strong>VI,</strong></span> <span class='ocrx_word' id='word_1_8' title='bbox 1352 280 1505 317; x_wconf 93' lang='lat' dir='ltr'><strong>LECT.</strong></span> <span class='ocrx_word' id='word_1_9' title='bbox 1534 281 1570 317; x_wconf 93' lang='lat' dir='ltr'><strong>X</strong></span> 
     </span>
    </p>
   </div>
   <div class='ocr_carea' id='block_1_5' title="bbox 232 347 1310 481">
    <p class='ocr_par' dir='ltr' id='par_1_5' title="bbox 232 347 1310 481">
     <span class='ocr_line' id='line_1_5' title="bbox 232 347 1308 409; baseline 0.004 -25"><span class='ocrx_word' id='word_1_10' title='bbox 232 347 309 386; x_wconf 64' lang='grc' dir='ltr'><strong>ὃὈτι</strong></span> <span class='ocrx_word' id='word_1_11' title='bbox 333 352 393 409; x_wconf 51' lang='lat'><strong>3⁵¹2</strong></span> <span class='ocrx_word' id='word_1_12' title='bbox 420 351 476 385; x_wconf 74' lang='grc' dir='ltr'><strong>οὖν</strong></span> <span class='ocrx_word' id='word_1_13' title='bbox 512 357 547 386; x_wconf 85' lang='grc' dir='ltr'><strong>αἱ</strong></span> <span class='ocrx_word' id='word_1_14' title='bbox 577 353 760 400; x_wconf 64' lang='grc' dir='ltr'>λεγῆμενοιι</span> <span class='ocrx_word' id='word_1_15' title='bbox 785 357 860 399; x_wconf 86' lang='grc' dir='ltr'>περὶ</span> <span class='ocrx_word' id='word_1_16' title='bbox 893 353 1007 387; x_wconf 74' lang='grc' dir='ltr'>αὐτῶν</span> <span class='ocrx_word' id='word_1_17' title='bbox 1040 356 1151 388; x_wconf 77' lang='grc' dir='ltr'><strong>αἰτίαι</strong></span> <span class='ocrx_word' id='word_1_18' title='bbox 1180 352 1308 400; x_wconf 76' lang='grc' dir='ltr'>ψευδεῖς</span> 
     </span>
     <span class='ocr_line' id='line_1_6' title="bbox 307 395 1310 444; baseline 0.003 -15"><span class='ocrx_word' id='word_1_19' title='bbox 307 409 407 429; x_wconf 80' lang='grc' dir='ltr'>ουσαι</span> <span class='ocrx_word' id='word_1_20' title='bbox 438 398 686 444; x_wconf 73' lang='grc' dir='ltr'>τυγχάνουσιν,</span> <span class='ocrx_word' id='word_1_21' title='bbox 712 399 741 430; x_wconf 82' lang='grc' dir='ltr'><strong>εὶ</strong></span> <span class='ocrx_word' id='word_1_22' title='bbox 766 399 812 442; x_wconf 74' lang='grc' dir='ltr'><strong>μή</strong></span> <span class='ocrx_word' id='word_1_23' title='bbox 838 395 898 431; x_wconf 73' lang='grc' dir='ltr'><strong>διαὶ</strong></span> <span class='ocrx_word' id='word_1_24' title='bbox 921 399 1105 442; x_wconf 84' lang='grc' dir='ltr'>πλειόνων,</span> <span class='ocrx_word' id='word_1_25' title='bbox 1134 402 1226 433; x_wconf 56' lang='lat' dir='ltr'><strong>ome</strong></span> <span class='ocrx_word' id='word_1_26' title='bbox 1252 403 1310 433; x_wconf 72' lang='lat' dir='ltr'><strong>mei.</strong></span> 
     </span>
     <span class='ocr_line' id='line_1_7' title="bbox 306 437 931 481; baseline 0.005 -8"><span class='ocrx_word' id='word_1_27' title='bbox 306 437 366 474; x_wconf 72' lang='grc' dir='ltr'><strong>διαὶ</strong></span> <span class='ocrx_word' id='word_1_28' title='bbox 390 442 523 474; x_wconf 75' lang='grc' dir='ltr'>τούτων</span> <span class='ocrx_word' id='word_1_29' title='bbox 550 444 669 481; x_wconf 75' lang='grc' dir='ltr'>ἱκανῶς</span> <span class='ocrx_word' id='word_1_30' title='bbox 695 438 799 479; x_wconf 69' lang='grc' dir='ltr'>δῆλόν</span> <span class='ocrx_word' id='word_1_31' title='bbox 826 442 931 476; x_wconf 78' lang='grc' dir='ltr'>ἐστιν.</span> 
     </span>
    </p>
   </div>
   <div class='ocr_carea' id='block_1_6' title="bbox 232 554 1311 1152">
    <p class='ocr_par' dir='ltr' id='par_1_6' title="bbox 232 554 1311 1152">
     <span class='ocr_line' id='line_1_8' title="bbox 300 554 1308 592; baseline 0.001 -10"><span class='ocrx_word' id='word_1_32' title='bbox 300 555 450 582; x_wconf 75' lang='lat' dir='ltr'><strong>SYNOPSIS.</strong></span> <span class='ocrx_word' id='word_1_33' title='bbox 474 570 508 574; x_wconf 94' lang='lat'><strong>—</strong></span> <span class='ocrx_word' id='word_1_34' title='bbox 537 563 561 582; x_wconf 81' lang='lat' dir='ltr'><strong>r.</strong></span> <span class='ocrx_word' id='word_1_35' title='bbox 582 555 805 591; x_wconf 82' lang='lat' dir='ltr'><strong>Argumentum.</strong></span> <span class='ocrx_word' id='word_1_36' title='bbox 834 554 991 582; x_wconf 88' lang='lat' dir='ltr'>Rationum</span> <span class='ocrx_word' id='word_1_37' title='bbox 1016 564 1090 592; x_wconf 92' lang='lat' dir='ltr'><strong>quae</strong></span> <span class='ocrx_word' id='word_1_38' title='bbox 1118 555 1308 591; x_wconf 90' lang='lat' dir='ltr'><strong>inducuntur,</strong></span> 
     </span>
     <span class='ocr_line' id='line_1_9' title="bbox 239 594 1310 632; baseline 0.001 -10"><span class='ocrx_word' id='word_1_39' title='bbox 239 594 385 632; x_wconf 89' lang='lat' dir='ltr'><strong>quaedam</strong></span> <span class='ocrx_word' id='word_1_40' title='bbox 401 600 469 622; x_wconf 90' lang='lat' dir='ltr'><strong>sunt</strong></span> <span class='ocrx_word' id='word_1_41' title='bbox 489 599 591 622; x_wconf 91' lang='lat' dir='ltr'><strong>contra</strong></span> <span class='ocrx_word' id='word_1_42' title='bbox 605 603 709 622; x_wconf 89' lang='lat' dir='ltr'><strong>omnes</strong></span> <span class='ocrx_word' id='word_1_43' title='bbox 730 594 890 631; x_wconf 90' lang='lat' dir='ltr'><strong>praedictas</strong></span> <span class='ocrx_word' id='word_1_44' title='bbox 905 594 1060 630; x_wconf 88' lang='lat' dir='ltr'>opiniones</span> <span class='ocrx_word' id='word_1_45' title='bbox 1081 595 1127 630; x_wconf 92' lang='lat' dir='ltr'><strong>(cf.</strong></span> <span class='ocrx_word' id='word_1_46' title='bbox 1142 595 1205 623; x_wconf 90' lang='lat' dir='ltr'><strong>lect.</strong></span> <span class='ocrx_word' id='word_1_47' title='bbox 1227 605 1310 632; x_wconf 90' lang='lat' dir='ltr'><strong>prae-</strong></span> 
     </span>
     <span class='ocr_line' id='line_1_10' title="bbox 239 633 1310 671; baseline 0.001 -9"><span class='ocrx_word' id='word_1_48' title='bbox 239 634 324 670; x_wconf 88' lang='lat' dir='ltr'><strong>ced.),</strong></span> <span class='ocrx_word' id='word_1_49' title='bbox 336 634 481 671; x_wconf 85' lang='lat' dir='ltr'><strong>quaedam</strong></span> <span class='ocrx_word' id='word_1_50' title='bbox 495 639 597 662; x_wconf 90' lang='lat' dir='ltr'><strong>contra</strong></span> <span class='ocrx_word' id='word_1_51' title='bbox 611 633 740 671; x_wconf 87' lang='lat' dir='ltr'><strong>aliquam</strong></span> <span class='ocrx_word' id='word_1_52' title='bbox 750 640 873 662; x_wconf 84' lang='lat' dir='ltr'><strong>tantun-1.</strong></span> <span class='ocrx_word' id='word_1_53' title='bbox 885 650 904 654; x_wconf 98' lang='lat'><em>-</em></span> <span class='ocrx_word' id='word_1_54' title='bbox 915 635 1024 662; x_wconf 89' lang='lat' dir='ltr'><strong>Textus</strong></span> <span class='ocrx_word' id='word_1_55' title='bbox 1038 634 1151 663; x_wconf 92' lang='lat' dir='ltr'><strong>divisio.</strong></span> <span class='ocrx_word' id='word_1_56' title='bbox 1161 651 1180 656; x_wconf 86' lang='lat'>—</span> <span class='ocrx_word' id='word_1_57' title='bbox 1192 642 1219 662; x_wconf 91' lang='lat'><strong>2.</strong></span> <span class='ocrx_word' id='word_1_58' title='bbox 1235 635 1310 663; x_wconf 92' lang='lat' dir='ltr'><strong>Con-</strong></span> 
     </span>
     <span class='ocr_line' id='line_1_11' title="bbox 240 673 1310 712; baseline 0.001 -10"><span class='ocrx_word' id='word_1_59' title='bbox 240 679 288 702; x_wconf 85' lang='lat' dir='ltr'><strong>tra</strong></span> <span class='ocrx_word' id='word_1_60' title='bbox 308 674 465 702; x_wconf 83' lang='lat' dir='ltr'><strong>secundam</strong></span> <span class='ocrx_word' id='word_1_61' title='bbox 487 673 668 712; x_wconf 83' lang='lat' dir='ltr'><em>opinionem,</em></span> <span class='ocrx_word' id='word_1_62' title='bbox 690 683 766 711; x_wconf 90' lang='lat' dir='ltr'><strong>quae</strong></span> <span class='ocrx_word' id='word_1_63' title='bbox 787 673 840 702; x_wconf 91' lang='lat' dir='ltr'><strong>fuit</strong></span> <span class='ocrx_word' id='word_1_64' title='bbox 861 674 1130 711; x_wconf 84' lang='lat' dir='ltr'><strong>Pythagoricorum.</strong></span> <span class='ocrx_word' id='word_1_65' title='bbox 1152 676 1180 709; x_wconf 87' lang='lat' dir='ltr'><strong>a)</strong></span> <span class='ocrx_word' id='word_1_66' title='bbox 1198 675 1310 703; x_wconf 89' lang='lat' dir='ltr'><strong>Omnes</strong></span> 
     </span>
     <span class='ocr_line' id='line_1_12' title="bbox 239 713 1310 748; baseline 0.001 -7"><span class='ocrx_word' id='word_1_67' title='bbox 239 713 338 742; x_wconf 89' lang='lat' dir='ltr'><strong>stellae</strong></span> <span class='ocrx_word' id='word_1_68' title='bbox 364 713 502 742; x_wconf 84' lang='lat' dir='ltr'><strong>erraticae</strong></span> <span class='ocrx_word' id='word_1_69' title='bbox 530 720 685 742; x_wconf 88' lang='lat' dir='ltr'><strong>moventur</strong></span> <span class='ocrx_word' id='word_1_70' title='bbox 711 714 742 741; x_wconf 92' lang='lat' dir='ltr'><strong>in</strong></span> <span class='ocrx_word' id='word_1_71' title='bbox 768 713 907 748; x_wconf 86' lang='lat' dir='ltr'><strong>zodiaco;</strong></span> <span class='ocrx_word' id='word_1_72' title='bbox 929 714 980 742; x_wconf 87' lang='lat' dir='ltr'><strong>sed</strong></span> <span class='ocrx_word' id='word_1_73' title='bbox 1001 714 1084 742; x_wconf 89' lang='lat' dir='ltr'><strong>multi</strong></span> <span class='ocrx_word' id='word_1_74' title='bbox 1105 720 1237 742; x_wconf 90' lang='lat' dir='ltr'><strong>cometae</strong></span> <span class='ocrx_word' id='word_1_75' title='bbox 1257 714 1310 742; x_wconf 89' lang='lat' dir='ltr'><strong>visi</strong></span> 
     </span>
     <span class='ocr_line' id='line_1_13' title="bbox 232 753 1310 791; baseline 0 -9"><span class='ocrx_word' id='word_1_76' title='bbox 232 760 307 782; x_wconf 71' lang='lat' dir='ltr'><strong>sunt</strong></span> <span class='ocrx_word' id='word_1_77' title='bbox 328 760 407 782; x_wconf 85' lang='lat' dir='ltr'><strong>extra</strong></span> <span class='ocrx_word' id='word_1_78' title='bbox 434 754 511 782; x_wconf 88' lang='lat' dir='ltr'><strong>hunc</strong></span> <span class='ocrx_word' id='word_1_79' title='bbox 539 753 692 789; x_wconf 78' lang='lat' dir='ltr'><strong>circulum3</strong></span> <span class='ocrx_word' id='word_1_80' title='bbox 719 763 788 791; x_wconf 90' lang='lat' dir='ltr'><strong>ergo</strong></span> <span class='ocrx_word' id='word_1_81' title='bbox 810 760 864 782; x_wconf 89' lang='lat' dir='ltr'><strong>etc.</strong></span> <span class='ocrx_word' id='word_1_82' title='bbox 886 754 914 790; x_wconf 83' lang='lat' dir='ltr'><strong>b)</strong></span> <span class='ocrx_word' id='word_1_83' title='bbox 937 754 1029 790; x_wconf 85' lang='lat' dir='ltr'><strong>Saepe</strong></span> <span class='ocrx_word' id='word_1_84' title='bbox 1050 753 1102 782; x_wconf 90' lang='lat' dir='ltr'><strong>visi</strong></span> <span class='ocrx_word' id='word_1_85' title='bbox 1130 760 1197 782; x_wconf 91' lang='lat' dir='ltr'><strong>sunt</strong></span> <span class='ocrx_word' id='word_1_86' title='bbox 1223 753 1310 782; x_wconf 90' lang='lat' dir='ltr'><strong>simul</strong></span> 
     </span>
     <span class='ocr_line' id='line_1_14' title="bbox 239 793 1310 831; baseline 0 -9"><span class='ocrx_word' id='word_1_87' title='bbox 239 793 336 830; x_wconf 84' lang='lat' dir='ltr'><strong>plures</strong></span> <span class='ocrx_word' id='word_1_88' title='bbox 357 799 504 822; x_wconf 86' lang='lat' dir='ltr'><strong>cometae:</strong></span> <span class='ocrx_word' id='word_1_89' title='bbox 525 803 586 822; x_wconf 92' lang='lat' dir='ltr'><strong>non</strong></span> <span class='ocrx_word' id='word_1_90' title='bbox 601 800 646 822; x_wconf 88' lang='lat' dir='ltr'><strong>est</strong></span> <span class='ocrx_word' id='word_1_91' title='bbox 660 802 729 831; x_wconf 88' lang='lat' dir='ltr'><strong>ergo</strong></span> <span class='ocrx_word' id='word_1_92' title='bbox 751 800 866 822; x_wconf 88' lang='lat' dir='ltr'><strong>cometa</strong></span> <span class='ocrx_word' id='word_1_93' title='bbox 879 803 938 822; x_wconf 87' lang='lat' dir='ltr'><strong>una</strong></span> <span class='ocrx_word' id='word_1_94' title='bbox 952 794 1098 822; x_wconf 89' lang='lat' dir='ltr'><strong>stellarum</strong></span> <span class='ocrx_word' id='word_1_95' title='bbox 1114 793 1280 822; x_wconf 85' lang='lat' dir='ltr'><strong>errantium.</strong></span> <span class='ocrx_word' id='word_1_96' title='bbox 1290 810 1310 814; x_wconf 90' lang='lat'>—</span> 
     </span>
     <span class='ocr_line' id='line_1_15' title="bbox 240 833 1310 870; baseline 0 -8"><span class='ocrx_word' id='word_1_97' title='bbox 240 833 336 867; x_wconf 82' lang='lat' dir='ltr'><strong>Prima</strong></span> <span class='ocrx_word' id='word_1_98' title='bbox 358 833 433 862; x_wconf 88' lang='lat' dir='ltr'><strong>ratio</strong></span> <span class='ocrx_word' id='word_1_99' title='bbox 455 839 498 862; x_wconf 93' lang='lat' dir='ltr'><strong>est</strong></span> <span class='ocrx_word' id='word_1_100' title='bbox 518 840 620 862; x_wconf 83' lang='lat' dir='ltr'><strong>contra</strong></span> <span class='ocrx_word' id='word_1_101' title='bbox 647 843 751 862; x_wconf 89' lang='lat' dir='ltr'><strong>omnes</strong></span> <span class='ocrx_word' id='word_1_102' title='bbox 779 833 950 870; x_wconf 83' lang='lat' dir='ltr'><strong>opiniones:</strong></span> <span class='ocrx_word' id='word_1_103' title='bbox 972 834 1100 862; x_wconf 89' lang='lat' dir='ltr'><strong>secunda</strong></span> <span class='ocrx_word' id='word_1_104' title='bbox 1127 840 1170 862; x_wconf 91' lang='lat' dir='ltr'><strong>est</strong></span> <span class='ocrx_word' id='word_1_105' title='bbox 1193 834 1310 870; x_wconf 86' lang='lat' dir='ltr'><strong>proprie</strong></span> 
     </span>
     <span class='ocr_line' id='line_1_16' title="bbox 240 873 1309 912; baseline 0 -10"><span class='ocrx_word' id='word_1_106' title='bbox 240 880 342 902; x_wconf 88' lang='lat' dir='ltr'><strong>contra</strong></span> <span class='ocrx_word' id='word_1_107' title='bbox 353 874 510 902; x_wconf 87' lang='lat' dir='ltr'><strong>secundam</strong></span> <span class='ocrx_word' id='word_1_108' title='bbox 521 880 550 902; x_wconf 90' lang='lat' dir='ltr'><strong>et</strong></span> <span class='ocrx_word' id='word_1_109' title='bbox 560 873 683 902; x_wconf 77' lang='lat' dir='ltr'><strong>tertiam.</strong></span> <span class='ocrx_word' id='word_1_110' title='bbox 696 891 715 895; x_wconf 96' lang='lat'>—</span> <span class='ocrx_word' id='word_1_111' title='bbox 727 874 753 902; x_wconf 81' lang='lat'><strong>3.</strong></span> <span class='ocrx_word' id='word_1_112' title='bbox 765 874 953 912; x_wconf 85' lang='lat' dir='ltr'><strong>Improbatur</strong></span> <span class='ocrx_word' id='word_1_113' title='bbox 969 874 1062 902; x_wconf 84' lang='lat' dir='ltr'><strong>tribus</strong></span> <span class='ocrx_word' id='word_1_114' title='bbox 1076 874 1237 902; x_wconf 79' lang='lat' dir='ltr'><strong>rationibus</strong></span> <span class='ocrx_word' id='word_1_115' title='bbox 1248 874 1309 912; x_wconf 88' lang='lat' dir='ltr'><strong>opi-</strong></span> 
     </span>
     <span class='ocr_line' id='line_1_17' title="bbox 241 913 1310 952; baseline 0.001 -11"><span class='ocrx_word' id='word_1_116' title='bbox 241 913 289 942; x_wconf 86' lang='lat' dir='ltr'><strong>nio</strong></span> <span class='ocrx_word' id='word_1_117' title='bbox 309 913 511 952; x_wconf 77' lang='lat' dir='ltr'><strong>Hippocratis.</strong></span> <span class='ocrx_word' id='word_1_118' title='bbox 533 915 562 950; x_wconf 89' lang='lat' dir='ltr'><strong>a)</strong></span> <span class='ocrx_word' id='word_1_119' title='bbox 578 913 608 942; x_wconf 92' lang='lat' dir='ltr'><strong>Si</strong></span> <span class='ocrx_word' id='word_1_120' title='bbox 622 920 735 942; x_wconf 87' lang='lat' dir='ltr'><strong>cometa</strong></span> <span class='ocrx_word' id='word_1_121' title='bbox 754 920 828 942; x_wconf 90' lang='lat' dir='ltr'><strong>esset</strong></span> <span class='ocrx_word' id='word_1_122' title='bbox 849 914 930 942; x_wconf 90' lang='lat' dir='ltr'><strong>stella</strong></span> <span class='ocrx_word' id='word_1_123' title='bbox 951 914 1080 950; x_wconf 88' lang='lat' dir='ltr'><strong>erratica,</strong></span> <span class='ocrx_word' id='word_1_124' title='bbox 1096 923 1170 951; x_wconf 90' lang='lat' dir='ltr'><strong>quae</strong></span> <span class='ocrx_word' id='word_1_125' title='bbox 1191 920 1310 950; x_wconf 89' lang='lat' dir='ltr'><strong>propter</strong></span> 
     </span>
     <span class='ocr_line' id='line_1_18' title="bbox 240 953 1310 991; baseline 0.001 -10"><span class='ocrx_word' id='word_1_126' title='bbox 240 953 441 982; x_wconf 87' lang='lat' dir='ltr'><strong>refractionem</strong></span> <span class='ocrx_word' id='word_1_127' title='bbox 463 953 541 982; x_wconf 91' lang='lat' dir='ltr'><strong>visus</strong></span> <span class='ocrx_word' id='word_1_128' title='bbox 561 953 719 991; x_wconf 90' lang='lat' dir='ltr'><strong>aliquando</strong></span> <span class='ocrx_word' id='word_1_129' title='bbox 743 953 885 991; x_wconf 81' lang='lat' dir='ltr'><strong>acciperet</strong></span> <span class='ocrx_word' id='word_1_130' title='bbox 905 963 1038 989; x_wconf 89' lang='lat' dir='ltr'><strong>comam,</strong></span> <span class='ocrx_word' id='word_1_131' title='bbox 1060 960 1208 991; x_wconf 86' lang='lat' dir='ltr'><strong>oporteret</strong></span> <span class='ocrx_word' id='word_1_132' title='bbox 1229 954 1310 991; x_wconf 92' lang='lat' dir='ltr'><strong>quod</strong></span> 
     </span>
     <span class='ocr_line' id='line_1_19' title="bbox 240 994 1311 1031; baseline 0 -9"><span class='ocrx_word' id='word_1_133' title='bbox 240 994 419 1030; x_wconf 81' lang='lat' dir='ltr'><strong>quandoque</strong></span> <span class='ocrx_word' id='word_1_134' title='bbox 433 1000 585 1031; x_wconf 88' lang='lat' dir='ltr'><strong>appareret</strong></span> <span class='ocrx_word' id='word_1_135' title='bbox 605 994 691 1022; x_wconf 89' lang='lat' dir='ltr'><strong>etiam</strong></span> <span class='ocrx_word' id='word_1_136' title='bbox 706 994 768 1022; x_wconf 89' lang='lat' dir='ltr'><strong>sine</strong></span> <span class='ocrx_word' id='word_1_137' title='bbox 783 1003 877 1023; x_wconf 91' lang='lat' dir='ltr'><strong>coma.</strong></span> <span class='ocrx_word' id='word_1_138' title='bbox 899 995 958 1022; x_wconf 91' lang='lat' dir='ltr'><strong>Sed</strong></span> <span class='ocrx_word' id='word_1_139' title='bbox 972 1000 1085 1031; x_wconf 89' lang='lat' dir='ltr'><strong>praeter</strong></span> <span class='ocrx_word' id='word_1_140' title='bbox 1099 994 1228 1031; x_wconf 90' lang='lat' dir='ltr'><strong>quinque</strong></span> <span class='ocrx_word' id='word_1_141' title='bbox 1249 994 1311 1030; x_wconf 85' lang='lat' dir='ltr'><strong>pla—</strong></span> 
     </span>
     <span class='ocr_line' id='line_1_20' title="bbox 239 1034 1310 1071; baseline 0 -9"><span class='ocrx_word' id='word_1_142' title='bbox 239 1039 331 1068; x_wconf 86' lang='lat' dir='ltr'><strong>netas,</strong></span> <span class='ocrx_word' id='word_1_143' title='bbox 352 1034 433 1062; x_wconf 90' lang='lat' dir='ltr'><strong>nulla</strong></span> <span class='ocrx_word' id='word_1_144' title='bbox 453 1034 535 1063; x_wconf 87' lang='lat' dir='ltr'><strong>stella</strong></span> <span class='ocrx_word' id='word_1_145' title='bbox 555 1043 654 1063; x_wconf 86' lang='lat' dir='ltr'><strong>errans</strong></span> <span class='ocrx_word' id='word_1_146' title='bbox 674 1034 735 1063; x_wconf 89' lang='lat' dir='ltr'><strong>visa</strong></span> <span class='ocrx_word' id='word_1_147' title='bbox 755 1041 799 1063; x_wconf 88' lang='lat' dir='ltr'><strong>est</strong></span> <span class='ocrx_word' id='word_1_148' title='bbox 819 1034 881 1063; x_wconf 89' lang='lat' dir='ltr'><strong>sine</strong></span> <span class='ocrx_word' id='word_1_149' title='bbox 902 1043 1004 1070; x_wconf 90' lang='lat' dir='ltr'><strong>coma;</strong></span> <span class='ocrx_word' id='word_1_150' title='bbox 1026 1041 1054 1063; x_wconf 91' lang='lat' dir='ltr'><strong>et</strong></span> <span class='ocrx_word' id='word_1_151' title='bbox 1074 1034 1211 1063; x_wconf 88' lang='lat' dir='ltr'><strong>omnibus</strong></span> <span class='ocrx_word' id='word_1_152' title='bbox 1225 1034 1310 1071; x_wconf 91' lang='lat' dir='ltr'><strong>quin-</strong></span> 
     </span>
     <span class='ocr_line' id='line_1_21' title="bbox 240 1073 1310 1112; baseline 0 -10"><span class='ocrx_word' id='word_1_153' title='bbox 240 1082 298 1110; x_wconf 86' lang='lat' dir='ltr'><strong>que</strong></span> <span class='ocrx_word' id='word_1_154' title='bbox 318 1073 441 1110; x_wconf 88' lang='lat' dir='ltr'><strong>planetis</strong></span> <span class='ocrx_word' id='word_1_155' title='bbox 461 1074 682 1111; x_wconf 86' lang='lat' dir='ltr'><strong>apparentibus,</strong></span> <span class='ocrx_word' id='word_1_156' title='bbox 705 1074 750 1102; x_wconf 89' lang='lat' dir='ltr'><strong>vel</strong></span> <span class='ocrx_word' id='word_1_157' title='bbox 771 1075 946 1112; x_wconf 89' lang='lat' dir='ltr'><strong>quibusdam</strong></span> <span class='ocrx_word' id='word_1_158' title='bbox 971 1074 1176 1112; x_wconf 83' lang='lat' dir='ltr'><strong>apparentibus</strong></span> <span class='ocrx_word' id='word_1_159' title='bbox 1197 1080 1225 1102; x_wconf 94' lang='lat' dir='ltr'><strong>et</strong></span> <span class='ocrx_word' id='word_1_160' title='bbox 1246 1074 1310 1111; x_wconf 93' lang='lat' dir='ltr'><strong>qui-</strong></span> 
     </span>
     <span class='ocr_line' id='line_1_22' title="bbox 238 1113 1310 1152; baseline 0.001 -11"><span class='ocrx_word' id='word_1_161' title='bbox 238 1113 364 1142; x_wconf 87' lang='lat' dir='ltr'><strong>busdam</strong></span> <span class='ocrx_word' id='word_1_162' title='bbox 385 1113 571 1143; x_wconf 86' lang='lat' dir='ltr'><strong>existentibus</strong></span> <span class='ocrx_word' id='word_1_163' title='bbox 592 1123 659 1143; x_wconf 89' lang='lat' dir='ltr'><strong>cum</strong></span> <span class='ocrx_word' id='word_1_164' title='bbox 681 1115 751 1150; x_wconf 91' lang='lat' dir='ltr'><strong>sole,</strong></span> <span class='ocrx_word' id='word_1_165' title='bbox 773 1121 914 1152; x_wconf 86' lang='lat' dir='ltr'><strong>apparent</strong></span> <span class='ocrx_word' id='word_1_166' title='bbox 933 1121 1074 1143; x_wconf 89' lang='lat' dir='ltr'><strong>cometae.</strong></span> <span class='ocrx_word' id='word_1_167' title='bbox 1097 1116 1174 1152; x_wconf 86' lang='lat' dir='ltr'><strong>Ergo</strong></span> <span class='ocrx_word' id='word_1_168' title='bbox 1196 1120 1310 1143; x_wconf 88' lang='lat' dir='ltr'><strong>cometa</strong></span> 
     </span>
    </p>
   </div>
   <div class='ocr_carea' id='block_1_7' title="bbox 221 1154 1310 1192">
    <p class='ocr_par' dir='ltr' id='par_1_7' title="bbox 221 1154 1310 1192">
     <span class='ocr_line' id='line_1_23' title="bbox 221 1154 1310 1192; baseline 0 -10"><span class='ocrx_word' id='word_1_169' title='bbox 221 1175 223 1178; x_wconf 29' lang='grc' dir='ltr'><em>ι</em></span> <span class='ocrx_word' id='word_1_170' title='bbox 238 1161 302 1182; x_wconf 84' lang='lat' dir='ltr'><strong>non</strong></span> <span class='ocrx_word' id='word_1_171' title='bbox 315 1159 359 1182; x_wconf 85' lang='lat' dir='ltr'><strong>est</strong></span> <span class='ocrx_word' id='word_1_172' title='bbox 376 1154 457 1183; x_wconf 85' lang='lat' dir='ltr'><strong>stella</strong></span> <span class='ocrx_word' id='word_1_173' title='bbox 470 1164 578 1190; x_wconf 72' lang='lat' dir='ltr'><strong>errem,</strong></span> <span class='ocrx_word' id='word_1_174' title='bbox 600 1164 636 1183; x_wconf 92' lang='lat' dir='ltr'><strong>eo</strong></span> <span class='ocrx_word' id='word_1_175' title='bbox 652 1155 743 1183; x_wconf 90' lang='lat' dir='ltr'><strong>modo</strong></span> <span class='ocrx_word' id='word_1_176' title='bbox 765 1165 824 1192; x_wconf 93' lang='lat' dir='ltr'><strong>quo</strong></span> <span class='ocrx_word' id='word_1_177' title='bbox 846 1154 917 1183; x_wconf 84' lang='lat' dir='ltr'><strong>dixit</strong></span> <span class='ocrx_word' id='word_1_178' title='bbox 933 1154 1134 1191; x_wconf 86' lang='lat' dir='ltr'><strong>Hippocrates.</strong></span> <span class='ocrx_word' id='word_1_179' title='bbox 1148 1170 1167 1175; x_wconf 88' lang='lat'>—</span> <span class='ocrx_word' id='word_1_180' title='bbox 1181 1163 1210 1189; x_wconf 93' lang='lat'><strong>4.</strong></span> <span class='ocrx_word' id='word_1_181' title='bbox 1226 1154 1253 1189; x_wconf 82' lang='lat' dir='ltr'><strong>b)</strong></span> <span class='ocrx_word' id='word_1_182' title='bbox 1268 1155 1310 1182; x_wconf 91' lang='lat' dir='ltr'><strong>Ex</strong></span> 
     </span>
    </p>
   </div>
   <div class='ocr_carea' id='block_1_8' title="bbox 239 1193 1310 1350">
    <p class='ocr_par' dir='ltr' id='par_1_8' title="bbox 239 1193 1310 1350">
     <span class='ocr_line' id='line_1_24' title="bbox 239 1193 1310 1243; baseline 0 -21"><span class='ocrx_word' id='word_1_183' title='bbox 239 1193 499 1243; x_wconf 60' lang='lat' dir='ltr'><strong>observationjbus</strong></span> <span class='ocrx_word' id='word_1_184' title='bbox 512 1202 632 1232; x_wconf 79' lang='lat' dir='ltr'><strong>apparet</strong></span> <span class='ocrx_word' id='word_1_185' title='bbox 652 1195 756 1224; x_wconf 84' lang='lat' dir='ltr'><strong>falsum</strong></span> <span class='ocrx_word' id='word_1_186' title='bbox 779 1204 841 1223; x_wconf 89' lang='lat' dir='ltr'><strong>esse</strong></span> <span class='ocrx_word' id='word_1_187' title='bbox 862 1195 943 1232; x_wconf 91' lang='lat' dir='ltr'><strong>quod</strong></span> <span class='ocrx_word' id='word_1_188' title='bbox 964 1201 1079 1223; x_wconf 86' lang='lat' dir='ltr'><strong>cometa</strong></span> <span class='ocrx_word' id='word_1_189' title='bbox 1099 1195 1149 1223; x_wconf 89' lang='lat' dir='ltr'><strong>fiat</strong></span> <span class='ocrx_word' id='word_1_190' title='bbox 1169 1194 1265 1222; x_wconf 88' lang='lat' dir='ltr'><strong>solum</strong></span> <span class='ocrx_word' id='word_1_191' title='bbox 1280 1193 1310 1222; x_wconf 92' lang='lat' dir='ltr'><strong>in</strong></span> 
     </span>
     <span class='ocr_line' id='line_1_25' title="bbox 386 1299 1307 1350; baseline 0 -14"><span class='ocrx_word' id='word_1_192' title='bbox 386 1324 396 1336; x_wconf 78' lang='lat'><strong>.</strong></span> <span class='ocrx_word' id='word_1_193' title='bbox 507 1301 611 1339; x_wconf 91' lang='lat' dir='ltr'><strong>ositis</strong></span> <span class='ocrx_word' id='word_1_194' title='bbox 626 1301 882 1350; x_wconf 87' lang='lat' dir='ltr'><strong>opinionibus,</strong></span> <span class='ocrx_word' id='word_1_195' title='bbox 898 1301 961 1338; x_wconf 90' lang='lat' dir='ltr'><strong>hie</strong></span> <span class='ocrx_word' id='word_1_196' title='bbox 980 1300 1174 1349; x_wconf 91' lang='lat' dir='ltr'><strong>improbat</strong></span> <span class='ocrx_word' id='word_1_197' title='bbox 1193 1312 1257 1337; x_wconf 91' lang='lat' dir='ltr'><strong>eas</strong></span> <span class='ocrx_word' id='word_1_198' title='bbox 1275 1299 1307 1336; x_wconf 64' lang='lat'><strong>³⁸.</strong></span> 
     </span>
    </p>
   </div>
   <div class='ocr_carea' id='block_1_9' title="bbox 239 1407 1311 1671">
    <p class='ocr_par' dir='ltr' id='par_1_9' title="bbox 436 1407 1309 1457">
     <span class='ocr_line' id='line_1_26' title="bbox 436 1407 1309 1457; baseline -0.001 -13"><span class='ocrx_word' id='word_1_199' title='bbox 436 1411 457 1444; x_wconf 53' lang='grc' dir='ltr'><strong>ς’</strong></span> <span class='ocrx_word' id='word_1_200' title='bbox 508 1415 544 1445; x_wconf 91' lang='lat' dir='ltr'><strong>et</strong></span> <span class='ocrx_word' id='word_1_201' title='bbox 563 1408 651 1446; x_wconf 91' lang='lat' dir='ltr'><strong>dicit</strong></span> <span class='ocrx_word' id='word_1_202' title='bbox 679 1409 785 1457; x_wconf 91' lang='lat' dir='ltr'><strong>quod</strong></span> <span class='ocrx_word' id='word_1_203' title='bbox 805 1407 998 1456; x_wconf 89' lang='lat' dir='ltr'><strong>quaedam</strong></span> <span class='ocrx_word' id='word_1_204' title='bbox 1022 1407 1183 1444; x_wconf 86' lang='lat' dir='ltr'><strong>intendit</strong></span> <span class='ocrx_word' id='word_1_205' title='bbox 1200 1407 1309 1444; x_wconf 89' lang='lat' dir='ltr'><strong>indu-</strong></span> 
     </span>
    </p>

    <p class='ocr_par' dir='ltr' id='par_1_10' title="bbox 311 1458 1310 1510">
     <span class='ocr_line' id='line_1_27' title="bbox 311 1460 1310 1510; baseline -0.003 -10"><span class='ocrx_word' id='word_1_206' title='bbox 311 1487 320 1491; x_wconf 19' lang='lat'><strong>⁷.</strong></span> <span class='ocrx_word' id='word_1_207' title='bbox 508 1474 594 1499; x_wconf 87' lang='lat' dir='ltr'><strong>cere</strong></span> <span class='ocrx_word' id='word_1_208' title='bbox 631 1474 731 1510; x_wconf 90' lang='lat' dir='ltr'><strong>quae</strong></span> <span class='ocrx_word' id='word_1_209' title='bbox 769 1468 857 1498; x_wconf 90' lang='lat' dir='ltr'><strong>sunt</strong></span> <span class='ocrx_word' id='word_1_210' title='bbox 894 1460 1150 1498; x_wconf 85' lang='lat' dir='ltr'><strong>communiter</strong></span> <span class='ocrx_word' id='word_1_211' title='bbox 1178 1467 1310 1497; x_wconf 88' lang='lat' dir='ltr'><strong>contra</strong></span> 
     </span>
    </p>

    <p class='ocr_par' dir='ltr' id='par_1_11' title="bbox 239 1513 1309 1618">
     <span class='ocr_line' id='line_1_28' title="bbox 239 1513 1309 1565; baseline -0.003 -12"><span class='ocrx_word' id='word_1_212' title='bbox 239 1527 378 1554; x_wconf 91' lang='lat' dir='ltr'><strong>omnes</strong></span> <span class='ocrx_word' id='word_1_213' title='bbox 405 1515 618 1565; x_wconf 88' lang='lat' dir='ltr'><strong>praedictas</strong></span> <span class='ocrx_word' id='word_1_214' title='bbox 636 1514 848 1564; x_wconf 88' lang='lat' dir='ltr'><strong>opiniones,</strong></span> <span class='ocrx_word' id='word_1_215' title='bbox 869 1513 1061 1562; x_wconf 88' lang='lat' dir='ltr'><strong>quaedam</strong></span> <span class='ocrx_word' id='word_1_216' title='bbox 1085 1526 1180 1551; x_wconf 90' lang='lat' dir='ltr'><strong>vero</strong></span> <span class='ocrx_word' id='word_1_217' title='bbox 1209 1526 1309 1562; x_wconf 90' lang='lat' dir='ltr'><strong>quae</strong></span> 
     </span>
     <span class='ocr_line' id='line_1_29' title="bbox 239 1567 1272 1618; baseline -0.004 -11"><span class='ocrx_word' id='word_1_218' title='bbox 239 1576 329 1608; x_wconf 87' lang='lat' dir='ltr'><strong>sunt</strong></span> <span class='ocrx_word' id='word_1_219' title='bbox 355 1576 487 1607; x_wconf 87' lang='lat' dir='ltr'><strong>contra</strong></span> <span class='ocrx_word' id='word_1_220' title='bbox 515 1569 683 1618; x_wconf 87' lang='lat' dir='ltr'><strong>aliquam</strong></span> <span class='ocrx_word' id='word_1_221' title='bbox 712 1580 846 1605; x_wconf 88' lang='lat' dir='ltr'><strong>earum</strong></span> <span class='ocrx_word' id='word_1_222' title='bbox 875 1567 1085 1616; x_wconf 89' lang='lat' dir='ltr'><strong>specialiter</strong></span> <span class='ocrx_word' id='word_1_223' title='bbox 1112 1575 1272 1604; x_wconf 88' lang='lat' dir='ltr'><strong>tantum.</strong></span> 
     </span>
    </p>

    <p class='ocr_par' dir='ltr' id='par_1_12' title="bbox 292 1620 1311 1671">
     <span class='ocr_line' id='line_1_30' title="bbox 292 1620 1311 1671; baseline -0.003 -11"><span class='ocrx_word' id='word_1_224' title='bbox 292 1622 474 1660; x_wconf 89' lang='lat' dir='ltr'><strong>Secundo</strong></span> <span class='ocrx_word' id='word_1_225' title='bbox 494 1621 564 1659; x_wconf 92' lang='lat' dir='ltr'><strong>ibi:</strong></span> <span class='ocrx_word' id='word_1_226' title='bbox 587 1622 718 1659; x_wconf 81' lang='lat' dir='ltr'><strong>Primo</strong></span> <span class='ocrx_word' id='word_1_227' title='bbox 738 1621 886 1670; x_wconf 86' lang='lat' dir='ltr'><strong>quidem</strong></span> <span class='ocrx_word' id='word_1_228' title='bbox 907 1621 1025 1671; x_wconf 84' lang='lat' dir='ltr'><strong>igitur</strong></span> <span class='ocrx_word' id='word_1_229' title='bbox 1044 1628 1127 1668; x_wconf 90' lang='lat' dir='ltr'><strong>ete.,</strong></span> <span class='ocrx_word' id='word_1_230' title='bbox 1145 1620 1311 1670; x_wconf 91' lang='lat' dir='ltr'><strong>disputat</strong></span> 
     </span>
    </p>
   </div>
   <div class='ocr_carea' id='block_1_10' title="bbox 294 1305 505 1508">
    <p class='ocr_par' dir='ltr' id='par_1_13' title="bbox 294 1305 505 1508">
     <span class='ocr_line' id='line_1_31' title="bbox 294 1305 505 1508; baseline 0 2626"><span class='ocrx_word' id='word_1_231' title='bbox 294 1305 505 1508; x_wconf 95' lang='lat' dir='ltr'><strong> </strong></span> 
     </span>
    </p>
   </div>
   <div class='ocr_carea' id='block_1_11' title="bbox 237 1674 1314 2151">
    <p class='ocr_par' dir='ltr' id='par_1_14' title="bbox 237 1674 1312 1982">
     <span class='ocr_line' id='line_1_32' title="bbox 239 1674 1311 1725; baseline -0.002 -12"><span class='ocrx_word' id='word_1_232' title='bbox 239 1682 376 1721; x_wconf 79' lang='lat' dir='ltr'><strong>contra-</strong></span> <span class='ocrx_word' id='word_1_233' title='bbox 389 1675 532 1725; x_wconf 86' lang='lat' dir='ltr'><strong>positas</strong></span> <span class='ocrx_word' id='word_1_234' title='bbox 556 1675 774 1724; x_wconf 85' lang='lat' dir='ltr'><strong>opiniones:</strong></span> <span class='ocrx_word' id='word_1_235' title='bbox 805 1681 841 1711; x_wconf 92' lang='lat' dir='ltr'><strong>et</strong></span> <span class='ocrx_word' id='word_1_236' title='bbox 863 1674 988 1724; x_wconf 92' lang='lat' dir='ltr'><strong>primo</strong></span> <span class='ocrx_word' id='word_1_237' title='bbox 1018 1682 1150 1712; x_wconf 90' lang='lat' dir='ltr'><strong>eontra</strong></span> <span class='ocrx_word' id='word_1_238' title='bbox 1177 1686 1311 1712; x_wconf 89' lang='lat' dir='ltr'><strong>secun-</strong></span> 
     </span>
     <span class='ocr_line' id='line_1_33' title="bbox 239 1727 1311 1778; baseline -0.002 -11"><span class='ocrx_word' id='word_1_239' title='bbox 239 1729 344 1777; x_wconf 78' lang='lat' dir='ltr'><strong>dam,</strong></span> <span class='ocrx_word' id='word_1_240' title='bbox 363 1741 463 1778; x_wconf 91' lang='lat' dir='ltr'><strong>quae</strong></span> <span class='ocrx_word' id='word_1_241' title='bbox 491 1729 560 1766; x_wconf 86' lang='lat' dir='ltr'><strong>fuit</strong></span> <span class='ocrx_word' id='word_1_242' title='bbox 587 1727 948 1778; x_wconf 84' lang='lat' dir='ltr'><strong>Pythagoricorum;</strong></span> <span class='ocrx_word' id='word_1_243' title='bbox 979 1728 1149 1765; x_wconf 89' lang='lat' dir='ltr'><strong>secundo</strong></span> <span class='ocrx_word' id='word_1_244' title='bbox 1179 1735 1311 1765; x_wconf 90' lang='lat' dir='ltr'><strong>contra</strong></span> 
     </span>
     <span class='ocr_line' id='line_1_34' title="bbox 238 1781 1310 1832; baseline -0.003 -11"><span class='ocrx_word' id='word_1_245' title='bbox 238 1781 400 1830; x_wconf 73' lang='lat' dir='ltr'><strong>tertiam,</strong></span> <span class='ocrx_word' id='word_1_246' title='bbox 419 1795 519 1832; x_wconf 90' lang='lat' dir='ltr'><strong>quae</strong></span> <span class='ocrx_word' id='word_1_247' title='bbox 547 1782 616 1819; x_wconf 88' lang='lat' dir='ltr'><strong>fuit</strong></span> <span class='ocrx_word' id='word_1_248' title='bbox 643 1781 898 1831; x_wconf 87' lang='lat' dir='ltr'><strong>Hippocratis,</strong></span> <span class='ocrx_word' id='word_1_249' title='bbox 922 1781 992 1819; x_wconf 90' lang='lat' dir='ltr'><strong>ibi:</strong></span> <span class='ocrx_word' id='word_1_250' title='bbox 1021 1782 1157 1818; x_wconf 86' lang='lat' dir='ltr'><strong>Adhuc</strong></span> <span class='ocrx_word' id='word_1_251' title='bbox 1183 1787 1310 1819; x_wconf 87' lang='lat' dir='ltr'><strong>autem</strong></span> 
     </span>
     <span class='ocr_line' id='line_1_35' title="bbox 237 1835 1312 1885; baseline -0.001 -12"><span class='ocrx_word' id='word_1_252' title='bbox 237 1836 273 1875; x_wconf 84' lang='lat' dir='ltr'><strong>si</strong></span> <span class='ocrx_word' id='word_1_253' title='bbox 292 1842 451 1885; x_wconf 79' lang='lat' dir='ltr'><strong>propter</strong></span> <span class='ocrx_word' id='word_1_254' title='bbox 466 1836 487 1858; x_wconf 75' lang='lat'><strong>&#39;¹‘</strong></span> <span class='ocrx_word' id='word_1_255' title='bbox 507 1844 594 1882; x_wconf 90' lang='lat' dir='ltr'><strong>etc.;</strong></span> <span class='ocrx_word' id='word_1_256' title='bbox 623 1836 732 1872; x_wconf 89' lang='lat' dir='ltr'><strong>tertio</strong></span> <span class='ocrx_word' id='word_1_257' title='bbox 762 1843 893 1873; x_wconf 89' lang='lat' dir='ltr'><strong>contra</strong></span> <span class='ocrx_word' id='word_1_258' title='bbox 920 1835 1099 1885; x_wconf 86' lang='lat' dir='ltr'><strong>primam,</strong></span> <span class='ocrx_word' id='word_1_259' title='bbox 1120 1847 1219 1883; x_wconf 92' lang='lat' dir='ltr'><strong>quae</strong></span> <span class='ocrx_word' id='word_1_260' title='bbox 1244 1835 1312 1872; x_wconf 86' lang='lat' dir='ltr'><strong>fuit</strong></span> 
     </span>
     <span class='ocr_line' id='line_1_36' title="bbox 239 1889 1310 1938; baseline -0.002 -10"><span class='ocrx_word' id='word_1_261' title='bbox 239 1889 450 1928; x_wconf 87' lang='lat' dir='ltr'><strong>Democriti</strong></span> <span class='ocrx_word' id='word_1_262' title='bbox 479 1897 515 1927; x_wconf 91' lang='lat' dir='ltr'><strong>et</strong></span> <span class='ocrx_word' id='word_1_263' title='bbox 542 1891 811 1938; x_wconf 80' lang='lat' dir='ltr'><strong>Anaxagorae,</strong></span> <span class='ocrx_word' id='word_1_264' title='bbox 841 1889 912 1926; x_wconf 92' lang='lat' dir='ltr'><strong>ibi:</strong></span> <span class='ocrx_word' id='word_1_265' title='bbox 947 1890 1158 1926; x_wconf 85' lang='lat' dir='ltr'><strong>Commune</strong></span> <span class='ocrx_word' id='word_1_266' title='bbox 1185 1895 1310 1926; x_wconf 87' lang='lat' dir='ltr'><strong>autem</strong></span> 
     </span>
     <span class='ocr_line' id='line_1_37' title="bbox 239 1943 504 1982; baseline -0.004 -1"><span class='ocrx_word' id='word_1_267' title='bbox 239 1949 276 1981; x_wconf 86' lang='lat' dir='ltr'><strong>et</strong></span> <span class='ocrx_word' id='word_1_268' title='bbox 301 1943 358 1982; x_wconf 85' lang='lat' dir='ltr'><strong>his</strong></span> <span class='ocrx_word' id='word_1_269' title='bbox 385 1943 405 1965; x_wconf 81' lang='lat'>*</span> <span class='ocrx_word' id='word_1_270' title='bbox 434 1950 504 1981; x_wconf 92' lang='lat' dir='ltr'><strong>etc.</strong></span> 
     </span>
    </p>

    <p class='ocr_par' dir='ltr' id='par_1_15' title="bbox 238 1995 1314 2151">
     <span class='ocr_line' id='line_1_38' title="bbox 295 1995 1311 2046; baseline -0.001 -12"><span class='ocrx_word' id='word_1_271' title='bbox 295 2008 331 2034; x_wconf 84' lang='lat'><strong>2.</strong></span> <span class='ocrx_word' id='word_1_272' title='bbox 349 1996 460 2034; x_wconf 88' lang='lat' dir='ltr'><strong>Circa</strong></span> <span class='ocrx_word' id='word_1_273' title='bbox 478 1995 678 2046; x_wconf 78' lang='lat' dir='ltr'><strong>primum*</strong></span> <span class='ocrx_word' id='word_1_274' title='bbox 696 1995 805 2046; x_wconf 89' lang='lat' dir='ltr'><strong>ponit</strong></span> <span class='ocrx_word' id='word_1_275' title='bbox 825 1995 920 2033; x_wconf 90' lang='lat' dir='ltr'><strong>duas</strong></span> <span class='ocrx_word' id='word_1_276' title='bbox 944 1995 1126 2034; x_wconf 90' lang='lat' dir='ltr'><strong>rationes:</strong></span> <span class='ocrx_word' id='word_1_277' title='bbox 1147 2008 1311 2045; x_wconf 91' lang='lat' dir='ltr'><strong>quarum</strong></span> 
     </span>
     <span class='ocr_line' id='line_1_39' title="bbox 238 2049 1312 2100; baseline -0.003 -12"><span class='ocrx_word' id='word_1_278' title='bbox 238 2050 363 2100; x_wconf 90' lang='lat' dir='ltr'><strong>prima</strong></span> <span class='ocrx_word' id='word_1_279' title='bbox 389 2050 472 2088; x_wconf 89' lang='lat' dir='ltr'><strong>talis</strong></span> <span class='ocrx_word' id='word_1_280' title='bbox 501 2058 567 2088; x_wconf 89' lang='lat' dir='ltr'><strong>est.</strong></span> <span class='ocrx_word' id='word_1_281' title='bbox 598 2050 749 2087; x_wconf 89' lang='lat' dir='ltr'><strong>Omnes</strong></span> <span class='ocrx_word' id='word_1_282' title='bbox 777 2050 904 2086; x_wconf 88' lang='lat' dir='ltr'><strong>stellae</strong></span> <span class='ocrx_word' id='word_1_283' title='bbox 940 2049 1120 2086; x_wconf 88' lang='lat' dir='ltr'><strong>erraticae</strong></span> <span class='ocrx_word' id='word_1_284' title='bbox 1154 2050 1312 2098; x_wconf 81' lang='lat' dir='ltr'><strong>subdefi-</strong></span> 
     </span>
     <span class='ocr_line' id='line_1_40' title="bbox 239 2103 1314 2151; baseline -0.002 -9"><span class='ocrx_word' id='word_1_285' title='bbox 239 2104 362 2151; x_wconf 83' lang='lat' dir='ltr'><strong>ciunt,</strong></span> <span class='ocrx_word' id='word_1_286' title='bbox 389 2103 486 2142; x_wconf 89' lang='lat' dir='ltr'><strong>idest</strong></span> <span class='ocrx_word' id='word_1_287' title='bbox 513 2110 720 2141; x_wconf 89' lang='lat' dir='ltr'><strong>moventur</strong></span> <span class='ocrx_word' id='word_1_288' title='bbox 747 2104 855 2151; x_wconf 89' lang='lat' dir='ltr'><strong>quasi</strong></span> <span class='ocrx_word' id='word_1_289' title='bbox 884 2103 1188 2151; x_wconf 90' lang='lat' dir='ltr'><strong>subdeficiendo,</strong></span> <span class='ocrx_word' id='word_1_290' title='bbox 1218 2103 1314 2141; x_wconf 88' lang='lat' dir='ltr'><strong>sicut</strong></span> 
     </span>
    </p>
   </div>
   <div class='ocr_carea' id='block_1_12' title="bbox 203 2157 1314 2207">
    <p class='ocr_par' dir='ltr' id='par_1_16' title="bbox 203 2157 1314 2207">
     <span class='ocr_line' id='line_1_41' title="bbox 203 2157 1314 2207; baseline -0.002 -11"><span class='ocrx_word' id='word_1_291' title='bbox 203 2179 210 2186; x_wconf 86' lang='lat'><strong>·</strong></span> <span class='ocrx_word' id='word_1_292' title='bbox 239 2157 455 2207; x_wconf 84' lang='lat' dir='ltr'><strong>expositum</strong></span> <span class='ocrx_word' id='word_1_293' title='bbox 485 2164 541 2195; x_wconf 95' lang='lat' dir='ltr'><strong>est</strong></span> <span class='ocrx_word' id='word_1_294' title='bbox 557 2157 590 2205; x_wconf 73' lang='lat'><strong>³¹⁶,</strong></span> <span class='ocrx_word' id='word_1_295' title='bbox 610 2157 650 2194; x_wconf 93' lang='lat' dir='ltr'><strong>in</strong></span> <span class='ocrx_word' id='word_1_296' title='bbox 679 2157 819 2194; x_wconf 90' lang='lat' dir='ltr'><strong>circulo</strong></span> <span class='ocrx_word' id='word_1_297' title='bbox 838 2157 1061 2194; x_wconf 88' lang='lat' dir='ltr'><strong>animalium</strong></span> <span class='ocrx_word' id='word_1_298' title='bbox 1087 2157 1152 2206; x_wconf 93' lang='lat' dir='ltr'><strong>qui</strong></span> <span class='ocrx_word' id='word_1_299' title='bbox 1180 2157 1314 2195; x_wconf 92' lang='lat' dir='ltr'><strong>dicitur</strong></span> 
     </span>
    </p>
   </div>
   <div class='ocr_carea' id='block_1_13' title="bbox 234 2210 1315 3223">
    <p class='ocr_par' dir='ltr' id='par_1_17' title="bbox 238 2210 1313 2636">
     <span class='ocr_line' id='line_1_42' title="bbox 238 2210 1312 2258; baseline -0.002 -8"><span class='ocrx_word' id='word_1_300' title='bbox 238 2211 440 2258; x_wconf 88' lang='lat' dir='ltr'><strong>zodiacus;</strong></span> <span class='ocrx_word' id='word_1_301' title='bbox 466 2211 535 2249; x_wconf 93' lang='lat' dir='ltr'><strong>sed</strong></span> <span class='ocrx_word' id='word_1_302' title='bbox 554 2211 662 2248; x_wconf 87' lang='lat' dir='ltr'><strong>multi</strong></span> <span class='ocrx_word' id='word_1_303' title='bbox 682 2218 856 2248; x_wconf 92' lang='lat' dir='ltr'><strong>cometae</strong></span> <span class='ocrx_word' id='word_1_304' title='bbox 874 2210 946 2248; x_wconf 90' lang='lat' dir='ltr'><strong>visi</strong></span> <span class='ocrx_word' id='word_1_305' title='bbox 972 2218 1061 2248; x_wconf 89' lang='lat' dir='ltr'><strong>sunt</strong></span> <span class='ocrx_word' id='word_1_306' title='bbox 1088 2218 1191 2248; x_wconf 89' lang='lat' dir='ltr'><strong>extra</strong></span> <span class='ocrx_word' id='word_1_307' title='bbox 1209 2211 1312 2248; x_wconf 88' lang='lat' dir='ltr'><strong>hunc</strong></span> 
     </span>
     <span class='ocr_line' id='line_1_43' title="bbox 240 2264 1311 2313; baseline -0.001 -11"><span class='ocrx_word' id='word_1_308' title='bbox 240 2264 444 2312; x_wconf 82' lang='lat' dir='ltr'><strong>circulum3</strong></span> <span class='ocrx_word' id='word_1_309' title='bbox 475 2277 565 2313; x_wconf 88' lang='lat' dir='ltr'><strong>ergo</strong></span> <span class='ocrx_word' id='word_1_310' title='bbox 594 2277 674 2302; x_wconf 90' lang='lat' dir='ltr'><strong>non</strong></span> <span class='ocrx_word' id='word_1_311' title='bbox 702 2277 840 2302; x_wconf 90' lang='lat' dir='ltr'><strong>omnes</strong></span> <span class='ocrx_word' id='word_1_312' title='bbox 869 2272 1044 2302; x_wconf 90' lang='lat' dir='ltr'><strong>cometae</strong></span> <span class='ocrx_word' id='word_1_313' title='bbox 1072 2272 1160 2301; x_wconf 87' lang='lat' dir='ltr'><strong>sunt</strong></span> <span class='ocrx_word' id='word_1_314' title='bbox 1184 2265 1311 2302; x_wconf 89' lang='lat' dir='ltr'><strong>stellae</strong></span> 
     </span>
     <span class='ocr_line' id='line_1_44' title="bbox 240 2317 1312 2366; baseline -0.001 -10"><span class='ocrx_word' id='word_1_315' title='bbox 240 2318 433 2356; x_wconf 89' lang='lat' dir='ltr'><strong>erraticae.</strong></span> <span class='ocrx_word' id='word_1_316' title='bbox 450 2340 474 2346; x_wconf 99' lang='lat'>-</span> <span class='ocrx_word' id='word_1_317' title='bbox 492 2318 672 2356; x_wconf 89' lang='lat' dir='ltr'><strong>Secunda</strong></span> <span class='ocrx_word' id='word_1_318' title='bbox 691 2318 786 2355; x_wconf 91' lang='lat' dir='ltr'><strong>ratio</strong></span> <span class='ocrx_word' id='word_1_319' title='bbox 806 2318 889 2356; x_wconf 90' lang='lat' dir='ltr'><strong>talis</strong></span> <span class='ocrx_word' id='word_1_320' title='bbox 905 2326 972 2355; x_wconf 90' lang='lat' dir='ltr'><strong>est.</strong></span> <span class='ocrx_word' id='word_1_321' title='bbox 993 2319 1118 2366; x_wconf 88' lang='lat' dir='ltr'><strong>Saepe</strong></span> <span class='ocrx_word' id='word_1_322' title='bbox 1132 2317 1205 2356; x_wconf 89' lang='lat' dir='ltr'><strong>visi</strong></span> <span class='ocrx_word' id='word_1_323' title='bbox 1224 2327 1312 2355; x_wconf 92' lang='lat' dir='ltr'><strong>sunt</strong></span> 
     </span>
     <span class='ocr_line' id='line_1_45' title="bbox 241 2371 1313 2421; baseline -0.001 -12"><span class='ocrx_word' id='word_1_324' title='bbox 241 2379 416 2419; x_wconf 84' lang='lat' dir='ltr'><strong>cometae</strong></span> <span class='ocrx_word' id='word_1_325' title='bbox 430 2378 448 2393; x_wconf 62' lang='grc' dir='ltr'><strong>α</strong></span> <span class='ocrx_word' id='word_1_326' title='bbox 461 2373 590 2421; x_wconf 89' lang='lat' dir='ltr'><strong>plures</strong></span> <span class='ocrx_word' id='word_1_327' title='bbox 604 2384 684 2409; x_wconf 91' lang='lat' dir='ltr'><strong>uno</strong></span> <span class='ocrx_word' id='word_1_328' title='bbox 699 2371 812 2409; x_wconf 90' lang='lat' dir='ltr'><strong>simul</strong></span> <span class='ocrx_word' id='word_1_329' title='bbox 828 2372 927 2409; x_wconf 88' lang='lat' dir='ltr'><strong>facti:</strong></span> <span class='ocrx_word' id='word_1_330' title='bbox 942 2384 1022 2409; x_wconf 90' lang='lat' dir='ltr'><strong>non</strong></span> <span class='ocrx_word' id='word_1_331' title='bbox 1036 2371 1147 2420; x_wconf 89' lang='lat' dir='ltr'><strong>igitur</strong></span> <span class='ocrx_word' id='word_1_332' title='bbox 1162 2379 1313 2409; x_wconf 88' lang='lat' dir='ltr'><strong>cometa</strong></span> 
     </span>
     <span class='ocr_line' id='line_1_46' title="bbox 241 2425 1311 2463; baseline -0.001 0"><span class='ocrx_word' id='word_1_333' title='bbox 241 2433 298 2463; x_wconf 92' lang='lat' dir='ltr'><strong>est</strong></span> <span class='ocrx_word' id='word_1_334' title='bbox 324 2438 402 2463; x_wconf 91' lang='lat' dir='ltr'><strong>una</strong></span> <span class='ocrx_word' id='word_1_335' title='bbox 430 2426 624 2462; x_wconf 90' lang='lat' dir='ltr'><strong>stellarum</strong></span> <span class='ocrx_word' id='word_1_336' title='bbox 654 2425 872 2463; x_wconf 90' lang='lat' dir='ltr'><strong>errantium.</strong></span> <span class='ocrx_word' id='word_1_337' title='bbox 894 2447 918 2454; x_wconf 96' lang='lat'>—</span> <span class='ocrx_word' id='word_1_338' title='bbox 941 2426 1090 2462; x_wconf 89' lang='lat' dir='ltr'><strong>Harum</strong></span> <span class='ocrx_word' id='word_1_339' title='bbox 1120 2425 1311 2463; x_wconf 91' lang='lat' dir='ltr'><strong>rationum</strong></span> 
     </span>
     <span class='ocr_line' id='line_1_47' title="bbox 239 2478 1312 2528; baseline -0.002 -11"><span class='ocrx_word' id='word_1_340' title='bbox 239 2479 365 2528; x_wconf 90' lang='lat' dir='ltr'><strong>prima</strong></span> <span class='ocrx_word' id='word_1_341' title='bbox 402 2487 458 2516; x_wconf 90' lang='lat' dir='ltr'><strong>est</strong></span> <span class='ocrx_word' id='word_1_342' title='bbox 491 2479 709 2516; x_wconf 90' lang='lat' dir='ltr'><strong>communis</strong></span> <span class='ocrx_word' id='word_1_343' title='bbox 738 2486 869 2516; x_wconf 91' lang='lat' dir='ltr'><strong>contra</strong></span> <span class='ocrx_word' id='word_1_344' title='bbox 906 2481 975 2516; x_wconf 89' lang='lat' dir='ltr'><strong>has</strong></span> <span class='ocrx_word' id='word_1_345' title='bbox 1004 2478 1225 2528; x_wconf 88' lang='lat' dir='ltr'><strong>opiniones:</strong></span> <span class='ocrx_word' id='word_1_346' title='bbox 1256 2491 1312 2516; x_wconf 87' lang='lat' dir='ltr'><strong>se-</strong></span> 
     </span>
     <span class='ocr_line' id='line_1_48' title="bbox 241 2532 1312 2582; baseline -0.001 -12"><span class='ocrx_word' id='word_1_347' title='bbox 241 2533 366 2574; x_wconf 90' lang='lat' dir='ltr'><strong>cunda</strong></span> <span class='ocrx_word' id='word_1_348' title='bbox 395 2540 451 2570; x_wconf 90' lang='lat' dir='ltr'><strong>est</strong></span> <span class='ocrx_word' id='word_1_349' title='bbox 477 2532 632 2582; x_wconf 88' lang='lat' dir='ltr'><strong>propria</strong></span> <span class='ocrx_word' id='word_1_350' title='bbox 652 2533 672 2555; x_wconf 71' lang='lat'><strong>³¹⁶</strong></span> <span class='ocrx_word' id='word_1_351' title='bbox 700 2541 832 2570; x_wconf 87' lang='lat' dir='ltr'><strong>contra</strong></span> <span class='ocrx_word' id='word_1_352' title='bbox 859 2532 1071 2570; x_wconf 89' lang='lat' dir='ltr'><strong>secundam</strong></span> <span class='ocrx_word' id='word_1_353' title='bbox 1101 2539 1137 2569; x_wconf 89' lang='lat' dir='ltr'><strong>et</strong></span> <span class='ocrx_word' id='word_1_354' title='bbox 1164 2532 1312 2570; x_wconf 89' lang='lat' dir='ltr'><strong>tertiam</strong></span> 
     </span>
     <span class='ocr_line' id='line_1_49' title="bbox 240 2586 477 2636; baseline 0.004 -13"><span class='ocrx_word' id='word_1_355' title='bbox 240 2586 477 2636; x_wconf 83' lang='lat' dir='ltr'><strong>opinionem.</strong></span> 
     </span>
    </p>

    <p class='ocr_par' dir='ltr' id='par_1_18' title="bbox 234 2639 1315 3223">
     <span class='ocr_line' id='line_1_50' title="bbox 247 2639 1314 2688; baseline -0.002 -11"><span class='ocrx_word' id='word_1_356' title='bbox 247 2642 249 2645; x_wconf 86' lang='grc'><strong>’</strong></span> <span class='ocrx_word' id='word_1_357' title='bbox 297 2641 332 2677; x_wconf 90' lang='grc'><strong>3.</strong></span> <span class='ocrx_word' id='word_1_358' title='bbox 362 2640 512 2678; x_wconf 90' lang='lat' dir='ltr'><strong>Deinde</strong></span> <span class='ocrx_word' id='word_1_359' title='bbox 551 2651 639 2676; x_wconf 88' lang='lat' dir='ltr'><strong>curn</strong></span> <span class='ocrx_word' id='word_1_360' title='bbox 678 2639 791 2677; x_wconf 91' lang='lat' dir='ltr'><strong>dicit:</strong></span> <span class='ocrx_word' id='word_1_361' title='bbox 821 2639 956 2676; x_wconf 83' lang='lat' dir='ltr'><strong>Adhuc</strong></span> <span class='ocrx_word' id='word_1_362' title='bbox 992 2644 1118 2675; x_wconf 87' lang='lat' dir='ltr'><strong>autem</strong></span> <span class='ocrx_word' id='word_1_363' title='bbox 1159 2640 1193 2676; x_wconf 84' lang='lat' dir='ltr'><strong>si</strong></span> <span class='ocrx_word' id='word_1_364' title='bbox 1221 2651 1314 2688; x_wconf 85' lang='lat' dir='ltr'><strong>pro-</strong></span> 
     </span>
     <span class='ocr_line' id='line_1_51' title="bbox 234 2691 1314 2742; baseline -0.002 -11"><span class='ocrx_word' id='word_1_365' title='bbox 234 2699 323 2742; x_wconf 83' lang='lat' dir='ltr'><strong>pter</strong></span> <span class='ocrx_word' id='word_1_366' title='bbox 341 2700 434 2740; x_wconf 89' lang='lat' dir='ltr'><strong>ete.,</strong></span> <span class='ocrx_word' id='word_1_367' title='bbox 463 2693 657 2742; x_wconf 89' lang='lat' dir='ltr'><strong>improbat</strong></span> <span class='ocrx_word' id='word_1_368' title='bbox 680 2692 906 2742; x_wconf 88' lang='lat' dir='ltr'><strong>opinionem</strong></span> <span class='ocrx_word' id='word_1_369' title='bbox 924 2692 945 2714; x_wconf 73' lang='lat'><strong>&#39;¹‘</strong></span> <span class='ocrx_word' id='word_1_370' title='bbox 970 2691 1216 2741; x_wconf 88' lang='lat' dir='ltr'><strong>Hippocratis</strong></span> <span class='ocrx_word' id='word_1_371' title='bbox 1244 2705 1314 2741; x_wconf 93' lang='lat' dir='ltr'><strong>per</strong></span> 
     </span>
     <span class='ocr_line' id='line_1_52' title="bbox 241 2745 1312 2798; baseline -0.002 -14"><span class='ocrx_word' id='word_1_372' title='bbox 241 2754 317 2785; x_wconf 90' lang='lat' dir='ltr'><strong>tres</strong></span> <span class='ocrx_word' id='word_1_373' title='bbox 336 2746 514 2784; x_wconf 85' lang='lat' dir='ltr'><strong>rationes.</strong></span> <span class='ocrx_word' id='word_1_374' title='bbox 542 2746 652 2783; x_wconf 90' lang='lat' dir='ltr'><strong>Circa</strong></span> <span class='ocrx_word' id='word_1_375' title='bbox 679 2759 845 2798; x_wconf 87' lang='lat' dir='ltr'><strong>quarum</strong></span> <span class='ocrx_word' id='word_1_376' title='bbox 873 2746 1039 2796; x_wconf 87' lang='lat' dir='ltr'><strong>primam</strong></span> <span class='ocrx_word' id='word_1_377' title='bbox 1070 2745 1160 2783; x_wconf 92' lang='lat' dir='ltr'><strong>dicit</strong></span> <span class='ocrx_word' id='word_1_378' title='bbox 1187 2746 1312 2796; x_wconf 89' lang='lat' dir='ltr'><strong>quod,</strong></span> 
     </span>
     <span class='ocr_line' id='line_1_53' title="bbox 242 2799 1313 2849; baseline -0.002 -11"><span class='ocrx_word' id='word_1_379' title='bbox 242 2800 273 2838; x_wconf 86' lang='lat' dir='ltr'><strong>si</strong></span> <span class='ocrx_word' id='word_1_380' title='bbox 301 2800 436 2849; x_wconf 91' lang='lat' dir='ltr'><strong>aliquis</strong></span> <span class='ocrx_word' id='word_1_381' title='bbox 463 2800 704 2849; x_wconf 82' lang='lat' dir='ltr'><strong>planetarum</strong></span> <span class='ocrx_word' id='word_1_382' title='bbox 728 2807 886 2849; x_wconf 92' lang='lat' dir='ltr'><strong>propter</strong></span> <span class='ocrx_word' id='word_1_383' title='bbox 913 2799 1180 2836; x_wconf 90' lang='lat' dir='ltr'><strong>refractionem</strong></span> <span class='ocrx_word' id='word_1_384' title='bbox 1207 2799 1313 2836; x_wconf 92' lang='lat' dir='ltr'><strong>visus</strong></span> 
     </span>
     <span class='ocr_line' id='line_1_54' title="bbox 241 2853 1315 2902; baseline -0.001 -11"><span class='ocrx_word' id='word_1_385' title='bbox 241 2854 358 2892; x_wconf 82' lang='lat' dir='ltr'><strong>habet</strong></span> <span class='ocrx_word' id='word_1_386' title='bbox 386 2865 553 2901; x_wconf 89' lang='lat' dir='ltr'><strong>comam,</strong></span> <span class='ocrx_word' id='word_1_387' title='bbox 583 2853 680 2890; x_wconf 90' lang='lat' dir='ltr'><strong>sicut</strong></span> <span class='ocrx_word' id='word_1_388' title='bbox 707 2853 798 2890; x_wconf 86' lang='lat' dir='ltr'><strong>dixit</strong></span> <span class='ocrx_word' id='word_1_389' title='bbox 826 2853 1092 2902; x_wconf 89' lang='lat' dir='ltr'><strong>Hippocrates,</strong></span> <span class='ocrx_word' id='word_1_390' title='bbox 1122 2861 1315 2902; x_wconf 78' lang='lat' dir='ltr'><strong>oponeret</strong></span> 
     </span>
     <span class='ocr_line' id='line_1_55' title="bbox 242 2902 1315 2958; baseline -0.002 -13"><span class='ocrx_word' id='word_1_391' title='bbox 242 2902 361 2958; x_wconf 74' lang='lat' dir='ltr'><strong>quod¹</strong></span> <span class='ocrx_word' id='word_1_392' title='bbox 385 2907 591 2955; x_wconf 91' lang='lat' dir='ltr'><strong>aliquando</strong></span> <span class='ocrx_word' id='word_1_393' title='bbox 637 2907 734 2944; x_wconf 90' lang='lat' dir='ltr'><strong>haec</strong></span> <span class='ocrx_word' id='word_1_394' title='bbox 771 2907 877 2944; x_wconf 89' lang='lat' dir='ltr'><strong>stella</strong></span> <span class='ocrx_word' id='word_1_395' title='bbox 921 2906 1077 2943; x_wconf 89' lang='lat' dir='ltr'><strong>erratica</strong></span> <span class='ocrx_word' id='word_1_396' title='bbox 1115 2914 1315 2955; x_wconf 86' lang='lat' dir='ltr'><strong>appareret</strong></span> 
     </span>
     <span class='ocr_line' id='line_1_56' title="bbox 242 2959 1314 3010; baseline -0.002 -12"><span class='ocrx_word' id='word_1_397' title='bbox 242 2961 323 2998; x_wconf 83' lang='lat' dir='ltr'><strong>sine</strong></span> <span class='ocrx_word' id='word_1_398' title='bbox 353 2973 476 2998; x_wconf 88' lang='lat' dir='ltr'><strong>coma.</strong></span> <span class='ocrx_word' id='word_1_399' title='bbox 503 2961 552 2998; x_wconf 92' lang='lat' dir='ltr'><strong>Et</strong></span> <span class='ocrx_word' id='word_1_400' title='bbox 579 2961 654 2998; x_wconf 90' lang='lat' dir='ltr'><strong>hoc</strong></span> <span class='ocrx_word' id='word_1_401' title='bbox 683 2960 783 3007; x_wconf 88' lang='lat' dir='ltr'><strong>ideo,</strong></span> <span class='ocrx_word' id='word_1_402' title='bbox 804 2960 893 3010; x_wconf 90' lang='lat' dir='ltr'><strong>quia</strong></span> <span class='ocrx_word' id='word_1_403' title='bbox 921 2973 1000 2997; x_wconf 86' lang='lat' dir='ltr'><strong>non</strong></span> <span class='ocrx_word' id='word_1_404' title='bbox 1027 2959 1170 3009; x_wconf 90' lang='lat' dir='ltr'><strong>ubique</strong></span> <span class='ocrx_word' id='word_1_405' title='bbox 1199 2960 1314 2997; x_wconf 89' lang='lat' dir='ltr'><strong>habet</strong></span> 
     </span>
     <span class='ocr_line' id='line_1_57' title="bbox 243 3013 1312 3061; baseline -0.002 -9"><span class='ocrx_word' id='word_1_406' title='bbox 243 3027 410 3061; x_wconf 90' lang='lat' dir='ltr'><strong>comam,</strong></span> <span class='ocrx_word' id='word_1_407' title='bbox 430 3022 472 3051; x_wconf 88' lang='lat' dir='ltr'><strong>ut</strong></span> <span class='ocrx_word' id='word_1_408' title='bbox 491 3013 635 3051; x_wconf 91' lang='lat' dir='ltr'><strong>dictum</strong></span> <span class='ocrx_word' id='word_1_409' title='bbox 656 3021 711 3051; x_wconf 92' lang='lat' dir='ltr'><strong>est</strong></span> <span class='ocrx_word' id='word_1_410' title='bbox 729 3013 760 3061; x_wconf 70' lang='lat'><strong>²¹²,</strong></span> <span class='ocrx_word' id='word_1_411' title='bbox 791 3013 859 3050; x_wconf 92' lang='lat' dir='ltr'><strong>sed</strong></span> <span class='ocrx_word' id='word_1_412' title='bbox 879 3015 1004 3050; x_wconf 89' lang='lat' dir='ltr'><strong>solum</strong></span> <span class='ocrx_word' id='word_1_413' title='bbox 1025 3026 1113 3050; x_wconf 90' lang='lat' dir='ltr'><strong>cum</strong></span> <span class='ocrx_word' id='word_1_414' title='bbox 1134 3021 1190 3050; x_wconf 89' lang='lat' dir='ltr'><strong>est</strong></span> <span class='ocrx_word' id='word_1_415' title='bbox 1210 3021 1312 3050; x_wconf 82' lang='lat' dir='ltr'><strong>extra</strong></span> 
     </span>
     <span class='ocr_line' id='line_1_58' title="bbox 242 3067 1312 3117; baseline -0.002 -12"><span class='ocrx_word' id='word_1_416' title='bbox 242 3068 430 3117; x_wconf 91' lang='lat' dir='ltr'><strong>tropicos,</strong></span> <span class='ocrx_word' id='word_1_417' title='bbox 468 3067 663 3105; x_wconf 88' lang='lat' dir='ltr'><strong>declinans</strong></span> <span class='ocrx_word' id='word_1_418' title='bbox 701 3067 750 3104; x_wconf 89' lang='lat' dir='ltr'><strong>ad</strong></span> <span class='ocrx_word' id='word_1_419' title='bbox 783 3067 1102 3116; x_wconf 89' lang='lat' dir='ltr'><strong>septentrionem:</strong></span> <span class='ocrx_word' id='word_1_420' title='bbox 1141 3067 1312 3104; x_wconf 90' lang='lat' dir='ltr'><strong>manide-</strong></span> 
     </span>
     <span class='ocr_line' id='line_1_59' title="bbox 242 3120 1313 3169; baseline -0.002 -11"><span class='ocrx_word' id='word_1_421' title='bbox 242 3122 381 3159; x_wconf 87' lang='lat' dir='ltr'><strong>festum</strong></span> <span class='ocrx_word' id='word_1_422' title='bbox 411 3129 467 3158; x_wconf 91' lang='lat' dir='ltr'><strong>est</strong></span> <span class='ocrx_word' id='word_1_423' title='bbox 494 3129 623 3158; x_wconf 91' lang='lat' dir='ltr'><strong>autem</strong></span> <span class='ocrx_word' id='word_1_424' title='bbox 653 3121 759 3169; x_wconf 92' lang='lat' dir='ltr'><strong>quod</strong></span> <span class='ocrx_word' id='word_1_425' title='bbox 789 3121 902 3158; x_wconf 91' lang='lat' dir='ltr'><strong>etiam</strong></span> <span class='ocrx_word' id='word_1_426' title='bbox 927 3121 966 3157; x_wconf 93' lang='lat' dir='ltr'><strong>in</strong></span> <span class='ocrx_word' id='word_1_427' title='bbox 995 3120 1074 3157; x_wconf 90' lang='lat' dir='ltr'><strong>aliis</strong></span> <span class='ocrx_word' id='word_1_428' title='bbox 1102 3120 1196 3157; x_wconf 92' lang='lat' dir='ltr'><strong>locis</strong></span> <span class='ocrx_word' id='word_1_429' title='bbox 1225 3121 1313 3157; x_wconf 91' lang='lat' dir='ltr'><strong>sub-</strong></span> 
     </span>
     <span class='ocr_line' id='line_1_60' title="bbox 241 3173 1315 3223; baseline -0.002 -11"><span class='ocrx_word' id='word_1_430' title='bbox 241 3175 332 3223; x_wconf 85' lang='lat' dir='ltr'><strong>ficit,</strong></span> <span class='ocrx_word' id='word_1_431' title='bbox 362 3175 471 3223; x_wconf 89' lang='lat' dir='ltr'><strong>quasi</strong></span> <span class='ocrx_word' id='word_1_432' title='bbox 491 3174 691 3212; x_wconf 86' lang='lat' dir='ltr'><strong>discedens</strong></span> <span class='ocrx_word' id='word_1_433' title='bbox 719 3187 742 3211; x_wconf 91' lang='lat' dir='ltr'><strong>a</strong></span> <span class='ocrx_word' id='word_1_434' title='bbox 761 3175 859 3220; x_wconf 90' lang='lat' dir='ltr'><strong>sole;</strong></span> <span class='ocrx_word' id='word_1_435' title='bbox 890 3182 926 3210; x_wconf 92' lang='lat' dir='ltr'><strong>et</strong></span> <span class='ocrx_word' id='word_1_436' title='bbox 951 3174 1001 3210; x_wconf 91' lang='lat' dir='ltr'><strong>ita</strong></span> <span class='ocrx_word' id='word_1_437' title='bbox 1029 3181 1180 3223; x_wconf 89' lang='lat' dir='ltr'><strong>oportet</strong></span> <span class='ocrx_word' id='word_1_438' title='bbox 1209 3173 1315 3222; x_wconf 92' lang='lat' dir='ltr'><strong>quod</strong></span> 
     </span>
    </p>
   </div>
   <div class='ocr_carea' id='block_1_14' title="bbox 2358 283 2428 319">
    <p class='ocr_par' dir='ltr' id='par_1_19' title="bbox 2358 283 2428 319">
     <span class='ocr_line' id='line_1_61' title="bbox 2358 283 2428 319; baseline -0.014 0"><span class='ocrx_word' id='word_1_439' title='bbox 2358 283 2428 319; x_wconf 84' lang='lat'><strong>351</strong></span> 
     </span>
    </p>
   </div>
   <div class='ocr_carea' id='block_1_15' title="bbox 1365 358 2435 488">
    <p class='ocr_par' dir='ltr' id='par_1_20' title="bbox 1365 358 2435 488">
     <span class='ocr_line' id='line_1_62' title="bbox 1365 358 2435 400; baseline 0.003 -11"><span class='ocrx_word' id='word_1_440' title='bbox 1365 359 1464 396; x_wconf 91' lang='lat' dir='ltr'><strong>Quod</strong></span> <span class='ocrx_word' id='word_1_441' title='bbox 1487 359 1619 400; x_wconf 91' lang='lat' dir='ltr'><strong>quidem</strong></span> <span class='ocrx_word' id='word_1_442' title='bbox 1641 358 1736 399; x_wconf 89' lang='lat' dir='ltr'><strong>igitur</strong></span> <span class='ocrx_word' id='word_1_443' title='bbox 1760 359 1859 390; x_wconf 85' lang='lat' dir='ltr'><strong>dictae</strong></span> <span class='ocrx_word' id='word_1_444' title='bbox 1884 359 1924 390; x_wconf 89' lang='lat' dir='ltr'><strong>de</strong></span> <span class='ocrx_word' id='word_1_445' title='bbox 1945 359 2020 400; x_wconf 89' lang='lat' dir='ltr'><strong>ipsis</strong></span> <span class='ocrx_word' id='word_1_446' title='bbox 2045 370 2156 391; x_wconf 85' lang='lat' dir='ltr'><strong>causae</strong></span> <span class='ocrx_word' id='word_1_447' title='bbox 2179 359 2274 391; x_wconf 88' lang='lat' dir='ltr'><strong>falsae</strong></span> <span class='ocrx_word' id='word_1_448' title='bbox 2298 360 2435 392; x_wconf 89' lang='lat' dir='ltr'><strong>existunt</strong></span> 
     </span>
     <span class='ocr_line' id='line_1_63' title="bbox 1432 404 2435 445; baseline 0.002 -11"><span class='ocrx_word' id='word_1_449' title='bbox 1432 410 1530 443; x_wconf 90' lang='lat' dir='ltr'><strong>entes,</strong></span> <span class='ocrx_word' id='word_1_450' title='bbox 1545 404 1571 434; x_wconf 91' lang='lat' dir='ltr'><strong>si</strong></span> <span class='ocrx_word' id='word_1_451' title='bbox 1594 413 1662 434; x_wconf 93' lang='lat' dir='ltr'><strong>non</strong></span> <span class='ocrx_word' id='word_1_452' title='bbox 1684 414 1741 444; x_wconf 92' lang='lat' dir='ltr'><strong>per</strong></span> <span class='ocrx_word' id='word_1_453' title='bbox 1759 404 1861 444; x_wconf 89' lang='lat' dir='ltr'><strong>plura,</strong></span> <span class='ocrx_word' id='word_1_454' title='bbox 1877 404 1932 434; x_wconf 92' lang='lat' dir='ltr'><strong>sed</strong></span> <span class='ocrx_word' id='word_1_455' title='bbox 1951 411 2058 435; x_wconf 90' lang='lat' dir='ltr'><strong>tamen</strong></span> <span class='ocrx_word' id='word_1_456' title='bbox 2074 414 2129 445; x_wconf 89' lang='lat' dir='ltr'><strong>per</strong></span> <span class='ocrx_word' id='word_1_457' title='bbox 2145 405 2222 435; x_wconf 90' lang='lat' dir='ltr'><strong>haec</strong></span> <span class='ocrx_word' id='word_1_458' title='bbox 2245 404 2435 436; x_wconf 87' lang='lat' dir='ltr'><strong>sufficienter</strong></span> 
     </span>
     <span class='ocr_line' id='line_1_64' title="bbox 1432 448 1618 488; baseline 0 -10"><span class='ocrx_word' id='word_1_459' title='bbox 1432 448 1539 488; x_wconf 81' lang='lat' dir='ltr'><strong>palam</strong></span> <span class='ocrx_word' id='word_1_460' title='bbox 1562 454 1618 479; x_wconf 91' lang='lat' dir='ltr'><strong>est.</strong></span> 
     </span>
    </p>
   </div>
   <div class='ocr_carea' id='block_1_16' title="bbox 1363 556 2433 1234">
    <p class='ocr_par' dir='ltr' id='par_1_21' title="bbox 1363 556 2433 1234">
     <span class='ocr_line' id='line_1_65' title="bbox 1363 556 2433 595; baseline 0.004 -11"><span class='ocrx_word' id='word_1_461' title='bbox 1363 556 1430 585; x_wconf 84' lang='lat' dir='ltr'><strong>loco</strong></span> <span class='ocrx_word' id='word_1_462' title='bbox 1452 557 1502 594; x_wconf 92' lang='lat' dir='ltr'><strong>qui</strong></span> <span class='ocrx_word' id='word_1_463' title='bbox 1523 557 1646 586; x_wconf 88' lang='lat' dir='ltr'><strong>declinat</strong></span> <span class='ocrx_word' id='word_1_464' title='bbox 1660 558 1698 586; x_wconf 91' lang='lat' dir='ltr'><strong>ad</strong></span> <span class='ocrx_word' id='word_1_465' title='bbox 1719 557 1955 595; x_wconf 85' lang='lat' dir='ltr'><strong>septentrionem.</strong></span> <span class='ocrx_word' id='word_1_466' title='bbox 1969 575 1990 579; x_wconf 91' lang='lat'><em>-</em></span> <span class='ocrx_word' id='word_1_467' title='bbox 2006 559 2032 586; x_wconf 90' lang='grc'><strong>5.</strong></span> <span class='ocrx_word' id='word_1_468' title='bbox 2048 560 2074 595; x_wconf 90' lang='lat' dir='ltr'><strong>c)</strong></span> <span class='ocrx_word' id='word_1_469' title='bbox 2089 558 2225 587; x_wconf 89' lang='lat' dir='ltr'><strong>Similiter</strong></span> <span class='ocrx_word' id='word_1_470' title='bbox 2245 569 2307 588; x_wconf 91' lang='lat' dir='ltr'><strong>non</strong></span> <span class='ocrx_word' id='word_1_471' title='bbox 2321 566 2364 588; x_wconf 93' lang='lat' dir='ltr'><strong>est</strong></span> <span class='ocrx_word' id='word_1_472' title='bbox 2384 569 2433 588; x_wconf 90' lang='lat' dir='ltr'><strong>ve-</strong></span> 
     </span>
     <span class='ocr_line' id='line_1_66' title="bbox 1364 597 2431 637; baseline 0.004 -13"><span class='ocrx_word' id='word_1_473' title='bbox 1364 606 1429 624; x_wconf 89' lang='lat' dir='ltr'><strong>rum</strong></span> <span class='ocrx_word' id='word_1_474' title='bbox 1444 597 1525 633; x_wconf 92' lang='lat' dir='ltr'><strong>quod</strong></span> <span class='ocrx_word' id='word_1_475' title='bbox 1538 607 1599 626; x_wconf 89' lang='lat' dir='ltr'><strong>non</strong></span> <span class='ocrx_word' id='word_1_476' title='bbox 1616 604 1754 634; x_wconf 89' lang='lat' dir='ltr'><strong>appareat</strong></span> <span class='ocrx_word' id='word_1_477' title='bbox 1768 604 1882 627; x_wconf 89' lang='lat' dir='ltr'><strong>cometa</strong></span> <span class='ocrx_word' id='word_1_478' title='bbox 1902 598 1958 626; x_wconf 90' lang='lat' dir='ltr'><strong>nisi</strong></span> <span class='ocrx_word' id='word_1_479' title='bbox 1971 598 2032 627; x_wconf 89' lang='lat' dir='ltr'><strong>sole</strong></span> <span class='ocrx_word' id='word_1_480' title='bbox 2046 598 2184 627; x_wconf 89' lang='lat' dir='ltr'><strong>existente</strong></span> <span class='ocrx_word' id='word_1_481' title='bbox 2198 599 2274 628; x_wconf 90' lang='lat' dir='ltr'><strong>circa</strong></span> <span class='ocrx_word' id='word_1_482' title='bbox 2287 599 2431 637; x_wconf 87' lang='lat' dir='ltr'><strong>tropicum</strong></span> 
     </span>
     <span class='ocr_line' id='line_1_67' title="bbox 1365 636 2432 677; baseline 0.003 -13"><span class='ocrx_word' id='word_1_483' title='bbox 1365 636 1478 665; x_wconf 89' lang='lat' dir='ltr'><strong>Cancri.</strong></span> <span class='ocrx_word' id='word_1_484' title='bbox 1495 653 1516 658; x_wconf 97' lang='lat'>-</span> <span class='ocrx_word' id='word_1_485' title='bbox 1530 637 1557 664; x_wconf 88' lang='lat'><strong>6.</strong></span> <span class='ocrx_word' id='word_1_486' title='bbox 1585 638 1717 672; x_wconf 85' lang='lat' dir='ltr'><strong>Quatuor</strong></span> <span class='ocrx_word' id='word_1_487' title='bbox 1738 638 1867 666; x_wconf 81' lang='lat' dir='ltr'><strong>rationes</strong></span> <span class='ocrx_word' id='word_1_488' title='bbox 1887 644 1991 667; x_wconf 84' lang='lat' dir='ltr'><strong>contra</strong></span> <span class='ocrx_word' id='word_1_489' title='bbox 2007 639 2138 676; x_wconf 77' lang='lat' dir='ltr'><strong>primam</strong></span> <span class='ocrx_word' id='word_1_490' title='bbox 2161 639 2334 677; x_wconf 86' lang='lat' dir='ltr'><strong>opinionem,</strong></span> <span class='ocrx_word' id='word_1_491' title='bbox 2357 649 2432 677; x_wconf 90' lang='lat' dir='ltr'><strong>quae</strong></span> 
     </span>
     <span class='ocr_line' id='line_1_68' title="bbox 1363 675 2432 713; baseline 0.004 -10"><span class='ocrx_word' id='word_1_492' title='bbox 1363 675 1416 703; x_wconf 89' lang='lat' dir='ltr'><strong>fuit</strong></span> <span class='ocrx_word' id='word_1_493' title='bbox 1436 677 1626 713; x_wconf 85' lang='lat' dir='ltr'><strong>Anaxagorae</strong></span> <span class='ocrx_word' id='word_1_494' title='bbox 1653 683 1682 705; x_wconf 92' lang='lat' dir='ltr'><strong>et</strong></span> <span class='ocrx_word' id='word_1_495' title='bbox 1702 678 1870 706; x_wconf 86' lang='lat' dir='ltr'><strong>Democriti.</strong></span> <span class='ocrx_word' id='word_1_496' title='bbox 1898 678 2000 706; x_wconf 85' lang='lat' dir='ltr'><strong>Prima</strong></span> <span class='ocrx_word' id='word_1_497' title='bbox 2028 679 2119 713; x_wconf 82' lang='lat' dir='ltr'><strong>ratio,</strong></span> <span class='ocrx_word' id='word_1_498' title='bbox 2145 679 2310 707; x_wconf 89' lang='lat' dir='ltr'><strong>communis</strong></span> <span class='ocrx_word' id='word_1_499' title='bbox 2331 686 2432 708; x_wconf 86' lang='lat' dir='ltr'><strong>contra</strong></span> 
     </span>
     <span class='ocr_line' id='line_1_69' title="bbox 1364 715 2431 754; baseline 0.005 -12"><span class='ocrx_word' id='word_1_500' title='bbox 1364 724 1467 743; x_wconf 89' lang='lat' dir='ltr'><strong>omnes</strong></span> <span class='ocrx_word' id='word_1_501' title='bbox 1488 715 1615 744; x_wconf 90' lang='lat' dir='ltr'><strong>dicentes</strong></span> <span class='ocrx_word' id='word_1_502' title='bbox 1636 724 1765 746; x_wconf 87' lang='lat' dir='ltr'><strong>cometas</strong></span> <span class='ocrx_word' id='word_1_503' title='bbox 1786 727 1848 746; x_wconf 90' lang='lat' dir='ltr'><strong>esse</strong></span> <span class='ocrx_word' id='word_1_504' title='bbox 1865 718 1960 746; x_wconf 89' lang='lat' dir='ltr'><strong>stellas</strong></span> <span class='ocrx_word' id='word_1_505' title='bbox 1974 718 2117 754; x_wconf 87' lang='lat' dir='ltr'><strong>erraticas,</strong></span> <span class='ocrx_word' id='word_1_506' title='bbox 2133 718 2256 749; x_wconf 89' lang='lat' dir='ltr'><strong>sumitur</strong></span> <span class='ocrx_word' id='word_1_507' title='bbox 2277 728 2311 747; x_wconf 88' lang='lat' dir='ltr'><strong>ex</strong></span> <span class='ocrx_word' id='word_1_508' title='bbox 2332 720 2431 747; x_wconf 88' lang='lat' dir='ltr'><strong>obser-</strong></span> 
     </span>
     <span class='ocr_line' id='line_1_70' title="bbox 1363 754 2433 796; baseline 0.005 -14"><span class='ocrx_word' id='word_1_509' title='bbox 1363 754 1528 783; x_wconf 90' lang='lat' dir='ltr'><strong>vationibus</strong></span> <span class='ocrx_word' id='word_1_510' title='bbox 1549 756 1758 792; x_wconf 87' lang='lat' dir='ltr'><strong>Aegyptiorum</strong></span> <span class='ocrx_word' id='word_1_511' title='bbox 1786 764 1814 786; x_wconf 91' lang='lat' dir='ltr'><strong>et</strong></span> <span class='ocrx_word' id='word_1_512' title='bbox 1834 757 1924 794; x_wconf 85' lang='lat' dir='ltr'><strong>ipsius</strong></span> <span class='ocrx_word' id='word_1_513' title='bbox 1944 758 2115 794; x_wconf 88' lang='lat' dir='ltr'><strong>Aristotelis,</strong></span> <span class='ocrx_word' id='word_1_514' title='bbox 2137 768 2172 787; x_wconf 89' lang='lat' dir='ltr'><strong>ex</strong></span> <span class='ocrx_word' id='word_1_515' title='bbox 2192 759 2298 796; x_wconf 91' lang='lat' dir='ltr'><strong>quibus</strong></span> <span class='ocrx_word' id='word_1_516' title='bbox 2319 765 2433 788; x_wconf 91' lang='lat' dir='ltr'><strong>constat</strong></span> 
     </span>
     <span class='ocr_line' id='line_1_71' title="bbox 1364 794 2430 836; baseline 0.006 -15"><span class='ocrx_word' id='word_1_517' title='bbox 1364 795 1445 831; x_wconf 92' lang='lat' dir='ltr'><strong>quod</strong></span> <span class='ocrx_word' id='word_1_518' title='bbox 1466 794 1553 822; x_wconf 88' lang='lat' dir='ltr'><strong>etiam</strong></span> <span class='ocrx_word' id='word_1_519' title='bbox 1568 796 1666 823; x_wconf 91' lang='lat' dir='ltr'><strong>stellae</strong></span> <span class='ocrx_word' id='word_1_520' title='bbox 1687 806 1748 824; x_wconf 90' lang='lat' dir='ltr'><strong>non</strong></span> <span class='ocrx_word' id='word_1_521' title='bbox 1763 804 1890 826; x_wconf 88' lang='lat' dir='ltr'><strong>errantes</strong></span> <span class='ocrx_word' id='word_1_522' title='bbox 1911 797 2056 834; x_wconf 90' lang='lat' dir='ltr'><strong>accipiunt</strong></span> <span class='ocrx_word' id='word_1_523' title='bbox 2076 807 2202 827; x_wconf 90' lang='lat' dir='ltr'><strong>comam.</strong></span> <span class='ocrx_word' id='word_1_524' title='bbox 2217 815 2236 819; x_wconf 96' lang='lat'>—</span> <span class='ocrx_word' id='word_1_525' title='bbox 2252 808 2279 836; x_wconf 95' lang='lat'><strong>7.</strong></span> <span class='ocrx_word' id='word_1_526' title='bbox 2295 799 2430 827; x_wconf 86' lang='lat' dir='ltr'><strong>Secunda</strong></span> 
     </span>
     <span class='ocr_line' id='line_1_72' title="bbox 1364 835 2432 876; baseline 0.005 -14"><span class='ocrx_word' id='word_1_527' title='bbox 1364 835 1449 863; x_wconf 85' lang='lat' dir='ltr'><strong>ratio.</strong></span> <span class='ocrx_word' id='word_1_528' title='bbox 1464 835 1575 863; x_wconf 88' lang='lat' dir='ltr'><strong>Omnes</strong></span> <span class='ocrx_word' id='word_1_529' title='bbox 1589 842 1720 864; x_wconf 89' lang='lat' dir='ltr'><strong>cornetae</strong></span> <span class='ocrx_word' id='word_1_530' title='bbox 1732 836 1782 873; x_wconf 89' lang='lat' dir='ltr'><strong>qui</strong></span> <span class='ocrx_word' id='word_1_531' title='bbox 1792 843 1923 873; x_wconf 89' lang='lat' dir='ltr'><strong>tempore</strong></span> <span class='ocrx_word' id='word_1_532' title='bbox 1937 838 2099 866; x_wconf 90' lang='lat' dir='ltr'><strong>Aristotelis</strong></span> <span class='ocrx_word' id='word_1_533' title='bbox 2114 838 2168 867; x_wconf 85' lang='lat' dir='ltr'><strong>visi</strong></span> <span class='ocrx_word' id='word_1_534' title='bbox 2181 845 2257 875; x_wconf 85' lang='lat' dir='ltr'><strong>sunt,</strong></span> <span class='ocrx_word' id='word_1_535' title='bbox 2268 838 2308 867; x_wconf 88' lang='lat' dir='ltr'><strong>ita</strong></span> <span class='ocrx_word' id='word_1_536' title='bbox 2322 839 2432 876; x_wconf 90' lang='lat' dir='ltr'><strong>absque</strong></span> 
     </span>
     <span class='ocr_line' id='line_1_73' title="bbox 1363 874 2431 915; baseline 0.005 -13"><span class='ocrx_word' id='word_1_537' title='bbox 1363 874 1648 911; x_wconf 88' lang='lat' dir='ltr'><strong>appropinquatione</strong></span> <span class='ocrx_word' id='word_1_538' title='bbox 1663 877 1700 903; x_wconf 91' lang='lat' dir='ltr'><strong>ad</strong></span> <span class='ocrx_word' id='word_1_539' title='bbox 1714 877 1806 904; x_wconf 90' lang='lat' dir='ltr'><strong>solem</strong></span> <span class='ocrx_word' id='word_1_540' title='bbox 1821 877 2031 914; x_wconf 89' lang='lat' dir='ltr'><strong>disparuerunt,</strong></span> <span class='ocrx_word' id='word_1_541' title='bbox 2046 879 2127 915; x_wconf 91' lang='lat' dir='ltr'><strong>quod</strong></span> <span class='ocrx_word' id='word_1_542' title='bbox 2146 888 2209 907; x_wconf 91' lang='lat' dir='ltr'><strong>non</strong></span> <span class='ocrx_word' id='word_1_543' title='bbox 2221 878 2360 907; x_wconf 89' lang='lat' dir='ltr'><strong>remansit</strong></span> <span class='ocrx_word' id='word_1_544' title='bbox 2380 888 2431 907; x_wconf 90' lang='lat' dir='ltr'><strong>ne-</strong></span> 
     </span>
     <span class='ocr_line' id='line_1_74' title="bbox 1364 914 2429 953; baseline 0.006 -12"><span class='ocrx_word' id='word_1_545' title='bbox 1364 923 1420 951; x_wconf 89' lang='lat' dir='ltr'><strong>que</strong></span> <span class='ocrx_word' id='word_1_546' title='bbox 1442 914 1528 942; x_wconf 92' lang='lat' dir='ltr'><strong>unius</strong></span> <span class='ocrx_word' id='word_1_547' title='bbox 1547 915 1644 943; x_wconf 89' lang='lat' dir='ltr'><strong>stellae</strong></span> <span class='ocrx_word' id='word_1_548' title='bbox 1659 924 1764 952; x_wconf 89' lang='lat' dir='ltr'><strong>corpus</strong></span> <span class='ocrx_word' id='word_1_549' title='bbox 1778 926 1873 953; x_wconf 87' lang='lat' dir='ltr'><strong>neque</strong></span> <span class='ocrx_word' id='word_1_550' title='bbox 1887 917 2022 953; x_wconf 88' lang='lat' dir='ltr'><strong>plurium.</strong></span> <span class='ocrx_word' id='word_1_551' title='bbox 2034 935 2054 939; x_wconf 94' lang='lat'>—</span> <span class='ocrx_word' id='word_1_552' title='bbox 2064 919 2144 947; x_wconf 90' lang='lat' dir='ltr'><strong>Haec</strong></span> <span class='ocrx_word' id='word_1_553' title='bbox 2157 918 2244 947; x_wconf 90' lang='lat' dir='ltr'><strong>etiam</strong></span> <span class='ocrx_word' id='word_1_554' title='bbox 2258 918 2332 947; x_wconf 86' lang='lat' dir='ltr'><strong>ratio</strong></span> <span class='ocrx_word' id='word_1_555' title='bbox 2348 927 2429 947; x_wconf 90' lang='lat' dir='ltr'><strong>com-</strong></span> 
     </span>
     <span class='ocr_line' id='line_1_75' title="bbox 1364 954 2432 995; baseline 0.005 -13"><span class='ocrx_word' id='word_1_556' title='bbox 1364 954 1461 982; x_wconf 87' lang='lat' dir='ltr'><strong>munis</strong></span> <span class='ocrx_word' id='word_1_557' title='bbox 1482 961 1539 982; x_wconf 88' lang='lat' dir='ltr'><strong>est:</strong></span> <span class='ocrx_word' id='word_1_558' title='bbox 1555 961 1583 983; x_wconf 89' lang='lat' dir='ltr'><strong>et</strong></span> <span class='ocrx_word' id='word_1_559' title='bbox 1597 964 1631 983; x_wconf 84' lang='lat' dir='ltr'><strong>ex</strong></span> <span class='ocrx_word' id='word_1_560' title='bbox 1645 954 1708 991; x_wconf 89' lang='lat' dir='ltr'><strong>ipsa</strong></span> <span class='ocrx_word' id='word_1_561' title='bbox 1721 962 1800 992; x_wconf 89' lang='lat' dir='ltr'><strong>patet</strong></span> <span class='ocrx_word' id='word_1_562' title='bbox 1814 966 1875 984; x_wconf 91' lang='lat' dir='ltr'><strong>non</strong></span> <span class='ocrx_word' id='word_1_563' title='bbox 1889 957 1975 986; x_wconf 90' lang='lat' dir='ltr'><strong>fuisse</strong></span> <span class='ocrx_word' id='word_1_564' title='bbox 1990 955 2137 986; x_wconf 89' lang='lat' dir='ltr'><strong>sufficiens</strong></span> <span class='ocrx_word' id='word_1_565' title='bbox 2151 959 2232 995; x_wconf 91' lang='lat' dir='ltr'><strong>quod</strong></span> <span class='ocrx_word' id='word_1_566' title='bbox 2247 958 2432 987; x_wconf 88' lang='lat' dir='ltr'><strong>Democritus</strong></span> 
     </span>
     <span class='ocr_line' id='line_1_76' title="bbox 1363 994 2431 1033; baseline 0.005 -11"><span class='ocrx_word' id='word_1_567' title='bbox 1363 994 1433 1022; x_wconf 85' lang='lat' dir='ltr'><strong>dixit</strong></span> <span class='ocrx_word' id='word_1_568' title='bbox 1447 995 1484 1023; x_wconf 93' lang='lat' dir='ltr'><strong>ad</strong></span> <span class='ocrx_word' id='word_1_569' title='bbox 1499 994 1730 1023; x_wconf 86' lang='lat' dir='ltr'><strong>confirmandam</strong></span> <span class='ocrx_word' id='word_1_570' title='bbox 1746 1005 1828 1024; x_wconf 89' lang='lat' dir='ltr'><strong>suam</strong></span> <span class='ocrx_word' id='word_1_571' title='bbox 1844 997 2023 1033; x_wconf 89' lang='lat' dir='ltr'><strong>opinionem.</strong></span> <span class='ocrx_word' id='word_1_572' title='bbox 2034 1014 2054 1018; x_wconf 76' lang='grc'>-</span> <span class='ocrx_word' id='word_1_573' title='bbox 2067 999 2096 1026; x_wconf 90' lang='grc'><strong>8.</strong></span> <span class='ocrx_word' id='word_1_574' title='bbox 2113 998 2212 1026; x_wconf 85' lang='lat' dir='ltr'><strong>Tertia</strong></span> <span class='ocrx_word' id='word_1_575' title='bbox 2227 999 2311 1026; x_wconf 85' lang='lat' dir='ltr'><strong>ratio.</strong></span> <span class='ocrx_word' id='word_1_576' title='bbox 2327 999 2431 1027; x_wconf 89' lang='lat' dir='ltr'><strong>Factae</strong></span> 
     </span>
     <span class='ocr_line' id='line_1_77' title="bbox 1363 1034 2431 1072; baseline 0.005 -10"><span class='ocrx_word' id='word_1_577' title='bbox 1363 1041 1431 1062; x_wconf 89' lang='lat' dir='ltr'><strong>sunt</strong></span> <span class='ocrx_word' id='word_1_578' title='bbox 1444 1034 1603 1072; x_wconf 85' lang='lat' dir='ltr'><strong>aliquando</strong></span> <span class='ocrx_word' id='word_1_579' title='bbox 1618 1035 1838 1064; x_wconf 89' lang='lat' dir='ltr'><strong>coniunctiones</strong></span> <span class='ocrx_word' id='word_1_580' title='bbox 1853 1037 1999 1065; x_wconf 88' lang='lat' dir='ltr'><strong>stellarum</strong></span> <span class='ocrx_word' id='word_1_581' title='bbox 2015 1038 2171 1066; x_wconf 90' lang='lat' dir='ltr'><strong>errantium</strong></span> <span class='ocrx_word' id='word_1_582' title='bbox 2186 1045 2215 1066; x_wconf 90' lang='lat' dir='ltr'><strong>et</strong></span> <span class='ocrx_word' id='word_1_583' title='bbox 2228 1038 2391 1067; x_wconf 86' lang='lat' dir='ltr'><strong>adinvicem</strong></span> <span class='ocrx_word' id='word_1_584' title='bbox 2403 1045 2431 1066; x_wconf 87' lang='lat' dir='ltr'><strong>et</strong></span> 
     </span>
     <span class='ocr_line' id='line_1_78' title="bbox 1363 1074 2431 1115; baseline 0.005 -13"><span class='ocrx_word' id='word_1_585' title='bbox 1363 1075 1401 1103; x_wconf 91' lang='lat' dir='ltr'><strong>ad</strong></span> <span class='ocrx_word' id='word_1_586' title='bbox 1422 1074 1517 1103; x_wconf 88' lang='lat' dir='ltr'><strong>stellas</strong></span> <span class='ocrx_word' id='word_1_587' title='bbox 1538 1075 1623 1109; x_wconf 86' lang='lat' dir='ltr'><strong>fixas,</strong></span> <span class='ocrx_word' id='word_1_588' title='bbox 1646 1084 1699 1103; x_wconf 91' lang='lat' dir='ltr'><strong>nec</strong></span> <span class='ocrx_word' id='word_1_589' title='bbox 1713 1082 1810 1103; x_wconf 88' lang='lat' dir='ltr'><strong>tamen</strong></span> <span class='ocrx_word' id='word_1_590' title='bbox 1831 1077 1963 1113; x_wconf 88' lang='lat' dir='ltr'><strong>apparuit</strong></span> <span class='ocrx_word' id='word_1_591' title='bbox 1977 1077 2079 1114; x_wconf 77' lang='lat' dir='ltr'><strong>aliquis</strong></span> <span class='ocrx_word' id='word_1_592' title='bbox 2094 1084 2217 1106; x_wconf 90' lang='lat' dir='ltr'><strong>cometa.</strong></span> <span class='ocrx_word' id='word_1_593' title='bbox 2232 1094 2252 1098; x_wconf 96' lang='lat'>-</span> <span class='ocrx_word' id='word_1_594' title='bbox 2269 1088 2296 1115; x_wconf 89' lang='lat'><strong>9.</strong></span> <span class='ocrx_word' id='word_1_595' title='bbox 2318 1079 2431 1113; x_wconf 84' lang='lat' dir='ltr'><strong>Quarta</strong></span> 
     </span>
     <span class='ocr_line' id='line_1_79' title="bbox 1364 1114 2432 1155; baseline 0.006 -14"><span class='ocrx_word' id='word_1_596' title='bbox 1364 1114 1448 1142; x_wconf 88' lang='lat' dir='ltr'><strong>ratio.</strong></span> <span class='ocrx_word' id='word_1_597' title='bbox 1471 1116 1549 1142; x_wconf 91' lang='lat' dir='ltr'><strong>Dum</strong></span> <span class='ocrx_word' id='word_1_598' title='bbox 1570 1115 1668 1143; x_wconf 89' lang='lat' dir='ltr'><strong>stellae</strong></span> <span class='ocrx_word' id='word_1_599' title='bbox 1689 1115 1849 1144; x_wconf 89' lang='lat' dir='ltr'><strong>adinvicem</strong></span> <span class='ocrx_word' id='word_1_600' title='bbox 1872 1117 2094 1154; x_wconf 88' lang='lat' dir='ltr'><strong>coniunguntur,</strong></span> <span class='ocrx_word' id='word_1_601' title='bbox 2109 1124 2258 1155; x_wconf 90' lang='lat' dir='ltr'><strong>nequeunt</strong></span> <span class='ocrx_word' id='word_1_602' title='bbox 2277 1118 2368 1146; x_wconf 89' lang='lat' dir='ltr'><strong>videri</strong></span> <span class='ocrx_word' id='word_1_603' title='bbox 2387 1127 2432 1147; x_wconf 90' lang='lat' dir='ltr'><strong>se-</strong></span> 
     </span>
     <span class='ocr_line' id='line_1_80' title="bbox 1364 1155 2430 1194; baseline 0.005 -12"><span class='ocrx_word' id='word_1_604' title='bbox 1364 1155 1492 1182; x_wconf 91' lang='lat' dir='ltr'><strong>cundum</strong></span> <span class='ocrx_word' id='word_1_605' title='bbox 1514 1161 1702 1191; x_wconf 87' lang='lat' dir='ltr'><strong>apparentem</strong></span> <span class='ocrx_word' id='word_1_606' title='bbox 1724 1156 1952 1192; x_wconf 85' lang='lat' dir='ltr'><strong>magnitudinem</strong></span> <span class='ocrx_word' id='word_1_607' title='bbox 1971 1157 2011 1185; x_wconf 86' lang='lat' dir='ltr'><strong>ita</strong></span> <span class='ocrx_word' id='word_1_608' title='bbox 2032 1157 2165 1193; x_wconf 91' lang='lat' dir='ltr'><strong>maiores,</strong></span> <span class='ocrx_word' id='word_1_609' title='bbox 2180 1164 2212 1186; x_wconf 90' lang='lat' dir='ltr'><strong>ut</strong></span> <span class='ocrx_word' id='word_1_610' title='bbox 2230 1167 2264 1186; x_wconf 89' lang='lat' dir='ltr'><strong>ex</strong></span> <span class='ocrx_word' id='word_1_611' title='bbox 2285 1164 2430 1194; x_wconf 88' lang='lat' dir='ltr'><strong>contactu,</strong></span> 
     </span>
     <span class='ocr_line' id='line_1_81' title="bbox 1364 1194 2335 1234; baseline 0.005 -12"><span class='ocrx_word' id='word_1_612' title='bbox 1364 1194 1448 1231; x_wconf 87' lang='lat' dir='ltr'><strong>quasi</strong></span> <span class='ocrx_word' id='word_1_613' title='bbox 1468 1201 1586 1231; x_wconf 90' lang='lat' dir='ltr'><strong>propter</strong></span> <span class='ocrx_word' id='word_1_614' title='bbox 1606 1201 1795 1231; x_wconf 87' lang='lat' dir='ltr'><strong>augmentum</strong></span> <span class='ocrx_word' id='word_1_615' title='bbox 1816 1196 1942 1232; x_wconf 88' lang='lat' dir='ltr'><strong>luminis,</strong></span> <span class='ocrx_word' id='word_1_616' title='bbox 1963 1204 2121 1234; x_wconf 88' lang='lat' dir='ltr'><strong>appareant</strong></span> <span class='ocrx_word' id='word_1_617' title='bbox 2142 1204 2283 1226; x_wconf 86' lang='lat' dir='ltr'><strong>comatae.</strong></span> <span class='ocrx_word' id='word_1_618' title='bbox 2331 1215 2335 1218; x_wconf 88' lang='lat'><strong>·</strong></span> 
     </span>
    </p>
   </div>
   <div class='ocr_carea' id='block_1_17' title="bbox 1363 1298 2435 3221">
    <p class='ocr_par' dir='ltr' id='par_1_22' title="bbox 1363 1298 2431 2045">
     <span class='ocr_line' id='line_1_82' title="bbox 1365 1298 2431 1347; baseline 0.006 -12"><span class='ocrx_word' id='word_1_619' title='bbox 1365 1298 1570 1347; x_wconf 90' lang='lat' dir='ltr'><strong>aliquando</strong></span> <span class='ocrx_word' id='word_1_620' title='bbox 1598 1299 1773 1337; x_wconf 90' lang='lat' dir='ltr'><strong>videatur</strong></span> <span class='ocrx_word' id='word_1_621' title='bbox 1809 1300 1891 1338; x_wconf 89' lang='lat' dir='ltr'><strong>sine</strong></span> <span class='ocrx_word' id='word_1_622' title='bbox 1920 1314 2044 1339; x_wconf 89' lang='lat' dir='ltr'><strong>coma.</strong></span> <span class='ocrx_word' id='word_1_623' title='bbox 2075 1303 2152 1340; x_wconf 92' lang='lat' dir='ltr'><strong>Sed</strong></span> <span class='ocrx_word' id='word_1_624' title='bbox 2187 1304 2288 1340; x_wconf 92' lang='lat' dir='ltr'><strong>nulla</strong></span> <span class='ocrx_word' id='word_1_625' title='bbox 2325 1305 2431 1342; x_wconf 91' lang='lat' dir='ltr'><strong>stella</strong></span> 
     </span>
     <span class='ocr_line' id='line_1_83' title="bbox 1363 1352 2430 1405; baseline 0.007 -17"><span class='ocrx_word' id='word_1_626' title='bbox 1363 1352 1448 1389; x_wconf 91' lang='lat' dir='ltr'><strong>visa</strong></span> <span class='ocrx_word' id='word_1_627' title='bbox 1467 1360 1524 1389; x_wconf 91' lang='lat' dir='ltr'><strong>est</strong></span> <span class='ocrx_word' id='word_1_628' title='bbox 1552 1352 1632 1389; x_wconf 90' lang='lat' dir='ltr'><strong>sine</strong></span> <span class='ocrx_word' id='word_1_629' title='bbox 1659 1365 1772 1390; x_wconf 92' lang='lat' dir='ltr'><strong>coma</strong></span> <span class='ocrx_word' id='word_1_630' title='bbox 1792 1366 1921 1391; x_wconf 89' lang='lat' dir='ltr'><strong>errans</strong></span> <span class='ocrx_word' id='word_1_631' title='bbox 1940 1363 2089 1404; x_wconf 91' lang='lat' dir='ltr'><strong>praeter</strong></span> <span class='ocrx_word' id='word_1_632' title='bbox 2117 1356 2286 1405; x_wconf 88' lang='lat' dir='ltr'><strong>quinque</strong></span> <span class='ocrx_word' id='word_1_633' title='bbox 2307 1358 2430 1395; x_wconf 91' lang='lat' dir='ltr'><strong>stellas</strong></span> 
     </span>
     <span class='ocr_line' id='line_1_84' title="bbox 1365 1405 2430 1460; baseline 0.006 -18"><span class='ocrx_word' id='word_1_634' title='bbox 1365 1418 1481 1455; x_wconf 92' lang='lat' dir='ltr'><strong>supra</strong></span> <span class='ocrx_word' id='word_1_635' title='bbox 1504 1405 1524 1427; x_wconf 78' lang='lat'><strong>’¹‘</strong></span> <span class='ocrx_word' id='word_1_636' title='bbox 1546 1406 1781 1454; x_wconf 90' lang='lat' dir='ltr'><strong>nominatas;</strong></span> <span class='ocrx_word' id='word_1_637' title='bbox 1811 1420 1909 1456; x_wconf 90' lang='lat' dir='ltr'><strong>quae</strong></span> <span class='ocrx_word' id='word_1_638' title='bbox 1938 1409 2171 1459; x_wconf 91' lang='lat' dir='ltr'><strong>quandoque</strong></span> <span class='ocrx_word' id='word_1_639' title='bbox 2201 1423 2337 1448; x_wconf 90' lang='lat' dir='ltr'><strong>omnes</strong></span> <span class='ocrx_word' id='word_1_640' title='bbox 2365 1423 2430 1460; x_wconf 91' lang='lat' dir='ltr'><strong>ap-</strong></span> 
     </span>
     <span class='ocr_line' id='line_1_85' title="bbox 1364 1459 2429 1510; baseline 0.006 -15"><span class='ocrx_word' id='word_1_641' title='bbox 1364 1466 1498 1508; x_wconf 90' lang='lat' dir='ltr'><strong>parent</strong></span> <span class='ocrx_word' id='word_1_642' title='bbox 1518 1459 1631 1496; x_wconf 88' lang='lat' dir='ltr'><strong>simul</strong></span> <span class='ocrx_word' id='word_1_643' title='bbox 1647 1461 1813 1498; x_wconf 89' lang='lat' dir='ltr'><strong>elevatae</strong></span> <span class='ocrx_word' id='word_1_644' title='bbox 1830 1462 1972 1510; x_wconf 78' lang='lat' dir='ltr'><strong>super*</strong></span> <span class='ocrx_word' id='word_1_645' title='bbox 1985 1462 2234 1510; x_wconf 87' lang='lat' dir='ltr'><strong>horizontem,</strong></span> <span class='ocrx_word' id='word_1_646' title='bbox 2253 1471 2288 1500; x_wconf 89' lang='lat' dir='ltr'><strong>et</strong></span> <span class='ocrx_word' id='word_1_647' title='bbox 2307 1464 2429 1501; x_wconf 91' lang='lat' dir='ltr'><strong>omni-</strong></span> 
     </span>
     <span class='ocr_line' id='line_1_86' title="bbox 1365 1512 2430 1563; baseline 0.006 -15"><span class='ocrx_word' id='word_1_648' title='bbox 1365 1513 1437 1549; x_wconf 91' lang='lat' dir='ltr'><strong>bus</strong></span> <span class='ocrx_word' id='word_1_649' title='bbox 1466 1512 1520 1549; x_wconf 91' lang='lat' dir='ltr'><strong>eis</strong></span> <span class='ocrx_word' id='word_1_650' title='bbox 1549 1513 1792 1551; x_wconf 88' lang='lat' dir='ltr'><strong>existentibus</strong></span> <span class='ocrx_word' id='word_1_651' title='bbox 1813 1527 1927 1563; x_wconf 91' lang='lat' dir='ltr'><strong>super</strong></span> <span class='ocrx_word' id='word_1_652' title='bbox 1955 1515 2206 1563; x_wconf 90' lang='lat' dir='ltr'><strong>horizontem,</strong></span> <span class='ocrx_word' id='word_1_653' title='bbox 2226 1517 2288 1554; x_wconf 89' lang='lat' dir='ltr'><strong>vel</strong></span> <span class='ocrx_word' id='word_1_654' title='bbox 2318 1517 2430 1554; x_wconf 87' lang='lat' dir='ltr'><strong>etiam</strong></span> 
     </span>
     <span class='ocr_line' id='line_1_87' title="bbox 1365 1566 2429 1618; baseline 0.005 -16"><span class='ocrx_word' id='word_1_655' title='bbox 1365 1566 1597 1614; x_wconf 89' lang='lat' dir='ltr'><strong>quibusdam</strong></span> <span class='ocrx_word' id='word_1_656' title='bbox 1619 1579 1751 1604; x_wconf 91' lang='lat' dir='ltr'><strong>earum</strong></span> <span class='ocrx_word' id='word_1_657' title='bbox 1772 1569 2041 1617; x_wconf 89' lang='lat' dir='ltr'><strong>apparentibus</strong></span> <span class='ocrx_word' id='word_1_658' title='bbox 2061 1582 2175 1618; x_wconf 91' lang='lat' dir='ltr'><strong>super</strong></span> <span class='ocrx_word' id='word_1_659' title='bbox 2189 1570 2429 1607; x_wconf 91' lang='lat' dir='ltr'><strong>horizontem</strong></span> 
     </span>
     <span class='ocr_line' id='line_1_88' title="bbox 1366 1619 2429 1671; baseline 0.005 -15"><span class='ocrx_word' id='word_1_660' title='bbox 1366 1627 1403 1656; x_wconf 92' lang='lat' dir='ltr'><strong>et</strong></span> <span class='ocrx_word' id='word_1_661' title='bbox 1430 1619 1661 1669; x_wconf 89' lang='lat' dir='ltr'><strong>quibusdam</strong></span> <span class='ocrx_word' id='word_1_662' title='bbox 1683 1621 1926 1658; x_wconf 88' lang='lat' dir='ltr'><strong>existentibus</strong></span> <span class='ocrx_word' id='word_1_663' title='bbox 1946 1635 2034 1659; x_wconf 91' lang='lat' dir='ltr'><strong>cum</strong></span> <span class='ocrx_word' id='word_1_664' title='bbox 2063 1624 2155 1671; x_wconf 89' lang='lat' dir='ltr'><strong>sole,</strong></span> <span class='ocrx_word' id='word_1_665' title='bbox 2186 1623 2429 1661; x_wconf 90' lang='lat' dir='ltr'><strong>nihilominus</strong></span> 
     </span>
     <span class='ocr_line' id='line_1_89' title="bbox 1366 1674 2428 1726; baseline 0.006 -17"><span class='ocrx_word' id='word_1_666' title='bbox 1366 1680 1552 1722; x_wconf 89' lang='lat' dir='ltr'><strong>apparent</strong></span> <span class='ocrx_word' id='word_1_667' title='bbox 1580 1682 1764 1711; x_wconf 87' lang='lat' dir='ltr'><strong>cometae.</strong></span> <span class='ocrx_word' id='word_1_668' title='bbox 1794 1676 1843 1712; x_wconf 92' lang='lat' dir='ltr'><strong>Et</strong></span> <span class='ocrx_word' id='word_1_669' title='bbox 1877 1674 1930 1712; x_wconf 92' lang='lat' dir='ltr'><strong>sic</strong></span> <span class='ocrx_word' id='word_1_670' title='bbox 1963 1675 2206 1713; x_wconf 87' lang='lat' dir='ltr'><strong>manifestum</strong></span> <span class='ocrx_word' id='word_1_671' title='bbox 2236 1684 2292 1714; x_wconf 90' lang='lat' dir='ltr'><strong>est</strong></span> <span class='ocrx_word' id='word_1_672' title='bbox 2325 1678 2428 1726; x_wconf 92' lang='lat' dir='ltr'><strong>quod</strong></span> 
     </span>
     <span class='ocr_line' id='line_1_90' title="bbox 1366 1729 2430 1778; baseline 0.005 -15"><span class='ocrx_word' id='word_1_673' title='bbox 1366 1739 1445 1764; x_wconf 88' lang='lat' dir='ltr'><strong>non</strong></span> <span class='ocrx_word' id='word_1_674' title='bbox 1474 1739 1628 1776; x_wconf 88' lang='lat' dir='ltr'><strong>semper</strong></span> <span class='ocrx_word' id='word_1_675' title='bbox 1647 1735 1798 1765; x_wconf 90' lang='lat' dir='ltr'><strong>cometa</strong></span> <span class='ocrx_word' id='word_1_676' title='bbox 1827 1736 1882 1765; x_wconf 89' lang='lat' dir='ltr'><strong>est</strong></span> <span class='ocrx_word' id='word_1_677' title='bbox 1908 1741 1985 1765; x_wconf 91' lang='lat' dir='ltr'><strong>una</strong></span> <span class='ocrx_word' id='word_1_678' title='bbox 2004 1729 2173 1778; x_wconf 88' lang='lat' dir='ltr'><strong>quinque</strong></span> <span class='ocrx_word' id='word_1_679' title='bbox 2202 1731 2394 1768; x_wconf 89' lang='lat' dir='ltr'><strong>stellarum</strong></span> <span class='ocrx_word' id='word_1_680' title='bbox 2413 1730 2430 1760; x_wconf 72' lang='grc' dir='ltr'><strong><em>β</em></strong></span> 
     </span>
     <span class='ocr_line' id='line_1_91' title="bbox 1367 1780 2430 1833; baseline 0.005 -17"><span class='ocrx_word' id='word_1_681' title='bbox 1367 1780 1585 1818; x_wconf 87' lang='lat' dir='ltr'><strong>errantium.</strong></span> <span class='ocrx_word' id='word_1_682' title='bbox 1616 1782 1665 1818; x_wconf 90' lang='lat' dir='ltr'><strong>Et</strong></span> <span class='ocrx_word' id='word_1_683' title='bbox 1693 1782 1795 1818; x_wconf 91' lang='lat' dir='ltr'><strong>nulla</strong></span> <span class='ocrx_word' id='word_1_684' title='bbox 1824 1790 1879 1819; x_wconf 91' lang='lat' dir='ltr'><strong>est</strong></span> <span class='ocrx_word' id='word_1_685' title='bbox 1915 1782 1987 1819; x_wconf 89' lang='lat' dir='ltr'><strong>alia</strong></span> <span class='ocrx_word' id='word_1_686' title='bbox 2021 1782 2102 1820; x_wconf 90' lang='lat' dir='ltr'><strong>sine</strong></span> <span class='ocrx_word' id='word_1_687' title='bbox 2136 1796 2249 1820; x_wconf 90' lang='lat' dir='ltr'><strong>coma</strong></span> <span class='ocrx_word' id='word_1_688' title='bbox 2281 1792 2430 1833; x_wconf 91' lang='lat' dir='ltr'><strong>praeter</strong></span> 
     </span>
     <span class='ocr_line' id='line_1_92' title="bbox 1366 1834 2430 1887; baseline 0.005 -17"><span class='ocrx_word' id='word_1_689' title='bbox 1366 1835 1447 1871; x_wconf 92' lang='lat' dir='ltr'><strong>has.</strong></span> <span class='ocrx_word' id='word_1_690' title='bbox 1469 1834 1571 1882; x_wconf 86' lang='lat' dir='ltr'><strong>Ergo</strong></span> <span class='ocrx_word' id='word_1_691' title='bbox 1588 1842 1737 1872; x_wconf 91' lang='lat' dir='ltr'><strong>cometa</strong></span> <span class='ocrx_word' id='word_1_692' title='bbox 1752 1847 1831 1872; x_wconf 90' lang='lat' dir='ltr'><strong>non</strong></span> <span class='ocrx_word' id='word_1_693' title='bbox 1851 1843 1906 1873; x_wconf 91' lang='lat' dir='ltr'><strong>est</strong></span> <span class='ocrx_word' id='word_1_694' title='bbox 1920 1837 2024 1873; x_wconf 90' lang='lat' dir='ltr'><strong>stella</strong></span> <span class='ocrx_word' id='word_1_695' title='bbox 2039 1849 2180 1884; x_wconf 89' lang='lat' dir='ltr'><strong>errans,</strong></span> <span class='ocrx_word' id='word_1_696' title='bbox 2197 1838 2430 1887; x_wconf 91' lang='lat' dir='ltr'><strong>quandoque</strong></span> 
     </span>
     <span class='ocr_line' id='line_1_93' title="bbox 1367 1887 2429 1939; baseline 0.004 -15"><span class='ocrx_word' id='word_1_697' title='bbox 1367 1887 1447 1924; x_wconf 90' lang='lat' dir='ltr'><strong>sine</strong></span> <span class='ocrx_word' id='word_1_698' title='bbox 1477 1900 1591 1925; x_wconf 89' lang='lat' dir='ltr'><strong>coma</strong></span> <span class='ocrx_word' id='word_1_699' title='bbox 1618 1901 1827 1938; x_wconf 87' lang='lat' dir='ltr'><strong>apparens:</strong></span> <span class='ocrx_word' id='word_1_700' title='bbox 1861 1890 1967 1939; x_wconf 92' lang='lat' dir='ltr'><strong>quod</strong></span> <span class='ocrx_word' id='word_1_701' title='bbox 1996 1898 2189 1939; x_wconf 88' lang='lat' dir='ltr'><strong>oporteret</strong></span> <span class='ocrx_word' id='word_1_702' title='bbox 2216 1891 2246 1927; x_wconf 90' lang='lat' dir='ltr'><strong>si</strong></span> <span class='ocrx_word' id='word_1_703' title='bbox 2276 1903 2429 1928; x_wconf 91' lang='lat' dir='ltr'><strong>comam</strong></span> 
     </span>
     <span class='ocr_line' id='line_1_94' title="bbox 1369 1940 2431 1993; baseline 0.004 -15"><span class='ocrx_word' id='word_1_704' title='bbox 1369 1953 1414 1978; x_wconf 87' lang='lat' dir='ltr'><strong>ex</strong></span> <span class='ocrx_word' id='word_1_705' title='bbox 1441 1941 1567 1990; x_wconf 91' lang='lat' dir='ltr'><strong>seipso</strong></span> <span class='ocrx_word' id='word_1_706' title='bbox 1585 1940 1671 1993; x_wconf 68' lang='lat' dir='ltr'><strong>{non</strong></span> <span class='ocrx_word' id='word_1_707' title='bbox 1696 1943 1864 1991; x_wconf 89' lang='lat' dir='ltr'><strong>haberet,</strong></span> <span class='ocrx_word' id='word_1_708' title='bbox 1887 1943 1955 1980; x_wconf 89' lang='lat' dir='ltr'><strong>sed</strong></span> <span class='ocrx_word' id='word_1_709' title='bbox 1984 1955 2028 1980; x_wconf 89' lang='lat' dir='ltr'><strong>ex</strong></span> <span class='ocrx_word' id='word_1_710' title='bbox 2052 1944 2179 1992; x_wconf 91' lang='lat' dir='ltr'><strong>aliquo</strong></span> <span class='ocrx_word' id='word_1_711' title='bbox 2199 1944 2284 1981; x_wconf 90' lang='lat' dir='ltr'><strong>loco</strong></span> <span class='ocrx_word' id='word_1_712' title='bbox 2309 1945 2431 1982; x_wconf 91' lang='lat' dir='ltr'><strong>deter—</strong></span> 
     </span>
     <span class='ocr_line' id='line_1_95' title="bbox 1368 1994 1855 2045; baseline 0.004 -14"><span class='ocrx_word' id='word_1_713' title='bbox 1368 1994 1526 2043; x_wconf 89' lang='lat' dir='ltr'><strong>minato,</strong></span> <span class='ocrx_word' id='word_1_714' title='bbox 1546 2003 1587 2032; x_wconf 91' lang='lat' dir='ltr'><strong>ut</strong></span> <span class='ocrx_word' id='word_1_715' title='bbox 1613 1995 1684 2045; x_wconf 88' lang='lat' dir='ltr'><strong>ipsi</strong></span> <span class='ocrx_word' id='word_1_716' title='bbox 1715 1996 1855 2034; x_wconf 90' lang='lat' dir='ltr'><strong>dicunt.</strong></span> 
     </span>
    </p>

    <p class='ocr_par' dir='ltr' id='par_1_23' title="bbox 1367 2049 2435 2687">
     <span class='ocr_line' id='line_1_96' title="bbox 1421 2049 2432 2098; baseline 0.002 -12"><span class='ocrx_word' id='word_1_717' title='bbox 1421 2060 1458 2095; x_wconf 90' lang='lat'><strong>4.</strong></span> <span class='ocrx_word' id='word_1_718' title='bbox 1481 2049 1700 2087; x_wconf 90' lang='lat' dir='ltr'><strong>Secundam</strong></span> <span class='ocrx_word' id='word_1_719' title='bbox 1729 2050 1916 2086; x_wconf 91' lang='lat' dir='ltr'><strong>rationem</strong></span> <span class='ocrx_word' id='word_1_720' title='bbox 1935 2049 1955 2071; x_wconf 78' lang='lat'><strong>&#39;¹‘</strong></span> <span class='ocrx_word' id='word_1_721' title='bbox 1973 2049 2082 2098; x_wconf 91' lang='lat' dir='ltr'><strong>ponit</strong></span> <span class='ocrx_word' id='word_1_722' title='bbox 2105 2050 2173 2087; x_wconf 88' lang='lat' dir='ltr'><strong>ibi:</strong></span> <span class='ocrx_word' id='word_1_723' title='bbox 2192 2051 2246 2087; x_wconf 86' lang='lat' dir='ltr'><strong>At</strong></span> <span class='ocrx_word' id='word_1_724' title='bbox 2260 2062 2351 2088; x_wconf 80' lang='lat' dir='ltr'><strong>vero</strong></span> <span class='ocrx_word' id='word_1_725' title='bbox 2371 2064 2432 2088; x_wconf 87' lang='lat' dir='ltr'><strong>ne-</strong></span> 
     </span>
     <span class='ocr_line' id='line_1_97' title="bbox 1368 2102 2433 2155; baseline 0.002 -16"><span class='ocrx_word' id='word_1_726' title='bbox 1368 2113 1440 2150; x_wconf 86' lang='lat' dir='ltr'><strong>que</strong></span> <span class='ocrx_word' id='word_1_727' title='bbox 1472 2103 1545 2139; x_wconf 83' lang='lat' dir='ltr'><strong>hoc</strong></span> <span class='ocrx_word' id='word_1_728' title='bbox 1567 2114 1700 2140; x_wconf 80' lang='lat' dir='ltr'><strong>verum</strong></span> <span class='ocrx_word' id='word_1_729' title='bbox 1722 2111 1790 2140; x_wconf 88' lang='lat' dir='ltr'><strong>etc.</strong></span> <span class='ocrx_word' id='word_1_730' title='bbox 1812 2104 1862 2140; x_wconf 92' lang='lat' dir='ltr'><strong>Et</strong></span> <span class='ocrx_word' id='word_1_731' title='bbox 1889 2102 1978 2140; x_wconf 87' lang='lat' dir='ltr'><strong>dicit</strong></span> <span class='ocrx_word' id='word_1_732' title='bbox 2001 2104 2105 2155; x_wconf 92' lang='lat' dir='ltr'><strong>quod</strong></span> <span class='ocrx_word' id='word_1_733' title='bbox 2124 2117 2203 2141; x_wconf 91' lang='lat' dir='ltr'><strong>non</strong></span> <span class='ocrx_word' id='word_1_734' title='bbox 2224 2112 2279 2141; x_wconf 91' lang='lat' dir='ltr'><strong>est</strong></span> <span class='ocrx_word' id='word_1_735' title='bbox 2296 2116 2433 2142; x_wconf 89' lang='lat' dir='ltr'><strong>verum</strong></span> 
     </span>
     <span class='ocr_line' id='line_1_98' title="bbox 1369 2155 2434 2206; baseline 0.003 -14"><span class='ocrx_word' id='word_1_736' title='bbox 1369 2155 1474 2204; x_wconf 91' lang='lat' dir='ltr'><strong>quod</strong></span> <span class='ocrx_word' id='word_1_737' title='bbox 1500 2163 1650 2193; x_wconf 87' lang='lat' dir='ltr'><strong>cometa</strong></span> <span class='ocrx_word' id='word_1_738' title='bbox 1678 2157 1745 2193; x_wconf 89' lang='lat' dir='ltr'><strong>fiat</strong></span> <span class='ocrx_word' id='word_1_739' title='bbox 1772 2157 1896 2193; x_wconf 88' lang='lat' dir='ltr'><strong>solum</strong></span> <span class='ocrx_word' id='word_1_740' title='bbox 1927 2156 1964 2194; x_wconf 92' lang='lat' dir='ltr'><strong>in</strong></span> <span class='ocrx_word' id='word_1_741' title='bbox 1992 2157 2078 2194; x_wconf 92' lang='lat' dir='ltr'><strong>loco</strong></span> <span class='ocrx_word' id='word_1_742' title='bbox 2107 2157 2171 2206; x_wconf 89' lang='lat' dir='ltr'><strong>qui</strong></span> <span class='ocrx_word' id='word_1_743' title='bbox 2197 2157 2358 2195; x_wconf 88' lang='lat' dir='ltr'><strong>declinat</strong></span> <span class='ocrx_word' id='word_1_744' title='bbox 2385 2159 2434 2196; x_wconf 89' lang='lat' dir='ltr'><strong>ad</strong></span> 
     </span>
     <span class='ocr_line' id='line_1_99' title="bbox 1368 2209 2434 2260; baseline 0.002 -14"><span class='ocrx_word' id='word_1_745' title='bbox 1368 2209 1666 2258; x_wconf 89' lang='lat' dir='ltr'><strong>septentrionem</strong></span> <span class='ocrx_word' id='word_1_746' title='bbox 1695 2215 1720 2256; x_wconf 74' lang='lat'><strong>⁷,</strong></span> <span class='ocrx_word' id='word_1_747' title='bbox 1751 2210 1826 2246; x_wconf 91' lang='lat' dir='ltr'><strong>hoc</strong></span> <span class='ocrx_word' id='word_1_748' title='bbox 1854 2210 1967 2247; x_wconf 89' lang='lat' dir='ltr'><strong>simul</strong></span> <span class='ocrx_word' id='word_1_749' title='bbox 2002 2211 2206 2248; x_wconf 88' lang='lat' dir='ltr'><strong>observato</strong></span> <span class='ocrx_word' id='word_1_750' title='bbox 2244 2211 2349 2260; x_wconf 91' lang='lat' dir='ltr'><strong>quod</strong></span> <span class='ocrx_word' id='word_1_751' title='bbox 2377 2212 2434 2248; x_wconf 94' lang='lat' dir='ltr'><strong>sol</strong></span> 
     </span>
     <span class='ocr_line' id='line_1_100' title="bbox 1367 2262 2434 2314; baseline 0.002 -15"><span class='ocrx_word' id='word_1_752' title='bbox 1367 2270 1457 2299; x_wconf 91' lang='lat' dir='ltr'><strong>tunc</strong></span> <span class='ocrx_word' id='word_1_753' title='bbox 1486 2262 1532 2300; x_wconf 94' lang='lat' dir='ltr'><strong>sit</strong></span> <span class='ocrx_word' id='word_1_754' title='bbox 1569 2263 1667 2300; x_wconf 90' lang='lat' dir='ltr'><strong>circa</strong></span> <span class='ocrx_word' id='word_1_755' title='bbox 1703 2263 1870 2312; x_wconf 85' lang='lat' dir='ltr'><strong>tropicos</strong></span> <span class='ocrx_word' id='word_1_756' title='bbox 1898 2263 2108 2311; x_wconf 89' lang='lat' dir='ltr'><strong>aestivales,</strong></span> <span class='ocrx_word' id='word_1_757' title='bbox 2139 2264 2247 2312; x_wconf 86' lang='lat' dir='ltr'><strong>quasi</strong></span> <span class='ocrx_word' id='word_1_758' title='bbox 2278 2264 2434 2314; x_wconf 89' lang='lat' dir='ltr'><strong>propin-</strong></span> 
     </span>
     <span class='ocr_line' id='line_1_101' title="bbox 1368 2315 2435 2366; baseline 0.003 -14"><span class='ocrx_word' id='word_1_759' title='bbox 1368 2315 1480 2364; x_wconf 88' lang='lat' dir='ltr'><strong>quius</strong></span> <span class='ocrx_word' id='word_1_760' title='bbox 1503 2317 1643 2354; x_wconf 88' lang='lat' dir='ltr'><strong>stellae.</strong></span> <span class='ocrx_word' id='word_1_761' title='bbox 1666 2316 1767 2363; x_wconf 87' lang='lat' dir='ltr'><strong>Quia</strong></span> <span class='ocrx_word' id='word_1_762' title='bbox 1786 2329 1948 2364; x_wconf 88' lang='lat' dir='ltr'><strong>magnus</strong></span> <span class='ocrx_word' id='word_1_763' title='bbox 1968 2325 2136 2354; x_wconf 88' lang='lat' dir='ltr'><strong>cometes</strong></span> <span class='ocrx_word' id='word_1_764' title='bbox 2157 2317 2221 2366; x_wconf 90' lang='lat' dir='ltr'><strong>qui</strong></span> <span class='ocrx_word' id='word_1_765' title='bbox 2239 2317 2359 2355; x_wconf 88' lang='lat' dir='ltr'><strong>factus</strong></span> <span class='ocrx_word' id='word_1_766' title='bbox 2379 2326 2435 2355; x_wconf 89' lang='lat' dir='ltr'><strong>est</strong></span> 
     </span>
     <span class='ocr_line' id='line_1_102' title="bbox 1368 2367 2434 2420; baseline 0.002 -14"><span class='ocrx_word' id='word_1_767' title='bbox 1368 2381 1415 2406; x_wconf 92' lang='lat' dir='ltr'><strong>eo</strong></span> <span class='ocrx_word' id='word_1_768' title='bbox 1435 2377 1610 2419; x_wconf 88' lang='lat' dir='ltr'><strong>tempore</strong></span> <span class='ocrx_word' id='word_1_769' title='bbox 1630 2382 1708 2418; x_wconf 91' lang='lat' dir='ltr'><strong>quo</strong></span> <span class='ocrx_word' id='word_1_770' title='bbox 1728 2370 1798 2406; x_wconf 87' lang='lat' dir='ltr'><strong>fuit</strong></span> <span class='ocrx_word' id='word_1_771' title='bbox 1821 2371 1940 2407; x_wconf 88' lang='lat' dir='ltr'><strong>factus</strong></span> <span class='ocrx_word' id='word_1_772' title='bbox 1960 2367 1973 2391; x_wconf 71' lang='grc' dir='ltr'><em>δ</em></span> <span class='ocrx_word' id='word_1_773' title='bbox 1992 2378 2243 2408; x_wconf 84' lang='lat' dir='ltr'><strong>terraemotus</strong></span> <span class='ocrx_word' id='word_1_774' title='bbox 2271 2384 2434 2420; x_wconf 91' lang='lat' dir='ltr'><strong>magnus</strong></span> 
     </span>
     <span class='ocr_line' id='line_1_103' title="bbox 1368 2423 2432 2472; baseline 0.002 -12"><span class='ocrx_word' id='word_1_775' title='bbox 1368 2423 1407 2460; x_wconf 92' lang='lat' dir='ltr'><strong>in</strong></span> <span class='ocrx_word' id='word_1_776' title='bbox 1431 2423 1578 2460; x_wconf 90' lang='lat' dir='ltr'><strong>Achaia</strong></span> <span class='ocrx_word' id='word_1_777' title='bbox 1606 2431 1642 2460; x_wconf 91' lang='lat' dir='ltr'><strong>et</strong></span> <span class='ocrx_word' id='word_1_778' title='bbox 1663 2424 1920 2472; x_wconf 86' lang='lat' dir='ltr'><strong>supergressio</strong></span> <span class='ocrx_word' id='word_1_779' title='bbox 1944 2424 2142 2471; x_wconf 90' lang='lat' dir='ltr'><strong>fluctuum,</strong></span> <span class='ocrx_word' id='word_1_780' title='bbox 2165 2433 2269 2461; x_wconf 92' lang='lat' dir='ltr'><strong>ortus</strong></span> <span class='ocrx_word' id='word_1_781' title='bbox 2298 2425 2365 2462; x_wconf 84' lang='lat' dir='ltr'><strong>fuit</strong></span> <span class='ocrx_word' id='word_1_782' title='bbox 2385 2426 2432 2462; x_wconf 91' lang='lat' dir='ltr'><strong>ab</strong></span> 
     </span>
     <span class='ocr_line' id='line_1_104' title="bbox 1369 2477 2435 2525; baseline 0.002 -12"><span class='ocrx_word' id='word_1_783' title='bbox 1369 2477 1569 2514; x_wconf 89' lang='lat' dir='ltr'><strong>occasibus</strong></span> <span class='ocrx_word' id='word_1_784' title='bbox 1593 2477 1947 2525; x_wconf 88' lang='lat' dir='ltr'><strong>aequinoctialibus:</strong></span> <span class='ocrx_word' id='word_1_785' title='bbox 1974 2484 2010 2514; x_wconf 90' lang='lat' dir='ltr'><strong>et</strong></span> <span class='ocrx_word' id='word_1_786' title='bbox 2028 2477 2078 2514; x_wconf 93' lang='lat' dir='ltr'><strong>ita</strong></span> <span class='ocrx_word' id='word_1_787' title='bbox 2106 2477 2350 2515; x_wconf 88' lang='lat' dir='ltr'><strong>manifestum</strong></span> <span class='ocrx_word' id='word_1_788' title='bbox 2380 2486 2435 2515; x_wconf 91' lang='lat' dir='ltr'><strong>est</strong></span> 
     </span>
     <span class='ocr_line' id='line_1_105' title="bbox 1369 2530 2434 2579; baseline 0.001 -12"><span class='ocrx_word' id='word_1_789' title='bbox 1369 2530 1475 2578; x_wconf 92' lang='lat' dir='ltr'><strong>quod</strong></span> <span class='ocrx_word' id='word_1_790' title='bbox 1504 2531 1571 2567; x_wconf 87' lang='lat' dir='ltr'><strong>fuit</strong></span> <span class='ocrx_word' id='word_1_791' title='bbox 1589 2530 1684 2567; x_wconf 90' lang='lat' dir='ltr'><strong>infra</strong></span> <span class='ocrx_word' id='word_1_792' title='bbox 1711 2530 1889 2579; x_wconf 91' lang='lat' dir='ltr'><strong>tropicos.</strong></span> <span class='ocrx_word' id='word_1_793' title='bbox 1911 2530 2054 2568; x_wconf 91' lang='lat' dir='ltr'><strong>Etiam</strong></span> <span class='ocrx_word' id='word_1_794' title='bbox 2084 2530 2197 2568; x_wconf 87' lang='lat' dir='ltr'><strong>etiam</strong></span> <span class='ocrx_word' id='word_1_795' title='bbox 2222 2532 2330 2568; x_wconf 87' lang='lat' dir='ltr'><strong>multi</strong></span> <span class='ocrx_word' id='word_1_796' title='bbox 2348 2531 2434 2568; x_wconf 89' lang='lat' dir='ltr'><strong>facti</strong></span> 
     </span>
     <span class='ocr_line' id='line_1_106' title="bbox 1370 2585 2432 2633; baseline 0.001 -12"><span class='ocrx_word' id='word_1_797' title='bbox 1370 2592 1457 2621; x_wconf 89' lang='lat' dir='ltr'><strong>sunt</strong></span> <span class='ocrx_word' id='word_1_798' title='bbox 1475 2585 1525 2622; x_wconf 93' lang='lat' dir='ltr'><strong>ad</strong></span> <span class='ocrx_word' id='word_1_799' title='bbox 1544 2591 1714 2621; x_wconf 89' lang='lat' dir='ltr'><strong>austrum</strong></span> <span class='ocrx_word' id='word_1_800' title='bbox 1733 2590 1755 2621; x_wconf 82' lang='lat'><strong>⁸.</strong></span> <span class='ocrx_word' id='word_1_801' title='bbox 1777 2585 1932 2621; x_wconf 89' lang='lat' dir='ltr'><strong>Falsum</strong></span> <span class='ocrx_word' id='word_1_802' title='bbox 1962 2592 2017 2621; x_wconf 90' lang='lat' dir='ltr'><strong>est</strong></span> <span class='ocrx_word' id='word_1_803' title='bbox 2046 2596 2135 2632; x_wconf 89' lang='lat' dir='ltr'><strong>ergo</strong></span> <span class='ocrx_word' id='word_1_804' title='bbox 2155 2585 2262 2633; x_wconf 94' lang='lat' dir='ltr'><strong>quod</strong></span> <span class='ocrx_word' id='word_1_805' title='bbox 2285 2585 2432 2632; x_wconf 90' lang='lat' dir='ltr'><strong>dicunt,</strong></span> 
     </span>
     <span class='ocr_line' id='line_1_107' title="bbox 1371 2637 2159 2687; baseline -0.001 -12"><span class='ocrx_word' id='word_1_806' title='bbox 1371 2637 1476 2687; x_wconf 90' lang='lat' dir='ltr'><strong>quod</strong></span> <span class='ocrx_word' id='word_1_807' title='bbox 1503 2638 1571 2675; x_wconf 91' lang='lat' dir='ltr'><strong>fiat</strong></span> <span class='ocrx_word' id='word_1_808' title='bbox 1597 2645 1746 2675; x_wconf 89' lang='lat' dir='ltr'><strong>tantum</strong></span> <span class='ocrx_word' id='word_1_809' title='bbox 1775 2638 1824 2675; x_wconf 92' lang='lat' dir='ltr'><strong>ad</strong></span> <span class='ocrx_word' id='word_1_810' title='bbox 1852 2637 2159 2687; x_wconf 91' lang='lat' dir='ltr'><strong>septentrionem.</strong></span> 
     </span>
    </p>

    <p class='ocr_par' dir='ltr' id='par_1_24' title="bbox 1367 2690 2435 3221">
     <span class='ocr_line' id='line_1_108' title="bbox 1430 2690 2435 2741; baseline 0 -13"><span class='ocrx_word' id='word_1_811' title='bbox 1430 2693 1462 2729; x_wconf 91' lang='lat'><strong>5.</strong></span> <span class='ocrx_word' id='word_1_812' title='bbox 1493 2690 1665 2728; x_wconf 88' lang='lat' dir='ltr'><strong>Tertiam</strong></span> <span class='ocrx_word' id='word_1_813' title='bbox 1705 2691 1891 2728; x_wconf 86' lang='lat' dir='ltr'><strong>rationem</strong></span> <span class='ocrx_word' id='word_1_814' title='bbox 1919 2691 2028 2740; x_wconf 91' lang='lat' dir='ltr'><strong>ponit</strong></span> <span class='ocrx_word' id='word_1_815' title='bbox 2063 2691 2130 2728; x_wconf 91' lang='lat' dir='ltr'><strong>ibi:</strong></span> <span class='ocrx_word' id='word_1_816' title='bbox 2164 2692 2435 2741; x_wconf 75' lang='lat' dir='ltr'><strong>Suhprincipe</strong></span> 
     </span>
     <span class='ocr_line' id='line_1_109' title="bbox 1369 2744 2434 2793; baseline 0 -12"><span class='ocrx_word' id='word_1_817' title='bbox 1369 2751 1495 2782; x_wconf 88' lang='lat' dir='ltr'><strong>autem</strong></span> <span class='ocrx_word' id='word_1_818' title='bbox 1517 2752 1585 2782; x_wconf 90' lang='lat' dir='ltr'><strong>etc.</strong></span> <span class='ocrx_word' id='word_1_819' title='bbox 1612 2745 1662 2781; x_wconf 91' lang='lat' dir='ltr'><strong>Et</strong></span> <span class='ocrx_word' id='word_1_820' title='bbox 1680 2744 1767 2786; x_wconf 86' lang='lat' dir='ltr'><strong>dicit</strong></span> <span class='ocrx_word' id='word_1_821' title='bbox 1785 2744 1891 2793; x_wconf 91' lang='lat' dir='ltr'><strong>quod</strong></span> <span class='ocrx_word' id='word_1_822' title='bbox 1914 2753 2087 2793; x_wconf 89' lang='lat' dir='ltr'><strong>tempore</strong></span> <span class='ocrx_word' id='word_1_823' title='bbox 2108 2744 2306 2782; x_wconf 89' lang='lat' dir='ltr'><strong>cuiusdam</strong></span> <span class='ocrx_word' id='word_1_824' title='bbox 2333 2745 2434 2793; x_wconf 92' lang='lat' dir='ltr'><strong>prin-</strong></span> 
     </span>
     <span class='ocr_line' id='line_1_110' title="bbox 1370 2797 2433 2848; baseline -0.001 -13"><span class='ocrx_word' id='word_1_825' title='bbox 1370 2798 1462 2848; x_wconf 91' lang='lat' dir='ltr'><strong>cipis</strong></span> <span class='ocrx_word' id='word_1_826' title='bbox 1489 2797 1793 2845; x_wconf 88' lang='lat' dir='ltr'><strong>Atheniensium,</strong></span> <span class='ocrx_word' id='word_1_827' title='bbox 1819 2798 1916 2835; x_wconf 89' lang='lat' dir='ltr'><strong>facta</strong></span> <span class='ocrx_word' id='word_1_828' title='bbox 1943 2798 2012 2835; x_wconf 87' lang='lat' dir='ltr'><strong>fuit</strong></span> <span class='ocrx_word' id='word_1_829' title='bbox 2039 2798 2144 2834; x_wconf 91' lang='lat' dir='ltr'><strong>stella</strong></span> <span class='ocrx_word' id='word_1_830' title='bbox 2172 2805 2333 2843; x_wconf 90' lang='lat' dir='ltr'><strong>cometa,</strong></span> <span class='ocrx_word' id='word_1_831' title='bbox 2354 2798 2433 2834; x_wconf 92' lang='lat' dir='ltr'><strong>sole</strong></span> 
     </span>
     <span class='ocr_line' id='line_1_111' title="bbox 1369 2851 2432 2907; baseline -0.001 -19"><span class='ocrx_word' id='word_1_832' title='bbox 1369 2852 1548 2888; x_wconf 87' lang='lat' dir='ltr'><strong>existente</strong></span> <span class='ocrx_word' id='word_1_833' title='bbox 1578 2851 1676 2888; x_wconf 90' lang='lat' dir='ltr'><strong>circa</strong></span> <span class='ocrx_word' id='word_1_834' title='bbox 1704 2851 1871 2907; x_wconf 84' lang='lat' dir='ltr'><strong>tropicos</strong></span> <span class='ocrx_word' id='word_1_835' title='bbox 1900 2851 2096 2897; x_wconf 88' lang='lat' dir='ltr'><strong>hiemales,</strong></span> <span class='ocrx_word' id='word_1_836' title='bbox 2117 2851 2214 2888; x_wconf 91' lang='lat' dir='ltr'><strong>idest</strong></span> <span class='ocrx_word' id='word_1_837' title='bbox 2243 2851 2341 2887; x_wconf 92' lang='lat' dir='ltr'><strong>circa</strong></span> <span class='ocrx_word' id='word_1_838' title='bbox 2361 2851 2432 2887; x_wconf 92' lang='lat' dir='ltr'><strong>Ca-</strong></span> 
     </span>
     <span class='ocr_line' id='line_1_112' title="bbox 1367 2903 2432 2954; baseline -0.002 -12"><span class='ocrx_word' id='word_1_839' title='bbox 1367 2906 1602 2954; x_wconf 88' lang='lat' dir='ltr'><strong>pricornum,</strong></span> <span class='ocrx_word' id='word_1_840' title='bbox 1624 2912 1661 2941; x_wconf 93' lang='lat' dir='ltr'><strong>et</strong></span> <span class='ocrx_word' id='word_1_841' title='bbox 1678 2905 1754 2941; x_wconf 93' lang='lat' dir='ltr'><strong>hoc</strong></span> <span class='ocrx_word' id='word_1_842' title='bbox 1782 2917 1913 2941; x_wconf 89' lang='lat' dir='ltr'><strong>mense</strong></span> <span class='ocrx_word' id='word_1_843' title='bbox 1944 2904 2174 2949; x_wconf 87' lang='lat' dir='ltr'><strong>Gamelione,</strong></span> <span class='ocrx_word' id='word_1_844' title='bbox 2196 2904 2292 2941; x_wconf 89' lang='lat' dir='ltr'><strong>idest</strong></span> <span class='ocrx_word' id='word_1_845' title='bbox 2309 2903 2329 2925; x_wconf 68' lang='lat'><strong>²¹⁵</strong></span> <span class='ocrx_word' id='word_1_846' title='bbox 2357 2905 2432 2940; x_wconf 90' lang='lat' dir='ltr'><strong>De-</strong></span> 
     </span>
     <span class='ocr_line' id='line_1_113' title="bbox 1369 2957 2432 3005; baseline -0.002 -10"><span class='ocrx_word' id='word_1_847' title='bbox 1369 2958 1514 2995; x_wconf 91' lang='lat' dir='ltr'><strong>cembri</strong></span> <span class='ocrx_word' id='word_1_848' title='bbox 1542 2959 1604 2995; x_wconf 90' lang='lat' dir='ltr'><strong>vel</strong></span> <span class='ocrx_word' id='word_1_849' title='bbox 1634 2958 1821 2995; x_wconf 89' lang='lat' dir='ltr'><strong>Ianuario.</strong></span> <span class='ocrx_word' id='word_1_850' title='bbox 1843 2959 1892 2994; x_wconf 90' lang='lat' dir='ltr'><strong>Et</strong></span> <span class='ocrx_word' id='word_1_851' title='bbox 1918 2958 1994 2994; x_wconf 94' lang='lat' dir='ltr'><strong>hoc</strong></span> <span class='ocrx_word' id='word_1_852' title='bbox 2011 2957 2162 2994; x_wconf 85' lang='lat' dir='ltr'><strong>videtur</strong></span> <span class='ocrx_word' id='word_1_853' title='bbox 2190 2969 2271 2993; x_wconf 89' lang='lat' dir='ltr'><strong>esse</strong></span> <span class='ocrx_word' id='word_1_854' title='bbox 2291 2957 2432 3005; x_wconf 89' lang='lat' dir='ltr'><strong>impos-</strong></span> 
     </span>
     <span class='ocr_line' id='line_1_114' title="bbox 1369 3010 2433 3059; baseline -0.003 -10"><span class='ocrx_word' id='word_1_855' title='bbox 1369 3012 1488 3059; x_wconf 90' lang='lat' dir='ltr'><strong>sibile,</strong></span> <span class='ocrx_word' id='word_1_856' title='bbox 1513 3012 1608 3048; x_wconf 91' lang='lat' dir='ltr'><strong>sicut</strong></span> <span class='ocrx_word' id='word_1_857' title='bbox 1636 3011 1750 3048; x_wconf 88' lang='lat' dir='ltr'><strong>etiam</strong></span> <span class='ocrx_word' id='word_1_858' title='bbox 1783 3011 1853 3059; x_wconf 91' lang='lat' dir='ltr'><strong>ipsi</strong></span> <span class='ocrx_word' id='word_1_859' title='bbox 1874 3010 2012 3057; x_wconf 91' lang='lat' dir='ltr'><strong>dicunt,</strong></span> <span class='ocrx_word' id='word_1_860' title='bbox 2038 3011 2144 3059; x_wconf 90' lang='lat' dir='ltr'><strong>quod</strong></span> <span class='ocrx_word' id='word_1_861' title='bbox 2167 3011 2234 3047; x_wconf 91' lang='lat' dir='ltr'><strong>fiat</strong></span> <span class='ocrx_word' id='word_1_862' title='bbox 2256 3017 2358 3046; x_wconf 90' lang='lat' dir='ltr'><strong>tanta</strong></span> <span class='ocrx_word' id='word_1_863' title='bbox 2377 3023 2433 3046; x_wconf 89' lang='lat' dir='ltr'><strong>re-</strong></span> 
     </span>
     <span class='ocr_line' id='line_1_115' title="bbox 1369 3063 2433 3112; baseline -0.003 -10"><span class='ocrx_word' id='word_1_864' title='bbox 1369 3065 1498 3102; x_wconf 87' lang='lat' dir='ltr'><strong>fractio</strong></span> <span class='ocrx_word' id='word_1_865' title='bbox 1527 3065 1632 3102; x_wconf 89' lang='lat' dir='ltr'><strong>visus</strong></span> <span class='ocrx_word' id='word_1_866' title='bbox 1661 3064 1778 3101; x_wconf 88' lang='lat' dir='ltr'><strong>nostri</strong></span> <span class='ocrx_word' id='word_1_867' title='bbox 1806 3064 1854 3101; x_wconf 87' lang='lat' dir='ltr'><strong>ad</strong></span> <span class='ocrx_word' id='word_1_868' title='bbox 1883 3064 2016 3110; x_wconf 88' lang='lat' dir='ltr'><strong>solem,</strong></span> <span class='ocrx_word' id='word_1_869' title='bbox 2037 3071 2193 3112; x_wconf 92' lang='lat' dir='ltr'><strong>propter</strong></span> <span class='ocrx_word' id='word_1_870' title='bbox 2219 3063 2433 3100; x_wconf 88' lang='lat' dir='ltr'><strong>distantiam</strong></span> 
     </span>
     <span class='ocr_line' id='line_1_116' title="bbox 1370 3116 2431 3166; baseline -0.003 -11"><span class='ocrx_word' id='word_1_871' title='bbox 1370 3119 1451 3155; x_wconf 89' lang='lat' dir='ltr'><strong>eius</strong></span> <span class='ocrx_word' id='word_1_872' title='bbox 1480 3131 1579 3166; x_wconf 91' lang='lat' dir='ltr'><strong>quae</strong></span> <span class='ocrx_word' id='word_1_873' title='bbox 1609 3125 1664 3154; x_wconf 89' lang='lat' dir='ltr'><strong>est</strong></span> <span class='ocrx_word' id='word_1_874' title='bbox 1691 3125 1780 3153; x_wconf 91' lang='lat' dir='ltr'><strong>tunc</strong></span> <span class='ocrx_word' id='word_1_875' title='bbox 1799 3116 1983 3165; x_wconf 91' lang='lat' dir='ltr'><strong>temporis</strong></span> <span class='ocrx_word' id='word_1_876' title='bbox 2003 3116 2051 3154; x_wconf 91' lang='lat' dir='ltr'><strong>de</strong></span> <span class='ocrx_word' id='word_1_877' title='bbox 2079 3123 2190 3153; x_wconf 94' lang='lat' dir='ltr'><strong>nocte</strong></span> <span class='ocrx_word' id='word_1_878' title='bbox 2220 3116 2269 3153; x_wconf 92' lang='lat' dir='ltr'><strong>ad</strong></span> <span class='ocrx_word' id='word_1_879' title='bbox 2297 3117 2431 3162; x_wconf 87' lang='lat' dir='ltr'><strong>solem,</strong></span> 
     </span>
     <span class='ocr_line' id='line_1_117' title="bbox 1370 3169 2433 3221; baseline -0.003 -12"><span class='ocrx_word' id='word_1_880' title='bbox 1370 3180 1407 3209; x_wconf 90' lang='lat' dir='ltr'><strong>et</strong></span> <span class='ocrx_word' id='word_1_881' title='bbox 1433 3179 1589 3221; x_wconf 91' lang='lat' dir='ltr'><strong>propter</strong></span> <span class='ocrx_word' id='word_1_882' title='bbox 1617 3170 1918 3218; x_wconf 90' lang='lat' dir='ltr'><strong>magnitudinem</strong></span> <span class='ocrx_word' id='word_1_883' title='bbox 1944 3169 1957 3195; x_wconf 70' lang='grc' dir='ltr'><strong>ζ</strong></span> <span class='ocrx_word' id='word_1_884' title='bbox 1983 3169 2185 3206; x_wconf 89' lang='lat' dir='ltr'><strong>decisionis</strong></span> <span class='ocrx_word' id='word_1_885' title='bbox 2214 3169 2339 3206; x_wconf 90' lang='lat' dir='ltr'><strong>circuli</strong></span> <span class='ocrx_word' id='word_1_886' title='bbox 2369 3169 2433 3218; x_wconf 92' lang='lat' dir='ltr'><strong>qui</strong></span> 
     </span>
    </p>
   </div>
   <div class='ocr_carea' id='block_1_18' title="bbox 946 3269 1667 3274">
    <p class='ocr_par' dir='ltr' id='par_1_25' title="bbox 946 3269 1667 3274">
     <span class='ocr_line' id='line_1_118' title="bbox 946 3269 1667 3274; baseline 0 0"><span class='ocrx_word' id='word_1_887' title='bbox 946 3269 1667 3274; x_wconf 95' lang='lat' dir='ltr'><strong> </strong></span> 
     </span>
    </p>
   </div>
   <div class='ocr_carea' id='block_1_19' title="bbox 238 3331 1315 3685">
    <p class='ocr_par' dir='ltr' id='par_1_26' title="bbox 238 3331 1315 3650">
     <span class='ocr_line' id='line_1_119' title="bbox 298 3331 1312 3367; baseline -0.003 -9"><span class='ocrx_word' id='word_1_888' title='bbox 298 3332 326 3367; x_wconf 88' lang='grc' dir='ltr'><strong>α)</strong></span> <span class='ocrx_word' id='word_1_889' title='bbox 345 3336 472 3358; x_wconf 86' lang='lat' dir='ltr'><strong>cometae.</strong></span> <span class='ocrx_word' id='word_1_890' title='bbox 485 3332 640 3364; x_wconf 81' lang='lat' dir='ltr'><strong>-planetae</strong></span> <span class='ocrx_word' id='word_1_891' title='bbox 654 3332 707 3356; x_wconf 86' lang='lat' dir='ltr'><strong>AB.</strong></span> <span class='ocrx_word' id='word_1_892' title='bbox 719 3345 738 3350; x_wconf 92' lang='lat'>-</span> <span class='ocrx_word' id='word_1_893' title='bbox 752 3331 815 3356; x_wconf 88' lang='lat' dir='ltr'><strong>Post</strong></span> <span class='ocrx_word' id='word_1_894' title='bbox 833 3339 912 3355; x_wconf 89' lang='lat' dir='ltr'><strong>unam</strong></span> <span class='ocrx_word' id='word_1_895' title='bbox 926 3332 969 3356; x_wconf 89' lang='lat' dir='ltr'><strong>lin.</strong></span> <span class='ocrx_word' id='word_1_896' title='bbox 984 3339 1032 3364; x_wconf 89' lang='lat' dir='ltr'><strong>pro</strong></span> <span class='ocrx_word' id='word_1_897' title='bbox 1044 3331 1191 3356; x_wconf 84' lang='lat' dir='ltr'><strong>communis</strong></span> <span class='ocrx_word' id='word_1_898' title='bbox 1209 3335 1312 3359; x_wconf 83' lang='lat' dir='ltr'><strong>contra,</strong></span> 
     </span>
     <span class='ocr_line' id='line_1_120' title="bbox 243 3366 1314 3398; baseline -0.003 -5"><span class='ocrx_word' id='word_1_899' title='bbox 243 3371 338 3394; x_wconf 83' lang='lat' dir='ltr'><strong>contra</strong></span> <span class='ocrx_word' id='word_1_900' title='bbox 352 3375 443 3392; x_wconf 86' lang='lat' dir='ltr'><strong>omnes</strong></span> <span class='ocrx_word' id='word_1_901' title='bbox 456 3368 488 3391; x_wconf 92' lang='lat' dir='ltr'><strong>A.</strong></span> <span class='ocrx_word' id='word_1_902' title='bbox 501 3381 521 3386; x_wconf 88' lang='lat'><em>-</em></span> <span class='ocrx_word' id='word_1_903' title='bbox 533 3367 569 3392; x_wconf 87' lang='lat' dir='ltr'><strong>lbi</strong></span> <span class='ocrx_word' id='word_1_904' title='bbox 583 3370 680 3392; x_wconf 85' lang='lat' dir='ltr'><strong>contra</strong></span> <span class='ocrx_word' id='word_1_905' title='bbox 691 3367 836 3392; x_wconf 82' lang='lat' dir='ltr'><strong>secundam</strong></span> <span class='ocrx_word' id='word_1_906' title='bbox 851 3369 878 3391; x_wconf 84' lang='lat' dir='ltr'><strong>et</strong></span> <span class='ocrx_word' id='word_1_907' title='bbox 890 3366 1006 3396; x_wconf 76' lang='lat' dir='ltr'><strong>tertiam,</strong></span> <span class='ocrx_word' id='word_1_908' title='bbox 1022 3367 1098 3391; x_wconf 88' lang='lat' dir='ltr'><strong>codd.</strong></span> <span class='ocrx_word' id='word_1_909' title='bbox 1112 3371 1138 3390; x_wconf 89' lang='lat' dir='ltr'><strong>et</strong></span> <span class='ocrx_word' id='word_1_910' title='bbox 1152 3366 1210 3390; x_wconf 87' lang='lat' dir='ltr'><strong>edd.</strong></span> <span class='ocrx_word' id='word_1_911' title='bbox 1226 3367 1314 3398; x_wconf 87' lang='lat' dir='ltr'><strong>legunt</strong></span> 
     </span>
     <span class='ocr_line' id='line_1_121' title="bbox 243 3401 1315 3435; baseline -0.003 -7"><span class='ocrx_word' id='word_1_912' title='bbox 243 3406 339 3429; x_wconf 88' lang='lat' dir='ltr'><strong>contra</strong></span> <span class='ocrx_word' id='word_1_913' title='bbox 354 3403 473 3435; x_wconf 85' lang='lat' dir='ltr'><strong>primam</strong></span> <span class='ocrx_word' id='word_1_914' title='bbox 492 3406 519 3427; x_wconf 88' lang='lat' dir='ltr'><strong>et</strong></span> <span class='ocrx_word' id='word_1_915' title='bbox 536 3402 696 3430; x_wconf 68' lang='lat' dir='ltr'><strong>secundam</strong></span> <span class='ocrx_word' id='word_1_916' title='bbox 715 3402 762 3426; x_wconf 88' lang='lat' dir='ltr'><strong>sed</strong></span> <span class='ocrx_word' id='word_1_917' title='bbox 781 3401 814 3427; x_wconf 87' lang='lat' dir='ltr'><strong>cf.</strong></span> <span class='ocrx_word' id='word_1_918' title='bbox 829 3409 908 3434; x_wconf 86' lang='lat' dir='ltr'><strong>supra</strong></span> <span class='ocrx_word' id='word_1_919' title='bbox 927 3410 952 3426; x_wconf 92' lang='lat' dir='ltr'><strong>n.</strong></span> <span class='ocrx_word' id='word_1_920' title='bbox 971 3409 979 3425; x_wconf 91' lang='lat'>1</span> <span class='ocrx_word' id='word_1_921' title='bbox 999 3402 1024 3426; x_wconf 91' lang='lat' dir='ltr'><strong>in</strong></span> <span class='ocrx_word' id='word_1_922' title='bbox 1044 3402 1168 3426; x_wconf 87' lang='lat' dir='ltr'><strong>divisione</strong></span> <span class='ocrx_word' id='word_1_923' title='bbox 1183 3406 1269 3426; x_wconf 85' lang='lat' dir='ltr'><strong>textus</strong></span> <span class='ocrx_word' id='word_1_924' title='bbox 1288 3404 1315 3425; x_wconf 83' lang='lat' dir='ltr'><strong>et</strong></span> 
     </span>
     <span class='ocr_line' id='line_1_122' title="bbox 238 3436 1314 3471; baseline -0.003 -8"><span class='ocrx_word' id='word_1_925' title='bbox 238 3439 332 3471; x_wconf 83' lang='lat' dir='ltr'><strong>primo</strong></span> <span class='ocrx_word' id='word_1_926' title='bbox 344 3442 440 3470; x_wconf 82' lang='lat' dir='ltr'><strong>contra</strong></span> <span class='ocrx_word' id='word_1_927' title='bbox 454 3438 606 3463; x_wconf 80' lang='lat' dir='ltr'><strong>secundam.</strong></span> <span class='ocrx_word' id='word_1_928' title='bbox 626 3437 703 3468; x_wconf 85' lang='lat' dir='ltr'><strong>Quod</strong></span> <span class='ocrx_word' id='word_1_929' title='bbox 721 3442 808 3462; x_wconf 89' lang='lat' dir='ltr'><strong>autem</strong></span> <span class='ocrx_word' id='word_1_930' title='bbox 822 3436 885 3461; x_wconf 85' lang='lat' dir='ltr'><strong>haec</strong></span> <span class='ocrx_word' id='word_1_931' title='bbox 899 3437 963 3461; x_wconf 84' lang='lat' dir='ltr'><strong>ratio</strong></span> <span class='ocrx_word' id='word_1_932' title='bbox 977 3437 1010 3461; x_wconf 90' lang='lat' dir='ltr'><strong>sit</strong></span> <span class='ocrx_word' id='word_1_933' title='bbox 1022 3437 1126 3469; x_wconf 86' lang='lat' dir='ltr'><strong>proprie</strong></span> <span class='ocrx_word' id='word_1_934' title='bbox 1145 3441 1235 3461; x_wconf 82' lang='lat' dir='ltr'><strong>contra</strong></span> <span class='ocrx_word' id='word_1_935' title='bbox 1248 3436 1314 3460; x_wconf 90' lang='lat' dir='ltr'><strong>hanc</strong></span> 
     </span>
     <span class='ocr_line' id='line_1_123' title="bbox 245 3471 1313 3505; baseline -0.004 -6"><span class='ocrx_word' id='word_1_936' title='bbox 245 3474 387 3499; x_wconf 85' lang='lat' dir='ltr'><strong>secundam</strong></span> <span class='ocrx_word' id='word_1_937' title='bbox 403 3478 428 3498; x_wconf 90' lang='lat' dir='ltr'><strong>et</strong></span> <span class='ocrx_word' id='word_1_938' title='bbox 442 3474 543 3498; x_wconf 89' lang='lat' dir='ltr'><strong>tertiam</strong></span> <span class='ocrx_word' id='word_1_939' title='bbox 562 3473 720 3505; x_wconf 89' lang='lat' dir='ltr'><strong>opinionem,</strong></span> <span class='ocrx_word' id='word_1_940' title='bbox 740 3480 770 3497; x_wconf 84' lang='lat' dir='ltr'><strong>ex</strong></span> <span class='ocrx_word' id='word_1_941' title='bbox 783 3480 815 3496; x_wconf 92' lang='lat' dir='ltr'><strong>eo</strong></span> <span class='ocrx_word' id='word_1_942' title='bbox 829 3472 936 3504; x_wconf 88' lang='lat' dir='ltr'><strong>intelligi</strong></span> <span class='ocrx_word' id='word_1_943' title='bbox 955 3476 1049 3504; x_wconf 83' lang='lat' dir='ltr'><strong>potest,</strong></span> <span class='ocrx_word' id='word_1_944' title='bbox 1065 3472 1135 3504; x_wconf 90' lang='lat' dir='ltr'><strong>quod</strong></span> <span class='ocrx_word' id='word_1_945' title='bbox 1150 3471 1313 3504; x_wconf 85' lang='lat' dir='ltr'><strong>Pythagorici</strong></span> 
     </span>
     <span class='ocr_line' id='line_1_124' title="bbox 245 3507 1313 3542; baseline -0.004 -8"><span class='ocrx_word' id='word_1_946' title='bbox 245 3515 271 3534; x_wconf 90' lang='lat' dir='ltr'><strong>et</strong></span> <span class='ocrx_word' id='word_1_947' title='bbox 286 3517 413 3542; x_wconf 87' lang='lat' dir='ltr'><strong>sequaces</strong></span> <span class='ocrx_word' id='word_1_948' title='bbox 430 3508 594 3541; x_wconf 85' lang='lat' dir='ltr'><strong>Hippocratis</strong></span> <span class='ocrx_word' id='word_1_949' title='bbox 613 3508 738 3540; x_wconf 82' lang='lat' dir='ltr'><strong>putabant</strong></span> <span class='ocrx_word' id='word_1_950' title='bbox 751 3515 803 3532; x_wconf 91' lang='lat' dir='ltr'><strong>non</strong></span> <span class='ocrx_word' id='word_1_951' title='bbox 823 3515 882 3531; x_wconf 86' lang='lat' dir='ltr'><strong>esse</strong></span> <span class='ocrx_word' id='word_1_952' title='bbox 895 3507 943 3531; x_wconf 90' lang='lat' dir='ltr'><strong>nisi</strong></span> <span class='ocrx_word' id='word_1_953' title='bbox 955 3514 1037 3531; x_wconf 88' lang='lat' dir='ltr'><strong>unum</strong></span> <span class='ocrx_word' id='word_1_954' title='bbox 1052 3515 1162 3531; x_wconf 87' lang='lat' dir='ltr'><strong>numero</strong></span> <span class='ocrx_word' id='word_1_955' title='bbox 1176 3511 1313 3535; x_wconf 85' lang='lat' dir='ltr'><strong>cometam,</strong></span> 
     </span>
     <span class='ocr_line' id='line_1_125' title="bbox 245 3539 1311 3575; baseline -0.005 -5"><span class='ocrx_word' id='word_1_956' title='bbox 245 3549 347 3570; x_wconf 83' lang='lat' dir='ltr'><strong>sextum</strong></span> <span class='ocrx_word' id='word_1_957' title='bbox 367 3544 463 3569; x_wconf 88' lang='lat' dir='ltr'><strong>scilicet</strong></span> <span class='ocrx_word' id='word_1_958' title='bbox 482 3544 626 3575; x_wconf 87' lang='lat' dir='ltr'><strong>planetam,</strong></span> <span class='ocrx_word' id='word_1_959' title='bbox 647 3541 720 3567; x_wconf 79' lang='grc' dir='ltr'>ἕκτον</span> <span class='ocrx_word' id='word_1_960' title='bbox 740 3539 869 3574; x_wconf 82' lang='grc' dir='ltr'><strong>πλάνητα.</strong></span> <span class='ocrx_word' id='word_1_961' title='bbox 889 3543 940 3567; x_wconf 90' lang='lat' dir='ltr'><strong>Sed</strong></span> <span class='ocrx_word' id='word_1_962' title='bbox 960 3542 992 3566; x_wconf 89' lang='lat' dir='ltr'><strong>de</strong></span> <span class='ocrx_word' id='word_1_963' title='bbox 1010 3546 1128 3566; x_wconf 89' lang='lat' dir='ltr'><strong>veterum</strong></span> <span class='ocrx_word' id='word_1_964' title='bbox 1147 3541 1311 3574; x_wconf 85' lang='lat' dir='ltr'><strong>opinionibus</strong></span> 
     </span>
     <span class='ocr_line' id='line_1_126' title="bbox 245 3577 1313 3611; baseline -0.004 -6"><span class='ocrx_word' id='word_1_965' title='bbox 245 3580 311 3605; x_wconf 85' lang='lat' dir='ltr'><strong>circa</strong></span> <span class='ocrx_word' id='word_1_966' title='bbox 324 3584 447 3611; x_wconf 83' lang='lat' dir='ltr'><strong>cometas,</strong></span> <span class='ocrx_word' id='word_1_967' title='bbox 466 3579 563 3604; x_wconf 87' lang='lat' dir='ltr'><strong>videsis</strong></span> <span class='ocrx_word' id='word_1_968' title='bbox 580 3578 701 3611; x_wconf 85' lang='lat' dir='ltr'><strong>antiquos</strong></span> <span class='ocrx_word' id='word_1_969' title='bbox 720 3578 796 3603; x_wconf 89' lang='lat' dir='ltr'><strong>huius</strong></span> <span class='ocrx_word' id='word_1_970' title='bbox 816 3577 872 3602; x_wconf 87' lang='lat' dir='ltr'><strong>libri</strong></span> <span class='ocrx_word' id='word_1_971' title='bbox 892 3582 1118 3608; x_wconf 87' lang='lat' dir='ltr'><strong>commentatores,</strong></span> <span class='ocrx_word' id='word_1_972' title='bbox 1137 3577 1313 3602; x_wconf 82' lang='lat' dir='ltr'><strong>Alexandrum</strong></span> 
     </span>
     <span class='ocr_line' id='line_1_127' title="bbox 244 3613 968 3650; baseline -0.004 -10"><span class='ocrx_word' id='word_1_973' title='bbox 244 3615 485 3648; x_wconf 85' lang='lat' dir='ltr'><strong>Aphrodisiensem,</strong></span> <span class='ocrx_word' id='word_1_974' title='bbox 498 3614 724 3650; x_wconf 37' lang='lat' dir='ltr'><strong>*olympiodorum</strong></span> <span class='ocrx_word' id='word_1_975' title='bbox 743 3619 768 3638; x_wconf 89' lang='lat' dir='ltr'><strong>et</strong></span> <span class='ocrx_word' id='word_1_976' title='bbox 786 3613 968 3645; x_wconf 87' lang='lat' dir='ltr'><strong>Philoponum.</strong></span> 
     </span>
    </p>

    <p class='ocr_par' dir='ltr' id='par_1_27' title="bbox 300 3647 1313 3685">
     <span class='ocr_line' id='line_1_128' title="bbox 300 3647 1313 3685; baseline -0.005 -9"><span class='ocrx_word' id='word_1_977' title='bbox 300 3649 325 3685; x_wconf 83' lang='grc' dir='ltr'><strong>β)</strong></span> <span class='ocrx_word' id='word_1_978' title='bbox 346 3658 400 3676; x_wconf 87' lang='lat' dir='ltr'><strong>una</strong></span> <span class='ocrx_word' id='word_1_979' title='bbox 418 3650 532 3683; x_wconf 83' lang='lat' dir='ltr'><strong>quinque</strong></span> <span class='ocrx_word' id='word_1_980' title='bbox 551 3651 697 3675; x_wconf 85' lang='lat' dir='ltr'><strong>stellarum.</strong></span> <span class='ocrx_word' id='word_1_981' title='bbox 716 3664 735 3668; x_wconf 87' lang='lat'><em>-</em></span> <span class='ocrx_word' id='word_1_982' title='bbox 753 3650 804 3673; x_wconf 88' lang='lat' dir='ltr'><strong>Pro</strong></span> <span class='ocrx_word' id='word_1_983' title='bbox 824 3656 885 3677; x_wconf 83' lang='lat' dir='ltr'><strong>una,</strong></span> <span class='ocrx_word' id='word_1_984' title='bbox 904 3649 995 3680; x_wconf 84' lang='lat' dir='ltr'><strong>aliqua</strong></span> <span class='ocrx_word' id='word_1_985' title='bbox 1019 3649 1075 3678; x_wconf 74' lang='grc' dir='ltr'><strong>ΑΒς</strong></span> <span class='ocrx_word' id='word_1_986' title='bbox 1096 3647 1127 3673; x_wconf 85' lang='lat' dir='ltr'><strong>cf.</strong></span> <span class='ocrx_word' id='word_1_987' title='bbox 1148 3648 1205 3672; x_wconf 85' lang='lat' dir='ltr'><strong>lect.</strong></span> <span class='ocrx_word' id='word_1_988' title='bbox 1229 3655 1313 3679; x_wconf 87' lang='lat' dir='ltr'><strong>praec.</strong></span> 
     </span>
    </p>
   </div>
   <div class='ocr_carea' id='block_1_20' title="bbox 1366 3327 2436 3679">
    <p class='ocr_par' dir='ltr' id='par_1_28' title="bbox 1367 3327 2433 3397">
     <span class='ocr_line' id='line_1_129' title="bbox 1367 3327 2433 3360; baseline -0.002 -6"><span class='ocrx_word' id='word_1_989' title='bbox 1367 3336 1420 3354; x_wconf 81' lang='lat' dir='ltr'><strong>not.</strong></span> <span class='ocrx_word' id='word_1_990' title='bbox 1439 3338 1459 3354; x_wconf 88' lang='grc' dir='ltr'><strong>ε.</strong></span> <span class='ocrx_word' id='word_1_991' title='bbox 1471 3343 1490 3348; x_wconf 90' lang='lat'><strong>·-</strong></span> <span class='ocrx_word' id='word_1_992' title='bbox 1502 3329 1565 3353; x_wconf 87' lang='lat' dir='ltr'><strong>Post</strong></span> <span class='ocrx_word' id='word_1_993' title='bbox 1584 3336 1662 3353; x_wconf 88' lang='lat' dir='ltr'><strong>unam</strong></span> <span class='ocrx_word' id='word_1_994' title='bbox 1682 3328 1725 3352; x_wconf 88' lang='lat' dir='ltr'><strong>lin.</strong></span> <span class='ocrx_word' id='word_1_995' title='bbox 1745 3336 1792 3360; x_wconf 91' lang='lat' dir='ltr'><strong>pro</strong></span> <span class='ocrx_word' id='word_1_996' title='bbox 1810 3327 1976 3360; x_wconf 83' lang='lat' dir='ltr'><strong>quandoque,</strong></span> <span class='ocrx_word' id='word_1_997' title='bbox 1996 3327 2073 3359; x_wconf 84' lang='lat' dir='ltr'><strong>quasi</strong></span> <span class='ocrx_word' id='word_1_998' title='bbox 2092 3327 2137 3352; x_wconf 86' lang='lat' dir='ltr'><strong>Pa.</strong></span> <span class='ocrx_word' id='word_1_999' title='bbox 2155 3340 2175 3344; x_wconf 92' lang='lat'>—</span> <span class='ocrx_word' id='word_1_1000' title='bbox 2194 3327 2245 3352; x_wconf 89' lang='lat' dir='ltr'><strong>Pro</strong></span> <span class='ocrx_word' id='word_1_1001' title='bbox 2264 3327 2336 3360; x_wconf 82' lang='lat' dir='ltr'><strong>quod</strong></span> <span class='ocrx_word' id='word_1_1002' title='bbox 2354 3335 2433 3360; x_wconf 84' lang='lat' dir='ltr'><strong>opor-</strong></span> 
     </span>
     <span class='ocr_line' id='line_1_130' title="bbox 1367 3362 1977 3397; baseline -0.007 -7"><span class='ocrx_word' id='word_1_1003' title='bbox 1367 3369 1442 3394; x_wconf 83' lang='lat' dir='ltr'><strong>teret,</strong></span> <span class='ocrx_word' id='word_1_1004' title='bbox 1462 3365 1533 3397; x_wconf 86' lang='lat' dir='ltr'><strong>quod</strong></span> <span class='ocrx_word' id='word_1_1005' title='bbox 1551 3367 1657 3395; x_wconf 83' lang='lat' dir='ltr'><strong>oportet</strong></span> <span class='ocrx_word' id='word_1_1006' title='bbox 1676 3364 1708 3393; x_wconf 76' lang='lat'><strong>1³3</strong></span> <span class='ocrx_word' id='word_1_1007' title='bbox 1729 3364 1768 3387; x_wconf 89' lang='lat' dir='ltr'><strong>ed.</strong></span> <span class='ocrx_word' id='word_1_1008' title='bbox 1788 3362 1849 3387; x_wconf 84' lang='lat'><strong>1561</strong></span> <span class='ocrx_word' id='word_1_1009' title='bbox 1873 3367 1902 3386; x_wconf 87' lang='lat' dir='ltr'><strong>ut</strong></span> <span class='ocrx_word' id='word_1_1010' title='bbox 1920 3370 1977 3387; x_wconf 90' lang='lat' dir='ltr'><strong>nos.</strong></span> 
     </span>
    </p>

    <p class='ocr_par' dir='ltr' id='par_1_29' title="bbox 1368 3396 2434 3467">
     <span class='ocr_line' id='line_1_131' title="bbox 1420 3396 2434 3433; baseline -0.001 -9"><span class='ocrx_word' id='word_1_1011' title='bbox 1420 3400 1447 3433; x_wconf 85' lang='grc' dir='ltr'><strong>γ)</strong></span> <span class='ocrx_word' id='word_1_1012' title='bbox 1467 3400 1504 3424; x_wconf 84' lang='lat' dir='ltr'><strong>ad</strong></span> <span class='ocrx_word' id='word_1_1013' title='bbox 1515 3399 1730 3431; x_wconf 82' lang='lat' dir='ltr'><strong>septentrionem.</strong></span> <span class='ocrx_word' id='word_1_1014' title='bbox 1742 3412 1761 3418; x_wconf 81' lang='lat'><em>-</em></span> <span class='ocrx_word' id='word_1_1015' title='bbox 1772 3406 1790 3423; x_wconf 90' lang='lat' dir='ltr'><strong>a</strong></span> <span class='ocrx_word' id='word_1_1016' title='bbox 1804 3398 1982 3430; x_wconf 83' lang='lat' dir='ltr'><strong>septentrione</strong></span> <span class='ocrx_word' id='word_1_1017' title='bbox 1994 3398 2015 3422; x_wconf 88' lang='lat' dir='ltr'>B</span> <span class='ocrx_word' id='word_1_1018' title='bbox 2029 3398 2104 3428; x_wconf 75' lang='lat' dir='ltr'><strong>male3</strong></span> <span class='ocrx_word' id='word_1_1019' title='bbox 2116 3397 2147 3423; x_wconf 90' lang='lat' dir='ltr'><strong>cf.</strong></span> <span class='ocrx_word' id='word_1_1020' title='bbox 2161 3396 2240 3422; x_wconf 89' lang='lat' dir='ltr'><strong>finem</strong></span> <span class='ocrx_word' id='word_1_1021' title='bbox 2254 3399 2311 3423; x_wconf 84' lang='lat' dir='ltr'><strong>lect.</strong></span> <span class='ocrx_word' id='word_1_1022' title='bbox 2324 3406 2434 3431; x_wconf 73' lang='lat' dir='ltr'><strong>praec.—</strong></span> 
     </span>
     <span class='ocr_line' id='line_1_132' title="bbox 1368 3434 2000 3467; baseline -0.005 -7"><span class='ocrx_word' id='word_1_1023' title='bbox 1368 3436 1424 3460; x_wconf 89' lang='lat' dir='ltr'><strong>Lin.</strong></span> <span class='ocrx_word' id='word_1_1024' title='bbox 1444 3443 1500 3467; x_wconf 89' lang='lat' dir='ltr'><strong>seq.</strong></span> <span class='ocrx_word' id='word_1_1025' title='bbox 1519 3443 1566 3466; x_wconf 89' lang='lat' dir='ltr'><strong>pro</strong></span> <span class='ocrx_word' id='word_1_1026' title='bbox 1580 3434 1767 3466; x_wconf 82' lang='lat' dir='ltr'><strong>propinquius,</strong></span> <span class='ocrx_word' id='word_1_1027' title='bbox 1783 3434 1950 3465; x_wconf 85' lang='lat' dir='ltr'><strong>propinquus</strong></span> <span class='ocrx_word' id='word_1_1028' title='bbox 1968 3434 2000 3457; x_wconf 82' lang='lat' dir='ltr'><strong>A.</strong></span> 
     </span>
    </p>

    <p class='ocr_par' dir='ltr' id='par_1_30' title="bbox 1366 3469 2433 3536">
     <span class='ocr_line' id='line_1_133' title="bbox 1420 3469 2433 3504; baseline -0.001 -10"><span class='ocrx_word' id='word_1_1029' title='bbox 1420 3470 1445 3504; x_wconf 82' lang='grc' dir='ltr'><strong>ὃ)</strong></span> <span class='ocrx_word' id='word_1_1030' title='bbox 1459 3470 1517 3504; x_wconf 85' lang='lat' dir='ltr'><strong>suit</strong></span> <span class='ocrx_word' id='word_1_1031' title='bbox 1527 3470 1628 3504; x_wconf 83' lang='lat' dir='ltr'><strong>factus.</strong></span> <span class='ocrx_word' id='word_1_1032' title='bbox 1640 3471 1759 3502; x_wconf 83' lang='lat' dir='ltr'><strong>—sactus</strong></span> <span class='ocrx_word' id='word_1_1033' title='bbox 1778 3472 1818 3494; x_wconf 87' lang='lat' dir='ltr'><strong>est</strong></span> <span class='ocrx_word' id='word_1_1034' title='bbox 1836 3470 1889 3493; x_wconf 84' lang='lat' dir='ltr'><strong>AB.</strong></span> <span class='ocrx_word' id='word_1_1035' title='bbox 1907 3483 1926 3487; x_wconf 83' lang='lat'><strong>—-</strong></span> <span class='ocrx_word' id='word_1_1036' title='bbox 1944 3469 2034 3493; x_wconf 87' lang='lat' dir='ltr'><strong>Statim</strong></span> <span class='ocrx_word' id='word_1_1037' title='bbox 2055 3475 2168 3502; x_wconf 84' lang='lat' dir='ltr'><strong>magnus</strong></span> <span class='ocrx_word' id='word_1_1038' title='bbox 2180 3476 2234 3493; x_wconf 91' lang='lat' dir='ltr'><strong>om.</strong></span> <span class='ocrx_word' id='word_1_1039' title='bbox 2253 3470 2292 3500; x_wconf 85' lang='lat' dir='ltr'><strong>A;</strong></span> <span class='ocrx_word' id='word_1_1040' title='bbox 2308 3475 2366 3501; x_wconf 91' lang='lat' dir='ltr'><strong>post</strong></span> <span class='ocrx_word' id='word_1_1041' title='bbox 2378 3470 2433 3503; x_wconf 88' lang='lat' dir='ltr'><strong>flu-</strong></span> 
     </span>
     <span class='ocr_line' id='line_1_134' title="bbox 1366 3504 2109 3536; baseline -0.004 -5"><span class='ocrx_word' id='word_1_1042' title='bbox 1366 3509 1456 3531; x_wconf 87' lang='lat' dir='ltr'><strong>ctuum</strong></span> <span class='ocrx_word' id='word_1_1043' title='bbox 1475 3506 1520 3529; x_wconf 87' lang='lat' dir='ltr'><strong>AB</strong></span> <span class='ocrx_word' id='word_1_1044' title='bbox 1540 3506 1598 3530; x_wconf 90' lang='lat' dir='ltr'><strong>add.</strong></span> <span class='ocrx_word' id='word_1_1045' title='bbox 1618 3504 1708 3534; x_wconf 86' lang='lat' dir='ltr'><strong>maris,</strong></span> <span class='ocrx_word' id='word_1_1046' title='bbox 1729 3510 1754 3529; x_wconf 88' lang='lat' dir='ltr'><strong>et</strong></span> <span class='ocrx_word' id='word_1_1047' title='bbox 1772 3512 1819 3536; x_wconf 89' lang='lat' dir='ltr'><strong>pro</strong></span> <span class='ocrx_word' id='word_1_1048' title='bbox 1838 3507 1914 3529; x_wconf 87' lang='lat' dir='ltr'><strong>ortus</strong></span> <span class='ocrx_word' id='word_1_1049' title='bbox 1932 3504 2020 3536; x_wconf 88' lang='lat' dir='ltr'><strong>legunt</strong></span> <span class='ocrx_word' id='word_1_1050' title='bbox 2039 3507 2109 3529; x_wconf 83' lang='lat' dir='ltr'><strong>orta.</strong></span> 
     </span>
    </p>

    <p class='ocr_par' dir='ltr' id='par_1_31' title="bbox 1368 3540 2435 3608">
     <span class='ocr_line' id='line_1_135' title="bbox 1421 3540 2435 3575; baseline -0.001 -10"><span class='ocrx_word' id='word_1_1051' title='bbox 1421 3541 1443 3575; x_wconf 94' lang='grc' dir='ltr'><strong>ε)</strong></span> <span class='ocrx_word' id='word_1_1052' title='bbox 1463 3541 1501 3565; x_wconf 86' lang='lat' dir='ltr'><strong>ad</strong></span> <span class='ocrx_word' id='word_1_1053' title='bbox 1518 3544 1650 3565; x_wconf 85' lang='lat' dir='ltr'><strong>austrum.</strong></span> <span class='ocrx_word' id='word_1_1054' title='bbox 1668 3554 1687 3559; x_wconf 93' lang='lat'>—</span> <span class='ocrx_word' id='word_1_1055' title='bbox 1704 3540 1742 3564; x_wconf 84' lang='lat' dir='ltr'><strong>ad</strong></span> <span class='ocrx_word' id='word_1_1056' title='bbox 1759 3543 1834 3564; x_wconf 83' lang='lat' dir='ltr'><strong>astra</strong></span> <span class='ocrx_word' id='word_1_1057' title='bbox 1853 3540 1897 3564; x_wconf 86' lang='lat' dir='ltr'><strong>AB</strong></span> <span class='ocrx_word' id='word_1_1058' title='bbox 1913 3544 2040 3571; x_wconf 87' lang='lat' dir='ltr'><strong>corrupte.</strong></span> <span class='ocrx_word' id='word_1_1059' title='bbox 2053 3553 2071 3558; x_wconf 92' lang='lat'><em>-</em></span> <span class='ocrx_word' id='word_1_1060' title='bbox 2089 3540 2230 3572; x_wconf 84' lang='lat' dir='ltr'><strong>Pro·quod</strong></span> <span class='ocrx_word' id='word_1_1061' title='bbox 2248 3540 2348 3568; x_wconf 82' lang='lat' dir='ltr'><strong>dicunt,</strong></span> <span class='ocrx_word' id='word_1_1062' title='bbox 2364 3540 2435 3572; x_wconf 82' lang='lat' dir='ltr'><strong>quod</strong></span> 
     </span>
     <span class='ocr_line' id='line_1_136' title="bbox 1368 3574 2073 3608; baseline -0.003 -7"><span class='ocrx_word' id='word_1_1063' title='bbox 1368 3577 1434 3601; x_wconf 85' lang='lat' dir='ltr'><strong>dicit</strong></span> <span class='ocrx_word' id='word_1_1064' title='bbox 1452 3577 1504 3607; x_wconf 84' lang='lat' dir='ltr'><strong>AB,</strong></span> <span class='ocrx_word' id='word_1_1065' title='bbox 1525 3576 1571 3600; x_wconf 88' lang='lat' dir='ltr'><strong>sed</strong></span> <span class='ocrx_word' id='word_1_1066' title='bbox 1591 3575 1622 3600; x_wconf 89' lang='lat' dir='ltr'><strong>cf.</strong></span> <span class='ocrx_word' id='word_1_1067' title='bbox 1640 3574 1719 3600; x_wconf 83' lang='lat' dir='ltr'><strong>finem</strong></span> <span class='ocrx_word' id='word_1_1068' title='bbox 1738 3583 1822 3607; x_wconf 87' lang='lat' dir='ltr'><strong>praec.</strong></span> <span class='ocrx_word' id='word_1_1069' title='bbox 1842 3580 1867 3600; x_wconf 88' lang='lat' dir='ltr'><strong>et</strong></span> <span class='ocrx_word' id='word_1_1070' title='bbox 1885 3582 1941 3608; x_wconf 89' lang='lat' dir='ltr'><strong>seq.</strong></span> <span class='ocrx_word' id='word_1_1071' title='bbox 1960 3575 2073 3599; x_wconf 87' lang='lat' dir='ltr'><strong>rationis.</strong></span> 
     </span>
    </p>

    <p class='ocr_par' dir='ltr' id='par_1_32' title="bbox 1368 3610 2436 3679">
     <span class='ocr_line' id='line_1_137' title="bbox 1421 3610 2435 3645; baseline -0.001 -9"><span class='ocrx_word' id='word_1_1072' title='bbox 1421 3611 1446 3645; x_wconf 83' lang='grc' dir='ltr'><strong>ζ)</strong></span> <span class='ocrx_word' id='word_1_1073' title='bbox 1469 3615 1531 3636; x_wconf 80' lang='lat' dir='ltr'><strong>tunc</strong></span> <span class='ocrx_word' id='word_1_1074' title='bbox 1550 3611 1703 3643; x_wconf 87' lang='lat' dir='ltr'><strong>temporis...</strong></span> <span class='ocrx_word' id='word_1_1075' title='bbox 1723 3610 1944 3644; x_wconf 79' lang='lat' dir='ltr'><strong>magnitudinem.</strong></span> <span class='ocrx_word' id='word_1_1076' title='bbox 1962 3625 1981 3629; x_wconf 89' lang='lat'><em>-</em></span> <span class='ocrx_word' id='word_1_1077' title='bbox 1999 3613 2062 3635; x_wconf 86' lang='lat' dir='ltr'><strong>tunc</strong></span> <span class='ocrx_word' id='word_1_1078' title='bbox 2082 3611 2208 3643; x_wconf 85' lang='lat' dir='ltr'><strong>temporis</strong></span> <span class='ocrx_word' id='word_1_1079' title='bbox 2232 3611 2316 3635; x_wconf 89' lang='lat' dir='ltr'><strong>solum</strong></span> <span class='ocrx_word' id='word_1_1080' title='bbox 2337 3611 2369 3635; x_wconf 80' lang='lat' dir='ltr'><strong>de</strong></span> <span class='ocrx_word' id='word_1_1081' title='bbox 2388 3618 2435 3635; x_wconf 86' lang='lat' dir='ltr'><strong>no-</strong></span> 
     </span>
     <span class='ocr_line' id='line_1_138' title="bbox 1368 3646 2436 3679; baseline -0.002 -7"><span class='ocrx_word' id='word_1_1082' title='bbox 1368 3651 1408 3672; x_wconf 84' lang='lat' dir='ltr'><strong>cte</strong></span> <span class='ocrx_word' id='word_1_1083' title='bbox 1427 3647 1464 3671; x_wconf 86' lang='lat' dir='ltr'><strong>ad</strong></span> <span class='ocrx_word' id='word_1_1084' title='bbox 1483 3647 1610 3671; x_wconf 85' lang='lat' dir='ltr'><strong>orientem</strong></span> <span class='ocrx_word' id='word_1_1085' title='bbox 1622 3650 1734 3678; x_wconf 88' lang='lat' dir='ltr'><strong>propter</strong></span> <span class='ocrx_word' id='word_1_1086' title='bbox 1753 3646 1945 3679; x_wconf 82' lang='lat' dir='ltr'><strong>longitudinem</strong></span> <span class='ocrx_word' id='word_1_1087' title='bbox 1960 3647 1991 3676; x_wconf 78' lang='lat' dir='ltr'><strong>A,</strong></span> <span class='ocrx_word' id='word_1_1088' title='bbox 2007 3649 2069 3671; x_wconf 85' lang='lat' dir='ltr'><strong>tunc</strong></span> <span class='ocrx_word' id='word_1_1089' title='bbox 2082 3646 2208 3678; x_wconf 83' lang='lat' dir='ltr'><strong>temporis</strong></span> <span class='ocrx_word' id='word_1_1090' title='bbox 2227 3646 2290 3671; x_wconf 86' lang='lat' dir='ltr'><strong>solis</strong></span> <span class='ocrx_word' id='word_1_1091' title='bbox 2309 3646 2342 3670; x_wconf 83' lang='lat' dir='ltr'><strong>de</strong></span> <span class='ocrx_word' id='word_1_1092' title='bbox 2361 3649 2436 3670; x_wconf 84' lang='lat' dir='ltr'><strong>nocte</strong></span> 
     </span>
    </p>
   </div>
   <div class='ocr_carea' id='block_1_21' title="bbox 2458 1419 2615 1442">
    <p class='ocr_par' dir='ltr' id='par_1_33' title="bbox 2458 1419 2615 1442">
     <span class='ocr_line' id='line_1_139' title="bbox 2458 1419 2615 1442; baseline 0.013 -2"><span class='ocrx_word' id='word_1_1093' title='bbox 2458 1421 2466 1430; x_wconf 88' lang='grc'>·</span> <span class='ocrx_word' id='word_1_1094' title='bbox 2482 1419 2541 1442; x_wconf 86' lang='lat' dir='ltr'><strong>Ibid.</strong></span> <span class='ocrx_word' id='word_1_1095' title='bbox 2556 1426 2580 1441; x_wconf 91' lang='lat' dir='ltr'><strong>n.</strong></span> <span class='ocrx_word' id='word_1_1096' title='bbox 2594 1426 2615 1442; x_wconf 78' lang='lat'><strong>2.</strong></span> 
     </span>
    </p>
   </div>
   <div class='ocr_carea' id='block_1_22' title="bbox 2457 1470 2672 1518">
    <p class='ocr_par' dir='ltr' id='par_1_34' title="bbox 2457 1470 2672 1518">
     <span class='ocr_line' id='line_1_140' title="bbox 2458 1470 2672 1497; baseline 0 -6"><span class='ocrx_word' id='word_1_1097' title='bbox 2458 1471 2466 1479; x_wconf 90' lang='grc'>·</span> <span class='ocrx_word' id='word_1_1098' title='bbox 2475 1475 2548 1497; x_wconf 79' lang='lat' dir='ltr'><strong>supra</strong></span> <span class='ocrx_word' id='word_1_1099' title='bbox 2558 1476 2597 1496; x_wconf 77' lang='grc' dir='ltr'><strong>ΑΒ,</strong></span> <span class='ocrx_word' id='word_1_1100' title='bbox 2606 1473 2627 1491; x_wconf 81' lang='lat' dir='ltr'><strong>et</strong></span> <span class='ocrx_word' id='word_1_1101' title='bbox 2637 1470 2672 1491; x_wconf 85' lang='lat' dir='ltr'><strong>ita</strong></span> 
     </span>
     <span class='ocr_line' id='line_1_141' title="bbox 2457 1496 2526 1518; baseline 0 0"><span class='ocrx_word' id='word_1_1102' title='bbox 2457 1496 2526 1518; x_wconf 69' lang='lat' dir='ltr'><strong>insta.</strong></span> 
     </span>
    </p>
   </div>
   <div class='ocr_carea' id='block_1_23' title="bbox 2460 2057 2669 2105">
    <p class='ocr_par' dir='ltr' id='par_1_35' title="bbox 2460 2057 2669 2105">
     <span class='ocr_line' id='line_1_142' title="bbox 2460 2057 2669 2078; baseline -0.01 0"><span class='ocrx_word' id='word_1_1103' title='bbox 2460 2059 2469 2067; x_wconf 89' lang='grc'><em>·</em></span> <span class='ocrx_word' id='word_1_1104' title='bbox 2484 2057 2599 2078; x_wconf 85' lang='lat' dir='ltr'><strong>rationem</strong></span> <span class='ocrx_word' id='word_1_1105' title='bbox 2620 2062 2669 2077; x_wconf 88' lang='lat' dir='ltr'><strong>om.</strong></span> 
     </span>
     <span class='ocr_line' id='line_1_143' title="bbox 2461 2090 2499 2105; baseline 0 0"><span class='ocrx_word' id='word_1_1106' title='bbox 2461 2090 2499 2105; x_wconf 68' lang='lat' dir='ltr'><strong>ra.</strong></span> 
     </span>
    </p>
   </div>
   <div class='ocr_carea' id='block_1_24' title="bbox 2461 2910 2610 2932">
    <p class='ocr_par' dir='ltr' id='par_1_36' title="bbox 2461 2910 2610 2932">
     <span class='ocr_line' id='line_1_144' title="bbox 2461 2910 2610 2932; baseline -0.007 0"><span class='ocrx_word' id='word_1_1107' title='bbox 2461 2914 2469 2921; x_wconf 89' lang='lat'>&#39;</span> <span class='ocrx_word' id='word_1_1108' title='bbox 2485 2910 2576 2932; x_wconf 80' lang='lat' dir='ltr'><strong>scilicet</strong></span> <span class='ocrx_word' id='word_1_1109' title='bbox 2588 2917 2610 2932; x_wconf 76' lang='lat' dir='ltr'><strong>r.</strong></span> 
     </span>
    </p>
   </div>
  </div>
 </body>
</html>
