2782 4134
54 528 64 537 ·
74 526 139 549 Lect.
150 532 204 553 xiv:
215 526 270 548 Did.

54 554 95 575 lib.
113 553 158 580 1v,
184 559 204 575 c.
219 559 268 580 xu,

54 586 174 642 ...,

51 1216 63 1227 ·
77 1215 149 1239 Nm.
164 1215 187 1239 6.

49 1377 60 1388 ⁸
74 1375 147 1400 nnn.
161 1382 182 1406 5.

47 1433 61 1446 *
75 1435 154 1457 m
167 1439 250 1458 otum.

1133 275 1246 312 CAP.
1277 277 1345 324 xi,
1377 277 1529 314 LECT.
1559 277 1669 315 xxv

355 356 389 393 3.
407 355 558 393 Deinde
574 368 663 393 cum
680 355 785 393 dicit:
805 356 849 392 Si
861 355 986 404 itaque
1000 355 1145 404 aliquid
1152 362 1275 405 potest
1289 365 1371 406 etc.,

299 409 464 446 ostendit
482 408 681 458 quomodo
711 408 852 458 aliquid
872 408 1018 446 dicatur
1044 410 1225 458 possibile
1247 419 1284 447 et
1302 411 1372 448 im·

297 462 491 511 possibile.
522 464 571 500 Et
599 470 656 500 est
682 461 895 500 notandum
921 462 1039 510 quod,
1061 463 1158 500 sicut
1177 464 1266 501 dicit
1284 464 1370 501 Phi—

298 516 484 565 losophus
499 516 538 553 in
551 517 587 553 V
600 517 818 565 Metaphys.
834 515 865 563 ³³,
881 515 1062 564 possibile
1082 523 1120 553 et
1137 516 1371 566 impossibile

298 581 377 606 uno
407 569 528 607 modo
557 569 693 607 dicitur
719 568 887 606 absolute
905 566 934 615 Ρ,
956 569 1046 617 quia
1070 570 1209 606 scilicet
1237 583 1370 608 secun-

298 622 394 660 dum
418 635 458 660 se
479 631 536 660 est
562 623 636 660 tale
663 622 770 672 quod
796 621 917 672 possit
935 634 1018 659 esse
1042 634 1180 659 verum
1209 625 1271 660 vel
1291 636 1371 661 non

297 676 418 726 possit
446 688 529 713 esse
546 688 697 724 verum,
717 683 875 725 propter
897 675 1162 713 habitudinem
1191 676 1372 714 termino—

298 741 386 767 rum
414 729 464 767 ad
491 729 675 775 invicem;
705 728 779 766 alio
809 729 929 766 modo
965 728 1101 766 dicitur
1126 729 1306 778 possibile
1337 738 1373 767 et

298 782 535 832 impossibile
563 782 696 829 alicui,
727 781 833 832 quod
862 782 1003 819 scilicet
1029 790 1155 831 potest
1179 788 1193 810 ⁷
1221 784 1284 820 vel
1314 796 1371 820 se—

297 836 468 874 cundum
496 835 708 885 potentiam
736 835 901 873 activam
918 836 982 874 vel
1009 835 1215 885 passivam.
1241 837 1291 874 Et
1318 837 1372 874 sic

296 889 478 939 accipitur
494 889 559 927 hic
577 889 758 939 possibile
781 897 817 927 et
835 889 1084 939 impossibile,
1105 890 1245 927 scilicet
1265 892 1370 940 quod

294 943 452 992 aliquod
475 955 592 991 agens
621 951 685 980 aut
711 943 860 992 patiens
887 950 1013 992 potest
1045 951 1110 981 aut
1129 956 1208 981 non
1227 951 1369 993 potest:

295 997 392 1034 haec
412 996 514 1034 enim
535 997 759 1046 significatio
789 997 956 1034 maxime
980 997 1152 1046 congruit
1173 998 1288 1035 rebus
1306 1011 1372 1035 na-

293 1050 487 1088 turalibus.
517 1050 649 1088 Primo
670 1063 759 1099 ergo
787 1050 952 1088 ostendit
971 1051 1171 1101 quomodo
1193 1049 1372 1089 dicatur⁸

294 1103 437 1154 aliquid
456 1117 539 1142 esse
558 1104 740 1154 possibile
758 1105 821 1142 vel
840 1104 1098 1154 impossibile3
1119 1105 1290 1142 secundo
1310 1117 1372 1142 ex-

294 1157 410 1196 cludit
445 1158 729 1206 obiectionem,
763 1158 841 1196 ibi:
874 1158 985 1197 Nihil
1020 1165 1147 1196 autem
1190 1170 1258 1196 nos
1295 1165 1371 1195 tur-

293 1212 355 1248 bet
381 1212 401 1234 *
407 1219 502 1251 etc
521 1211 631 1249 Circa
657 1212 827 1261 primum
856 1212 934 1250 duo
962 1212 1067 1250 facit:
1095 1212 1222 1262 primo
1251 1211 1372 1249 mani-

288 1250 402 1303 festat
434 1266 635 1315 quomodo
673 1265 820 1303 dicatur
860 1266 1002 1316 aliquid
1044 1278 1127 1303 esse
1163 1265 1369 1315 possibile‘
1360 1294 1369 1311 ,

293 1319 464 1357 secundo
480 1319 646 1357 ostendit
659 1320 861 1381 quomodo
878 1319 1025 1357 dicatur
1038 1319 1181 1368 aliquid
1197 1330 1281 1356 esse
1300 1318 1371 1356 im-

292 1373 492 1422 possibile,
522 1372 598 1410 ibi:
627 1374 680 1410 Et
705 1373 831 1422 utique
853 1374 888 1411 si
913 1373 1005 1422 quid
1022 1373 1042 1392 ⁴*
1066 1379 1136 1409 etc.

346 1438 385 1474 4.
401 1426 464 1464 Ad
477 1426 592 1476 primi
607 1434 735 1464 autem
747 1427 766 1448 *²
782 1425 1128 1464 manifestationem
1145 1425 1233 1463 dicit
1249 1425 1366 1475 quod,

232 1519 239 1522 Δ
293 1479 324 1516 5ὶ
340 1480 534 1528 contingat
547 1480 716 1529 aliquam
732 1492 814 1517 rem
828 1492 943 1530 posse
958 1479 997 1516 in
1013 1479 1155 1528 aliquid
1170 1491 1368 1527 magnum,

46 2347 56 2357 ·
70 2349 96 2369 et
107 2353 158 2370 om.
167 2353 219 2376 Δεις
229 2347 261 2370 cf.

45 2560 56 2570 ·
69 2558 103 2582 131
114 2564 164 2583 om.
178 2566 201 2583 r.

292 1540 385 1582 puta
403 1533 510 1582 quod
530 1533 664 1583 aliquis
682 1534 804 1571 homo
824 1533 994 1571 ambulet
1008 1538 1020 1553 ‘
1033 1545 1104 1582 per
1122 1539 1277 1570 centurn
1297 1540 1369 1570 sta-

292 1585 367 1633 dia,
396 1594 462 1624 aut
487 1586 609 1636 possit
635 1586 765 1624 levare
793 1587 950 1637 aliquod
978 1598 1164 1635 magnum
1192 1586 1368 1636 pondus,

292 1651 446 1690 semper
485 1639 786 1678 determinamus
828 1641 909 1679 sive
953 1640 1251 1681 denominamus
1289 1639 1369 1677 eius

290 1693 503 1744 potentiam
535 1706 606 1743 per
632 1701 851 1743 respectum
880 1694 929 1732 ad
956 1693 1167 1744 plurimum
1195 1692 1235 1730 in
1261 1693 1368 1743 quod

290 1753 417 1798 potest
440 1746 475 1793 ξς
504 1747 601 1785 sicut
633 1747 797 1787 dicimus
823 1747 1034 1798 potentiam
1061 1747 1174 1785 huius
1202 1746 1369 1784 hominis

292 1813 375 1839 esse
403 1801 509 1851 quod
536 1809 664 1851 potest
690 1801 819 1839 levare
845 1801 1000 1851 pondus
1029 1808 1185 1838 centum
1209 1801 1368 1838 talento-

290 1866 398 1903 rum,
435 1862 501 1892 aut
532 1855 643 1904 quod
671 1862 799 1905 potest
827 1855 882 1893 ire
914 1865 989 1905 per‘
1017 1854 1183 1904 spatium
1213 1861 1368 1892 centum

290 1907 503 1947 stadiorum
519 1937 529 1956 ,
564 1908 740 1958 quamvis
776 1908 898 1959 possit
934 1921 1069 1946 omnes
1106 1915 1233 1958 partes
1271 1907 1368 1946 infra

290 1961 401 2000 istam
431 1962 680 2012 quantitatem
710 1970 924 2010 contentas,
955 1962 1145 2012 siquidem
1171 1969 1298 2011 potest
1325 1961 1364 1999 in

289 2015 330 2054 id
348 2016 454 2066 quod
474 2016 762 2066 superabundat
782 2017 813 2053 *.
836 2017 922 2053 Nec
940 2024 1072 2053 tamen
1097 2015 1368 2053 denominatur

289 2069 338 2107 ab
367 2069 438 2107 illis
459 2069 644 2119 partibus,
665 2078 758 2120 puta
778 2070 883 2119 quod
905 2069 1178 2107 determinetur
1198 2069 1278 2106 eius
1296 2081 1366 2118 po-

288 2122 406 2161 tentia
429 2123 518 2173 quia
536 2124 556 2145 ¹²
575 2131 700 2173 potest
718 2124 816 2161 ferre
836 2123 1111 2172 quinquaginta
1129 2123 1281 2170 talenta,
1303 2130 1368 2159 aut

289 2177 343 2214 ire
372 2176 650 2226 quinquaginta*
674 2176 812 2222 stadia3
842 2176 911 2214 sed
934 2188 1005 2225 per
1024 2176 1062 2214 id
1082 2176 1189 2225 quod
1209 2183 1264 2212 est
1283 2187 1363 2212 ma—

289 2229 459 2267 ximum:
488 2230 538 2267 ita
566 2230 707 2267 scilicet
733 2238 782 2267 ut
811 2231 831 2251 *
860 2229 1030 2278 potentia
1066 2228 1367 2278 uniuscuiusque

290 2283 562 2321 denominetur
587 2296 658 2332 per
685 2291 903 2333 respectum
931 2283 984 2320 ad
998 2284 1144 2331 finem,
1174 2282 1271 2319 idest
1298 2294 1368 2331 per

288 2337 467 2374 ultimum
483 2344 521 2374 et
537 2349 608 2386 per
626 2337 839 2374 maximum
860 2336 908 2374 ad
930 2336 1036 2385 quod
1050 2343 1187 2386 potest,
1208 2343 1245 2372 et
1260 2335 1280 2356 *
1300 2347 1369 2384 per

288 2390 469 2428 virtutem
498 2402 590 2427 suae
619 2390 882 2436 excellentiae;
909 2389 1006 2426 sicut
1033 2389 1148 2426 etiam
1170 2396 1206 2426 et
1223 2388 1368 2437 magni-

289 2444 382 2482 tudo
413 2443 611 2481 cuiuslibet
638 2443 692 2481 rei
721 2443 996 2481 determinatur
1022 2455 1092 2492 per
1119 2442 1156 2479 id
1186 2442 1292 2491 quod
1313 2449 1368 2479 est

288 2497 519 2545 maximum,
541 2497 637 2534 sicut
655 2497 907 2547 quantitatem
926 2495 1090 2533 tricubiti
1114 2495 1366 2541 notificantes,

289 2563 369 2589 non
397 2550 560 2589 dicimus
594 2551 701 2600 quod
736 2551 782 2588 sit
814 2550 1038 2588 bicubitum.
1075 2550 1124 2586 Et
1150 2550 1170 2570 *
1197 2548 1368 2586 similiter

343 2687 369 2722 β)
386 2688 422 2714 Et
435 2692 476 2713 est
489 2687 667 2713 notandum..
669 2687 848 2713 .absolute.—-
862 2688 899 2713 Ita
911 2687 1022 2718 AsEG13
1042 2692 1091 2712 cet.
1103 2694 1159 2711 om.
1171 2686 1368 2711 homoteleuton

290 2725 376 2750 Etest
390 2724 566 2749 notandum..
568 2723 767 2756 .impossibi1e‚·
782 2723 906 2748 mendum
922 2722 1026 2756 corrigit
1036 2722 1055 2747 P
1071 2722 1197 2756 legendo.
1215 2721 1274 2747 Uno
1288 2721 1367 2746 modo

290 2760 391 2786 dt'citur
403 2759 508 2793 aliquid
521 2759 649 2792 possibile
662 2762 689 2784 et
700 2758 860 2791 impossibile
879 2758 1007 2783 absolute.
1027 2758 1178 2783 Lectionem
1193 2757 1291 2783 AsEGl
1305 2757 1368 2782 ado-

288 2801 409 2829 ptamus:
428 2803 489 2820 narn
504 2795 580 2820 lectio
593 2795 613 2819 P
627 2795 741 2819 insinuat
755 2794 786 2819 ab
799 2795 939 2819 Aristotele
953 2794 1003 2819 hoc
1021 2794 1080 2827 ipso
1099 2794 1158 2818 loco
1178 2793 1368 2818 distinctionem

288 2831 356 2856 tradi
374 2831 506 2864 possibilis
526 2835 552 2855 et
570 2830 741 2864 impossibilis
761 2830 787 2854 in
805 2829 925 2855 absolute
938 2834 963 2854 et
976 2829 1059 2855 alicui
1063 2838 1071 2860 ;
1090 2837 1143 2854 non
1157 2829 1269 2854 occurrit
1281 2834 1368 2854 tamen

289 2867 340 2898 hic,
359 2867 407 2892 sed
425 2867 484 2892 loco
503 2866 544 2891 cit.
564 2866 591 2891 in
609 2866 735 2898 margine,
753 2866 823 2890 unde
842 2873 864 2890 s.
874 2865 1002 2896 Thomas,
1021 2865 1099 2890 huius
1118 2870 1202 2890 textus
1222 2864 1367 2898 exponendi

289 2903 378 2936 gratia,
393 2910 451 2928 eam
470 2901 593 2935 sumpsit.
609 2911 622 2924 «
638 2901 706 2926 Cum
719 2902 789 2926 enim
808 2909 889 2934 posse
906 2901 1005 2926 dicatur
1019 2901 1046 2926 in
1059 2901 1151 2926 ordine
1164 2901 1197 2925 ad
1213 2907 1282 2931 esse,
1302 2900 1368 2925 sicut

286 2946 338 2963 ens
358 2938 450 2963 dicitur
467 2946 521 2963 non
539 2938 627 2962 solum
646 2938 718 2971 quod
737 2942 777 2962 est
795 2938 820 2962 in
839 2945 928 2962 rerum
947 2942 1046 2967 natura,
1065 2937 1113 2961 sed
1132 2936 1278 2961 secundum
1296 2944 1369 2961 com-

285 2974 448 3006 positionem
467 2973 663 3006 propositionis,
678 2978 756 3006 prout
775 2977 816 2998 est
834 2972 859 2997 in
879 2980 909 2997 ea
927 2980 1020 2997 verum
1038 2973 1081 2997 vel
1100 2971 1210 3001 falsum,
1231 2971 1266 2997 ita
1284 2971 1369 3004 possi-

284 3008 344 3033 'bile
362 3014 389 3033 et
406 3008 569 3041 impossibile
592 3008 684 3034 dicitur
703 3017 756 3034 non
775 3009 862 3033 solum
887 3013 993 3041 propter
1016 3009 1159 3041 potentiam
1177 3008 1220 3032 vel
1239 3008 1368 3040 impoten-

291 3044 355 3069 tiam
373 3044 419 3075 rei,
433 3044 480 3069 sed
494 3049 600 3077 propter
617 3045 752 3069 veritatem
767 3049 793 3069 et
810 3044 948 3069 falsitatem
967 3043 1164 3076 compositionis
1178 3044 1220 3068 vel
1237 3043 1369 3068 divisionis

292 3080 318 3104 in
337 3079 570 3113 propositionibus.
584 3089 597 3102 ι
611 3080 638 3104 S.
652 3079 704 3105 Th.
715 3080 778 3105 ibid.
795 3094 815 3099 -
828 3080 879 3105 Pro
897 3079 961 3113 quia
979 3079 1087 3109 scilicet,
1101 3079 1173 3112 quod
1190 3079 1290 3105 scilicet
1303 3079 1332 3104 P.

346 3115 373 3149 γ)
393 3115 465 3147 quod
482 3114 583 3140 scilicet
597 3118 695 3147 potest.
707 3129 726 3134 -
739 3116 812 3148 quod
829 3115 929 3141 scilicet
942 3118 1035 3148 potest
1053 3122 1109 3140 esse
1127 3116 1168 3140 vel
1187 3123 1239 3140 non
1255 3122 1311 3140 esse
1325 3122 1370 3140 ve-

292 3159 353 3176 rum
373 3151 406 3180 P;
426 3150 473 3175 sed
492 3150 579 3175 addita
602 3158 655 3175 non
673 3151 793 3176 videntur
818 3151 976 3181 authentica.
1005 3159 1065 3176 curn
1091 3159 1178 3184 neque
1196 3151 1239 3176 hic
1262 3150 1369 3175 inferius

292 3194 379 3220 neque
393 3187 420 3210 in
433 3185 589 3219 Metaphys.
602 3186 652 3210 loc.
667 3185 718 3215 cit..
730 3186 885 3211 Aristoteles
898 3191 924 3211 et
942 3194 965 3211 5.
981 3186 1099 3211 Thomas
1112 3191 1218 3211 utantur
1229 3186 1311 3211 verbo
1326 3194 1369 3211 ve-

293 3230 363 3252 rum,
378 3222 423 3246 ubi
443 3222 476 3246 de
494 3221 610 3255 potentia
627 3220 736 3254 physica
760 3229 848 3247 sermo
865 3226 918 3252 θεῖς
937 3222 971 3247 cf.
989 3227 1079 3247 notam
1098 3223 1271 3256 superiorem.
1291 3222 1370 3247 Forte

293 3257 380 3283 Pianis
400 3257 543 3282 editoribus
570 3256 646 3281 lectio
671 3257 746 3281 codd.
764 3256 822 3282 visa
839 3262 880 3282 est
898 3256 1034 3288 deficiens,
1061 3262 1188 3291 quatenus
1207 3265 1260 3282 non
1280 3258 1370 3290 legunt

292 3293 336 3318 hic
348 3296 441 3326 potest
459 3296 508 3318 aut
526 3300 579 3318 non
589 3295 694 3324 potest,
710 3292 778 3316 sicut
795 3292 886 3325 legunt
903 3297 964 3325 post
981 3293 1045 3318 duas
1065 3293 1147 3318 lineas
1166 3301 1226 3318 cum
1245 3293 1332 3318 Piana.
1350 3308 1370 3313 —

289 3326 358 3354 Post
375 3329 421 3354 lin.
434 3329 454 3353 P
473 3336 522 3362 pro
540 3327 687 3360 accipitur,
706 3327 870 3359 accipiatur,
891 3332 917 3352 et
934 3336 983 3361 pro
1001 3328 1114 3358 scilicet,
1133 3329 1287 3354 secundum.

347 3363 373 3398 ὃ)
392 3364 526 3397 quomodo
545 3364 661 3389 dicatur.
673 3377 692 3381 —
705 3363 838 3396 quomodo
856 3363 895 3388 sic
909 3363 1017 3388 dicatur
1035 3364 1128 3395 ABG1;
1144 3369 1170 3389 et
1188 3369 1276 3397 potest
1293 3365 1368 3389 intel-

294 3400 339 3432 ligi
359 3409 373 3423 ε
385 3400 521 3432 quomodo
547 3399 693 3424 secundum
718 3399 860 3431 potentiam
878 3398 921 3423 vel
940 3398 1120 3432 impotentiam
1145 3407 1212 3432 quae
1230 3401 1297 3426 inest
1315 3401 1368 3431 rei,

295 3436 394 3460 dicatur
411 3435 538 3468 possibile
554 3436 598 3460 vel
617 3434 779 3467 impossibile
790 3442 818 3466 »ς
835 3434 876 3459 ed.
895 3432 962 3459 1516
982 3435 1124 3467 corrumpit
1138 3435 1177 3460 sic
1195 3435 1222 3460 in
1239 3436 1277 3466 si,
1298 3437 1369 3469 quod

294 3470 315 3496 P
335 3470 466 3503 expungit.

349 3505 373 3538 ε)
386 3508 458 3538 puta
475 3506 548 3538 quod
565 3506 662 3538 aliquis
681 3506 760 3531 homo
778 3505 903 3530 ambulet.
915 3508 1014 3537 —puta
1032 3505 1105 3538 quod
1122 3506 1147 3530 si
1164 3506 1262 3539 aliquis
1276 3507 1368 3532 ambu-

295 3542 332 3567 let
345 3541 380 3572 P;
393 3549 453 3566 cum
468 3541 489 3565 P
504 3547 662 3567 correctores
682 3542 801 3567 codicum
815 3541 870 3566 DF!
890 3541 1013 3566 omittunt
1031 3541 1116 3571 homo,
1132 3541 1193 3574 quia
1210 3549 1307 3575 nempe
1324 3543 1368 3568 BC

296 3577 395 3610 pDFGl
410 3577 474 3601 illud
488 3582 658 3610 corrumpunt
671 3578 697 3602 in
712 3585 773 3602 non.
782 3591 801 3596 -
816 3577 873 3602 Lin.
884 3584 941 3610 seq.
949 3576 1037 3609 possit
1049 3584 1102 3601 om.
1112 3577 1188 3602 codd.
1203 3584 1257 3602 exc.
1267 3579 1300 3609 sl,
1315 3585 1369 3610 quo

280 3613 396 3637 ,omisso
413 3612 516 3645 phrasis
535 3619 589 3638 non
606 3613 673 3638 bene
689 3613 818 3638 cohaeret.
914 3622 929 3639 r

349 3647 375 3681 ζ)
394 3647 432 3673 ad
444 3647 594 3680 plurimum
618 3648 644 3674 in
664 3649 736 3682 quod
749 3652 848 3682 potest.
860 3662 879 3668 —
892 3649 943 3674 Pro
957 3648 1122 3681 plurimum,
1137 3649 1248 3681 plenum
1267 3648 1302 3680 E;
1321 3656 1369 3681 pro

2429 295 2494 320 101

1427 357 1615 395 rationem
1653 358 1820 396 hominis
1849 359 2084 408 assignamus
2121 373 2190 410 per
2224 361 2433 409 rationale,
2464 371 2501 400 et

1426 423 1506 448 non
1533 424 1603 461 per
1629 413 1822 450 sensibile:
1850 413 1940 462 quia
1970 426 2123 463 semper
2159 414 2198 451 id
2227 416 2332 464 quod
2362 422 2418 452 est
2444 417 2499 452 ul-

1426 465 1564 502 timum
1595 473 1631 503 et
1657 466 1892 514 maximum,
1932 475 1988 504 est
2026 467 2301 516 completivum
2336 476 2372 505 et
2405 468 2499 506 dans

1426 519 1595 567 speciem
1615 519 1668 556 rei
1691 525 1717 556 '¹.
1744 519 1807 557 Sic
1826 520 1936 569 igitur
1959 528 2064 570 patet
2083 521 2187 570 quod
2206 521 2266 558 ille
2291 522 2356 570 qui
2374 529 2500 581 potest

1426 571 1465 608 in
1481 584 1526 609 ea
1546 585 1645 621 quae
1665 574 1862 620 excellunt,
1879 586 2036 611 necesse
2057 581 2112 611 est
2127 574 2234 623 quod
2248 575 2369 624 possit
2385 575 2498 613 etiam

1426 624 1464 661 in
1489 626 1570 662 ea*
1589 638 1686 674 quae
1706 634 1793 664 sunt
1812 627 1925 674 infra;
1945 635 2038 688 puta
2058 627 2088 665 si
2114 627 2248 676 aliquis
2266 635 2392 677 potest
2409 641 2498 678 por-

1426 684 1504 714 tare
1525 686 1679 716 centum
1699 681 1850 729 talenta,
1870 681 2010 730 poterit
2030 681 2144 719 etiam
2163 688 2317 730 portare
2337 682 2431 729 du0‚
2462 690 2500 720 et

1426 730 1456 767 si
1483 738 1608 780 potest
1635 732 1689 769 ire
1717 745 1786 781 per
1823 742 1977 771 centum
2013 734 2156 782 stadia,
2195 742 2321 784 potest
2348 735 2402 772 ire
2430 748 2500 784 per

1427 783 1523 820 duo:
1553 784 1622 821 sed
1641 793 1770 822 tamen
1791 787 1910 824 virtus
1931 788 1984 825 rei
2009 800 2088 825 non
2107 788 2319 826 attribuitur
2346 788 2417 825 nisi
2438 801 2499 825 ex—

1426 837 1632 883 cellentiae,
1653 838 1760 885 idest,
1782 841 1994 878 secundum
2013 841 2052 879 id
2072 842 2276 880 attenditur
2290 841 2411 879 virtus
2431 842 2496 890 rei,

1426 890 1533 939 quod
1549 899 1604 928 est
1619 892 1977 931 excellentissimum
2002 895 2174 932 omnium
2194 907 2329 932 eorum
2346 894 2386 932 in
2401 907 2499 944 quae

1424 942 1629 993 potest⁰.-
1647 946 1695 982 Et
1722 946 1798 982 hoc
1818 955 1874 983 est
1893 948 1999 996 quod
2028 948 2193 986 dicitur'
2185 961 2223 986 in
2244 948 2316 986 alia
2343 949 2498 986 transla-

1405 997 1545 1047 ltione,
1574 999 1693 1035 virtus
1725 1004 1779 1036 est
1806 999 1976 1037 ultimum
1999 1002 2210 1049 potentiae,
2241 1002 2331 1051 quia
2359 1001 2500 1039 scilicet

1424 1051 1544 1088 virtus
1559 1051 1614 1088 rei
1630 1051 1903 1090 determinatur
1918 1054 2131 1092 secundum
2146 1055 2321 1092 ultimum
2340 1055 2379 1093 in
2393 1056 2500 1104 quod

1424 1111 1561 1154 potest.
1592 1105 1642 1142 Et
1668 1105 1744 1142 hoc
1782 1106 1893 1143 etiam
1922 1108 2038 1144 habet
2074 1108 2203 1146 locum
2230 1109 2268 1146 in
2296 1108 2499 1146 virtutibus

1426 1158 1596 1195 animae:
1626 1158 1762 1195 dicitur
1789 1160 1892 1197 enim
1920 1161 2039 1198 virtus
2068 1162 2254 1210 humana,
2282 1174 2353 1211 per
2380 1174 2498 1211 quarn

1425 1211 1547 1247 homo
1575 1218 1702 1260 potest
1729 1211 1768 1249 in
1796 1212 1835 1250 id
1864 1215 1968 1262 quod
1998 1222 2054 1252 est
2083 1214 2440 1252 excellentissimum
2460 1215 2500 1253 in

1426 1264 1608 1313 operibus
1636 1265 1826 1314 humanis,
1848 1267 1986 1304 scilicet
2014 1268 2052 1305 in
2081 1281 2199 1318 opere
2223 1269 2328 1318 quod
2357 1276 2414 1306 est
2441 1281 2498 1306 se-

1426 1318 1604 1355 cundum·
1626 1318 1825 1357 rationem.

1484 1372 1516 1408 5:
1546 1371 1696 1409 Deinde
1726 1385 1814 1410 cum
1853 1373 1958 1411 dicit:
1987 1375 2039 1411 Et
2071 1375 2196 1423 utique
2226 1375 2260 1412 si
2287 1375 2378 1424 quid
2405 1383 2497 1424 etc.,

1425 1424 1590 1462 ostendit
1617 1426 1818 1475 quomodo
1844 1427 1988 1464 dicatur
2016 1428 2157 1476 aliquid
2181 1428 2290 1465 alicui
2319 1441 2401 1466 esse
2431 1429 2499 1466 im-

1420 1479 1606 1526 possibile.
1629 1480 1678 1516 Et
1698 1479 1786 1517 dicit
1814 1481 1932 1529 quod,
1953 1480 1984 1517 si
2012 1481 2168 1530 aliquod
2186 1489 2333 1518 tantum
2355 1490 2410 1519 est
2428 1482 2498 1519 im-

1423 1531 1605 1581 possibile
1634 1533 1756 1580 alicui,
1777 1533 1807 1570 si
1836 1533 1970 1584 aliquis
1998 1534 2158 1583 accipiat
2187 1547 2232 1571 ea
2252 1547 2350 1584 quae
2380 1535 2498 1572 excel-

1424 1586 1530 1632 lunt,
1565 1586 1810 1623 manifestum
1847 1595 1903 1624 est
1939 1587 2046 1635 quod
2083 1587 2427 1637 impossibile.erit
2464 1588 2499 1625 ei

1423 1646 1577 1688 portare
1604 1637 1668 1677 {rel
1688 1640 1812 1677 facere
1835 1640 1963 1690 plura3
1985 1640 2080 1678 sicut
2099 1641 2158 1679 ille
2188 1641 2253 1690 qui
2276 1654 2356 1679 non
2374 1649 2500 1691 potest

1424 1692 1479 1729 ire
1507 1705 1577 1742 per
1612 1692 1716 1730 mille
1745 1693 1885 1742 stadia,
1916 1694 2162 1732 manifestum
2192 1702 2248 1732 est
2281 1695 2387 1744 quod
2419 1708 2499 1732 non

1422 1753 1550 1795 potest
1576 1746 1630 1783 ire
1652 1758 1724 1796 per
1751 1747 1854 1784 mille
1875 1755 1911 1784 et
1925 1749 1945 1768 ¹*
1965 1759 2099 1785 unum.
2126 1748 2238 1786 Unde
2257 1756 2360 1798 patet
2379 1749 2497 1798 quod,

1424 1799 1520 1837 sicut
1558 1800 1831 1838 determinatur
1857 1801 1897 1838 id
1925 1801 2030 1851 quod
2061 1809 2117 1839 est
2142 1801 2325 1851 possibile
2353 1809 2361 1823 ‘
2389 1802 2498 1839 alicui

1423 1866 1495 1903 per
1520 1853 1735 1892 maximum
1755 1854 1794 1892 in
1819 1854 1926 1904 quod
1953 1862 2090 1904 potest,
2120 1855 2160 1893 in
2188 1868 2265 1905 quo
2295 1855 2499 1893 attenditur

1422 1907 1543 1945 virtus
1582 1907 1684 1954 eius;
1718 1907 1769 1945 ita
1806 1907 1847 1945 id
1880 1908 1986 1968 quod
2020 1916 2076 1946 est
2110 1908 2347 1969 impossibile
2387 1909 2498 1946 alicui

1424 1961 1699 1998 determinatur
1715 1974 1786 2011 per
1805 1961 2010 1999 minimum
2031 1974 2168 2000 eorum
2197 1962 2235 1999 in
2255 1975 2356 2011 quae
2378 1963 2398 1984 '¹‘
2416 1975 2496 2000 non

1422 2022 1569 2064 potest,
1604 2014 1642 2052 in
1675 2027 1753 2064 quo
1792 2015 1962 2052 consistit
1999 2015 2079 2053 eius
2117 2016 2299 2053 debilitas.
2334 2017 2431 2053 Puta
2466 2016 2497 2054 si

1423 2067 1637 2105 maximum
1666 2068 1705 2105 in
1733 2069 1839 2117 quod
1867 2076 1993 2118 potest
2021 2069 2174 2118 aliquis,
2201 2077 2256 2107 est
2283 2069 2336 2106 ire
2365 2069 2497 2118 viginti

1422 2121 1555 2168 stadia,
1577 2121 1781 2159 minimum
1813 2134 1948 2159 eorum
1974 2122 2012 2160 in
2032 2135 2130 2172 quae
2150 2135 2229 2160 non
2252 2130 2378 2172 potest
2392 2130 2421 2170 χ,
2444 2131 2499 2160 est

1422 2175 1553 2224 viginti
1583 2183 1619 2212 et
1645 2188 1787 2221 unum;
1818 2183 1855 2213 et
1882 2177 1930 2213 ab
1959 2177 2035 2213 hoc
2064 2184 2214 2225 oportet
2243 2176 2496 2214 determinare

1423 2228 1504 2265 eius
1524 2228 1769 2276 debilitatem,
1786 2241 1866 2266 non
1880 2237 2010 2267 autem
2031 2242 2076 2267 ex
2093 2242 2139 2267 eo
2155 2230 2261 2279 quod
2277 2243 2356 2267 non
2370 2238 2496 2279 potest

1423 2281 1476 2318 ire
1504 2294 1574 2330 per
1602 2289 1755 2319 centum
1784 2283 1846 2319 vel
1875 2295 1945 2332 per
1972 2282 2085 2321 mille.

1478 2336 1514 2372 6.
1527 2335 1676 2372 Deinde
1693 2347 1782 2372 cum
1798 2335 1901 2373 dicit:
1926 2336 2037 2374 Nihil
2053 2342 2178 2374 autem
2195 2348 2262 2373 nos
2277 2337 2398 2373 turbet
2413 2343 2495 2384 etc.,

1423 2388 1588 2425 excludit
1615 2389 1811 2437 quandam
1837 2389 2105 2427 obiectionem.
2132 2391 2182 2427 Et
2208 2390 2335 2439 primo
2365 2397 2499 2427 movet

1424 2454 1528 2487 eam;
1550 2442 1721 2480 secundo
1751 2442 1874 2491 solvit,
1904 2443 1972 2480 ibi:
2002 2444 2077 2480 Sed
2103 2442 2194 2480 nihil
2222 2443 2349 2493 differt
2377 2444 2396 2464 *
2425 2451 2494 2480 etc.

1423 2494 1524 2532 Dicit
1552 2507 1642 2543 ergo
1671 2495 1798 2544 primo
1828 2497 1934 2545 quod
1963 2496 2054 2534 nihil
2084 2497 2198 2534 debet
2225 2509 2296 2534 nos
2324 2497 2496 2545 turbare,
2519 2536 2521 2538 ,

1423 2548 1515 2597 quin
1534 2548 1574 2586 id
1593 2549 1699 2598 quod
1717 2549 1871 2598 proprie
1891 2549 2026 2587 dicitur
2045 2550 2237 2599 possibile,
2254 2550 2300 2587 sit
2321 2550 2497 2588 determi-

1423 2685 1450 2710 in
1469 2685 1553 2718 quod,
1574 2686 1601 2711 in
1620 2693 1674 2719 quo
1688 2686 1722 2718 C‘,
1742 2687 1768 2712 in
1789 2687 1818 2712 id
1840 2687 1912 2720 quod
1926 2687 1964 2718 D,
1984 2686 2013 2711 id
2026 2686 2098 2719 quod
2112 2687 2141 2711 P.
2154 2700 2173 2705 —
2187 2686 2244 2711 Lin.
2259 2694 2317 2719 seq.
2331 2695 2379 2720 pro
2389 2687 2499 2719 pondus

1421 2725 1528 2747 centum
1547 2722 1719 2752 talentorum,
1739 2722 1812 2755 quod
1832 2723 1944 2756 legimus
1963 2730 2023 2747 cum
2042 2722 2135 2752 AsEG,
2147 2722 2273 2754 pondera
2293 2722 2429 2755 (pondera
2443 2731 2497 2748 om.

1422 2756 1493 2790 IpG)
1513 2757 1690 2783 ducentorum
1708 2761 1815 2783 centum
1834 2759 1996 2783 talentorum
2011 2762 2074 2788 cet.;
2089 2758 2109 2782 P
2124 2762 2150 2783 et
2168 2758 2192 2782 sI
2207 2763 2358 2791 expungunt
2376 2761 2497 2788 centum,

1423 2792 1470 2818 sed
1484 2800 1515 2817 ex
1527 2793 1584 2826 ipsa
1598 2793 1709 2818 lectione
1727 2794 1903 2819 ducentorum
1922 2797 2036 2824 centum,
2051 2798 2122 2826 patet
2142 2794 2316 2819 ducentorum
2332 2802 2391 2819 esse
2411 2802 2499 2819 corru-

1421 2828 1552 2861 ptionem;
1567 2836 1629 2854 nam
1648 2828 1698 2854 hoc
1717 2830 1796 2854 modo
1815 2837 1989 2855 amanuenses
2008 2837 2037 2854 se
2056 2829 2186 2861 corrigere
2203 2830 2296 2859 solent.
2315 2834 2344 2854 ut
2362 2834 2423 2862 post
2442 2838 2498 2854 cor-

1422 2869 1526 2897 ruptam
1545 2865 1683 2890 lectionem
1697 2864 1867 2898 (expunctam
1886 2866 1928 2890 vel
1948 2873 2000 2890 non
2020 2865 2191 2897 expunctum)
2211 2870 2310 2898 ponant
2328 2865 2434 2890 bonam.
2447 2866 2497 2890 Ac-

1423 2899 1490 2924 cedit
1509 2900 1581 2933 quod
1601 2909 1616 2924 <r
1628 2901 1737 2926 ducenta
1749 2910 1762 2924 2
1777 2901 1842 2926 infra
1856 2909 1991 2934 nunquam
2007 2901 2128 2932 recurrit,
2148 2901 2195 2925 sed
2215 2910 2228 2923 ‹
2241 2906 2344 2926 centum
2358 2910 2371 2923 »
2385 2901 2497 2934 pluries;

1422 2935 1454 2960 cf.
1468 2935 1546 2960 etiam
1565 2940 1673 2961 textum.

1476 2971 1503 3004 η)
1523 2971 1587 3004 quia
1604 2979 1710 3004 semper
1729 2972 1789 2998 id...
1808 2973 1920 3005 speciem
1940 2973 1988 2997 rei.
2002 2987 2021 2991 —-
2034 2972 2085 2996 Pro
2106 2972 2142 3001 id,
2162 2971 2199 2996 ad
2216 2971 2358 3004 BCDFpG.
2378 2971 2397 2996 P
2418 2972 2496 3004 legit:

1422 3006 1486 3039 quia
1505 3014 1609 3039 semper
1618 3015 1671 3040 per
1690 3008 1757 3033 illud
1771 3009 1844 3041 quod
1856 3011 1895 3033 est
1911 3008 2033 3033 ultimum
2048 3011 2075 3032 et
2089 3008 2239 3032 maximum
2258 3010 2284 3032 et
2295 3006 2496 3039 complectivum

1422 3046 1450 3067 et
1473 3043 1542 3068 dans
1565 3044 1677 3075 speciem
1702 3044 1742 3069 rei
1748 3051 1757 3073 ,·
1776 3044 2023 3076 subintelligendum
2050 3043 2150 3068 videtur
2176 3043 2399 3071 determinamu35
2418 3043 2494 3068 lectio

1423 3079 1542 3111 adoptata
1562 3079 1587 3103 in
1606 3087 1636 3104 se
1655 3080 1724 3104 clara
1739 3085 1787 3110 est,
1807 3085 1832 3104 et
1850 3079 1975 3104 rationem
1993 3079 2107 3111 assignat
2126 3086 2207 3112 quare
2223 3086 2271 3102 nos
2291 3078 2497 3104 determinamus

1423 3122 1471 3139 seu
1491 3114 1658 3147 assignamus
1678 3115 1805 3140 rationem
1824 3115 1860 3140 rei
1879 3123 1926 3148 per
1944 3115 2066 3139 ultimum
2085 3119 2110 3139 et
2129 3114 2271 3139 maximum
2290 3113 2316 3138 in
2334 3114 2391 3146 ipsa
2409 3122 2446 3139 re.

1477 3148 1502 3183 0)
1516 3150 1634 3175 omnium
1649 3158 1741 3175 eorum
1755 3151 1781 3176 in
1797 3158 1866 3183 quae
1875 3150 2042 3182 potest.—1ta
2052 3150 2088 3180 Α;
2104 3150 2222 3175 omnium
2237 3156 2329 3174 eorum
2341 3148 2448 3183 (rerum
2458 3149 2495 3184 P)

1424 3186 1450 3210 in
1471 3186 1543 3218 quod
1556 3189 1648 3218 potest
1666 3186 1686 3210 P
1706 3192 1732 3211 et
1751 3191 1798 3211 cet.
1812 3200 1831 3205 —
1845 3186 1894 3210 Per
1910 3195 1923 3208 ‹
1935 3186 2012 3210 aliam
2031 3185 2227 3210 translationem
2239 3195 2251 3208 ι
2267 3185 2369 3209 videtur
2387 3185 2497 3210 indicata

1424 3222 1554 3254 antiquior
1567 3222 1653 3246 versio
1668 3229 1735 3254 quae
1748 3222 1849 3246 extabat
1861 3226 2000 3254 antequam
2014 3228 2082 3245 nova
2095 3221 2183 3245 versio
2197 3221 2229 3245 ad
2242 3220 2390 3245 instantiam
2409 3228 2431 3245 s.
2446 3221 2497 3246 Th.

1424 3265 1438 3282 a
1448 3257 1591 3282 Guillelmo
1607 3258 1639 3282 de
1653 3257 1778 3282 Morbeka
1790 3257 1855 3282 facta
1870 3257 1954 3282 fuerit.
1969 3257 1997 3281 In
2012 3256 2070 3281 cod.
2079 3257 2138 3281 Vat.
2155 3263 2232 3289 2071,
2243 3256 2286 3281 ubi
2301 3256 2350 3281 alia
2363 3256 2498 3282 translatio

1422 3292 1540 3322 habetur,
1560 3293 1597 3318 sic
1616 3293 1723 3325 legitur:
1745 3303 1757 3315 ‹
1779 3300 1889 3317 necesse
1907 3300 1970 3325 ergo
1989 3297 2030 3317 est
2054 3291 2129 3317 nobis
2147 3297 2175 3317 ut
2195 3291 2347 3317 definiamus
2365 3292 2497 3317 virtutem.

1423 3329 1487 3353 Dico
1502 3336 1564 3361 ergo
1579 3328 1651 3361 quod
1665 3327 1779 3353 definitio
1790 3328 1891 3353 virtutis
1906 3333 1946 3352 est
1961 3327 2083 3353 ultimum
2098 3328 2170 3360 quod
2183 3331 2223 3352 est
2233 3328 2259 3352 in
2274 3335 2303 3352 re
2316 3327 2349 3352 de
2358 3328 2483 3359 potentia
2488 3335 2497 3357 ‚⁴

1423 3365 1494 3396 quod
1509 3369 1549 3389 est
1562 3364 1624 3396 quia
1642 3363 1707 3388 illud
1726 3364 1797 3396 quod
1815 3369 1902 3396 potest
1916 3363 2050 3388 ambulare
2064 3368 2168 3388 centum
2184 3371 2287 3396 passuS,
2300 3368 2387 3395 potest
2405 3363 2497 3388 ambu-

1423 3400 1476 3424 lare
1489 3400 1563 3429 duos,
1579 3405 1604 3424 et
1618 3400 1690 3432 quod
1704 3404 1789 3432 potest
1802 3399 1902 3424 deferre
1917 3404 2021 3424 centum
2040 3398 2126 3429 libras,
2140 3404 2226 3432 potest
2236 3399 2336 3423 deferre
2351 3399 2424 3424 duas.
2443 3399 2498 3424 lam

1423 3443 1487 3468 ergo
1506 3441 1643 3461 ostensum
1662 3440 1703 3460 est
1722 3435 1792 3468 quod
1806 3435 1879 3460 fortis
1893 3434 2012 3460 definitur
2025 3434 2051 3459 in
2066 3434 2159 3459 ultimo
2179 3435 2235 3459 eius
2253 3434 2326 3467 quod
2338 3438 2439 3466 potest.
2451 3445 2464 3458 »
2478 3449 2498 3454 -

1422 3471 1474 3496 Pro
1488 3472 1559 3504 quia,
1574 3471 1652 3504 quasi
1666 3472 1685 3496 P
1701 3476 1726 3496 et
1739 3471 1815 3496 codd.
1829 3479 1883 3496 exc.
1895 3471 1972 3502 AsG;
1986 3478 2034 3504 pro
2048 3470 2252 3500 determinatur,
2264 3470 2457 3495 determinetur
2467 3471 2496 3495 P.

1478 3507 1496 3540 ι)
1516 3507 1713 3532 determinatur
1733 3507 1762 3532 id
1780 3507 1852 3540 quod
1869 3509 1909 3532 est
1928 3506 2063 3539 possibile.
2075 3519 2094 3526 -
2111 3506 2308 3531 determinatur
2321 3506 2450 3538 possibile
2468 3506 2497 3531 id

1422 3543 1495 3575 quod
1512 3546 1552 3568 est
1565 3543 1693 3575 possibile
1712 3543 1741 3568 P.

1477 3579 1502 3611 κ)
1522 3579 1549 3603 ἰη
1569 3586 1621 3611 quo
1639 3578 1762 3604 consistit
1780 3578 1836 3603 eius
1850 3578 2008 3604 debilitas...
2022 3578 2047 3602 in
2068 3584 2136 3610 quae
2155 3585 2206 3603 non
2221 3580 2319 3610 potest.
2332 3577 2401 3601 -Ita
2415 3577 2495 3601 PAsE

1423 3614 1471 3645 GI;
1491 3619 1539 3638 cet.
1554 3614 1685 3645 omittunt,
1701 3614 1761 3647 quia
1779 3613 1975 3639 homoteleuton
1995 3618 2043 3638 est.
2057 3626 2075 3633 --
2089 3613 2145 3638 Lin.
2159 3621 2216 3646 seq.
2230 3621 2278 3646 pro
2297 3613 2330 3638 ab
2349 3613 2398 3638 hoc
2416 3620 2495 3644 opor-

1423 3652 1474 3678 tet,
1493 3649 1532 3674 ad
1549 3649 1599 3674 hoc
1617 3653 1723 3682 oportet
1742 3650 1771 3681 P,
1789 3650 1823 3675 ab
1842 3651 1891 3675 hoc
1909 3657 1962 3675 non
1976 3652 2068 3682 potest
2087 3649 2161 3674 codd.
2176 3657 2230 3674 exc.
2245 3649 2348 3674 AsFGI.

2627 539 2642 563 η

2527 640 2537 649 ’
2553 639 2576 660 in
2592 645 2620 661 ea
2634 645 2682 661 om.
2693 646 2715 662 P.

2526 1758 2535 1767 ·
2556 1759 2580 1778 et
2600 1763 2648 1779 om.
2671 1757 2740 1780 codd.

2527 1789 2632 1806 exeam.

2625 1821 2633 1836 l.

2524 1974 2596 2001 ‘quo
2605 1973 2674 1996 codd.
2686 1980 2736 1996 exc.

2525 2006 2576 2022 ase.

2525 2452 2535 2461 '
2549 2451 2620 2473 Num.
2635 2457 2685 2480 seq.
